2898 3996
22 528 45 560 3⁸
67 549 79 561 ³
93 549 156 571 Lect.
170 554 219 576 seq.

26 734 43 780 §²
70 758 80 767 '
93 757 164 779 Num.
179 763 202 784 7.

17 1041 45 1055 ..s

23 1062 29 1076 a
52 1062 165 1095 7’Νιιιι
180 1070 202 1093 6.

23 1281 29 1297 ἰ
69 1279 227 1308 ’Lecnpraem
235 1285 280 1307 n.7.

10 2160 17 2195 ι,
35 2178 47 2202 s
69 2170 279 2199 mect.v‚n.1osqq.

8 2206 41 2249 ¹,
69 2224 80 2234 '¹
93 2223 119 2245 S.
127 2222 173 2245 Th.
183 2223 234 2245 lect.
245 2229 270 2244 vr

10 2274 14 2279 ,
69 2255 110 2271 vn.
117 2260 129 2265 -
136 2249 189 2271 Did.
196 2249 279 2276 lib.V1,

69 2281 119 2304 cap.
128 2282 169 2303 vu,
179 2282 230 2297 vui.

164 2398 180 2421 η

15 2751 54 2770 Τ
70 2753 82 2763 '¹
95 2752 138 2774 hoe
146 2758 280 2779 ammon

71 2778 142 2802 alac.

29 2879 53 2894 ῑ.

69 2907 83 2920 “
94 2908 137 2931 sed
149 2908 202 2931 add.
212 2909 280 2932 codd.

13 2947 14 2950 =
49 2936 53 2942 ‘¹
70 2937 94 2957 et
105 2940 131 2957 a.

1144 255 1255 291 CAP.
1283 255 1353 302 VI,
1383 249 1533 291 LECT.
1563 255 1632 291 XII

306 336 356 372 Et
372 334 497 383 primo
516 334 653 382 probat
671 335 745 370 hoc
763 346 832 382 per
850 334 1044 371 moventia
1061 346 1113 381 se,
1129 346 1226 381 quae
1247 346 1364 381 quan-

307 387 433 435 doque
453 394 539 423 sunt
559 394 594 422 et
613 386 843 434 quandoque
870 399 948 423 non
971 394 1082 432 sunt;
1111 386 1277 422 secundo
1297 398 1366 434 per

306 439 489 488 principia
516 439 730 484 moventia,
760 451 856 487 quae
886 439 1113 487 quandoque
1145 445 1303 475 movent
1331 445 1367 474 et

308 492 540 540 quandoque
567 503 645 528 non
674 498 842 537 movent,
871 491 944 527 ibi:
973 492 1024 527 Et
1049 492 1182 527 iterum
1203 490 1366 526 conside-

308 556 398 580 rans
411 545 431 565 '¹‘
446 551 514 580 etc.
537 543 646 580 Circa
664 543 832 592 primum
851 543 918 579 tria
938 543 1038 579 facit:
1058 542 1182 591 primo
1204 541 1366 578 ostendit

308 596 414 644 quod
441 603 590 644 oportet
618 608 699 632 esse
728 595 881 643 aliquod
907 595 1074 643 primum
1100 606 1262 630 movens
1280 606 1364 642 per-

307 655 484 698 petuum3
514 648 682 685 secundo
711 648 815 696 quod
842 647 912 683 tale
932 658 1094 683 movens
1115 646 1234 693 magis
1253 646 1366 683 debet

310 713 402 774 esse
418 713 539 737 unum
567 712 683 758 quam
710 701 837 748 plura,
865 698 936 734 ibi:
980 699 1105 735 Unum
1132 704 1256 735 autem
1285 711 1364 735 ma-

308 754 388 803 gis
385 754 505 799 '.;etc
534 752 642 789 tertio
662 751 825 801 ostendit
850 757 1052 798 utrumque
1074 750 1196 798 simul,
1227 751 1365 789 scilicet

310 805 415 854 quod
443 812 498 841 est
523 815 644 840 unum
669 801 836 850 primum
865 814 1028 839 movens
1057 811 1092 839 et
1118 811 1362 852 perpetuum,

309 858 380 894 ibi:
416 856 663 903 Manifestum
699 855 815 903 igitur
850 866 899 890 ex
925 855 982 891 his
1006 856 1025 876 ²¹*
1055 863 1122 892 etc.
1153 856 1262 893 Circa
1291 857 1364 905 pri-

307 920 414 944 mum
443 908 519 944 duo
547 907 653 943 facit:
685 907 810 955 primo
840 907 1000 944 excludit
1034 908 1225 956 quandam
1253 910 1363 945 ratio-

307 971 409 1005 nem,
437 971 507 1007 per
526 971 640 1007 quam
659 959 794 1007 aliquis
821 967 950 1007 posset
968 960 1033 996 niti
1054 961 1103 997 ad
1122 961 1364 1009 probandum

306 1011 571 1060 propositum;
613 1013 782 1049 secundo
823 1012 994 1060 procedit
1036 1012 1084 1049 ad
1124 1014 1364 1061 propositum

308 1063 601 1110 ostendendum,
621 1063 690 1101 ibi:
717 1065 965 1113 Manifestum
985 1070 1039 1101 est
1055 1065 1153 1102 enim
1170 1066 1189 1086 ²¹⁴
1206 1073 1273 1102 etc.

364 1117 397 1153 5.
426 1117 560 1152 Posset
588 1123 714 1153 autem
748 1116 880 1164 aliquis
908 1116 961 1153 sic
987 1118 1206 1165 procedere.
1237 1119 1364 1155 Omne

308 1169 414 1217 quod
441 1181 520 1205 non
546 1176 669 1217 potest
701 1169 930 1218 quandoque
960 1182 1040 1206 esse
1070 1177 1106 1206 et
1133 1170 1365 1219 quandoque

307 1233 386 1258 non
414 1233 507 1267 esse,
530 1228 585 1257 est
610 1229 837 1270 perpetuum
858 1221 888 1258 ’ἴε
913 1222 980 1259 sed
1002 1221 1168 1271 primurn
1191 1235 1364 1270 movens,

308 1285 397 1310 cum
425 1273 471 1310 sit
496 1273 704 1322 immobile,
723 1281 765 1310 ut
783 1282 978 1311 ostensum
1007 1282 1063 1311 est
1086 1276 1117 1322 ’ἢ
1146 1288 1225 1312 non
1243 1283 1367 1324 potest

307 1325 538 1374 quandoque
555 1338 635 1362 esse
652 1334 688 1363 et
702 1326 931 1375 quandoque
946 1339 1025 1364 non
1044 1339 1143 1373 esse;
1159 1328 1248 1375 quia
1262 1329 1365 1376 quod

308 1378 536 1426 quandoque
566 1386 621 1414 est
658 1386 693 1415 et
720 1380 952 1427 quandoque
979 1392 1058 1416 non
1082 1387 1147 1427 est,
1168 1388 1366 1428 generatur

309 1437 344 1466 et
382 1430 653 1478 corrumpitur3
688 1431 792 1480 quod
824 1439 950 1468 autem
987 1440 1184 1479 generatur
1216 1441 1252 1470 et
1284 1446 1365 1470 cor-

307 1482 502 1531 rumpitur,
521 1490 717 1520 movetur:
739 1495 827 1531 ergo
846 1484 1012 1532 primum
1031 1497 1192 1522 movens
1214 1493 1269 1523 est
1280 1498 1364 1534 per-

305 1542 475 1583 petuum.
513 1535 731 1572 Aristoteles
765 1543 893 1573 autem
928 1537 974 1574 de
1006 1538 1078 1574 hac
1112 1538 1255 1575 ratione
1287 1551 1365 1575 non

307 1594 430 1624 curat:
469 1587 557 1635 quia
588 1595 713 1636 potest
745 1588 877 1637 aliquis
911 1589 1034 1626 dicere
1066 1589 1096 1626 si
1123 1591 1222 1637 vult,
1261 1591 1365 1639 quod

305 1639 345 1675 in
373 1639 602 1688 quibusdam
631 1641 811 1688 contingit
839 1642 942 1690 quod
970 1642 1201 1690 quandoque
1230 1643 1302 1680 sint
1330 1651 1366 1680 et

306 1692 537 1740 quandoque
556 1705 635 1730 non
654 1693 736 1740 sint,
758 1694 902 1742 absque
920 1695 994 1730 hoc
1014 1695 1118 1742 quod
1141 1703 1366 1742 generentur

307 1751 344 1780 et
367 1753 657 1793 corrumpantur
682 1758 751 1794 per
779 1759 818 1782 se
847 1746 1051 1795 loquendo⁷
1082 1754 1118 1782 et
1142 1759 1212 1795 per
1232 1760 1364 1784 conse-

307 1808 427 1844 quens
451 1797 595 1846 absque
623 1799 698 1834 hoc
725 1799 830 1846 quod
856 1811 926 1847 per
952 1811 992 1835 se
1019 1807 1256 1837 moveantur.
1287 1801 1364 1837 Ne-

306 1861 409 1886 cesse
439 1856 493 1885 est
521 1850 641 1897 enim,
671 1850 701 1886 si
729 1850 869 1899 aliquid
896 1851 1134 1898 impartibile,
1164 1852 1268 1900 quod
1296 1853 1364 1889 sci-

306 1901 391 1938 lieet
417 1913 495 1938 non
523 1902 568 1938 sit
596 1903 848 1951 compositum
886 1915 931 1939 ex
967 1903 1124 1940 materia
1157 1912 1192 1940 et
1219 1905 1362 1952 forma,

305 1953 535 2003 quandoque
564 1955 616 1992 sic
645 1962 700 1992 est
727 1962 762 1992 et
790 1955 1020 2005 quandoque
1049 1969 1127 1993 non
1157 1964 1230 2004 est,
1260 1958 1364 2005 quod

307 2018 423 2042 omne
451 2008 523 2043 tale
557 2007 637 2044 sine
668 2008 875 2045 mutatione
905 2008 961 2044 sui
994 2009 1222 2057 quandoque
1256 2010 1302 2046 sit
1329 2018 1364 2047 et

306 2058 536 2107 quandoque
565 2072 643 2096 non
670 2059 734 2105 sit;
764 2060 858 2097 sicut
883 2068 1008 2108 potest
1041 2061 1111 2098 dici
1150 2062 1197 2098 de
1220 2071 1362 2110 puncto

307 2117 343 2147 et
362 2110 408 2147 de
437 2112 610 2148 albedine
639 2119 675 2148 et
703 2112 749 2149 de
778 2112 945 2161 quolibet
971 2113 1209 2150 huiusmodi:
1239 2122 1363 2152 osten-

307 2175 392 2200 sum
412 2171 468 2200 est
487 2164 588 2201 enim
605 2164 641 2201 in
656 2165 904 2213 sexto*quod
923 2178 1038 2202 omne
1062 2165 1167 2213 quod
1187 2175 1364 2212 movetur

272 2239 278 2249 ,
307 2223 362 2252 est
383 2216 566 2264 partibile,
580 2224 616 2253 et
629 2216 667 2253 in
677 2218 745 2253 VII
756 2218 998 2266 Metaphys.‘³⁵
1009 2218 1114 2266 quod
1130 2230 1245 2255 omne
1260 2220 1363 2267 quod

306 2276 503 2315 generatur
536 2277 591 2306 est
619 2269 871 2318 compositum
905 2282 950 2306 ex
975 2271 1132 2307 materia
1165 2278 1201 2307 et
1228 2271 1361 2308 forma.

306 2320 537 2358 Huiusmodi
565 2321 720 2370 quidem
747 2322 855 2370 igitur
883 2322 1119 2371 impartibilia
1137 2335 1206 2371 per
1224 2336 1264 2360 se
1283 2324 1364 2372 qui-

306 2373 394 2410 dem
412 2379 426 2396 ⁷¹
445 2386 523 2411 non
551 2382 776 2422 generantur
803 2387 927 2423 neque
959 2382 1167 2422 mutantur,
1202 2376 1269 2412 sed
1296 2389 1365 2424 per

306 2425 491 2473 accidens,
513 2427 697 2474 generatis
712 2434 775 2463 aut
788 2427 939 2464 mutatis
958 2427 1048 2464 aliis.
1079 2429 1136 2464 Ex
1156 2441 1232 2476 quo
1254 2429 1365 2465 etiarn

305 2486 408 2526 patet
435 2479 540 2527 quod
572 2479 602 2516 si
635 2479 774 2528 aliquid
807 2492 932 2528 neque
967 2492 1036 2528 per
1068 2493 1108 2517 se
1146 2493 1268 2528 neque
1296 2494 1365 2530 per

307 2531 481 2568 accidens
500 2539 689 2578 movetur,
720 2533 823 2580 quod
851 2533 941 2569 illud
970 2541 1025 2569 est
1051 2540 1299 2582 perpetuum:
1330 2541 1366 2570 et

307 2584 338 2620 si
358 2591 413 2620 est
431 2591 669 2632 perpetuum,
699 2597 823 2633 neque
850 2597 920 2634 per
947 2585 1121 2622 accidens
1149 2598 1273 2635 neque
1297 2599 1366 2635 per

307 2648 348 2672 se
368 2643 555 2683 movetur,
585 2637 795 2674 secundum
822 2638 896 2674 hoc
924 2638 1028 2685 quod
1048 2646 1103 2675 est
1124 2646 1363 2687 perpetuum.

309 2687 348 2724 Si
378 2700 466 2735 ergo
497 2689 715 2726 conceditur
743 2701 824 2726 esse
854 2690 1073 2737 contingens
1102 2692 1206 2739 quod
1225 2691 1365 2739 aliquid

308 2740 539 2789 quandoque
559 2741 604 2778 sit
623 2749 660 2777 et
678 2741 909 2790 quandoque
937 2754 1015 2778 non
1036 2743 1092 2790 sit,
1112 2744 1255 2792 absque
1277 2756 1323 2780 eo
1345 2745 1364 2765 ’²²

309 2793 414 2842 quod
432 2801 630 2841 generetur
650 2800 684 2829 et
704 2802 980 2843 corrumpatur;
1002 2794 1113 2831 etiam
1129 2803 1164 2832 et
1182 2796 1257 2832 hoc
1277 2809 1365 2833 con—

309 2845 463 2882 cedatur
482 2858 563 2883 esse
584 2846 817 2894 contingens,
847 2847 949 2895 quod
978 2847 1165 2895 quaedam
1183 2847 1366 2897 principia

308 2899 536 2935 moventia*
550 2899 772 2947 immobilia,
785 2899 834 2936 ita
852 2907 978 2936 tamen
998 2899 1102 2948 quod
1120 2900 1265 2948 possint
1283 2913 1365 2938 mo-

307 2951 389 2988 veri
416 2963 485 3010 per
504 2951 689 2997 accidens,
720 2951 949 3000 quandoque
977 2952 1049 2988 sint
1077 2959 1113 2989 et
1135 2953 1364 3002 quandoque

308 3015 388 3040 non
408 3003 491 3040 sint.
520 3005 775 3052 Nequaquam
802 3012 929 3041 tamen
955 3004 1133 3053 possibile
1154 3013 1209 3042 est
1237 3006 1366 3043 omnia

307 3055 491 3104 principia
517 3057 712 3093 moventia
749 3063 785 3093 et
819 3056 1031 3094 immobilia
1065 3057 1151 3094 talia
1187 3070 1288 3105 esse,
1326 3066 1367 3095 ut

309 3107 537 3156 quandoque
566 3109 638 3145 sint
666 3117 702 3145 et
728 3110 957 3158 quandoque
984 3122 1063 3146 non
1090 3110 1173 3148 sint.

363 3160 399 3196 6.
411 3159 558 3197 Deinde
579 3173 667 3197 cum
687 3161 794 3198 dicit:
823 3162 1070 3210 Manifestum
1089 3168 1143 3199 est
1159 3163 1257 3199 enim
1278 3170 1364 3210 etc„

310 3211 472 3248 ostendit
497 3213 746 3261 propositum.
784 3214 833 3249 Et
861 3213 947 3250 dicit
980 3214 1085 3261 quod
1119 3214 1149 3250 si
1177 3215 1366 3262 quaedam

361 3315 387 3350 ζ)
407 3316 477 3348 quod
491 3323 542 3340 non
550 3319 672 3348 potest..
687 3319 725 3341 est
738 3317 1009 3348 perpetuum—quod
1022 3320 1144 3348 potest...
1155 3321 1194 3342 est
1207 3321 1365 3349 perpetuum

310 3351 517 3383 ClMVYpAKX,
531 3351 602 3383 quod
614 3354 705 3383 potest
712 3369 736 3380 ..,
751 3358 802 3376 non
817 3355 856 3376 est
870 3354 1028 3382 perpetuum
1043 3352 1100 3376 edd.
1115 3351 1162 3376 ab.
1181 3352 1277 3377 Neutra
1291 3353 1365 3377 lectio

310 3386 379 3410 bona
398 3390 453 3416 est;
472 3386 542 3418 prior
560 3386 585 3410 in
604 3393 633 3410 se
652 3390 692 3410 est
709 3386 781 3417 falsa,
801 3387 879 3410 altera
898 3386 1024 3410 contextui
1042 3394 1094 3410 non
1113 3387 1259 3418 respondet.

362 3419 390 3454 η)
410 3420 571 3445 Huiusmodi
594 3421 699 3452 quidem
724 3421 807 3454 igitur
826 3421 998 3452 impartibilia
1017 3427 1069 3452 per
1086 3428 1114 3445 se
1135 3421 1277 3452 quidem.-
1291 3421 1365 3446 Prius

310 3455 414 3488 quidem
434 3463 487 3479 om.
506 3455 542 3486 D3
566 3455 650 3487 igitur
667 3463 720 3480 om.
739 3456 882 3484 BHNLSa;
900 3456 1009 3480 alterum
1027 3455 1131 3487 quidem
1150 3463 1202 3480 om.
1221 3456 1302 3480 EG.-
1314 3456 1365 3480 Pro

310 3493 358 3515 aut
377 3490 492 3519 mutatis,
511 3493 538 3515 et
556 3490 664 3515 mutatis
684 3491 746 3516 Pab.

363 3523 387 3557 Θ)
407 3532 460 3557 qua
477 3525 634 3557 quandoque
645 3526 785 3550 surm-Bb
804 3531 828 3550 et
841 3523 932 3549 Venet.
955 3524 1034 3556 15o4;
1053 3532 1119 3557 quae
1137 3525 1292 3558 quandoque
1304 3529 1366 3550 sunt

311 3560 331 3584 P
350 3565 376 3585 et
394 3560 485 3584 Venet.
499 3559 573 3591 1545,
588 3560 631 3584 ubi
650 3567 718 3592 quae
736 3560 844 3585 refertur
863 3560 893 3584 ad
913 3560 1043 3592 ipsorum.
1063 3561 1109 3585 sed
1128 3560 1190 3585 illud
1209 3561 1276 3585 idem
1297 3561 1366 3592 ipso·

453 3613 521 3645 Opp.
541 3613 571 3637 D.
586 3612 699 3636 Tnonmu
717 3612 748 3636 T.
764 3613 792 3636 ll.

2397 268 2474 304 409

1419 334 1613 370 moventia
1641 334 1764 382 seipsa
1797 334 2029 382 quandoque
2058 342 2143 371 sunt
2178 343 2214 371 et
2245 335 2476 383 quandoque

1419 397 1497 421 non
1525 394 1622 433 sunt,
1651 399 1805 423 necesse
1835 394 1890 423 est
1918 387 2021 434 quod
2050 387 2095 423 sit
2123 387 2247 435 aliqua
2276 400 2387 424 causa
2415 400 2476 435 ge-

1419 438 1621 474 nerationis
1651 446 1685 474 et
1714 439 1963 487 corruptionis
1991 439 2177 487 ipsorum,
2203 452 2278 487 qua
2306 441 2476 487 quando—
2517 450 2523 455 ·

1420 502 1494 537 que
1523 498 1608 527 sunt
1635 488 1648 510 ⁰
1676 499 1712 527 et
1740 492 1972 539 quandoque
2000 504 2078 528 non
2106 499 2214 528 sunt:
2243 492 2331 540 quia
2361 504 2476 528 omne

1419 543 1524 590 quod
1552 551 1739 590 movetur,
1769 544 1883 580 habet
1918 556 2071 580 causam
2101 544 2157 580 sui
2186 552 2336 590 motus;
2371 545 2477 592 quod

1419 602 1545 631 autem
1575 595 1806 643 quandoque
1837 604 1890 632 est
1919 604 1955 632 et
1983 596 2215 644 quandoque
2244 609 2322 633 non
2352 604 2416 643 est,
2447 596 2477 633 si

1419 647 1464 683 sit
1492 647 1767 695 compositum,
1803 655 2001 695 generatur
2030 656 2065 685 et
2093 649 2355 697 corrumpitur.
2391 650 2476 685 Mo-

1417 712 1512 736 vens
1550 708 1677 737 autem
1715 700 1882 748 seipsum
1920 713 2075 737 necesse
2109 708 2163 738 est
2200 701 2304 748 quod
2341 701 2479 737 habeat

1418 752 1728 799 magnitudinem,
1752 753 1839 800 quia
1862 761 2055 799 movetur,
2088 761 2123 789 et
2151 761 2345 790 ostensum
2366 761 2420 789 est
2439 753 2477 789 in

1418 812 1522 840 sexto
1545 807 1563 824 ἦ
1589 806 1692 853 quod
1724 805 1814 841 nihil
1842 805 2066 854 impartibile
2095 813 2282 842 movetur.
2322 806 2398 842 Sed
2433 818 2477 842 ex

1418 857 1523 893 dictis
1561 870 1639 894 non
1674 865 1798 905 potest
1833 858 1964 894 haberi
2001 858 2105 906 quod
2142 858 2187 894 sit
2222 858 2476 894 necessarium

1418 921 1580 946 movens
1599 910 1739 946 habere
1759 910 2056 957 magnitudinem
2070 911 2101 957 ³¹⁶,
2118 918 2154 947 et
2173 910 2224 946 sic
2243 923 2322 947 non
2345 923 2477 947 move-

1417 968 1477 997 tur
1503 974 1572 1009 per
1599 974 1651 1008 se,
1681 962 1711 998 si
1740 962 1972 1010 quandoque
2002 962 2047 999 sit
2075 971 2111 999 et
2139 963 2370 1010 quandoque
2399 975 2477 999 non

1418 1013 1473 1049 sit.
1505 1013 1544 1050 Si
1568 1022 1695 1050 autem
1724 1015 1974 1073 generationis
2003 1022 2038 1051 et
2067 1015 2315 1063 corruptionis
2344 1027 2478 1052 eorum

1419 1077 1515 1113 quae
1543 1074 1702 1102 movent
1734 1067 1876 1114 seipsa,
1917 1075 1971 1103 est
2003 1067 2127 1116 aliqua
2160 1080 2292 1114 causa,
2332 1075 2480 1116 oportet

1419 1118 1523 1165 quod
1561 1118 1673 1154 etiam
1710 1119 1821 1155 huius
1858 1119 1903 1155 sit
1939 1119 2064 1168 aliqua
2102 1133 2235 1167 causa,
2274 1120 2393 1171 quod
2417 1132 2479 1156 eo-

1419 1182 1504 1206 rum
1523 1170 1714 1218 generatio
1744 1179 1779 1207 et
1807 1172 1997 1219 corruptio
2028 1174 2047 1194 ’⁸
2074 1180 2255 1221 perpetue
2285 1172 2479 1209 continua-

1419 1230 1489 1259 tur.
1525 1223 1617 1259 Non
1649 1226 1776 1259 autem
1812 1230 1937 1272 potest
1979 1224 2050 1261 dici
2083 1225 2188 1272 quod
2215 1225 2326 1261 huius
2364 1225 2480 1261 conti-

1419 1275 1569 1312 nuitatis
1608 1287 1720 1312 causa
1757 1275 1803 1312 sit
1843 1275 1997 1324 aliquod
2038 1277 2187 1313 illorum
2225 1277 2479 1314 immobilium

1420 1340 1518 1375 quae
1546 1340 1626 1365 non
1653 1340 1805 1377 semper
1832 1336 1933 1365 sunt:
1963 1341 2086 1377 neque
2117 1329 2228 1365 etiam
2256 1337 2380 1377 potest
2408 1330 2481 1366 dici

1420 1381 1525 1428 quod
1540 1381 1790 1429 sempiternae
1805 1381 2055 1428 generationis
2072 1388 2107 1417 et
2122 1382 2372 1429 corruptionis
2387 1394 2481 1429 quo-

1419 1433 1582 1469 rundam
1610 1433 1848 1470 moventium
1876 1434 2018 1482 seipsa,
2049 1434 2121 1470 sint
2149 1446 2263 1470 causa
2290 1434 2480 1482 quaedam

1419 1485 1614 1522 moventia
1641 1485 1852 1523 immobilia
1879 1499 1977 1534 quae
2011 1499 2090 1523 non
2124 1498 2276 1535 semper
2309 1494 2414 1533 sunt,
2446 1494 2481 1523 et

1420 1537 1609 1574 aliorum*
1619 1538 1701 1575 alia.
1717 1539 1766 1574 Et
1784 1539 1858 1575 hoc
1874 1538 2026 1587 exponit
2045 1539 2223 1585 subdens,
2245 1539 2350 1587 quod
2369 1539 2517 1576 huius

1420 1590 1619 1627 continuae
1649 1598 1685 1627 et
1711 1591 1961 1639 sempiternae
1990 1591 2240 1639 generationis
2260 1604 2338 1628 non
2357 1599 2480 1650 potest

1419 1655 1501 1679 esse
1531 1655 1644 1680 causa
1675 1655 1799 1692 neque
1831 1656 1951 1680 unum
1979 1644 2150 1692 ipsorum
2185 1656 2309 1702 neque
2338 1644 2478 1681 omnia.

1419 1696 1467 1731 Et
1487 1696 1591 1754 quod
1613 1708 1734 1732 unum
1763 1708 1841 1732 non
1868 1696 1987 1744 possit
2015 1709 2096 1733 esse
2126 1709 2250 1743 causa,
2280 1696 2332 1732 sic
2357 1704 2480 1733 osten-

1420 1747 1491 1784 dit:
1521 1747 1610 1795 quia
1637 1748 1728 1785 illud
1757 1749 1861 1796 quod
1880 1761 1958 1785 non
1979 1756 2034 1785 est
2061 1761 2231 1797 semper,
2261 1761 2339 1785 non
2357 1756 2482 1797 potest

1420 1812 1501 1836 esse
1531 1812 1643 1836 causa
1672 1801 1751 1836 eius
1784 1801 1889 1849 quod
1918 1809 1972 1837 est
2008 1813 2158 1850 semper
2189 1809 2417 1850 perpetuum
2446 1809 2482 1838 et

1420 1864 1465 1888 ex
1493 1852 1724 1890 necessitate.
1761 1853 1878 1899 Quod
1906 1861 2033 1890 autem
2067 1854 2197 1890 omnia
2232 1866 2310 1890 non
2336 1853 2482 1902 possint

1419 1917 1500 1940 esse
1530 1917 1655 1952 causa,
1686 1906 1848 1942 ostendit
1876 1918 1944 1953 per
1970 1907 2044 1942 hoc
2073 1906 2176 1955 quod
2205 1906 2335 1943 omnia
2353 1906 2481 1943 huius-

1419 1957 1525 1993 modi
1548 1958 1732 2006 principia
1761 1958 2025 2006 corruptibilia,
2056 1959 2085 1995 si
2114 1958 2303 2006 generatio
2325 1966 2379 1995 est
2397 1971 2480 2007 per-

1417 2017 1543 2057 petua,
1565 2018 1651 2047 sunt
1668 2011 1813 2047 infinita
1833 2018 1869 2047 et
1887 2023 1965 2047 non
1985 2011 2093 2047 simul
2113 2018 2219 2047 sunt:
2249 2011 2481 2059 impossibile

1419 2069 1474 2098 est
1502 2070 1628 2099 autem
1657 2075 1776 2100 unum
1806 2063 1982 2100 effectum
2013 2063 2227 2112 dependere
2262 2076 2306 2099 ex
2328 2063 2481 2100 infinitis

1419 2114 1550 2151 causis.
1581 2116 1630 2151 Et
1657 2115 1792 2152 iterum
1821 2128 1865 2152 ea
1894 2128 1992 2163 quae
2012 2128 2091 2153 non
2111 2116 2223 2152 simul
2243 2123 2340 2162 sunt,
2361 2129 2439 2153 non
2461 2118 2480 2137 ³*

1417 2174 1576 2214 possunt
1596 2179 1676 2203 esse
1697 2180 1809 2204 causa
1828 2168 2004 2214 alicuius3
2034 2168 2118 2205 licet
2137 2168 2256 2217 possit
2277 2180 2358 2205 esse
2378 2170 2481 2217 quod

1419 2231 1553 2255 eorum
1582 2231 1679 2268 quae
1707 2232 1786 2256 non
1815 2220 1924 2256 simul
1948 2228 2044 2267 sunt,
2066 2221 2253 2269 quaedam
2281 2221 2482 2269 disponant

1419 2278 1454 2307 et
1474 2271 1662 2319 quaedam
1691 2280 1856 2319 causent,
1885 2279 1927 2308 ut
1945 2280 2047 2321 patet
2075 2273 2113 2309 in
2136 2273 2245 2321 guttis
2267 2274 2479 2311 successive

1419 2323 1650 2371 cadentibus,
1668 2336 1769 2372 quae
1790 2332 1944 2361 causant
1963 2325 2096 2373 lapidis
2117 2325 2382 2362 effossionem:
2413 2327 2480 2363 sed

1419 2375 1449 2412 si
1469 2376 1593 2423 aliqua
1611 2377 1730 2413 multa
1749 2384 1834 2413 sunt
1854 2377 1992 2414 directe
2013 2390 2126 2414 causa
2146 2377 2310 2424 alicuius,
2332 2386 2481 2426 oportet

1419 2428 1522 2477 quod
1551 2429 1662 2465 simul
1691 2429 1773 2466 sint.
1805 2429 1866 2466 Sic
1885 2429 1994 2477 igitur
2022 2430 2263 2466 manifestum
2293 2437 2348 2467 est
2375 2431 2479 2480 quod

1419 2481 1449 2516 si
1469 2480 1541 2517 sint
1564 2481 1664 2518 mille
1688 2482 1804 2518 millia
1826 2482 2009 2531 principia
2036 2489 2044 2503 ⁴
2072 2483 2266 2519 moventia
2287 2490 2323 2519 et
2343 2483 2478 2519 immo-

1419 2533 1526 2580 bilia;
1556 2541 1592 2570 et
1610 2534 1640 2570 si
1660 2534 1732 2570 sint
1752 2534 1864 2570 etiam
1884 2535 2002 2571 multa
2025 2547 2122 2583 quae
2142 2542 2324 2571 moveant
2342 2535 2477 2583 seipsa,

1419 2598 1584 2634 quorum
1609 2586 1796 2635 quaedam
1826 2594 2113 2635 corrumpantur
2141 2595 2177 2623 et
2200 2587 2271 2623 alia
2298 2599 2477 2635 generen-

1418 2646 1498 2684 tur3
1530 2646 1565 2675 et
1583 2638 1678 2675 inter
1705 2639 1785 2686 ista,
1816 2639 2004 2687 quaedam
2033 2639 2104 2676 sint
2132 2639 2287 2676 mobilia
2309 2647 2345 2676 et
2364 2653 2478 2688 quae-

1419 2690 1508 2728 dam
1534 2691 1747 2728 moventia:
1786 2692 2029 2729 nihilominus
2062 2699 2189 2728 tamen
2218 2699 2366 2740 oportet
2394 2705 2476 2729 esse

1419 2743 1560 2792 aliquid
1587 2757 1701 2793 super
1727 2744 1868 2791 omnia,
1898 2745 2002 2793 quod
2030 2757 2096 2781 sua
2123 2744 2259 2781 virtute
2289 2745 2478 2781 contineat

1420 2796 1549 2832 omnia
1577 2809 1674 2845 quae
1701 2797 1893 2845 praedicto
1926 2797 2044 2834 modo
2082 2804 2305 2844 generantur
2333 2805 2369 2834 et
2398 2810 2477 2834 cor-

1419 2857 1661 2897 rumpuntur:
1682 2850 1786 2897 quod
1806 2849 1959 2898 quidem
1978 2850 2023 2886 sit
2042 2862 2154 2886 causa
2175 2849 2374 2886 continuae
2394 2862 2477 2886 mu-

1419 2901 1567 2938 tationis
1595 2901 1783 2950 ipsorum,
1821 2915 1890 2950 per
1927 2914 2041 2951 quam
2070 2903 2300 2950 quandoque
2328 2909 2414 2939 sunt
2443 2909 2478 2939 et

1419 2954 1649 3002 quandoque
1677 2967 1756 2991 non
1784 2962 1889 3000 sunt;
1920 2962 1955 2991 et
1983 2955 2002 2975 *
2031 2967 2099 3003 per
2126 2967 2242 3002 quam
2270 2955 2365 2991 haec
2393 2963 2478 2991 sunt

1421 3018 1534 3043 causa
1552 3007 1801 3054 generationis
1822 3015 1857 3043 et
1870 3015 1995 3044 motus
2014 3007 2070 3044 his
2087 3015 2122 3044 et
2139 3007 2368 3044 haec*aliis:
2389 3007 2475 3055 quia
2501 3017 2510 3026 ·

1420 3071 1535 3095 omne
1562 3071 1745 3106 generans
1775 3067 1829 3096 est
1858 3072 1970 3096 causa
1997 3059 2246 3107 generationis
2274 3067 2473 3106 generato,

1420 3111 1487 3148 sed
1506 3118 1633 3148 tamen
1652 3112 1867 3159 generantia
1883 3113 1902 3133 ‘¹‘
1927 3112 2177 3160 corruptibilia
2204 3112 2344 3147 habent
2370 3111 2473 3159 quod

1420 3162 1492 3199 sint
1520 3176 1632 3200 causa
1660 3164 1928 3212 generationis,
1958 3164 2005 3200 ab
2034 3164 2157 3211 aliquo
2190 3163 2314 3211 primo
2351 3163 2472 3199 incor-

1420 3215 1593 3263 ruptibili.
1611 3216 1651 3253 Si
1671 3229 1758 3263 ergo
1779 3224 1916 3264 motus,
1930 3228 1999 3264 per
2018 3227 2131 3263 quem
2152 3214 2339 3263 quaedam
2358 3227 2473 3263 quan-

1420 3326 1478 3343 rum
1497 3320 1548 3344 iam
1566 3321 1642 3344 refert
1656 3321 1687 3345 ad
1703 3320 1829 3344 moventia
1842 3319 1925 3350 seipsa
1944 3326 2009 3351 quae
2027 3318 2183 3350 quandoque
2201 3322 2261 3342 sunt
2279 3322 2304 3342 et
2317 3318 2474 3350 quandoque

1420 3361 1472 3378 non
1485 3359 1553 3385 sunt,
1567 3356 1637 3387 quod
1650 3355 1795 3379 immediate
1810 3354 1944 3385 praecedit,
1955 3354 2064 3385 ideoque
2077 3357 2137 3385 post
2147 3353 2263 3384 ipsorum
2278 3357 2393 3384 repetere
2406 3361 2473 3385 opus

1419 3396 1471 3412 non
1485 3394 1539 3420 est;
1558 3389 1590 3414 cf.
1600 3397 1681 3422 prope
1693 3388 1736 3414 fin.
1749 3396 1822 3413 num.
1831 3395 1911 3413 causa
1958 3388 2083 3420 ipsorum,
2093 3394 2144 3419 per
2157 3394 2235 3420 quam
2255 3387 2411 3419 quandoque
2425 3393 2472 3413 etc.

1420 3423 1474 3447 Cet.
1493 3424 1567 3448 codd.
1588 3429 1613 3448 et
1629 3424 1783 3448 ainsinuant
1802 3428 1917 3447 nostram
1938 3423 2003 3451 lect„
2018 3423 2077 3454 quia
2090 3430 2136 3454 pro
2154 3429 2206 3454 qua
2224 3423 2273 3455 leg.
2288 3422 2387 3454 quibus,
2403 3423 2473 3455 quod

1420 3463 1490 3482 esset
1513 3459 1651 3490 optimum,
1671 3458 1692 3482 si
1711 3466 1758 3490 pro
1777 3458 1812 3482 sit
1829 3458 1918 3489 aliqua
1936 3464 2016 3482 causa
2035 3457 2157 3481 haberent
2175 3457 2229 3481 sint
2246 3457 2351 3489 aliquae
2368 3465 2472 3483 causae.

1473 3492 1492 3524 ι’)
1511 3493 1581 3518 mille
1600 3493 1682 3518 millia
1696 3492 1867 3524 principia.-
1881 3492 1950 3516 mille
1969 3492 2038 3517 mille
2057 3492 2156 3516 milium
2170 3492 2306 3524 principia
2321 3493 2350 3521 Β,
2365 3493 2411 3517 sed
2430 3500 2472 3517 ex-

1419 3527 1509 3559 pungit
1527 3528 1596 3552 mille
1614 3528 1698 3560 prius;
1723 3527 1792 3551 mille
1811 3527 1864 3551 alia
1883 3527 2018 3559 principia
2037 3527 2114 3559 EpG,
2138 3527 2221 3551 multa
2244 3527 2327 3552 millia
2345 3527 2382 3557 Ν,
2402 3528 2473 3552 mille

1414 3561 1550 3593 principia
1569 3563 1591 3587 X
1598 3570 1605 3593 ς
1625 3562 1709 3587 decies
1728 3562 1820 3587 millies
1833 3562 1968 3594 principia
1992 3562 2010 3586 P
2030 3567 2054 3586 ct
2072 3561 2164 3587 Venet.
2182 3560 2262 3593 1551;
2282 3561 2312 3587 cf.
2332 3566 2436 3587 textum.

2263 3613 2294 3639 52

2505 811 2514 820 ·
2529 810 2593 832 Lect.
2607 817 2635 837 v,
2654 817 2678 833 n.
2694 818 2718 833 ιο

2506 843 2566 865 sqq.;
2579 837 2718 860 ef.lect.xu.

2503 923 2514 934 ⁸
2529 922 2564 944 Cf.
2579 923 2630 945 lect.
2641 929 2718 951 praec.

2505 955 2528 970 n.
2542 955 2562 977 3,
2576 955 2600 976 4.

2507 1186 2516 1194 '¹
2531 1185 2565 1206 sic
2579 1184 2695 1206 add-mm.

2532 1552 2633 1574 aliarum
2646 1553 2698 1574 vab.

2509 2124 2518 2133 '
2533 2129 2579 2144 non
2594 2129 2641 2144 om.
2652 2129 2719 2150 aupes

2509 2153 2529 2171 et
2544 2150 2587 2171 ab.

2505 2966 2513 2974 ”
2528 2967 2552 2986 et
2560 2971 2607 2986 om.
2618 2971 2715 2988 Aixxva.

2528 3017 2571 3038 hoc
2585 3023 2654 3044 xvxa,
2666 3023 2714 3039 om.

2501 3049 2523 3064 1..

2502 3121 2510 3129 '¹
2531 3121 2680 3147 generabilia
2699 3127 2714 3143 Β

2501 3152 2527 3171 1³3
2542 3149 2566 3167 et
2579 3147 2631 3168 add.
2653 3153 2714 3169 norm

2500 3177 2560 3199 ωας
2575 3179 2619 3195 rus.
2630 3180 2673 3202 pu.
