2950 4004
54 1451 128 1487 ¹Lem.
138 1469 189 1485 xm.

35 1588 43 1594 ,
63 1567 137 1597 mm
155 1567 208 1589 add.
224 1572 254 1589 m

46 1689 50 1691 .
64 1671 127 1694 Lacr.
138 1677 187 1700 seq.

45 2071 47 2078 Α
54 2041 117 2065 Lect.
125 2042 252 2070 praee.n.8.

47 2132 51 2134 -
64 2146 128 2170 Lect.
138 2153 174 2174 tx,
187 2153 210 2169 n.
222 2153 250 2175 7;

43 2177 76 2200 ,zu
85 2189 92 2195 .
106 2179 182 2201 praec.
193 2179 216 2195 n.
227 2180 250 2202 9.

42 2897 44 2901 ,
70 2882 108 2905 ut
119 2886 184 2903 mu.

1110 310 1220 346 CAP.
1250 310 1354 357 VIII,
1386 311 1536 348 LECT.
1567 314 1618 349 XI

279 388 339 415 Nec
353 386 438 415 etiam
460 386 509 423 qui
524 393 637 422 ponunt
657 396 779 415 vacuum
793 387 839 415 vel
852 387 947 416 locum
965 396 1026 416 esse
1043 387 1175 424 spatium,
1198 387 1336 424 explicare

278 433 400 463 possunt
414 426 565 462 quomodo
586 426 694 463 aliquid
715 426 751 454 sit
765 426 794 454 in
809 427 891 463 ipsis:
907 427 1002 463 posito
1024 435 1150 463 namque
1163 427 1259 455 locum
1275 435 1336 454 esse

279 465 419 502 spatium,
442 471 557 502 oportet
577 472 608 493 ut
629 472 721 494 totum
749 475 854 502 corpus
877 466 1014 494 inferatur
1034 466 1063 494 in
1084 466 1170 500 illud3
1192 467 1272 502 quod
1293 475 1337 494 re-

278 511 387 542 pugnat
406 505 511 532 rationi
532 504 597 540 loci,
619 505 726 542 quippe
747 505 796 542 qui
818 515 948 533 seorsum
969 512 1011 533 est
1032 505 1167 533 alocato.
1189 504 1219 532 Si
1240 511 1336 533 autem

280 544 360 572 locus
381 553 441 572 non
462 544 497 572 sit
518 544 657 581 spatium,
679 553 732 572 nec
752 553 875 573 vacuum
897 550 947 572 est.
963 561 982 566 -
995 553 1023 579 4.
1043 545 1068 579 c)
1091 543 1121 571 Si
1143 550 1185 571 est
1204 553 1336 579 vacuum,

279 593 340 612 non
361 590 403 612 est
430 590 542 612 motus:
571 583 643 612 sicut
669 583 747 612 enim
773 583 862 620 aliqui
883 583 982 611 dicunt
1007 589 1114 611 terram
1141 582 1286 619 quiescere
1307 583 1338 612 in

279 622 376 653 medio
398 629 516 659 propter
531 623 587 651 hoc
608 624 688 659 quod
708 632 770 651 non
790 623 876 651 habet
893 631 981 659 quare
995 628 1146 650 moveatur
1163 622 1254 658 magis
1275 631 1337 650 ver-

279 671 328 690 sus
352 671 442 691 unam
470 662 713 690 circumferentiae
737 668 848 699 partem
869 670 957 699 quarn
982 670 1080 689 versus
1108 661 1207 696 aliam,
1236 662 1337 689 eadem

278 701 390 729 ratione
411 710 528 730 necesse
548 707 590 730 est
611 701 756 738 quiescere
781 701 811 728 in
838 709 945 735 vacuo,
973 701 1053 737 quod
1074 699 1104 728 in
1125 700 1183 728 suis
1210 700 1338 736 partibus

280 740 453 769 differentias
473 750 534 769 non
555 741 648 769 habet.
664 756 683 762 -
699 741 724 768 5.
742 741 771 775 d)
787 740 885 768 Posito
899 748 1000 774 vacuo,
1015 739 1123 767 tollitur
1144 746 1240 767 motus
1255 747 1337 768 natu-

279 780 355 815 ralis,
380 787 408 809 et
430 789 482 816 per
509 789 690 816 consequens
718 779 813 807 omnis
841 785 947 807 motus.
975 779 1155 807 Antecedens
1183 780 1350 815 probaturz·

279 819 376 856 posito
397 819 475 848 enim
495 828 602 854 vacuo,
624 818 734 847 tollitur
754 818 913 846 differentia
926 818 1049 854 partium
1070 818 1126 846 loci
1147 819 1184 846 ad
1204 827 1275 854 quas
1296 824 1338 846 est

280 859 336 887 loci
356 859 477 887 mutatio
498 858 644 894 naturalis,
666 857 738 886 sicut
759 864 787 886 et
806 857 902 894 posito
923 857 1045 885 infinito.
1067 859 1118 885 Est
1138 864 1235 885 tamen
1257 857 1337 885 diffe-

411 1002 433 1015 .
462 989 490 1006 ’ψ
508 1002 515 1013 .
543 976 644 1013 ositis
672 975 913 1025 opinionibus
942 976 1101 1013 aliorum
1130 975 1177 1013 de
1200 988 1336 1022 vacu0‚

350 1043 367 1074 {32
399 1022 468 1079 le
497 1030 527 1074 ἔξω
543 1036 579 1066 et
597 1028 689 1077 quid
716 1028 944 1076 significetur
966 1028 1121 1065 nomine
1139 1028 1263 1075 vacui,
1278 1027 1339 1066 hic

464 1080 670 1131 &incipit
687 1081 874 1130 inquirere
901 1081 1111 1119 veritatem.
1142 1082 1191 1117 Et
1213 1081 1337 1130 primo

291 1176 316 1179 .,
433 1171 435 1177 Α
486 1132 524 1163 ³0¹³
544 1134 707 1172 ostendit
741 1146 909 1172 vacuum
950 1146 1028 1171 non
1070 1146 1152 1171 esse
1183 1146 1339 1182 separa-

279 1195 381 1234 tum;
411 1187 578 1226 secundo
609 1187 770 1224 ostendit
796 1199 964 1224 vacuum
992 1199 1072 1224 non
1099 1199 1179 1223 esse
1205 1199 1339 1235 corpo-

279 1241 382 1278 ribus
418 1241 598 1287 inditum,
637 1239 708 1276 ibi:
747 1241 841 1277 Sunt
875 1245 999 1276 autem
1037 1239 1189 1288 quidam
1220 1241 1239 1261 ’²'
1268 1248 1336 1277 etc.

280 1293 390 1330 Circa
417 1293 584 1342 primum
609 1293 686 1330 duo
714 1293 820 1330 facit:
848 1292 972 1340 primo
993 1292 1155 1329 ostendit
1170 1305 1338 1330 vacuum

280 1353 497 1395 separatum
525 1357 603 1382 non
624 1357 716 1392 esse,
739 1358 783 1382 ex
801 1352 907 1394 parte
927 1352 1074 1392 motus;
1104 1345 1271 1383 secundo
1293 1359 1338 1383 ex

281 1398 580 1442 consideratione
618 1410 693 1447 qua
725 1397 851 1447 ipsum
878 1410 1044 1435 vacuum
1083 1398 1340 1435 consideratur

280 1451 491 1501 secundum
520 1463 573 1497 se,
603 1450 674 1487 ibi:
702 1449 754 1488 Et
773 1462 845 1499 per
870 1462 910 1487 se
936 1456 1060 1488 autem
1083 1451 1102 1472 ’¹‘
1130 1458 1198 1488 etc.
1230 1451 1338 1488 Circa

279 1503 447 1553 primum
477 1504 552 1540 duo
581 1503 688 1540 facit:
715 1503 842 1552 primo
877 1503 1040 1540 ostendit
1065 1516 1232 1541 vacuum
1260 1516 1339 1541 non

281 1569 376 1604 esse,
398 1569 443 1594 ex
461 1561 566 1605 parte
584 1556 605 1577 '¹‘
623 1563 769 1601 motus;
799 1555 967 1592 secundo
993 1569 1039 1592 ex
1065 1565 1172 1604 parte
1199 1557 1340 1594 veloci-

279 1609 363 1646 tatis
392 1617 428 1646 et
454 1608 634 1645 tarditatis
662 1608 700 1645 in
729 1616 849 1655 motu,
870 1608 943 1645 ibi:
971 1609 1143 1658 Amplius
1162 1615 1286 1646 autem
1306 1616 1343 1647 et

279 1673 329 1698 ex
354 1662 411 1698 his
430 1662 450 1682 *²
479 1667 546 1697 etc.

291 1718 293 1720 ’
335 1725 368 1750 2.
391 1713 499 1751 Circa
516 1713 684 1763 primum
702 1713 809 1761 ponit
827 1725 892 1750 sex
915 1714 1089 1752 rationes.
1121 1714 1230 1751 Circa
1249 1727 1340 1763 qua-

279 1778 365 1804 rum
402 1766 566 1816 primam
604 1766 691 1805 dicit
719 1766 824 1814 quod
861 1774 1010 1814 oportet
1041 1766 1177 1804 iterum
1216 1767 1339 1805 dicere

279 1819 384 1868 quod
416 1831 494 1857 non
527 1827 583 1856 est
605 1831 773 1856 vacuum
802 1827 1031 1867 separatum,
1061 1820 1156 1857 sicut
1183 1821 1339 1868 quidam

280 1871 418 1909 dicunt.
440 1871 531 1909 Ideo
547 1878 673 1908 autem
693 1871 850 1920 apponit
868 1872 1013 1918 iterum,
1030 1873 1117 1922 quia
1131 1873 1206 1909 hoc
1226 1874 1339 1911 etiam

279 1924 487 1973 aliqualiter
523 1931 718 1961 ostensum
757 1932 813 1962 est
847 1937 892 1961 ex
925 1933 1031 1973 parte
1059 1925 1149 1962 loci:
1179 1926 1208 1962 si
1238 1927 1339 1963 enim

278 1977 384 2014 locus
418 1990 496 2015 non
532 1977 577 2014 sit
610 1977 796 2026 spatium,
834 1977 1001 2025 sequitur
1038 1978 1140 2027 quod
1172 1991 1338 2016 vacuum

278 2029 369 2067 nihil
389 2029 445 2078 sit,
465 2037 507 2067 ut
529 2043 643 2079 supra
672 2031 691 2051 ἦ·
721 2030 862 2068 dictum
891 2038 956 2067 est.
979 2031 1056 2068 Sed
1075 2043 1176 2068 nunc
1203 2032 1339 2069 iterum

278 2082 381 2120 idem
419 2083 581 2120 ostendit
618 2095 663 2119 ex
689 2091 795 2132 parte
829 2091 977 2120 motus:
1006 2084 1201 2132 ponebant
1237 2085 1339 2122 enim

277 2147 470 2182 vacuum,
500 2143 541 2172 ut
569 2135 710 2172 dictum
745 2143 799 2172 est
829 2137 862 2180 ³³,
892 2144 1047 2184 propter
1073 2145 1233 2174 motum.
1264 2138 1339 2174 Sed

277 2195 433 2237 propter
459 2195 609 2224 motum
637 2200 715 2224 non
745 2195 799 2224 est
822 2188 1074 2225 necessarium
1102 2201 1246 2237 ponere
1272 2202 1339 2229 va—⁴

280 2253 406 2277 cuum.
437 2240 606 2277 Maxime
644 2240 746 2277 enim
777 2239 926 2278 videtur
958 2241 1064 2289 quod
1098 2249 1195 2278 esset
1228 2254 1340 2278 causa

279 2300 407 2330 motus
443 2292 592 2329 localis:
622 2293 689 2330 sed
716 2301 871 2342 propter
897 2301 1046 2330 motum
1074 2294 1234 2331 localem
1262 2307 1340 2331 non

281 2353 430 2394 oportet
447 2357 592 2394 ponere
610 2358 791 2392 vacuum,
812 2346 901 2394 quia
922 2346 1053 2383 omnia
1072 2359 1233 2395 corpora
1253 2346 1341 2383 sim-

279 2397 390 2448 plicia
409 2398 550 2434 habent
568 2405 694 2435 motus
722 2399 860 2436 locales
879 2399 1077 2445 naturales,
1099 2399 1194 2436 sicut
1213 2407 1339 2436 motus

281 2450 459 2488 naturalis
487 2450 580 2499 ignis
609 2458 664 2487 est
692 2463 863 2498 sursum,
899 2459 935 2488 et
971 2459 1097 2488 motus
1134 2459 1254 2488 terrae
1284 2460 1339 2488 est

282 2504 461 2541 deorsum
491 2510 526 2539 et
554 2502 602 2540 ad
637 2503 820 2540 medium.
854 2505 903 2541 Et
931 2504 983 2540 sic
1007 2504 1257 2541 manifestum
1287 2513 1342 2541 est

282 2556 388 2605 quod
424 2563 556 2604 natura
593 2556 888 2605 uniuscuiusque
928 2557 1097 2605 corporis
1136 2565 1191 2594 est
1228 2570 1341 2594 causa

283 2616 410 2646 motus
429 2608 569 2655 localis,
586 2616 623 2645 et
641 2621 718 2645 non
733 2621 911 2646 vacuum.
930 2609 1046 2656 Quod
1061 2610 1216 2657 quidem
1233 2618 1340 2656 esset,

283 2662 315 2698 si
340 2668 496 2710 propter
522 2662 784 2699 necessitatem
811 2662 924 2699 vacui
953 2662 1080 2710 aliqua
1099 2675 1258 2711 corpora
1278 2675 1342 2699 na-

283 2714 414 2751 turalia
442 2721 697 2750 moverentur.
729 2714 768 2751 Si
796 2723 924 2751 autern
953 2727 1030 2751 non
1049 2715 1202 2763 ponitur
1230 2728 1343 2752 causa

285 2774 411 2803 motus
439 2766 580 2812 localis,
610 2766 746 2803 nullius
774 2767 924 2804 alterius
952 2774 1078 2803 motus
1108 2780 1221 2804 causa
1250 2768 1342 2816 poni

283 2826 431 2868 potest,
475 2830 599 2867 neque
643 2819 792 2856 alterius
834 2819 898 2856 rei.
942 2820 1094 2856 Frustra
1135 2820 1244 2867 igitur
1276 2833 1343 2857 va-

287 2884 402 2908 cuum
431 2879 527 2907 esset

340 2926 375 2962 3.
406 2923 622 2961 Secundam
652 2924 836 2961 rationem
864 2924 970 2972 ponit
996 2924 1068 2960 ibi:
1096 2925 1283 2972 Amplius,
1312 2925 1345 2961 si

285 2983 340 3014 est
366 2985 450 3014 etc.:
481 2988 578 3024 quae
598 2976 679 3013 talis
708 2985 774 3013 est.
797 2977 836 3013 Si
863 2984 1026 3025 ponatur
1043 2989 1210 3013 vacuum
1239 2990 1341 3023 6556,

286 3042 364 3066 11011
382 3037 506 3078 potest
524 3029 703 3077 assignari
719 3042 830 3066 causa
850 3037 976 3066 motus
996 3029 1170 3066 naturalis
1186 3038 1221 3075 et
1240 3030 1343 3078 quie-

285 3082 331 3118 tis
359 3082 547 3119 naturalis.
578 3081 822 3119 Manifestum
852 3089 907 3118 est
935 3082 1038 3118 enim
1065 3082 1168 3130 quod
1207 3095 1343 3131 corpus

286 3135 454 3171 naturale
481 3142 659 3172 movetur
686 3135 735 3171 ad
766 3135 895 3171 locum
924 3147 1035 3171 suurn
1070 3136 1280 3171 naturalem
1309 3143 1346 3172 et

286 3186 443 3234 quiescit
474 3186 512 3223 in
540 3200 585 3224 eo
610 3187 834 3234 naturaliter,
859 3195 1014 3235 propter
1042 3187 1343 3224 convenientiam

287 3251 404 3287 quam
422 3239 536 3275 habet
568 3252 655 3284 cum
675 3239 770 3288 ipso,
792 3247 828 3276 et
847 3239 934 3288 quia
954 3251 1031 3276 non
1051 3240 1228 3276 convenit
1256 3253 1343 3276 cum

286 3292 371 3328 loco
401 3303 423 3327 a
449 3303 526 3339 quo
555 3292 706 3328 recedit.
737 3292 812 3328 Sed
840 3304 1006 3328 vacuum
1035 3304 1111 3328 non
1139 3293 1253 3328 habet
1281 3293 1343 3328 ali-

247 3353 250 3356 *
287 3356 403 3391 quam
433 3351 605 3380 naturam
633 3356 702 3391 per
736 3355 851 3391 quam
887 3343 1005 3391 possit
1042 3344 1245 3380 convenire
1281 3345 1343 3380 vel

287 3396 548 3433 disconvenire
577 3408 599 3432 a
628 3407 785 3444 corpore
806 3395 974 3432 naturali.
997 3395 1037 3431 Si
1065 3408 1153 3442 ergo
1181 3405 1344 3443 ponatur

341 3519 368 3553 α)
380 3519 412 3543 ab
427 3525 480 3543 una
490 3521 570 3550 parte
584 3517 744 3542 naturaliter
753 3516 852 3541 recedit
861 3519 886 3540 et
905 3516 1065 3540 naturaliter
1074 3516 1175 3540 accedit
1184 3516 1220 3540 ad
1234 3516 1345 3540 aliam.-

286 3554 357 3579 PsGI
376 3560 401 3578 et
419 3554 433 3578 b
440 3561 449 3582 ‚·
466 3553 503 3577 ad
522 3560 600 3577 unam
616 3555 722 3584 partem
742 3552 903 3576 naturaliter
921 3551 1019 3576 recedit
1038 3554 1064 3575 et
1087 3551 1247 3574 naturaliter
1271 3558 1343 3575 acce-

288 3590 328 3614 dit
347 3589 386 3614 ed.
400 3596 417 3613 a
435 3593 460 3613 et
478 3587 839 3619 DEKNOQSTVXYZpGlL,
852 3587 889 3610 ad
906 3593 984 3610 unam
995 3588 1101 3617 partem
1121 3585 1281 3610 naturaliter
1299 3593 1343 3610 ac-

286 3624 358 3649 cedit
376 3627 402 3649 et
420 3623 578 3648 naturaliter
598 3622 768 3655 (naturaliter
787 3629 839 3646 om.
859 3621 892 3654 R)
912 3621 1011 3646 recedit
1029 3621 1062 3645 ab
1081 3621 1134 3645 alia
1155 3620 1197 3653 (ab
1216 3620 1270 3644 alia
1289 3628 1342 3645 om.

2375 316 2440 351 181

1390 388 1481 416 rentia
1502 390 1598 425 quoad
1619 390 1675 418 hoc
1696 390 1767 418 inter
1781 400 1902 419 vacuum
1924 398 1951 419 et
1972 391 2124 419 infinitum.
2139 409 2158 413 -
2173 393 2199 420 6.
2221 393 2246 427 e)
2269 392 2298 420 Si
2318 399 2445 428 ponatur

1390 436 1521 462 vacuum,
1543 429 1675 464 explicari
1697 430 1796 466 nequit
1817 432 1966 467 quomodo
1988 440 2092 467 corpus
2113 431 2274 467 proiectum
2294 439 2445 460 moveatur

1390 473 1543 503 postquam
1568 475 1730 504 separatum
1752 476 1794 497 est
1813 479 1831 497 a
1851 470 2025 505 proiiciente.
2047 470 2172 498 Solvitur
2199 471 2276 498 enim
2304 471 2445 500 dubitatio

1391 506 1476 540 haec,
1498 506 1620 535 dicendo
1649 509 1728 544 quod
1755 508 1790 536 sit
1811 509 1854 536 vel
1875 519 1926 545 per
1951 509 2196 546 repercussionem
2222 509 2308 545 aeris,
2330 511 2374 539 vel
2395 520 2446 547 per

1391 544 1451 572 eius
1473 544 1684 581 impulsionem.
1709 548 1793 575 Nulla
1813 555 1909 575 autem
1931 549 2048 576 istarum
2073 558 2224 577 causarum
2244 549 2314 586 poni
2335 556 2445 586 potest,

1391 583 1414 611 si
1436 583 1472 611 sit
1491 593 1624 613 vacuum.
1639 601 1657 605 —
1673 595 1698 621 7.
1715 588 1750 623 s)
1773 587 1803 614 Si
1824 594 1919 615 motus
1940 587 1975 615 sit
1996 588 2025 615 in
2046 597 2147 623 vacuo,
2165 598 2225 616 non
2246 595 2288 616 est
2301 589 2445 626 assignare
2497 599 2501 603 ·

1390 629 1508 659 propter
1529 624 1598 660 quid
1619 625 1725 652 mobile
1746 632 1809 660 stat,
1824 635 1918 662 neque
1939 626 1969 654 in
1990 627 2032 654 his
2047 637 2120 664 quae
2138 635 2290 656 moventur
2309 628 2445 656 naturali-

1390 669 1441 696 ter,
1457 661 1524 698 quia
1545 672 1606 690 non
1627 670 1669 691 est
1683 664 1841 693 differentia
1855 665 1884 693 in
1899 666 2025 702 partibus
2040 667 2136 701 vacui;
2158 676 2251 703 neque
2266 667 2296 695 in
2310 667 2354 695 his
2371 677 2445 704 quae

1391 708 1544 729 moventur
1563 702 1709 737 violenter,
1728 713 1792 731 curn
1815 705 1907 732 desint
1924 715 2024 733 causae
2046 706 2184 734 cessandi.
2201 708 2277 743 Ergo
2292 706 2336 734 vel
2358 715 2445 735 omne

1391 749 1496 776 corpus
1517 741 1650 777 quiescit;
1672 743 1716 769 vel
1737 744 1816 779 quod
1840 751 1985 779 movetur,
2007 751 2139 773 movetur
2159 745 2188 773 in
2209 745 2369 780 infinitum,
2391 746 2445 774 nisi

1393 780 1484 807 maius
1506 789 1609 816 corpus
1624 781 1768 817 impediat.
1793 783 1998 811 Confirmatur:
2023 784 2095 812 ratio
2117 794 2204 821 quare
2225 792 2337 821 ponunt
2357 785 2446 822 aliqui

1393 825 1505 846 motum
1520 819 1580 847 fieri
1594 820 1623 847 in
1638 830 1738 856 vacuo,
1753 828 1794 849 est
1809 821 1875 858 quia
1893 823 1966 850 cedit
1980 823 2094 851 mobili:
2118 824 2191 851 cedit
2205 831 2300 852 autem
2315 833 2348 852 ex
2365 824 2446 852 omni

1392 865 1487 894 parte3
1509 859 1615 887 mobile
1636 859 1720 896 igitur
1740 860 1770 888 in
1790 861 1933 889 infinitum
1954 862 2057 890 feretur
2077 872 2110 890 ex
2132 863 2257 899 qualibet
2277 869 2365 899 parte.

1394 975 1547 1023 aliquod
1565 989 1743 1024 vacuum,
1761 978 1866 1026 quasi
1886 979 2040 1027 quidam
2060 981 2164 1016 locus
2179 980 2345 1029 privatus
2366 994 2446 1018 cor-

1392 1040 1498 1076 pore,
1520 1041 1597 1065 non
1624 1031 1759 1077 poterit
1778 1031 1955 1078 assignari
1983 1032 2030 1068 ad
2059 1045 2174 1080 quam
2193 1041 2339 1081 partem
2358 1033 2447 1071 illud

1394 1093 1531 1129 corpus
1550 1081 1763 1118 naturaliter
1781 1092 1991 1121 moveatur.
2008 1085 2098 1121 Non
2118 1085 2219 1121 enim
2234 1093 2358 1134 potest
2377 1086 2448 1123 dici

1393 1133 1498 1181 quod
1525 1134 1664 1170 feratur
1691 1134 1739 1170 ad
1767 1136 1972 1183 quamlibet
1998 1145 2157 1185 partem,
2186 1138 2274 1186 quia
2292 1139 2366 1175 hoc
2392 1139 2447 1176 vi-

1394 1186 1528 1222 demus
1548 1186 1596 1223 ad
1616 1199 1770 1223 sensum
1794 1200 1875 1224 esse
1895 1188 2041 1236 falsum,
2062 1190 2150 1237 quia
2169 1191 2216 1226 ab
2239 1203 2316 1227 una
2342 1199 2447 1239 parte

1393 1238 1608 1275 naturaliter
1623 1238 1772 1286 recedit,
1789 1248 1825 1276 et
1843 1241 2055 1278 naturaliter
2070 1243 2213 1279 accedit
2227 1243 2275 1279 ad
2290 1243 2401 1280 aliam
2416 1250 2445 1280 α.

1446 1291 1495 1327 Et
1520 1292 1616 1327 haec
1645 1292 1778 1328 eadem
1808 1292 1900 1329 ratio
1920 1294 2020 1330 valet
2048 1302 2177 1331 contra
2205 1307 2270 1331 eos
2298 1295 2361 1344 qui
2379 1309 2447 1344 po-

1393 1350 1487 1380 nunt
1513 1344 1641 1380 locum
1667 1356 1747 1381 esse
1767 1345 1963 1392 quoddam
1983 1346 2143 1394 spatium
2163 1356 2388 1395 separatum,
2410 1348 2449 1386 in

1393 1396 1497 1444 quod
1517 1409 1653 1445 corpus
1686 1397 1826 1433 mobile
1858 1398 1984 1435 fertur.
2015 1399 2106 1435 Non
2134 1399 2234 1436 enim
2267 1400 2334 1436 erit
2361 1401 2449 1437 assi-

1393 1461 1506 1496 gnare
1535 1449 1733 1497 quomodo
1764 1462 1900 1498 corpus
1922 1451 2088 1499 positum
2116 1451 2155 1488 in
2182 1452 2244 1488 tali
2271 1453 2368 1500 1060,
2388 1454 2449 1490 vel

1393 1510 1594 1539 moveatur
1625 1502 1688 1539 vel
1722 1502 1905 1550 quiescat:
1935 1503 2023 1551 quia
2053 1503 2308 1541 dimensiones
2341 1506 2449 1554 spatii

1392 1555 1535 1591 nullam
1563 1555 1704 1591 habent
1730 1562 1903 1592 naturam
1931 1568 2000 1604 per
2027 1569 2143 1604 quam
2170 1557 2288 1605 possit
2311 1558 2451 1595 attendi

1393 1607 1596 1644 similitudo
1629 1608 1691 1644 vel
1727 1607 1986 1645 dissimilitudo
2020 1609 2068 1646 ad
2102 1622 2238 1658 corpus
2270 1612 2448 1647 naturale.

1394 1661 1442 1696 Et
1463 1659 1597 1696 merito
1628 1660 1798 1708 congruit
1825 1662 1960 1697 eadem
1993 1661 2086 1698 ratio
2116 1663 2163 1699 de
2191 1675 2316 1699 vacuo
2345 1669 2381 1700 et
2405 1664 2450 1700 de

1392 1725 1542 1749 sursum
1574 1719 1609 1749 et
1639 1714 1824 1758 deorsum,
1854 1713 1948 1750 idest
1976 1714 2022 1751 de
2056 1715 2158 1761 1060,
2189 1715 2293 1752 cuius
2325 1723 2449 1764 partes

1394 1773 1481 1802 sunt
1499 1778 1648 1802 sursum
1688 1773 1723 1802 et
1760 1765 1950 1803 deorsum.
1990 1767 2090 1813 Quia
2123 1767 2172 1803 illi
2207 1767 2271 1815 qui
2303 1776 2451 1817 ponunt

1393 1831 1572 1865 vacuum,
1602 1818 1730 1855 dicunt
1757 1818 1882 1866 ipsum
1912 1831 1992 1855 esse
2021 1821 2159 1856 locum.

1447 1872 1496 1907 Et
1523 1883 1602 1907 non
1629 1871 1754 1908 solum
1781 1879 1965 1919 ponentes
1996 1884 2182 1919 vacuum,
2205 1880 2240 1909 et
2265 1880 2450 1921 ponentes

1394 1924 1521 1960 locum
1549 1936 1629 1960 esse
1656 1923 1830 1972 spatium,
1851 1936 1930 1961 non
1955 1933 2114 1973 possunt
2141 1925 2328 1973 assignare
2357 1939 2449 1974 quo-

1394 1976 1512 2013 modo
1550 1976 1691 2024 aliquid
1724 1984 1926 2013 moveatur
1964 1986 1999 2014 et
2038 1978 2204 2026 quiescat
2240 1979 2450 2016 secundum

1393 2030 1540 2066 locum:
1561 2028 1628 2066 sed
1649 2029 1760 2065 etiam
1779 2041 1858 2065 non
1884 2038 2042 2078 possunt
2067 2030 2335 2068 convenienter
2362 2032 2449 2068 assi-

1393 2094 1507 2129 gnare
1527 2081 1725 2130 quomodo
1750 2082 1890 2129 aliquid
1919 2082 1964 2119 sit
1990 2083 2029 2119 in
2056 2084 2141 2119 loco
2169 2084 2230 2120 vel
2258 2084 2296 2120 in
2313 2096 2448 2122 vacuo.

1395 2134 1434 2171 Si
1455 2134 1556 2171 enim
1576 2135 1682 2170 locus
1701 2142 1864 2182 ponatur
1884 2148 1964 2172 esse
1985 2135 2158 2184 spatium,
2181 2144 2328 2186 oportet
2346 2137 2449 2185 quod

1393 2194 1514 2223 totum
1543 2199 1680 2235 corpus
1699 2187 1878 2224 inferatur
1895 2187 1934 2224 in
1958 2188 2046 2225 illud
2069 2190 2087 2209 ⁵⁵
2107 2189 2288 2238 spatium;
2311 2197 2346 2225 et
2373 2202 2451 2226 non

1393 2239 1487 2275 sicut
1506 2239 1644 2276 accidit·
1666 2239 1768 2287 apud
1786 2247 1971 2288 ponentes
1999 2242 2126 2278 locum
2147 2254 2228 2278 6556
2247 2242 2451 2279 terminum

1395 2291 1564 2340 corporis
1579 2291 1811 2339 continentis,
1829 2293 1932 2342 quod
1950 2294 2117 2330 locatum
2133 2302 2187 2330 est
2201 2294 2239 2330 in
2258 2295 2342 2331 loco
2359 2295 2452 2331 sicut

1394 2344 1432 2381 in
1447 2344 1573 2392 aliquo
1589 2352 1772 2392 separato,
1789 2352 1826 2380 et
1844 2345 1938 2382 sicut
1952 2345 1990 2382 in
2004 2348 2171 2394 quodam
2188 2359 2346 2395 corpore
2362 2360 2450 2384 con-

1394 2397 1534 2433 tinente
1574 2403 1609 2432 et
1642 2404 1882 2434 sustentante.
1922 2399 1971 2434 Et
2003 2399 2077 2435 hoc
2103 2399 2253 2436 videtur
2290 2412 2371 2436 esse
2405 2400 2451 2436 de

1395 2449 1538 2486 ratione
1567 2449 1652 2496 loci,
1673 2449 1777 2497 quod
1806 2449 1946 2498 aliquid
1975 2450 2020 2487 sit
2047 2451 2085 2487 in
2112 2452 2197 2488 loco
2226 2451 2320 2488 sicut
2338 2452 2376 2488 in
2396 2465 2452 2488 se-

1394 2509 1525 2550 parato
1547 2509 1582 2538 et
1605 2514 1777 2538 seorsum
1807 2503 2005 2539 existente:
2035 2503 2124 2551 quia
2143 2503 2173 2540 si
2192 2516 2278 2552 pars
2298 2504 2451 2541 alicuius

1396 2554 1564 2603 corporis
1591 2567 1670 2591 non
1696 2562 1860 2602 ponatur
1887 2567 2060 2592 seorsum
2089 2556 2136 2592 ab
2165 2556 2247 2604 ipso
2277 2568 2448 2605 corpore,

1397 2620 1474 2643 non
1504 2607 1570 2643 erit
1597 2608 1635 2644 in
1663 2619 1709 2643 eo
1743 2607 1836 2643 sicut
1863 2607 1902 2644 in
1930 2608 2034 2655 1060,
2065 2608 2131 2644 5661
2168 2608 2261 2645 sicut
2288 2609 2326 2645 in
2358 2617 2450 2646 toto,

1397 2661 1465 2696 Est
1492 2660 1600 2707 igitur
1628 2659 1675 2696 de
1704 2659 1846 2696 ratione
1884 2660 1955 2696 loci
1990 2668 2025 2696 et
2052 2660 2181 2707 locati,
2216 2661 2319 2709 quod
2347 2662 2451 2698 locus

1397 2725 1570 2749 seorsum
1599 2713 1643 2748 sit
1671 2725 1692 2748 a
1720 2713 1854 2748 locato.
1885 2713 1933 2748 Et
1959 2713 2034 2749 hoc
2059 2725 2138 2754 non
2166 2714 2299 2750 accidit
2318 2714 2347 2750 si
2367 2727 2450 2763 spa-

1397 2766 1492 2802 tium
1520 2765 1566 2802 sit
1601 2766 1726 2811 locus,
1755 2765 1793 2801 in
1822 2765 1924 2812 quod
1961 2773 2082 2802 totum
2117 2766 2295 2813 mergitur
2330 2774 2450 2803 totum

1399 2830 1547 2866 corpus.
1578 2818 1669 2854 Non
1697 2817 1803 2865 igitur
1831 2817 1993 2865 spatium
2023 2826 2077 2854 est
2105 2819 2219 2855 locus.
2250 2820 2299 2855 Et
2319 2819 2348 2856 si
2367 2832 2450 2867 spa-

1397 2871 1491 2907 tium
1519 2883 1597 2906 non
1617 2878 1672 2906 est
1690 2871 1806 2917 locus,
1827 2870 2067 2907 manifestum
2091 2879 2145 2907 est
2164 2866 2267 2919 quod
2286 2884 2451 2908 vacuum

1398 2936 1476 2959 non
1505 2930 1571 2959 est.

1450 2987 1487 3023 4.
1518 2975 1687 3012 Tertiam
1716 2974 1898 3011 rationem
1926 2975 2033 3023 ponit
2059 2975 2130 3012 ibi:
2158 2976 2303 3012 Accidit
2328 2982 2451 3013 autem

1398 3029 1599 3065 dicentibus
1628 3035 1695 3064 etc.
1734 3028 1783 3063 Et
1815 3027 1901 3064 dicit
1928 3028 2051 3075 quod,
2087 3041 2175 3065 cum
2204 3029 2342 3078 antiqui
2370 3029 2451 3077 phi-

1398 3081 1547 3129 losophi
1574 3087 1758 3129 ponerent
1785 3080 1889 3127 quod
1918 3092 2069 3117 necesse
2099 3088 2154 3117 est
2180 3094 2346 3118 vacuum
2371 3095 2451 3118 esse

1399 3134 1429 3170 si
1458 3142 1512 3170 est
1539 3140 1677 3179 motus,
1704 3145 1724 3169 e
1754 3145 1938 3169 converso
1967 3133 2115 3170 accidit:
2141 3134 2228 3181 quia
2247 3134 2276 3170 si
2305 3142 2359 3170 est
2385 3147 2450 3170 va-

1400 3199 1525 3233 cuum,
1547 3198 1624 3222 non
1653 3193 1707 3221 est
1734 3193 1871 3221 motus.
1902 3186 1950 3221 Et
1977 3186 2050 3222 hoc
2077 3186 2213 3233 probat
2239 3198 2307 3234 per
2330 3186 2449 3232 quod-

1399 3239 1488 3276 dam
1516 3238 1645 3274 simile.
1676 3232 1856 3284 'Quidam
1886 3237 1985 3273 enim
2024 3237 2194 3274 dixerunt
2221 3237 2324 3284 quod
2353 3244 2448 3273 terra

1399 3291 1554 3339 quiescit
1581 3290 1619 3327 in
1647 3290 1773 3326 medio
1801 3297 1954 3337 propter
1982 3289 2258 3325 similitudinem
2286 3289 2448 3337 partium

1399 3342 1717 3380 circumferentiae
1752 3341 1938 3388 undique:
1969 3349 2004 3377 et
2032 3341 2082 3377 sic
2111 3349 2226 3388 terra,
2257 3354 2343 3377 cum
2371 3354 2449 3378 non

1397 3396 1534 3432 habeat
1561 3407 1675 3443 quare
1704 3401 1903 3430 moveatur
1930 3392 2047 3440 magis
2066 3405 2197 3430 versus
2224 3405 2340 3430 unam
2363 3406 2448 3442 par-

1397 3517 1427 3548 F)
1448 3517 1522 3546 BFR,
1536 3504 1579 3541 'ad
1603 3523 1680 3540 unam
1702 3518 1808 3547 partem
1834 3514 1992 3538 naturaliter
2016 3514 2117 3539 accedit
2135 3514 2163 3543 C.
2181 3515 2218 3539 ad
2241 3522 2320 3540 unam
2340 3520 2447 3548 partem

1396 3552 1558 3576 naturaliter
1575 3551 1672 3575 secedit
1689 3554 1715 3574 et
1733 3549 1835 3574 accedit
1858 3549 1895 3573 ad
1912 3549 1992 3573 aliam
2012 3550 2070 3579 HM,
2090 3549 2127 3574 ad
2148 3550 2229 3575 aliam
2248 3558 2301 3575 om.
2322 3551 2366 3576 sL.
2390 3552 2447 3576 Non

1397 3591 1436 3610 est
1454 3594 1499 3610 cur
1518 3594 1532 3610 a
1550 3586 1628 3610 Plana
1652 3585 1823 3609 recedendum
1848 3589 2009 3616 putaremus,
2030 3585 2101 3609 cuius
2125 3592 2219 3609 sensus
2244 3585 2335 3610 obvius
2362 3592 2401 3611 est
2423 3591 2448 3611 et

1396 3621 1488 3645 clarus.

2476 2199 2487 2209 ⁴
2502 2198 2575 2226 ipsum
2593 2204 2689 2220 EGMRSL.
