2950 4004
3 521 30 561 [f'
50 541 62 552 ·
75 542 171 568 uterque
187 544 261 561 mcum

7 570 15 590 ‚s
26 589 30 596 s
52 573 114 594 qm
121 569 166 588 eta
173 565 193 593 b,
202 565 262 587 utri-

3 601 6 604 *
22 610 24 615 ,
51 598 96 622 que
107 598 130 614 1..

50 645 63 658 ⁸
75 645 126 667 enas
138 649 160 666 Ρ.

33 1011 65 1028 ’ὓ
74 1013 145 1038 Num.
158 1019 207 1040 seq.

27 1266 30 1288 ἶ
51 1273 63 1286 ·
76 1279 106 1296 α
117 1279 262 1301 numuonv,

51 1300 82 1323 de
93 1307 118 1323 ι.

50 1859 54 1875 ;
73 1852 105 1871 ex
117 1853 164 1870 om.
178 1853 232 1870 nze.

50 1956 135 1978 uocas
143 1956 197 1978 add.
208 1961 260 1984 cns,

31 1981 124 2013 3100&
137 1982 191 2004 add.
206 1989 229 2004 n.

40 2793 63 2806 ¹⁸
75 2795 195 2815 commem
212 2798 260 2814 om.

51 2819 87 2842 ab
100 2823 123 2841 et
136 2819 205 2841 codd.

30 2845 213 2894 ι;Ωιτιηιει”ηειιιι“.ετ
231 2851 260 2867 pn

1134 299 1244 335 CAP.
1275 298 1341 345 lv,
1372 298 1522 335 LECT.
1551 300 1601 336 vi

345 377 378 413 5.
400 375 590 423 Secundo,
611 375 674 413 ibi:
690 377 785 412 Sunt
797 376 943 424 quidem
959 376 1075 425 igitur
1089 381 1246 423 utraque
1261 383 1341 422 etc„

289 428 450 465 ostendit
468 428 572 477 quod
592 429 715 465 forma
738 441 816 465 non
835 428 880 464 sit
898 429 1015 464 locus.
1046 428 1146 474 Quia
1170 427 1344 475 quamvis

288 481 394 517 locus
423 488 459 517 et
482 481 605 517 forma
633 481 671 517 in
699 482 774 517 hoc
803 480 1040 525 conveniant,
1070 479 1175 527 quod
1202 487 1344 516 utrum-

289 545 363 582 que
390 534 410 554 *
439 545 572 570 eorum
601 540 656 570 est
692 533 847 581 quidam
879 532 1082 578 terminus,
1112 543 1190 568 non
1217 539 1345 568 tamen

288 585 400 622 unius
428 593 464 622 et
493 586 683 630 eiusdem;
722 585 789 622 sed
821 585 944 621 forma
973 590 1027 620 est
1054 583 1236 620 terminus
1265 596 1345 620 cor-

287 637 391 686 poris
421 639 441 659 *
474 638 579 674 cuius
608 645 664 674 est
700 638 842 683 forma,
881 637 986 672 locus
1019 642 1145 671 autem
1179 648 1258 672 non
1291 644 1346 672 est

288 690 472 727 terminus
509 689 676 738 corporis
709 689 813 725 cuius
843 695 898 724 est
928 688 1054 734 locus,
1084 688 1151 724 sed
1179 688 1346 737 corporis

290 742 512 779 continentis
535 742 682 790 ipsum3
712 748 748 777 et
765 740 851 776 licet
869 739 941 776 sint
959 740 1070 776 simul
1091 740 1241 777 termini
1259 753 1346 778 eon-

288 795 437 832 tinentis
466 802 502 831 et
530 793 704 840 contenti,
734 804 812 829 non
839 799 968 828 tamen
996 800 1081 829 sunt
1107 792 1222 830 idem.

342 848 378 884 6.
408 846 556 883 Deinde
590 857 678 882 cum
707 844 814 880 dicit:
848 844 922 880 Sed
948 856 997 880 ex
1024 857 1067 881 eo
1096 846 1197 892 quod
1227 851 1346 881 muta-

288 905 349 935 tur
382 906 473 945 etc.,
506 897 746 946 prosequitur
774 896 821 933 de
850 896 982 944 spatio.
1013 898 1061 933 Et
1088 897 1211 945 primo
1242 897 1348 945 ponit

289 962 404 1000 quare
420 950 584 999 spatium
597 949 749 987 videtur
768 961 849 985 esse
869 951 986 993 locus;
1003 950 1168 986 secundo
1187 950 1349 986 ostendit

289 1003 394 1052 quod
413 1015 491 1040 non
511 1002 556 1039 sit
574 1003 691 1049 locus,
717 1001 784 1038 ibi:
804 1002 895 1038 Hoc
912 1007 1036 1038 autem
1061 1013 1134 1038 non
1165 1007 1217 1038 est
1241 1002 1261 1022 *⁸
1277 1009 1346 1038 etc.

288 1056 390 1092 Dicit
418 1067 506 1103 ergo
535 1055 682 1104 primo,
716 1053 822 1102 quod
850 1053 937 1102 quia
965 1054 1155 1090 multoties
1183 1061 1349 1091 mutatur

290 1120 428 1157 corpus
457 1115 678 1144 contentum
706 1119 729 1143 a
757 1107 842 1143 loco
872 1113 908 1143 et
936 1105 1100 1143 divisum
1129 1107 1176 1143 ab
1207 1119 1271 1153 eo,
1302 1107 1348 1143 de

288 1161 375 1197 loeo
395 1160 434 1197 in
452 1162 592 1207 locum,
623 1167 659 1196 et
686 1158 893 1196 succedunt
916 1158 986 1195 sibi
1006 1171 1166 1207 corpora
1183 1158 1348 1196 invicem

289 1213 328 1250 in
353 1213 491 1250 eodem
519 1214 616 1258 loco,
645 1212 696 1248 ita
723 1211 829 1259 quod
857 1211 1054 1248 continens
1082 1219 1252 1248 remanet
1279 1211 1348 1248 im-

289 1265 444 1312 mobile,
466 1278 512 1302 eo
532 1265 651 1302 modo
671 1276 747 1313 quo
768 1276 867 1312 aqua
887 1264 959 1300 exit
977 1276 1000 1300 a
1015 1265 1034 1285 ²⁸
1053 1276 1166 1309 vase;
1194 1271 1350 1312 propter

288 1319 364 1355 hoc
390 1318 540 1355 videtur
567 1317 672 1366 quod
699 1317 806 1353 locus
833 1316 879 1352 sit
906 1316 1060 1365 aliquod
1088 1316 1250 1364 spatium
1270 1329 1350 1353 me-

289 1370 396 1407 dium
424 1371 520 1407 inter
549 1369 799 1406 extremitates
829 1369 998 1417 corporis
1027 1369 1271 1414 continentis;
1305 1382 1349 1406 ac

289 1423 320 1459 si
339 1423 479 1472 aliquid
500 1430 598 1460 esset
624 1421 676 1459 ibi
700 1428 848 1469 praeter
876 1433 1014 1470 corpus
1041 1421 1146 1470 quod
1174 1429 1350 1458 movetur

289 1475 338 1512 de
365 1488 442 1512 uno
471 1476 556 1512 loco
581 1475 629 1512 ad
647 1474 774 1510 alium.
796 1473 896 1520 Quia
915 1474 945 1510 si
965 1485 1043 1510 non
1061 1481 1160 1510 esset
1178 1473 1228 1510 ibi
1247 1474 1349 1511 aliud

288 1535 436 1576 praeter
462 1527 553 1564 illud
581 1539 736 1574 corpus,
770 1534 991 1574 sequeretur
1023 1527 1127 1574 quod
1153 1527 1215 1563 vel
1243 1527 1349 1563 locus

288 1593 367 1617 non
396 1587 494 1616 esset
521 1578 622 1616 aliud
650 1591 672 1615 a
699 1579 842 1623 locato,
871 1579 933 1615 vel
962 1578 1067 1626 quod
1095 1578 1132 1615 id
1161 1579 1266 1627 quod
1295 1587 1350 1616 est

288 1632 460 1669 medium
479 1632 575 1668 inter
595 1630 845 1667 extremitates
865 1631 1101 1676 continentis,
1122 1643 1202 1667 non
1221 1640 1350 1679 posset

289 1696 371 1721 esse
386 1685 504 1720 locus.
522 1683 626 1720 Sicut
644 1690 771 1719 autem
791 1690 940 1731 oportet
958 1684 1086 1719 locum
1108 1695 1190 1719 esse
1209 1683 1349 1731 aliquid

287 1744 437 1786 praeter
455 1748 593 1784 corpus
613 1742 845 1781 contentum,
875 1735 925 1771 ita
942 1735 1093 1772 videtur
1112 1735 1217 1783 quod
1237 1748 1349 1784 opor-

288 1796 364 1826 teat
382 1790 511 1826 locum
531 1800 613 1825 esse
641 1787 781 1835 aliquid
809 1794 957 1835 praeter
977 1799 1114 1835 corpus
1135 1787 1348 1834 continens;

290 1843 364 1878 ex*
380 1854 426 1878 eo
443 1841 548 1890 quod
566 1842 671 1877 locus
687 1847 816 1876 manet
834 1839 1051 1886 immobilis,
1068 1852 1206 1888 corpus
1221 1847 1348 1877 autem

289 1894 498 1939 continens,
516 1901 552 1930 et
571 1905 686 1929 omne
707 1892 812 1941 quod
832 1900 887 1928 est
905 1892 943 1928 in
959 1904 1017 1939 eo,
1035 1892 1213 1940 contingit
1232 1900 1349 1930 trans—

287 1946 437 1984 mutari.
475 1945 580 1983 Nihil
608 1953 736 1982 autem
765 1945 866 1982 aliud
893 1942 1017 1993 potest
1044 1945 1195 1992 intelligi
1218 1946 1238 1965 ³²
1267 1958 1349 1982 esse

287 2007 437 2049 praeter
465 2011 603 2047 corpus
632 1997 828 2034 continens
858 2005 894 2034 et
922 2004 1162 2044 contentum,
1197 1998 1268 2034 nisi
1297 1998 1350 2034 di-

287 2052 506 2089 mensiones
534 2050 643 2100 spatii
668 2051 706 2087 in
725 2051 828 2087 nullo
858 2062 1017 2099 corpore
1046 2050 1255 2087 existentes.
1287 2051 1349 2087 Sic

287 2105 397 2153 igitur
425 2116 472 2140 ex
499 2105 573 2140 hoc
602 2104 707 2151 quod
734 2103 841 2139 locus
870 2110 926 2139 est
953 2102 1171 2150 immobilis,
1200 2102 1351 2140 videtur

287 2157 393 2206 quod
421 2156 586 2204 spatium
615 2155 660 2191 sit
687 2156 806 2192 locus.

341 2222 377 2258 7.
408 2208 557 2245 Deinde
578 2220 666 2244 cum
686 2207 789 2244 dicit:
817 2207 908 2243 Hoc
934 2212 1058 2242 autem
1088 2219 1162 2243 non
1187 2213 1241 2243 est
1267 2214 1347 2254 etc.'‚

289 2261 463 2298 ostendit*
479 2260 583 2310 quod
612 2259 776 2308 spatium
805 2271 883 2295 non
912 2259 957 2295 sit
979 2259 1097 2305 locus,
1119 2259 1267 2295 duabus
1292 2272 1348 2296 ra-

286 2314 464 2352 tionibus.
495 2313 605 2350 Circa
632 2324 795 2361 quarum
821 2311 986 2359 primam
1016 2311 1117 2357 dicit,
1148 2311 1252 2359 quod
1275 2313 1349 2348 hoc

286 2379 366 2404 non
395 2374 450 2403 est
475 2377 628 2412 verum,
658 2364 763 2413 quod
791 2363 930 2412 aliquid
958 2364 1004 2400 sit
1030 2363 1081 2399 ibi
1109 2364 1203 2400 infra
1233 2372 1349 2401 extre-

286 2420 435 2457 mitates
457 2417 626 2466 corporis
655 2416 891 2463 continentis,
919 2423 1068 2464 praeter
1098 2429 1235 2464 corpus
1260 2429 1349 2454 con-

286 2479 445 2518 tentum,
474 2471 580 2519 quod
607 2470 826 2506 transfertur
854 2469 901 2506 de
927 2470 1012 2506 loco
1041 2469 1079 2505 in
1107 2470 1251 2506 locum:
1282 2471 1349 2507 sed

286 2525 382 2562 infra
400 2524 479 2560 illas
500 2522 749 2559 extremitates
774 2522 942 2570 corporis
972 2521 1193 2558 continentis
1222 2522 1350 2559 incidit

287 2576 442 2626 aliquod
461 2588 611 2624 corPUS,
632 2576 902 2624 quodcumque
930 2574 1020 2612 illud
1041 2586 1122 2610 esse
1148 2575 1347 2622 contingat,

285 2630 337 2666 ita
363 2637 493 2666 tamen
521 2628 625 2676 quod
654 2628 699 2664 sit
722 2628 770 2664 de
798 2639 961 2663 numero
991 2639 1197 2675 corporum
1226 2628 1349 2664 mobi-

286 2682 397 2729 lium,
423 2688 459 2717 et
477 2681 612 2717 iterum
633 2680 681 2716 de
701 2692 862 2716 numero
884 2691 1018 2716 eorum
1040 2692 1137 2728 quae
1157 2687 1244 2716 sunt
1263 2687 1349 2729 apta

287 2741 375 2771 nata
393 2741 544 2781 tangere
565 2744 703 2780 corpus
732 2731 939 2769 continens.
970 2732 1046 2769 Sed
1071 2733 1102 2769 si
1118 2740 1248 2780 posset
1267 2746 1348 2770 esse

288 2785 444 2834 aliquod
471 2785 635 2833 spatium
665 2784 860 2821 continens
876 2786 895 2805 *
915 2785 1098 2831 medium,
1118 2793 1267 2832 praeter
1296 2785 1349 2822 di-

288 2838 506 2876 mensiones
535 2837 705 2886 corporis
734 2837 898 2873 contenti
917 2837 948 2883 *,
970 2837 1074 2884 quod
1100 2849 1251 2885 semper
1269 2850 1348 2874 ma-

287 2898 394 2928 neret
412 2891 450 2927 in
471 2890 608 2927 eodem
623 2890 720 2937 loco,
738 2897 957 2938 sequeretur
974 2890 1049 2926 hoc
1063 2889 1347 2938 inconveniens,

288 2945 394 2992 quod
413 2943 558 2980 infinita
584 2944 669 2979 loca
688 2942 799 2979 simul
820 2949 954 2979 essent.
976 2943 1024 2979 Et
1043 2943 1116 2979 hoc
1140 2942 1239 2989 ideo,
1261 2943 1349 2991 quia

289 3009 378 3034 cum
406 3008 505 3044 aqua
534 3003 570 3033 et
597 3007 661 3032 aer
687 2996 853 3032 habeant
879 2995 1051 3043 proprias
1081 2995 1283 3042 distantias,
1314 3003 1349 3032 et

289 3048 483 3098 quodlibet
499 3061 648 3097 corpus,
662 3055 698 3084 et
712 3048 901 3096 quaelibet
914 3060 1002 3096 pars
1018 3048 1198 3096 corporis;
1212 3060 1348 3085 omnes

287 3108 414 3150 partes
437 3107 454 3122 “
482 3101 585 3138 idem
623 3101 758 3137 facient
784 3102 804 3122 '¹‘
831 3101 870 3138 in
897 3108 977 3137 toto
1006 3100 1111 3149 quod
1145 3108 1223 3137 tota
1250 3113 1349 3149 aqua

343 3257 370 3289 α)
389 3263 478 3281 omnes
487 3259 589 3288 partes.
601 3270 620 3275 -
631 3260 658 3281 et
669 3263 759 3281 omnes
773 3259 867 3288 partes
882 3257 1022 3282 PDFMNb.
1037 3257 1182 3281 Omisimus
1197 3257 1347 3289 particulam

290 3291 489 3322 coniuncfivam,
508 3291 569 3324 quia
587 3291 643 3316 sine
661 3292 703 3316 illa
722 3291 822 3315 videtur
840 3291 922 3323 magis
941 3291 1076 3324 perspicua
1094 3292 1234 3322 sententia,
1254 3300 1348 3324 nempe

290 3335 350 3352 cum
369 3334 421 3350 non
440 3327 526 3350 solum
545 3326 678 3358 quodlibet
696 3333 792 3358 corpus
805 3326 852 3350 sed
865 3329 892 3350 et
905 3326 1036 3357 quaelibet
1045 3333 1113 3357 pars
1127 3327 1241 3359 corporis
1255 3326 1348 3351 habeat

290 3362 407 3394 proprias
427 3361 571 3390 distantias,
595 3361 664 3385 idem
683 3361 787 3394 sacient
805 3367 894 3385 omnes
914 3363 1009 3392 partes
1028 3365 1076 3385 etc.
1100 3361 1194 3386 Contra
1214 3369 1260 3386 eos
1278 3362 1347 3386 enim

290 3397 335 3429 qui
354 3400 472 3421 asserunt
491 3396 577 3420 locum
596 3402 655 3420 esse
680 3395 792 3427 spatium
811 3395 925 3419 medium
949 3395 1014 3419 inter
1035 3395 1207 3420 extremitates
1232 3396 1347 3428 corporis

291 3431 455 3460 continentis,
470 3430 584 3462 arguitur
595 3429 646 3454 hoc
663 3430 751 3454 modo.
770 3430 858 3454 Partes
877 3437 906 3454 se
924 3429 1020 3454 habent
1043 3430 1074 3454 ad
1093 3434 1176 3454 totum
1195 3430 1262 3455 sicut
1279 3431 1347 3455 loca-

290 3472 347 3491 tum
366 3467 398 3491 ad
417 3466 511 3490 locum.
526 3466 596 3490 Sicut
608 3472 669 3496 ergo
687 3465 713 3489 in
732 3465 856 3489 sententia
871 3464 902 3489 de
915 3472 967 3497 qua
980 3464 1120 3496 loquimur,
1136 3472 1195 3489 curn
1209 3470 1262 3489 tota
1280 3473 1348 3497 aqua

291 3507 331 3527 est
348 3501 374 3525 in
387 3509 457 3530 vase,
471 3505 531 3525 sunt
548 3500 582 3524 ibl
602 3500 664 3524 aliae
679 3499 853 3524 dimensiones
867 3499 940 3531 spatii
955 3504 1055 3531 praeter
1068 3499 1242 3524 dimensiones
1257 3507 1346 3532 aquae,

290 3537 325 3562 ita
343 3536 369 3561 in
387 3541 438 3561 tota
458 3543 525 3568 aqua
552 3539 627 3559 erunt
655 3534 828 3559 dimensiones
848 3534 927 3566 partis
949 3539 1049 3567 praeter
1068 3534 1241 3558 dimensiones
1269 3534 1346 3559 totius

291 3576 455 3604 penetrantes
479 3570 555 3595 etiam
574 3575 668 3602 partes.
693 3570 744 3594 Sed
762 3577 814 3594 non
833 3570 918 3594 solum
937 3574 1020 3593 totum
1040 3576 1141 3600 corpus.
1160 3569 1206 3593 sed
1225 3574 1250 3593 et
1268 3576 1347 3601 quae-

291 3607 354 3631 libet
371 3614 430 3639 pars
451 3606 564 3638 corporis
578 3605 655 3630 habet
672 3604 789 3638 proprias
804 3604 943 3634 distantias,
957 3611 1003 3628 seu
1019 3609 1057 3629 est
1070 3609 1173 3628 extensa
1192 3609 1216 3628 et
1235 3604 1347 3628 continet

2382 301 2449 337 163

1399 376 1485 412 facit
1505 377 1543 413 in
1561 389 1663 414 vase.
1694 377 1912 414 Secundum
1939 389 2033 414 vero
2064 390 2196 414 eorum
2225 378 2452 426 positionem

1401 428 1465 476 qui
1493 436 1620 465 tenent
1647 429 1869 466 sententiam
1889 430 1935 466 de
1956 429 2088 478 spatio,
2110 430 2203 466 dum
2220 431 2239 451 ²³⁸
2259 437 2337 467 tota
2355 442 2454 479 aqua

1402 487 1457 516 est
1474 480 1512 517 in
1530 493 1631 527 vase,
1662 489 1747 518 sunt
1766 481 1815 517 ibi
1835 482 1928 518 aliae
1948 482 2202 518 dimensiones
2222 483 2329 531 spatii
2347 494 2453 530 prae-

1400 538 1456 568 ter
1484 533 1737 570 dimensiones
1765 546 1897 581 aquae.
1929 535 2064 570 Omnis
2093 542 2219 571 autem
2247 547 2333 583 pars
2367 547 2455 571 con-

1400 584 1537 621 tinetur
1564 598 1586 621 a
1613 593 1691 622 toto
1712 586 1806 622 sicut
1828 587 1993 623 locatum
2013 599 2035 622 a
2053 599 2165 623 vase:
2196 599 2265 623 nec
2294 587 2416 623 differt
2435 589 2453 607 ⁴*

1402 637 1471 673 nisi
1500 638 1624 674 solum
1652 645 1836 686 quantum
1864 638 1912 674 ad
1939 639 2024 684 hoc,
2054 639 2158 686 quod
2186 651 2271 688 pars
2299 652 2377 676 non
2402 647 2456 676 est

1403 689 1533 736 divisa,
1564 691 1729 726 locatum
1758 697 1885 726 autem
1912 698 1966 727 est
1986 691 2161 728 divisum.
2192 692 2231 728 Si
2261 704 2348 739 ergo
2368 704 2454 740 pars

1403 741 1591 778 dividatur
1622 742 1660 778 in
1688 750 1793 788 actu,
1832 750 2008 790 sequetur
2043 744 2147 792 quod
2180 744 2251 780 sint
2283 745 2334 780 ibi
2362 745 2454 781 aliae

1403 794 1658 831 dimensiones
1677 794 1790 830 totius
1807 795 1825 815 ’¹²
1848 795 2068 831 continentis
2086 804 2234 843 praeter
2253 797 2455 833 dimensio-

1403 859 1470 885 nes
1497 847 1622 895 partis.
1652 847 1743 883 Non
1774 854 1898 894 potest
1930 855 2056 883 autem
2085 847 2156 884 dici
2189 849 2292 897 quod
2322 849 2454 886 divisio

1403 899 1540 935 faceret
1559 899 1609 935 ibi
1630 911 1711 935 esse
1731 898 1777 935 de
1797 911 1899 935 novo
1920 899 2061 946 aliquas
2082 900 2353 937 dimensiones:
2379 914 2457 938 non

1405 951 1506 987 enim
1534 951 1669 988 divisio
1699 958 1826 987 causat
1858 951 2157 998 dimensionem,
2197 953 2264 989 sed
2291 954 2457 1001 praeexi-

1404 1011 1564 1040 stentem
1589 1003 1731 1040 dividit.
1761 1004 1862 1050 Ergo
1893 1011 2096 1051 antequam
2115 1017 2202 1052 pars
2222 1013 2319 1042 esset
2339 1005 2458 1042 divisa

1404 1068 1426 1092 a
1453 1063 1550 1102 toto,
1580 1063 1685 1091 erant
1712 1055 1805 1091 aliae
1833 1056 2007 1103 propriae
2037 1056 2291 1094 dimensiones
2323 1059 2456 1106 partis,

1403 1115 1552 1156 praeter
1571 1107 1826 1144 dimensiones
1845 1108 1957 1144 totius
1985 1116 2222 1156 penetrantes
2243 1110 2355 1147 etiarn
2374 1123 2458 1158 par-

1404 1168 1494 1197 tem.
1516 1161 1621 1207 Quot
1641 1172 1728 1207 ergo
1744 1166 1867 1206 partes
1888 1167 1942 1196 est
1961 1161 2128 1208 accipere
2147 1174 2216 1209 per
2234 1162 2458 1199 divisionem

1404 1213 1442 1250 in
1471 1213 1596 1261 aliquo
1621 1219 1711 1257 toto,
1742 1212 1791 1247 ita
1811 1212 1914 1259 quod
1932 1225 2010 1248 una
2039 1214 2225 1250 contineat
2253 1215 2376 1261 aliam,
2406 1223 2460 1252 tot

1405 1265 1660 1303 dimensiones
1680 1265 1727 1300 ab
1756 1264 1918 1301 invicem
1949 1264 2138 1301 distinctae
2160 1275 2267 1303 erunt
2285 1267 2347 1314 ibi,
2368 1280 2458 1315 qua-

1405 1331 1490 1355 rum
1518 1316 1708 1365 quaedam
1737 1316 1825 1352 alias
1852 1317 2112 1364 penetrabunt.
2135 1319 2201 1354 Est
2220 1326 2345 1356 autern
2366 1321 2459 1357 acci-

1403 1383 1493 1419 pere
1513 1370 1552 1406 in
1572 1369 1760 1406 infinitum
1789 1369 1827 1405 in
1855 1369 1980 1416 aliquo
2009 1377 2087 1406 toto
2117 1371 2293 1408 continuo
2322 1380 2458 1420 partes,

1404 1435 1503 1472 quae
1522 1422 1612 1459 alias
1633 1421 1834 1468 continent,
1850 1429 2004 1470 propter
2022 1423 2095 1458 hoc
2114 1424 2219 1471 quod
2240 1425 2459 1462 continuum

1403 1476 1443 1512 in
1470 1475 1658 1512 infinitum
1678 1474 1866 1511 dividitur.
1886 1474 2121 1522 Relinquitur
2139 1475 2247 1522 igitur
2267 1477 2370 1525 quod
2390 1478 2461 1514 sint

1403 1528 1571 1564 infinitae
1600 1526 1856 1563 dimensiones
1884 1538 1923 1562 se
1952 1527 2115 1564 invicem
2141 1536 2390 1576 penetrantes,
2421 1531 2460 1567 Si

1404 1581 1513 1628 igitur
1542 1579 1797 1616 dimensiones
1826 1579 1993 1626 corporis
2023 1580 2243 1617 continentis
2261 1589 2460 1629 penetran-

1404 1640 1459 1669 tes
1487 1634 1654 1669 locatum
1673 1638 1759 1667 sunt
1777 1632 1894 1677 locus,
1915 1631 2082 1680 sequitur
2101 1633 2206 1680 quod
2225 1633 2297 1670 sint
2315 1634 2460 1672 infinita

1403 1687 1487 1722 loca
1515 1685 1644 1730 simul,
1674 1683 1779 1732 quod
1808 1691 1863 1720 est
1890 1683 2132 1731 impossibile.

1459 1739 1493 1773 8.
1524 1736 1671 1773 Deinde
1701 1748 1788 1772 cum
1818 1735 1924 1772 dicit:
1955 1737 2074 1772 Simul
2101 1743 2223 1774 autem
2252 1739 2323 1774 erit
2347 1745 2383 1775 et
2408 1739 2459 1776 lo-

1404 1801 1469 1825 cus
1489 1796 1570 1835 etc„
1587 1788 1693 1836 ponit
1711 1788 1919 1824 secundam
1938 1789 2134 1835 rationem,
2151 1802 2247 1838 quae
2262 1791 2342 1827 talis
2363 1799 2416 1827 est
2430 1791 2457 1828 β.

1407 1841 1446 1878 Si
1475 1840 1732 1878 dimensiones
1760 1840 1867 1888 spatii
1895 1841 1999 1887 quod
2022 1849 2076 1877 est
2094 1842 2188 1878 inter
2211 1843 2460 1880 extremitates

1404 1893 1573 1942 corporis
1607 1892 1846 1939 continentis,
1876 1892 1949 1929 sint
1973 1894 1992 1914 '¹‘
2021 1894 2141 1939 locus,
2163 1895 2329 1942 sequitur
2356 1897 2460 1944 quod

1403 1947 1509 1982 lecus
1546 1952 1831 1982 transmutetur:
1865 1945 2107 1982 manifestum
2141 1954 2195 1982 est
2223 1947 2323 1983 enim
2357 1949 2459 1996 quod

1402 2006 1651 2036 transmutato
1685 1997 1811 2045 aliquo
1842 2009 2021 2045 corpore,
2058 2006 2100 2035 ut
2134 2006 2225 2046 puta
2253 2001 2458 2048 amphora,

1402 2058 1672 2088 transmutatur
1690 2050 1780 2086 illud
1800 2050 1962 2098 spatium
1977 2051 2082 2099 quod
2102 2059 2156 2087 est
2176 2051 2270 2088 infra
2290 2053 2459 2089 extremi—

1402 2111 1496 2140 tates
1525 2104 1745 2151 amphorae,
1771 2115 1859 2139 cum
1887 2115 2075 2151 nusquam
2104 2104 2149 2139 sit
2169 2105 2188 2125 '⁴⁵
2216 2105 2285 2141 nisi
2313 2106 2377 2141 ubi
2406 2114 2460 2143 est

1403 2157 1601 2204 amphora.
1633 2156 1760 2192 Omne
1780 2163 1906 2191 autem
1932 2156 2037 2202 quod
2056 2164 2323 2193 transmutatur
2340 2158 2378 2195 in
2397 2159 2459 2194 ali—

1404 2221 1519 2257 quem
1538 2209 1678 2254 locum,
1694 2215 1911 2256 penetratur
1929 2209 2139 2245 secundum
2160 2221 2293 2246 eorum
2307 2211 2459 2258 positio-

1403 2273 1505 2307 nem,
1527 2273 1549 2297 a
1564 2260 1863 2297 dimensionibus
1882 2260 1989 2308 spatii
2005 2261 2040 2298 in
2063 2261 2166 2309 quod
2181 2269 2458 2300 transmutatur.

1405 2313 1581 2361 Sequitur
1601 2325 1690 2360 ergo
1710 2312 1815 2361 quod
1829 2312 1975 2360 aliquae
1991 2313 2083 2349 aliae
2105 2314 2359 2352 dimensiones
2375 2317 2460 2352 sub-

1402 2366 1540 2402 intrant
1559 2365 1816 2402 dimensiones
1844 2365 1940 2401 illius
1960 2366 2067 2413 spatii
2096 2367 2325 2415 amphorae3
2356 2376 2390 2404 et
2409 2369 2461 2405 sic

1402 2418 1475 2455 loci
1504 2417 1572 2454 erit
1604 2417 1697 2454 alius
1725 2418 1850 2463 locus,
1882 2425 1917 2454 et
1944 2418 2061 2454 multa
2089 2419 2172 2455 loca
2202 2427 2310 2456 erunt
2337 2420 2458 2457 simul.

1457 2483 1492 2518 9.
1514 2471 1599 2506 Hoc
1628 2482 1715 2517 ergo
1748 2469 2017 2506 inconveniens
2046 2470 2178 2507 accidit
2200 2472 2288 2519 quia
2310 2473 2462 2520 ponitur

1403 2523 1496 2559 alius
1525 2535 1606 2559 esse
1634 2523 1740 2558 locus
1774 2522 1941 2570 corporis
1970 2523 2153 2569 contenti,
2182 2531 2223 2560 ut
2250 2536 2390 2572 aquae,
2425 2534 2461 2562 et

1401 2576 1514 2622 vasis,
1542 2583 1584 2611 ut
1603 2575 1821 2622 amphorae.
1846 2575 1947 2611 Nam
1977 2575 2186 2612 secundum
2211 2576 2360 2613 illorum
2381 2578 2460 2625 opi-

1402 2628 1570 2674 nionem,
1599 2628 1704 2663 locus
1733 2639 1852 2675 aquae
1883 2634 1937 2663 est
1964 2627 2124 2675 spatium
2153 2629 2256 2675 quod
2286 2637 2340 2665 est
2366 2629 2460 2666 infra

1403 2680 1652 2717 extremitates
1690 2680 1920 2727 amphorae:
1949 2680 2053 2716 locus
2082 2688 2207 2716 autem
2236 2681 2347 2729 totius
2380 2694 2459 2718 am-

1401 2734 1546 2782 phorae
1562 2740 1617 2768 est
1631 2731 1804 2780 spatium,
1817 2733 1921 2780 quod
1937 2739 1990 2768 est
2008 2732 2101 2769 infra
2117 2733 2363 2770 extremitates
2379 2747 2459 2771 cor-

1400 2785 1503 2834 poris
1524 2784 1745 2822 continentis
1765 2785 2002 2832 amphoram.
2020 2785 2094 2821 Sed
2114 2796 2184 2822 nos
2204 2798 2281 2822 non
2301 2786 2458 2824 dicimus

1402 2838 1506 2886 quod
1526 2837 1620 2877 alius
1640 2837 1684 2873 sit
1702 2838 1807 2873 locus
1826 2837 1940 2885 partis
1960 2839 1991 2883 ³⁶,
2007 2837 2045 2874 in
2069 2849 2144 2885 quo
2165 2846 2340 2875 movetur
2358 2852 2456 2888 pars,

1403 2903 1491 2927 cum
1519 2897 1641 2926 totum
1678 2902 1747 2926 vas
1779 2896 2047 2926 transmutatur
2075 2891 2095 2911 *
2119 2892 2327 2928 secundum
2357 2892 2458 2929 idem

1402 2943 1505 2989 (dicit
1519 2950 1647 2979 autem
1662 2941 1723 2978 hic
1730 2947 1891 2989 partem,
1909 2954 2045 2990 corpus
2061 2950 2278 2980 contentum
2298 2944 2336 2980 in
2354 2957 2457 2992 vase,

1401 3003 1443 3032 ut
1457 3007 1597 3044 aquarn
1620 3001 1836 3031 contentam
1854 2994 1893 3031 in
1908 2996 2125 3043 amphora):
2148 2996 2234 3044 quia
2249 2997 2458 3034 secundum

1402 3048 1643 3085 Aristotelem
1660 3059 1758 3095 aqua
1772 3054 1948 3084 movetur
1961 3060 2029 3095 per
2044 3048 2217 3085 accidens
2231 3061 2322 3085 vase
2342 3057 2457 3086 trans-

1402 3108 1570 3148 mutato⁷
1601 3107 1637 3136 et
1655 3112 1733 3136 non
1753 3107 1872 3136 mutat
1899 3101 2026 3137 locum
2046 3100 2116 3137 nisi
2135 3100 2358 3149 inquantum
2378 3115 2456 3139 am-

1402 3258 1463 3282 alias
1482 3262 1575 3289 partes¹
1596 3265 1657 3289 ergo
1676 3258 1701 3281 in
1719 3262 1771 3281 tota
1793 3264 1859 3288 aqua
1881 3261 1918 3280 tot
1937 3260 2010 3280 erunt
2029 3256 2200 3280 dimensiones
2220 3263 2248 3280 se
2266 3255 2374 3280 invicem
2393 3264 2452 3281 con-

1401 3293 1521 3322 tinentes,
1547 3297 1610 3324 quot
1628 3297 1702 3316 erunt
1720 3296 1814 3324 partes.
1839 3291 1889 3315 Sed
1908 3291 1933 3315 in
1952 3290 2072 3315 continuo
2092 3295 2131 3314 est
2149 3290 2262 3322 accipere
2286 3290 2311 3314 in
2329 3289 2454 3316 infinitum

1401 3332 1499 3359 partes,
1519 3335 1586 3359 quae
1605 3327 1666 3351 alias
1685 3326 1822 3351 continent.
1841 3326 1922 3350 Erunt
1940 3325 2014 3357 igitur
2033 3325 2057 3348 in
2076 3329 2128 3348 tota
2146 3332 2212 3356 aqua
2227 3324 2337 3349 infinitae
2356 3326 2454 3350 dimen-

1401 3363 1487 3386 siones
1507 3369 1536 3386 se
1554 3362 1663 3386 invicem
1682 3366 1852 3393 penetrantes.
1871 3357 1940 3391 Ergo
1959 3360 1979 3383 si
1999 3359 2170 3383 dimensiones
2189 3360 2346 3384 continentes
2366 3365 2391 3385 et
2409 3368 2453 3393 pe-

1400 3402 1530 3421 netrantes
1549 3397 1668 3425 locatum,
1682 3397 1732 3420 sint
1746 3397 1825 3424 locus,
1841 3395 1959 3426 sequitur
1971 3394 2040 3426 quod
2055 3393 2149 3418 infinita
2164 3395 2219 3418 loca
2232 3395 2281 3419 sint
2297 3395 2382 3420 simul.

1454 3430 1478 3464 β)
1500 3431 1603 3456 Deinde
1616 3439 1674 3456 cum
1690 3430 1754 3455 dicit
1802 3436 1869 3461 quae
1883 3429 1944 3453 talis
1958 3432 2004 3453 est.
2016 3442 2034 3447 -
2049 3428 2130 3453 Codd.
2144 3429 2190 3453 EG
2204 3430 2237 3454 ita
2251 3429 2371 3461 incipiunt
2383 3430 2451 3455 hunc

1400 3473 1546 3496 numerum,
1566 3466 1681 3498 (Deinde
1699 3465 1736 3495 G,
1756 3465 1801 3488 sed
1820 3462 1940 3497 expung.)
1957 3463 2105 3488 Secundam
2121 3464 2249 3489 rationem
2264 3465 2343 3496 ponit
2361 3465 2403 3494 ibi,
2417 3466 2453 3490 si-

1399 3501 1454 3525 mul
1471 3503 1568 3529 autem,
1588 3507 1654 3532 quae
1673 3500 1733 3524 talis
1752 3502 1791 3523 est
1797 3507 1805 3528 ;
1824 3499 1864 3523 ed.
1874 3499 1965 3522 Venet.
1988 3498 2051 3529 1545
2067 3503 2092 3522 et
2106 3498 2137 3522 P:
2153 3499 2300 3524 Secundam
2321 3500 2451 3525 rationem

1394 3535 1473 3566 ponit
1488 3536 1530 3560 ibi.
1546 3534 1679 3568 (Sequitur
1697 3534 1789 3565 textus)
1805 3533 1883 3558 Ponit
1897 3533 2038 3558 secundam
2052 3533 2196 3563 rationem,
2221 3541 2288 3566 quae
2302 3535 2363 3560 talis
2377 3538 2423 3560 est.
2433 3549 2452 3554 —

1399 3570 1455 3594 Lin.
1470 3578 1525 3602 seq.
1544 3578 1592 3602 pro
1612 3570 1680 3594 inter
1698 3568 1894 3597 extremitates,
1919 3568 1989 3600 quod
2008 3567 2102 3593 habent
2120 3576 2212 3594 omnes
2231 3570 2320 3599 codd.‚
2339 3570 2358 3595 P
2379 3571 2451 3604 infra

1399 3605 1590 3629 extremitates.
1610 3604 1647 3629 Cf.
1666 3613 1691 3628 n.
1708 3611 1720 3627 2
1727 3612 1734 3635 3
1754 3603 1800 3628 sed
1819 3608 1844 3627 et
1861 3603 1918 3627 vide
1938 3603 2133 3628 Praefationem.

2481 438 2491 447 ⁸
2506 443 2555 458 cum
2569 437 2621 459 rab.

2482 590 2490 598 '
2506 595 2547 610 nec
2555 589 2580 609 di
2597 589 2634 609 ert
2644 595 2691 610 orn.

2482 621 2497 636 a
2512 619 2533 636 et
2548 621 2575 636 co
2593 615 2615 636 d.

2484 805 2492 813 ¹
2509 803 2597 825 scilicet
2610 804 2663 825 add.
2672 810 2694 825 p.

2586 1791 2600 1824 β

2489 1902 2496 1911 ”
2506 1903 2536 1923 sit
2543 1903 2594 1924 rab.
2602 1906 2623 1923 et
2629 1903 2698 1924 codd.

2488 1935 2537 1950 exc.
2551 1935 2643 1950 nuncu.

2485 2113 2496 2123 ⁸
2510 2113 2557 2133 sint
2565 2118 2588 2133 P.

2487 2852 2495 2860 ¹
2511 2854 2533 2873 et
2547 2852 2598 2874 add.
2612 2853 2647 2874 pb,

2487 2903 2495 2912 ·
2501 2906 2667 2926 transmutetur
2674 2911 2698 2926 Ρ.
