2982 4022
239 273 251 284 ⁸
267 273 315 293 sint
337 277 421 293 Αικιιιιι
425 277 450 292 ετ

241 305 324 326 vxvpr..

240 378 249 387 ·
264 376 334 398 Ν11111.
349 382 372 403 9.

241 481 331 527 'unod
344 479 429 501 addunt

241 512 328 564 'Gyfuod
337 532 380 553 Ιιοι·
389 531 452 559 quod

241 559 294 580 dico
310 565 344 580 ις.

240 637 323 659 ''Num.
331 637 366 658 8.-
373 637 452 657 estad·

242 664 298 684 dunt
313 663 381 684 codd.
402 669 451 684 exc.

243 695 312 711 tenu.

240 715 328 762 'quczd
337 715 424 736 addunt
439 721 452 735 Ρ

242 748 301 763 arca

242 794 390 821 'singulare
412 799 451 814 111ι

241 822 356 847 -oporlet
382 819 452 840 codd

244 852 292 868 exc.
308 852 344 867 to.

242 900 251 908 '¹
271 898 426 926 praedicetur

243 925 313 946 codd.
324 930 373 945 exc.
383 930 426 944 nm·-

240 977 390 998 subiectum
405 982 452 997 miz

240 1009 274 1041 ει,
290 1009 337 1024 orn.
354 1008 379 1027 Q.

242 1030 342 1093 5055?

244 1082 380 1108 'oporteret
385 1080 452 1102 codd.

243 1113 292 1128 exc.
308 1113 359 1128 11611.

242 1135 252 1144 ·
259 1136 323 1155 esset
329 1133 397 1155 codd.
405 1139 454 1154 exc.

319 1035 332 1049 n
335 1028 428 1055 ificaret

321 1062 332 1076 c
336 1062 346 1076 Χ
350 1060 370 1076 C·
376 1060 426 1075 ΑΕΘ.

242 1690 254 1700 ⁸
281 1689 424 1717 suppositum

244 1716 313 1737 codd.
321 1721 454 1736 exeam-:mn

245 1753 256 1758 —
265 1742 362 1763 scientia
372 1747 455 1766 cinos-r

244 1795 255 1806 ³
270 1784 296 1815 ,16
310 1799 455 1820 οπι.1-·κιιχιρ

256 1827 278 1841 v.

244 1846 403 1868 “S.Th.1ect.
412 1845 456 1866 16.-

244 1873 297 1895 Did.
310 1873 348 1893 lib.
359 1872 389 1893 111
392 1878 456 1899 cap.

245 1905 292 1924 vin
303 1905 365 1919 num.
377 1904 396 1919 2.

245 1926 356 1955 ‘oportet
363 1924 426 1952 quod
435 1930 455 1948 c.

246 1952 355 1978 sequitur
369 1950 431 1978 quod
445 1957 457 1971 Ρ

246 2005 319 2024 'tunc
329 2009 376 2024 om.
388 2002 457 2024 codd.

247 2036 296 2051 exe.
321 2036 369 2051 tro.
385 2041 396 2046 -
411 2035 456 2050 uon

246 2063 294 2077 om.
306 2062 360 2083 pso.

252 2407 374 2433 1151711109.)

265 2432 341 2460 quod
342 2438 386 2459 per
393 2438 419 2452 co

251 2465 301 2480 exc.
316 2465 367 2480 neo.

256 3062 345 3084 ·Sed...
360 3069 405 3084 mm
422 3069 463 3084 ens

257 3095 304 3110 om.
312 3095 326 3110 a
335 3089 347 3110 17
361 3094 383 3111 ct
397 3095 464 3117 opto.

479 195 528 220 20

477 268 631 311 propter
648 262 723 297 hoc
742 260 846 309 quod
866 260 1078 297 subiectum
1099 267 1135 296 et
1158 259 1332 296 accidens
1352 260 1472 296 sunt*
1486 259 1539 296 di-

478 326 589 351 versa
608 313 819 350 secundum
839 313 1041 359 rationem;
1062 312 1230 349 secundo
1245 319 1401 361 propter
1415 312 1539 349 multi-

479 367 649 403 tudinem
663 366 838 415 partium,
851 365 919 402 ibi:
935 366 1069 413 Neque
1080 365 1195 415 igitur
1205 365 1424 414 magnitudo
1437 366 1456 386 *
1468 372 1536 402 etc.

481 419 589 455 Circa
603 418 770 467 primum
787 418 862 454 duo
883 418 983 454 facit:
1003 418 1128 466 primo
1149 418 1312 454 ostendit
1330 417 1433 466 quod
1451 430 1538 454 curn

481 471 612 508 dicitur
639 472 659 492 '¹‘
687 471 865 520 quidquid
899 476 953 507 est
977 476 1130 518 praeter
1166 482 1230 506 ens
1266 475 1320 506 est
1351 482 1424 506 non
1453 482 1537 516 ens,

479 525 553 560 hoc
573 524 677 572 quod
697 531 751 560 est
767 524 786 545 ²³²
801 535 865 560 ens
889 535 966 559 non
980 530 1104 571 potest
1125 522 1242 571 accipi
1261 534 1330 571 pro
1346 521 1538 559 accidente

479 584 641 621 tantum3
667 577 835 613 secundo
857 575 960 624 quod
979 587 1057 611 non
1075 582 1200 623 potest
1219 574 1336 623 accipi
1359 586 1430 623 pro
1452 575 1538 611 sub-

481 629 613 665 stantia
639 636 797 674 tantum,
827 628 897 664 ibi:
920 629 962 664 Si
988 628 1103 677 igitur
1130 627 1230 675 quod
1254 638 1343 663 vere
1363 629 1382 648 *⁶
1403 634 1471 664 etc.

534 693 569 728 7.
590 681 689 718 Dicit
717 693 806 729 ergo
834 681 958 729 primo
985 680 1090 728 quod
1119 692 1205 716 cum
1236 679 1408 716 dicitur*
1437 679 1539 727 quid-

481 733 570 783 quzd
595 739 649 770 est
677 739 831 782 praeter
862 745 926 769 ens
954 737 1008 768 est
1033 744 1107 768 non
1136 744 1216 778 ens,
1247 730 1276 767 si
1305 743 1368 768 ens
1397 731 1541 768 dicatur

480 798 600 822 unum
629 785 838 833 significare
859 786 890 832 ¹⁸,
913 784 1100 833 oportebit
1128 784 1231 833 quod
1252 783 1435 831 significet
1462 796 1540 820 non

481 839 751 888 quodcumque
789 850 874 884 ens,
904 838 965 887 vel
995 837 1041 874 de
1070 849 1315 885 quocumque
1346 835 1539 885 praedica-

481 899 540 928 tur
560 893 600 936 *3
623 891 690 928 sed
709 890 892 939 significet
919 890 1020 938 quod
1037 901 1124 926 vere
1152 895 1214 934 est,
1243 889 1340 926 idest
1368 890 1540 926 substan-

481 944 571 980 tiam
598 945 628 989 *‚
652 951 686 980 et
714 942 896 990 significet
924 943 1025 990 quod
1050 953 1138 978 vere
1165 947 1218 978 est
1244 954 1372 988 unum,
1403 941 1541 978 scilicet

483 996 716 1033 indivisibile.
740 996 779 1032 Si
799 995 899 1032 enirn
925 1007 991 1031 ens
1011 994 1193 1042 significet
1211 995 1231 1015 '³
1245 994 1431 1040 accidens,
1453 1007 1540 1030 curn

483 1049 656 1086 accidens
683 1047 921 1097 praedicetur
940 1048 987 1084 de
1012 1047 1197 1094 subiecto,
1228 1053 1377 1095 oportet
1396 1048 1415 1066 ⁹
1436 1046 1540 1095 quod

483 1102 694 1138 subiectum
732 1113 809 1137 non
837 1100 883 1137 sit
911 1101 931 1122 ’¹‘
966 1099 1025 1136 cui
1063 1100 1197 1136 accidit
1228 1099 1402 1136 accidens
1437 1099 1541 1148 quod

481 1154 633 1203 ponitur
653 1166 731 1190 ens.
753 1153 792 1190 Si
813 1153 914 1189 enim
934 1152 1119 1201 quidquid
1147 1161 1202 1190 est
1223 1159 1372 1201 praeter
1401 1164 1466 1188 ens
1487 1159 1542 1188 est

482 1219 560 1244 non
580 1219 658 1252 6115,
683 1206 778 1243 idest
804 1213 954 1254 praeter
982 1205 1168 1252 accidens,
1190 1212 1225 1242 et
1244 1205 1456 1242 subiectum
1486 1211 1541 1241 est

482 1261 641 1296 alterum
670 1260 717 1295 ab
746 1258 938 1295 accidente
968 1258 1072 1306 quod
1109 1258 1292 1305 significat
1324 1258 1399 1294 hoc
1436 1257 1540 1306 quod

483 1312 567 1349 dico
589 1324 675 1359 ens3
697 1319 874 1360 sequetur
893 1310 996 1360 quod
1025 1310 1235 1348 subiectum
1265 1310 1310 1347 sit
1327 1315 1339 1330 ¹
1358 1323 1435 1347 non
1456 1322 1539 1346 ens:

483 1372 519 1401 et
546 1365 606 1411 ita,
629 1377 716 1402 cum
736 1363 910 1401 accidens
939 1363 1042 1412 quod
1063 1370 1118 1399 est
1147 1376 1212 1400 ens
1235 1362 1475 1411 praedicetur
1494 1362 1540 1398 de

482 1418 651 1455 subiecto
681 1417 785 1466 quod
819 1424 873 1453 est
901 1429 979 1453 non
1007 1429 1093 1461 635,
1124 1423 1302 1464 sequetur
1335 1415 1440 1463 quod
1475 1426 1541 1450 ens

481 1470 718 1519 praedicetur
751 1470 797 1507 de
830 1481 907 1506 non
937 1476 1032 1504 ente.
1059 1469 1107 1505 Et
1134 1470 1209 1505 1106
1238 1475 1293 1504 651
1317 1467 1422 1516 quod
1451 1479 1540 1504 con—

484 1522 609 1570 cludit,
630 1523 699 1559 erit
717 1523 839 1570 itaque
866 1521 1006 1569 aliquid
1023 1533 1108 1557 cum
1129 1533 1202 1558 non
1221 1521 1288 1565 sit;
1308 1532 1352 1556 36
1371 1519 1401 1556 51
1422 1519 1539 1557 dicat:

483 1587 572 1622 ergo
593 1582 770 1623 sequetur
793 1574 898 1623 quod
922 1586 999 1610 non
1020 1585 1086 1610 ens
1115 1573 1160 1610 sit
1188 1585 1266 1609 ens.
1298 1573 1383 1609 Hoc
1412 1580 1540 1609 autern

483 1635 538 1664 est
565 1627 810 1676 impossibile,
840 1626 928 1675 quia
946 1627 1021 1662 hoc
1046 1633 1101 1662 est
1127 1626 1295 1675 primum
1325 1637 1541 1674 supponen-

483 1680 575 1716 dum
597 1681 616 1702 *
636 1681 674 1716 13
694 1679 866 1726 scientiis,
887 1679 992 1727 quod
1013 1678 1300 1716 contradictoria
1328 1690 1406 1715 non
1433 1689 1540 1726 prae-

485 1733 654 1770 dicentur
674 1733 719 1769 de
741 1745 779 1769 se
807 1733 827 1753 ²³
855 1731 1032 1778 invicem,
1052 1740 1094 1768 ut
1122 1731 1159 1768 in
1180 1732 1231 1768 IV
1258 1731 1474 1779 Metaphys.
1498 1731 1540 1751 Μ

484 1786 626 1822 dicitur.
656 1785 766 1822 Unde
796 1784 985 1821 concludit
1019 1784 1122 1843 quod
1151 1784 1181 1821 si
1210 1783 1351 1832 aliquid
1379 1783 1424 1820 sit
1450 1795 1541 1820 vere

484 1851 562 1886 ens,
583 1837 777 1891 supposita
797 1838 868 1874 1136
886 1836 1157 1885 propositione,
1174 1837 1353 1885 quidquid
1365 1842 1419 1872 est
1429 1847 1541 1883 prae—

484 1897 539 1927 ter
566 1903 630 1927 ens
657 1896 711 1927 est
729 1902 802 1926 non
827 1902 902 1936 ens,
924 1890 1027 1938 quod
1049 1891 1067 1911 '³
1088 1890 1177 1926 illud
1197 1901 1275 1926 non
1303 1889 1349 1925 sit
1368 1888 1542 1925 accidens

484 1944 683 1980 inhaerens
713 1943 782 1979 alii.
813 1943 913 1989 Quia
941 1950 1030 1979 tunc
1059 1944 1079 1964 '³²
1107 1955 1184 1978 non
1214 1941 1445 2000 contingeret
1472 1940 1542 1989 ipsi

485 1996 653 2033 subiecto
684 1996 736 2032 sic
763 2007 840 2032 esse
867 1995 1020 2043 aliquod
1046 2007 1129 2040 ens,
1160 1994 1255 2031 idest
1284 1994 1387 2043 quod
1417 1994 1542 2042 ipsum

485 2049 696 2086 subiectum
715 2049 872 2084 haberet
890 2047 1074 2084 rationem
1091 2047 1196 2094 entis,
1217 2046 1286 2083 nisi
1307 2059 1373 2084 ens
1393 2046 1406 2072 ς
1426 2047 1543 2083 multa

485 2102 725 2150 significaret,
746 2101 795 2137 ita
823 2100 927 2149 quod
954 2101 1257 2149 unumquodque
1277 2099 1426 2136 illorum
1447 2100 1543 2135 rnul-

484 2162 611 2191 torum
641 2161 738 2191 esset
766 2153 920 2202 aliquod
948 2165 1031 2190 ens:
1057 2153 1123 2190 sed
1153 2152 1378 2201 supponitur
1406 2164 1427 2188 3
1454 2153 1543 2188 Ρ31-

486 2207 637 2244 menide
667 2206 771 2255 quod
792 2219 857 2243 ens
885 2206 1069 2253 significat
1096 2218 1216 2242 unum
1244 2212 1400 2241 tanturn.

542 2261 576 2296 8.
597 2259 744 2296 Deinde
765 2272 853 2296 curn
882 2258 983 2295 dicit:
1010 2259 1051 2295 Si
1077 2259 1192 2308 igztur
1219 2258 1320 2305 quod
1344 2269 1432 2295 vere
1461 2264 1542 2302 etc.,

249 2327 459 2349 *tama-esturom.
486 2320 689 2362 postquam
710 2312 891 2348 conclusit
919 2311 1023 2360 quod
1052 2324 1139 2347 cum
1165 2310 1296 2376 dicitur
1322 2311 1341 2331 ’³‘
1370 2309 1548 2358 quidquid

251 2368 360 2401 dubitur
378 2385 460 2400 mmo
488 2367 576 2402 est³
571 2371 745 2414 'praeter
763 2377 827 2402 ens
846 2371 990 2401 estnon
1020 2376 1103 2410 ens,
1133 2372 1240 2412 per·-

423 2431 461 2452 ad
488 2426 557 2455 test
585 2418 735 2488 intelligi
763 2418 957 2463 accidens,
979 2416 1141 2453 ostendit
1160 2378 1265 2466 quod
1292 2428 1363 2452 nec
1392 2415 1539 2451 etiarn=

252 2486 343 2506 ''ettam
354 2491 401 2505 om.
410 2490 437 2505 1>ιι
425 2490 461 2505 ιι.Ζ
489 2471 733 2508 substantiass

252 2513 365 2533 ·tantum
375 2511 461 2532 addunt

251 2544 310 2563 nuo.

1257 2367 1348 2399 *ens
1372 2375 1450 2399 non
1476 2375 1545 2410 po-

737 2470 874 2507 .Unde
904 2469 1009 2506 dicit:
1041 2469 1070 2505 si
1097 2469 1207 2517 igitur
1235 2469 1340 2517 quod
1371 2481 1463 2504 vere
1493 2475 1548 2505 est

489 2537 566 2561 non
594 2524 638 2560 sit
673 2500 846 2560 accidens
884 2522 1013 2569 alicui,
1043 2498 1132 2558 sedo
1138 2522 1188 2558 illi
1216 2521 1355 2570 aliquid
1392 2520 1545 2568 accidit,

489 2584 638 2625 oportet
675 2576 778 2625 quod
806 2576 844 2612 in
870 2576 947 2626 *hac
977 2575 1248 2623 propositione,
1288 2575 1468 2622 quidquid
1497 2551 1552 2610 es⁷t

483 2635 636 2678 praeter
663 2642 726 2666 ens
759 2635 813 2665 est
838 2641 912 2665 non
941 2640 1020 2675 ens,
1046 2627 1164 2675 magis
1192 2627 1420 2674 significetur
1448 2627 1550 2676 quod

488 2694 576 2719 vere
602 2687 664 2727 est,
686 2682 781 2718 idest
809 2680 1025 2727 substantia,
1046 2693 1114 2728 per
1135 2693 1201 2716 ens
1230 2692 1345 2728 quarn
1372 2692 1442 2728 per
1469 2692 1548 2717 non

492 2747 568 2772 ens.
600 2734 675 2771 Sed
707 2747 777 2770 nec
808 2735 882 2770 hoc
914 2740 1038 2781 potest
1071 2740 1167 2769 stare
1195 2738 1220 2768 η.
1249 2733 1417 2770 Ponatur
1445 2731 1547 2770 enim

491 2787 595 2836 quod
615 2787 652 2823 id
672 2786 775 2835 quod
794 2799 884 2823 vere
905 2793 960 2822 est
979 2798 1057 2832 6115,
1074 2785 1169 2822 idest
1188 2785 1247 2822 illa
1267 2786 1483 2833 substantia,
1504 2785 1550 2822 sit

492 2841 636 2876 album:
657 2840 785 2876 album
806 2847 933 2875 autern
954 2851 1031 2875 non
1053 2846 1107 2875 est
1135 2838 1239 2887 quod
1262 2851 1352 2875 vere
1381 2846 1446 2875 est.
1468 2841 1548 2875 Iam

492 2892 594 2928 enim
615 2891 755 2929 dietum
777 2899 830 2928 est
854 2891 958 2940 quod
978 2891 1015 2927 id
1040 2891 1144 2939 quod
1171 2903 1261 2928 vere
1291 2899 1356 2939 est,
1386 2904 1464 2928 non
1494 2898 1549 2927 est

490 2945 669 2993 possibile
689 2944 858 2981 accidere
887 2944 1015 2980 alicui:
1047 2951 1082 2980 et
1113 2944 1187 2980 1106
1215 2944 1302 2980 ideo
1329 2945 1416 2993 quia
1446 2945 1549 2994 quod

492 3010 569 3034 non
597 3009 688 3034 vere
718 3004 782 3044 est,
804 2997 898 3033 idest
917 2996 1020 3045 quod
1044 3009 1122 3033 non
1151 3004 1206 3033 651
1234 2997 1450 3043 substantia,
1471 3009 1549 3033 non

493 3058 547 3087 est
575 3050 678 3098 quod
707 3057 772 3096 est,
794 3049 890 3086 idest
917 3062 994 3085 non
1022 3057 1077 3085 est
1106 3061 1182 3086 635.
1212 3050 1289 3086 Sed
1318 3051 1337 3071 ²³²
1366 3049 1549 3099 quidquid

493 3110 547 3139 est
565 3111 713 3151 praeter
742 3115 819 3150 635,
840 3102 934 3139 idest
952 3109 1100 3150 praeter
1120 3102 1377 3150 substantiam,
1399 3111 1454 3140 est
1473 3114 1551 3139 non

545 3230 566 3261 ε)
585 3229 727 3254 subiectum
745 3227 788 3252 sit.
799 3245 806 3252 .
817 3244 823 3252 .
842 3230 963 3260 sequetur
981 3227 1161 3259 quod.—Haec
1179 3228 1257 3253 verba
1274 3236 1328 3253 orn.
1347 3228 1431 3260 PGpE
1453 3233 1477 3253 et
1489 3235 1506 3253 a
1517 3228 1545 3258 b,

493 3271 586 3295 nempe
604 3263 809 3292 homoteleuton;
829 3270 882 3295 quo
901 3262 1007 3293 omisso,
1022 3263 1152 3287 conclusio
1171 3263 1243 3295 quasi
1256 3271 1301 3295 per
1319 3263 1411 3287 saltum
1432 3263 1546 3287 infertur.

546 3298 571 3330 ζ)
591 3299 641 3323 m'si
659 3301 775 3322 erm—et
793 3298 830 3322 sic
848 3305 899 3322 non
923 3305 968 3322 ens
991 3298 1031 3322 ed.
1050 3305 1079 3327 a,
1101 3299 1146 3322 sed
1166 3306 1216 3323 non
1238 3298 1402 3330 expungitur;
1423 3299 1485 3330 GpE
1505 3306 1547 3322 so-

494 3334 547 3357 lum
563 3333 656 3357 habent
675 3336 700 3357 et
714 3333 763 3362 sic,
779 3338 803 3356 et
823 3338 910 3365 postea
930 3341 976 3365 pro
1000 3333 1037 3357 ita
1052 3333 1123 3365 quod
1142 3334 1229 3364 legunt
1247 3333 1322 3365 quia,
1339 3333 1373 3357 sE
1393 3333 1431 3357 ita
1450 3333 1548 3366 quia.—

495 3367 522 3392 111
541 3366 591 3391 fine
609 3367 687 3392 huius
706 3368 804 3392 numeri
824 3375 871 3400 pro
889 3368 1028 3400 significat,
1048 3368 1083 3392 sit
1102 3368 1226 3397 DEFGH,
1240 3368 1370 3401 significet
1389 3373 1436 3392 cet.

547 3403 574 3433 η)
594 3409 640 3426 nec
657 3402 706 3427 hoc
720 3406 808 3433 potest
826 3406 994 3427 stara—non
1006 3406 1096 3434 potest
1110 3403 1158 3427 1106
1176 3406 1248 3427 stare
1263 3403 1322 3434 PpE
1341 3407 1366 3427 et
1379 3403 1407 3432 b,
1428 3403 1469 3435 pG
1484 3402 1548 3433 abr„

495 3436 543 3461 hoc
562 3444 611 3460 non
628 3439 715 3467 potest
734 3440 805 3461 stare
823 3438 934 3469 pMsEG,
949 3445 999 3461 non
1019 3438 1066 3462 hoc
1076 3441 1165 3469 potest
1183 3442 1255 3462 stare
1269 3438 1324 3468 FQ,
1339 3445 1386 3462 nec
1400 3440 1488 3469 potest
1502 3438 1550 3462 hoc

495 3474 567 3496 stare
586 3472 613 3500 B,
634 3479 684 3495 non
706 3475 794 3502 potest
811 3475 883 3496 stare
902 3472 951 3502 sR,
972 3479 1018 3497 nec
1036 3473 1095 3497 licet
1109 3475 1198 3504 potest
1215 3476 1288 3497 stare
1307 3473 1347 3504 pR
1366 3478 1484 3504 corrupte
1502 3481 1550 3505 pro

497 3513 542 3531 nec
560 3506 607 3531 hoc
621 3510 710 3538 potest
727 3510 805 3536 stare,
825 3507 894 3539 quod
913 3507 1005 3531 habent
1026 3508 1101 3532 ceteri
1120 3508 1203 3539 codd„
1216 3515 1275 3532 cum
1289 3508 1384 3540 quibus
1404 3508 1550 3540 legimus.-

1118 181 1462 218 PHYSICORUM
1489 181 1837 218 ARISTOTELIS
1867 181 1960 217 LIB.
1992 182 2006 217 I

1594 271 1680 296 ens:
1710 259 1762 296 sic
1791 271 1878 307 ergo
1907 259 2075 308 sequitur
2103 259 2207 308 quod
2236 260 2364 297 album
2398 272 2477 297 non
2505 261 2551 298 sit
2575 273 2653 299 ens.

1594 312 1642 348 Et
1660 324 1739 348 non
1758 312 1883 348 solum
1898 311 1948 348 ita
1963 311 2068 360 quod
2087 316 2166 348 non'
2180 311 2226 348 sit
2243 313 2314 348 hoc
2331 324 2407 358 ens,
2425 313 2519 350 sicut
2533 315 2653 351 homo

1594 376 1677 400 non.
1700 372 1756 401 est
1782 364 1858 400 1106
1877 376 1943 401 6115
1971 364 1991 385 *
2021 364 2125 413 quod
2155 371 2210 400 est
2228 363 2355 401 asinus
2374 365 2432 401 **:
2453 365 2522 402 sed
2549 367 2655 416 quod
2682 376 2694 387 ·

1594 416 1752 453 omnino
1772 428 1850 453 non
1869 417 1924 463 sit,
1947 416 2035 465 quia
2053 417 2134 466 ipse
2159 416 2246 453 dicit
2265 416 2369 465 quod
2389 417 2572 467 quidquid
2601 426 2656 456 est
2685 429 2704 438 ··

1593 476 1742 517 praeter
1762 481 1827 505 ens
1857 476 1912 506 est
1939 481 2018 506 non
2046 482 2125 516 ens,
2156 475 2191 505 et
2219 469 2324 517 quod
2354 476 2409 505 est
2437 470 2457 491 *
2485 483 2564 508 11011
2588 483 2655 508 635
2682 481 2694 492 “

1595 528 1650 558 est
1686 521 1788 558 nihil.
1819 522 1876 558 Ex
1903 522 1979 558 hoc
2012 534 2100 570 ergo
2133 521 2301 570 sequitur
2334 521 2438 570 quod
2471 534 2551 559 non
2587 534 2655 560 ens

1592 574 1831 622 praedicetur
1868 573 1915 610 de
1945 586 1991 610 60
2020 574 2124 623 quod
2160 586 2251 611 vere
2288 582 2368 620 est;
2398 574 2487 622 quia
2525 575 2655 612 album

1593 626 1831 674 praedicatur
1851 626 1897 663 de
1917 626 2135 673 substantia,
2156 639 2253 675 quae
2272 639 2364 664 vere
2385 634 2450 674 est,
2473 634 2508 663 et
2526 635 2655 664 tamen

1594 679 1723 715 album
1761 691 1839 715 non
1873 678 2056 726 significat
2089 692 2176 726 ens,
2204 686 2246 715 ut
2278 680 2420 716 dictum
2449 687 2515 717 est.
2544 679 2656 717 Unde

1595 731 1762 780 sequitur
1780 731 1884 780 quod
1913 743 1980 768 ens
1999 731 2045 768 sit
2072 744 2150 769 non
2175 743 2257 768 ens:
2278 739 2315 768 et
2333 733 2408 769 hoc
2426 739 2483 769 est
2501 731 2614 769 6113111
2635 732 2655 753 '¹‘
2683 741 2693 751 ·

1594 782 1848 832 impossibile,
1884 783 1973 832 quia
2008 796 2129 821 unum
2165 785 2543 822 contradictoriorum
2577 797 2655 821 non

1594 836 1832 884 praedicatur
1865 836 1910 873 de
1945 837 2072 873 altero.
2102 837 2212 874 Unde
2241 837 2271 873 si
2301 837 2321 859 '¹'
2348 838 2397 874 ad
2433 837 2655 875 evitandum
2682 846 2694 858 ⁶

1595 889 1669 925 hoc
1687 889 1960 926 inconveniens
1981 888 2151 926 dicamus
2171 889 2276 938 quod
2294 901 2386 927 vere
2411 902 2477 926 ens
2497 902 2575 927 non
2594 903 2655 927 so-

1594 942 1674 978 lum
1703 941 1887 989 significat
1914 941 1934 962 *⁸
1962 941 2195 988 subiectum,
2217 942 2426 979 sedetiam
2450 942 2576 990 ipsum
2605 943 2655 979 al-

1595 994 1700 1042 bum,
1721 993 1889 1044 sequitur
1916 995 2019 1042 quod
2048 994 2069 1015 *
2098 1007 2164 1031 6115
2184 995 2301 1031 11111113
2320 994 2516 1043 significet.
2539 996 2588 1032 Et
2605 994 2657 1031 ita

1595 1059 1672 1083 non
1706 1046 1773 1084 erit
1808 1054 1954 1083 tantum
1981 1058 2102 1083 unum
2133 1059 2221 1093 ens,
2251 1046 2340 1095 quia
2376 1047 2587 1084 subiectum
2620 1054 2658 1083 et

1597 1099 1770 1136 accidens
1796 1100 1904 1148 plura
1932 1106 2019 1136 sunt
2051 1100 2263 1136 secundum
2297 1098 2514 1136 rationem·

1650 1164 1684 1199 9.
1720 1152 1869 1188 Deinde
1899 1163 1986 1188 curn
2017 1150 2123 1188 dicit:
2157 1152 2293 1200 Neque
2325 1151 2442 1201 igitur
2468 1151 2656 1201 magnitu-

1595 1203 1642 1240 do
1672 1211 1762 1251 etc.,
1803 1204 1966 1240 ostendit
1992 1203 2097 1252 quod
2124 1215 2202 1240 non
2231 1203 2400 1252 sequitur
2435 1217 2480 1241 ex
2512 1204 2656 1241 ratione

1595 1256 1831 1293 Parmenidis
1851 1257 1956 1305 quod
1977 1256 2022 1292 sit
2045 1263 2190 1293 tantum
2222 1268 2343 1292 unum
2369 1269 2435 1293 635
2455 1258 2486 1304 *,
2502 1265 2658 1306 propter

1595 1309 1873 1346 multitudinem
1889 1308 2063 1357 partium.
2077 1309 2126 1344 Et
2133 1307 2259 1357 primo
2275 1316 2459 1357 quantum
2470 1309 2518 1346 ad
2531 1317 2656 1359 partes
2683 1316 2695 1328 ⁴

1596 1362 1859 1409 quantitativas
1878 1362 1898 1382 '¹‘
1909 1374 1917 1407 ;
1939 1362 2107 1398 secundo
2128 1368 2313 1410 quantum
2333 1361 2382 1398 ad
2402 1369 2526 1411 partes
2546 1363 2656 1400 ratio-

1595 1414 1663 1460 nis,
1693 1414 1765 1451 ibi:
1799 1414 1908 1456 Quod
1933 1420 2056 1451 autem
2084 1413 2260 1451 dividitur
2285 1414 2306 1435 *
2334 1422 2402 1452 616.

1648 1466 1747 1503 Dicit
1776 1479 1864 1514 ergo
1898 1467 2023 1516 primo
2057 1466 2162 1516 quod
2190 1466 2220 1503 si
2257 1479 2323 1503 ens
2356 1474 2503 1504 tantum
2535 1479 2656 1504 unum

1595 1519 1788 1567 significet,
1810 1532 1888 1556 non
1917 1520 2042 1557 solum
2070 1531 2148 1556 non
2169 1520 2189 1541 ’¹‘
2207 1518 2344 1567 poterit
2372 1532 2454 1556 esse
2482 1519 2656 1558 accidens

1596 1585 1683 1608 cum
1713 1572 1903 1619 subiecto,
1942 1573 2009 1609 sed
2038 1584 2162 1621 neque
2192 1571 2305 1608 etiam
2335 1584 2401 1609 ens
2436 1572 2505 1609 erit
2532 1573 2658 1622 aliqua

1595 1625 1837 1673 magnitudo:
1862 1625 1951 1674 quia
1979 1624 2103 1661 omnis
2130 1624 2351 1672 magnitudo
2381 1632 2437 1662 est
2464 1625 2657 1663 divisibilis

1595 1677 1633 1714 in
1651 1685 1797 1726 partes,
1826 1677 2020 1726 utriusque
2049 1684 2176 1714 autern
2204 1677 2320 1726 partis
2347 1689 2426 1714 non
2447 1685 2501 1714 est
2521 1678 2657 1715 eadem

1596 1731 1689 1767 ratio
1722 1731 1790 1768 sed
1827 1731 1951 1767 altera.
1982 1730 2092 1767 Unde
2131 1730 2298 1778 sequitur
2329 1731 2435 1778 quod
2471 1730 2562 1768 illud
2591 1744 2658 1769 ens

1595 1796 1715 1820 unum
1741 1783 1761 1804 ²¹²
1782 1796 1859 1820 non
1887 1782 1933 1819 sit
1960 1783 2167 1820 substantia
2195 1795 2388 1831 corporea.

1656 1848 1712 1873 10.
1744 1836 1933 1882 Secundo,
1954 1835 2006 1872 ibi
2025 1836 2066 1872 *z
2093 1836 2202 1878 Quod
2227 1841 2350 1872 autem
2370 1835 2546 1872 dividitur
2573 1842 2656 1884 etc.,

1597 1889 1760 1926 ostendit
1787 1889 1891 1937 quod
1911 1900 1989 1924 non
2010 1889 2129 1937 possit
2155 1900 2236 1925 esse
2257 1901 2323 1925 ens
2346 1889 2550 1926 substantia
2569 1889 2657 1938 defi-

1597 1942 1717 1978 nibilis
1737 1943 1768 1978 ²¹².
1787 1941 2030 1978 Manifestum
2051 1949 2106 1978 est
2121 1941 2222 1978 enirn
2248 1953 2292 1977 ex
2312 1941 2532 1978 definitione
2553 1942 2696 1991 quod

1598 1994 1635 2031 id
1655 1995 1760 2042 quod
1778 2006 1867 2030 vere
1889 2001 1953 2040 est,
1974 1993 2068 2030 idest
2087 1995 2303 2040 substantia,
2321 1993 2497 2031 dividitur
2520 1994 2558 2030 in
2577 1995 2659 2044 plu-

1597 2059 1648 2092 ra,
1670 2059 1833 2095 quorum
1850 2047 2150 2095 unumquodque
2172 2053 2226 2082 est
2244 2046 2349 2095 quod
2371 2058 2462 2083 vere
2478 2053 2543 2092 est,
2565 2047 2661 2084 idest

1597 2098 1814 2145 substantia,
1841 2106 1876 2135 et
1903 2099 2003 2136 aliud
2032 2099 2242 2135 secundum
2271 2098 2467 2135 rationem.
2488 2099 2573 2136 Ut*
2592 2113 2660 2148 po-

1598 2164 1734 2188 namus
1749 2151 1853 2200 quod
1872 2151 1961 2188 illud
1976 2152 1996 2172 ’¹‘
2009 2163 2130 2188 unum
2154 2151 2259 2200 quod
2277 2163 2368 2188 vere
2383 2158 2449 2198 est,
2465 2151 2511 2188 sit
2523 2152 2660 2189 homo:

1600 2217 1687 2241 curn
1707 2205 1825 2240 homo
1845 2204 1865 2224 *
1884 2203 1929 2240 511
1948 2203 2088 2240 animal
2107 2204 2226 2253 bipes,
2248 2215 2402 2241 necesse
2423 2210 2478 2240 est
2493 2205 2537 2226 ³⁵*
2556 2204 2661 2253 quod

1600 2257 1739 2294 animal
1768 2256 1815 2293 sit
1835 2263 1870 2293 et
1889 2257 1996 2305 bipes
2016 2256 2083 2302 sit;
2114 2264 2149 2293 et
2175 2264 2380 2305 utrumque
2399 2253 2413 2277 ⁶
2433 2269 2565 2294 eorum
2595 2257 2662 2295 erit

1601 2311 1704 2359 quod
1722 2322 1813 2346 vere
1833 2317 1899 2358 est,
1921 2309 2016 2346 idest
2035 2309 2253 2346 substantia.
2276 2308 2392 2355 Quod
2406 2309 2427 2330 ’¹‘
2441 2309 2471 2346 si
2490 2310 2661 2355 11035131

1600 2362 1841 2409 substantiae,
1859 2369 1966 2399 erunt
1987 2361 2208 2399 accidentia:
2230 2369 2294 2399 aut
2307 2361 2418 2409 igitur
2435 2362 2582 2399 homini
2597 2370 2661 2400 aut

1601 2415 1710 2452 alicui
1729 2414 1833 2452 alteri
1854 2416 1885 2451 ³³.
1907 2415 1983 2452 Sed
2010 2414 2242 2463 impossibile
2272 2422 2326 2451 est
2344 2415 2447 2464 quod
2476 2415 2548 2452 sint
2566 2415 2661 2452 acci-

1602 2468 1728 2505 dentia
1745 2467 1903 2504 homini.
1935 2468 1984 2504 Et
2011 2468 2060 2504 ad
2084 2468 2158 2504 hoc
2178 2467 2457 2505 ostendendum
2477 2468 2554 2505 duo
2573 2480 2660 2517 sup-

1601 2521 1708 2570 ponit
1734 2522 1765 2557 ²².
1788 2521 1963 2567 Quorum
1991 2520 2157 2569 primurn
2188 2528 2243 2557 est
2270 2520 2374 2568 quod
2404 2520 2578 2558 accidens
2607 2520 2659 2558 di-

1604 2574 1696 2610 citur
1724 2573 1937 2622 dupliciter:
1966 2585 2044 2610 uno
2077 2574 2196 2610 modo
2226 2573 2400 2610 accidens
2429 2567 2660 2622 separabile,

1603 2627 1708 2676 quod
1728 2626 1907 2674 contingit
1926 2626 2047 2663 inesse
2075 2633 2111 2662 et
2137 2638 2215 2662 non
2244 2625 2379 2672 inesse,
2403 2633 2445 2662 ut
2466 2627 2637 2664 sedere*

1604 2680 1675 2716 alio
1697 2679 1814 2716 modo
1835 2679 2008 2716 accidens
2037 2678 2284 2727 inseparabile
2302 2686 2340 2728 et
2362 2690 2431 2727 per
2449 2691 2500 2716 se.
2522 2679 2571 2716 Et
2588 2680 2663 2716 hoc

1604 2740 1659 2769 est
1691 2732 1865 2769 accidens
1902 2732 1939 2768 in
1969 2731 2074 2768 cuius
2108 2731 2326 2768 definitione
2355 2731 2507 2780 ponitur
2539 2731 2662 2769 subie-

1603 2793 1705 2822 ctum
1731 2785 1790 2822 cui
1817 2785 1967 2821 accidit:
1988 2784 2082 2821 sicut
2101 2784 2241 2821 simum
2261 2792 2316 2821 est
2333 2796 2402 2833 per
2429 2797 2469 2822 se
2489 2785 2663 2822 accidens

1604 2838 1724 2874 nasi*
1744 2837 1832 2887 quia
1860 2837 1898 2874 in
1924 2837 2142 2874 definitione
2171 2836 2255 2873 simi
2283 2837 2436 2885 ponitur
2453 2849 2584 2882 nasus3
2610 2843 2701 2874 est·

1604 2891 1705 2928 enim
1721 2891 1860 2927 simum
1875 2891 1895 2911 ³¹⁶
1909 2902 2023 2926 nasus
2047 2901 2195 2926 curvus.
2213 2890 2432 2927 Secundum
2456 2889 2562 2938 quod
2576 2901 2699 2938 sup-

1602 2944 1710 2993 ponit
1729 2951 1783 2980 est
1802 2943 1906 2992 quod
1926 2942 1955 2979 si
1975 2942 2099 2990 aliqua
2117 2949 2311 2990 ponuntur
2331 2943 2351 2964 *
2377 2942 2416 2979 13
2443 2941 2662 2979 definitione

1604 2996 1758 3033 alicuius
1774 2995 1928 3042 definiti,
1950 3002 2013 3032 aut
2027 2995 2065 3032 in
2082 2994 2298 3032 definitione
2319 2994 2474 3032 alicuius
2494 3007 2627 3032 eorum
2643 2995 2663 3016 *²

1606 3062 1650 3086 ex
1685 3049 1821 3098 quibus
1855 3054 2000 3085 constat
2028 3048 2048 3068 ²²
2084 3047 2273 3094 definitio,
2311 3047 2544 3096 impossibile
2568 3054 2576 3068 ¹
2608 3054 2665 3084 est

1605 3102 1709 3151 quod
1737 3101 1775 3138 in
1801 3101 2018 3138 definitione
2048 3101 2202 3138 alicuius
2229 3101 2367 3138 horum
2399 3107 2564 3150 ponatur
2601 3100 2664 3138 de-

1601 3229 1688 3253 Altera
1706 3228 1772 3252 linea
1785 3235 1831 3259 pro
1850 3227 1922 3260 quod
1939 3227 1968 3252 id
1986 3227 2058 3259 quod
2075 3234 2136 3252 vere
2154 3230 2194 3251 est
2211 3234 2269 3255 ens,
2288 3226 2360 3259 quod
2377 3226 2407 3252 id
2424 3234 2484 3252 vere
2502 3233 2548 3252 ens
2562 3227 2663 3258 BFMN,

1602 3263 1673 3295 quod
1691 3270 1751 3288 vere
1765 3270 1810 3287 ens
1823 3263 1887 3292 Zsc,
1902 3269 1963 3287 vere
1977 3269 2022 3286 ens
2035 3261 2308 3294 AKLOSTVXYpC1;
2321 3269 2338 3286 a
2355 3261 2444 3292 habet,
2461 3262 2580 3286 Ponatur
2594 3261 2664 3294 quod

1602 3299 1670 3323 enim
1691 3298 1719 3322 id
1733 3298 1808 3330 puod
1828 3296 1887 3331 (sic)
1907 3304 1966 3322 vere
1985 3300 2024 3322 est
2044 3304 2101 3327 ens,
2116 3298 2162 3322 sed
2181 3297 2314 3330 corrigitur
2328 3298 2359 3322 ad
2374 3298 2430 3322 lect.
2445 3297 2563 3328 pianum
2581 3296 2662 3328 Κρο-

1603 3336 1684 3358 natur
1702 3333 1772 3365 quod
1790 3333 1858 3358 em'm
1879 3333 1907 3358 id
1925 3339 1986 3357 vere
2004 3339 2058 3357 ens.

1656 3366 1680 3400 θ)
1700 3371 1726 3393 et
1744 3368 1815 3400 bipes
1833 3368 1868 3392 sit
1873 3374 1883 3397 ‚²
1901 3370 1927 3393 et
1947 3367 2255 3400 utrumque.-Legimus
2274 3374 2333 3392 cum
2351 3365 2663 3396 ABCDHIKLNQSTVX

1603 3403 1660 3432 ΥΖ;
1679 3407 1706 3428 et
1724 3403 1794 3444 bipes
1812 3403 1849 3428 sic
1868 3406 1894 3428 et
1912 3405 2052 3435 utrumque
2070 3402 2214 3432 FMORsG,
2233 3405 2259 3427 et
2277 3402 2348 3434 bipes
2366 3402 2404 3427 sic
2422 3405 2562 3433 utrumque
2584 3400 2663 3433 EpG,

1603 3441 1629 3463 et
1647 3438 1718 3470 b1'pes
1731 3441 1757 3463 et
1770 3439 1807 3463 sic
1827 3441 1965 3470 utrumque
1978 3438 2035 3462 edd.
2050 3445 2067 3462 a
2078 3437 2100 3467 b,
2115 3440 2142 3462 et
2160 3437 2230 3469 lu'pes
2242 3437 2278 3462 sit
2295 3440 2322 3462 et
2338 3437 2377 3463 sic
2395 3439 2534 3469 uerumque
2552 3435 2572 3460 P
2589 3442 2661 3460 com-

1604 3481 1703 3506 ponens
1724 3473 1845 3498 lectiones
1863 3474 1886 3497 A
1905 3478 1931 3497 et
1948 3480 1974 3497 a.

1658 3508 1676 3542 1)
1697 3508 1879 3540 impossibile...
1898 3507 2056 3540 definitio.—
2036 3507 2139 3531 —Haec
2157 3506 2235 3531 verba
2248 3514 2302 3532 om.
2319 3506 2376 3537 ab,
2396 3506 2443 3531 sed
2461 3505 2487 3531 111
2503 3512 2521 3530 a
2535 3509 2662 3530 corrector

2709 381 2750 397 em
2760 382 2808 398 om.
2818 382 2896 399 nucu

2682 402 2752 424 mab.

2719 434 2792 456 equus
2812 434 2895 451 nm

2683 460 2801 480 oon-ruv-

2708 482 2744 502 est
2762 487 2809 503 om.
2825 480 2894 503 codd.

2683 513 2734 528 exc.
2743 513 2855 529 nuosczx.
2865 507 2895 529 cf.

2710 741 2782 763 enam
2801 747 2849 764 om.
2868 747 2896 764 n

2681 767 2798 793 rommb.

2708 846 2731 868 si
2745 851 2793 868 om.
2803 846 2840 868 ed.
2853 851 2879 868 ο.

2681 949 2694 961 ⁴¹
2699 949 2819 977 significet
2826 949 2885 972 codd
2889 965 2896 972 .

2683 981 2897 1024 §testata

2682 1034 2797 1076 111111.

2684 1211 2696 1223 ’
2723 1217 2765 1233 em
2796 1210 2874 1234 omitt.
2905 1222 2914 1229 ·

2683 1243 2766 1266 κιιρι.

2683 1347 2712 1364 co
2729 1342 2752 1364 d.
2760 1316 2864 1365 0⁷:22ss&

2682 1374 2755 1394 GEQ.

2683 1422 2694 1432 '¹
2707 1421 2780 1444 Nun.
2793 1426 2844 1450 κς.

2684 1527 2694 1536 ”
2704 1531 2750 1548 non
2760 1531 2809 1549 om.
2817 1531 2898 1552 Ααοο,

2683 1557 2804 1580 mvpru.

2684 1788 2696 1799 ⁸
2705 1793 2774 1810 unum
2784 1793 2833 1810 om.
2846 1793 2895 1810 m.

2683 1849 2696 1860 ⁴
2709 1847 2801 1870 Deinde
2820 1852 2871 1870 eum

2685 1874 2744 1896 dicit
2755 1874 2808 1896 edd.
2823 1880 2839 1896 a
2849 1874 2870 1896 b.

2710 1948 2835 1971 divisibilis
2855 1955 2898 1971 cn.

2685 1981 2740 2004 upa.

2687 2107 2699 2119 ⁴*
2713 2106 2737 2128 ,εἰ
2749 2105 2836 2128 :ddunt
2847 2112 2899 2128 mo.

2687 2159 2700 2170 ⁶
2707 2158 2734 2180 id
2745 2158 2886 2181 mamb.
2903 2186 2911 2194 U

2689 2216 2698 2226 ·
2714 2215 2782 2237 Ιιοιιιο
2795 2221 2843 2238 om.
2852 2222 2887 2239 n.

2687 2241 2773 2290 :nem
2782 2248 2888 2268 unq-n

2785 2294 2799 2320 θ

2686 2328 2840 2378 ἓρῶῗέἓέέέ
2847 2336 2902 2379 ἕξξῑ

2687 2427 2697 2436 ·
2711 2425 2757 2447 alin·
2768 2431 2900 2453 Αιιαιοαιτ

2687 2457 2741 2479 vn
2756 2458 2805 2474 om.
2818 2458 2840 2474 1..

2687 2530 2894 2579 ’praesupponit
2885 2536 2902 2552 ι

2687 2562 2784 2581 fflnfll.

2687 2556 2904 2631 316..ἐέ-

2690 2636 2742 2656 ·ut
2753 2635 2837 2657 cedere
2852 2641 2901 2658 om.

2689 2661 2758 2683 teate.

2715 2846 2783 2868 naris
2797 2851 2850 2868 m.

2690 2899 2699 2908 '
2713 2899 2787 2921 είιιιιιε
2799 2905 2820 2921 r.

2690 2926 2840 2952 ’ροιιαιιιιν
2858 2931 2903 2948 »tr

2691 2957 2792 2974 aunan.

2722 2977 2792 3005 dqfin.
2806 2983 2887 3000 eom-

2690 3004 2824 3032 alr'quorm
2843 3010 2890 3027 nm

2722 3056 2832 3079 contient
2849 3062 2902 3079 nu

2690 3088 2837 3109 ιωαιτνιτ.
