2950 4004
5 419 27 432 κ,
44 416 93 433 exc.
107 416 157 432 me.

6 367 22 402 ’κ
45 385 56 395 ·
68 384 143 406 stu-tle
159 383 227 405 codd.

141 489 158 515 Υ

26 689 55 709 ⁴:-
79 696 239 719 continebam

31 722 111 746 'nodd-
127 728 176 744 exc.
193 728 238 744 nu

24 754 184 781 qupneuox.

32 1366 194 1402 [mend.
200 1380 249 1396 exc.

25 1845 50 1866 κ·
68 1847 94 1868 nt
112 1851 246 1873 Aclxqvxa,

21 1874 65 1895 oet
75 1874 102 1895 ut
113 1871 150 1895 rb.

61 2008 113 2026 esse
120 2009 168 2026 om.
179 2004 246 2026 nab.

1129 294 1241 330 CAP.
1270 294 1338 340 lv,

335 374 384 409 Et
409 384 479 420 per
504 372 579 408 hoc
602 372 768 408 similiter
789 373 809 394 *
836 372 1005 420 accipere
1035 371 1219 408 debemus
1244 383 1337 419 quo-

231 455 236 460 .
281 425 400 461 modo
434 424 684 461 extremitates
717 437 922 473 corporum
954 423 1154 460 mobilium
1189 430 1337 459 natura-

281 477 372 513 lium
393 476 464 513 sint
491 477 596 513 locus
615 482 640 522 ⁷,
669 489 738 525 per
756 484 970 525 respectum
990 475 1038 512 ad
1057 482 1180 512 totum
1200 487 1337 523 corpus

281 529 522 577 sphaericum
543 529 645 575 caeli,
666 529 771 577 quod
794 529 908 565 habet
927 528 1108 564 fixionem
1137 535 1173 563 et
1199 527 1336 563 immo-

280 581 461 618 bilitatem
494 589 648 630 propter
681 580 985 617 immobilitatem
1024 579 1139 615 centri
1168 586 1202 615 et
1228 580 1336 627 polo-

280 645 376 670 rum.
407 633 469 670 Sic
487 633 607 681 igitur,
627 632 712 669 licet
738 633 833 669 haec
859 644 947 680 pars
975 631 1071 668 aeris
1099 643 1196 680 quae
1221 631 1336 667 conti-

280 686 394 722 nebat
413 687 446 733 ²¹³,
464 687 527 723 vel
549 686 644 722 haec
670 697 758 733 pars
786 696 906 732 aquae
936 684 1064 720 effluat
1083 691 1119 719 et
1137 691 1338 721 moveatur

279 738 505 787 inquantum
525 745 580 774 est
597 738 693 774 haec
711 748 825 784 aqua;
854 743 982 772 tamen
1002 736 1212 772 secundum
1233 736 1336 784 quod

278 791 394 827 habet
419 791 515 826 haec
542 801 641 838 aqua
673 789 858 825 rationem
890 788 982 835 loci,
1013 788 1151 825 scilicet
1183 788 1273 825 situs
1303 796 1337 824 et

280 842 421 879 ordinis
450 842 498 879 ad
525 849 647 878 totum
675 840 915 889 sphaericum
944 841 1052 887 caeli,
1083 853 1234 889 semper
1257 853 1336 877 ma-

278 902 342 932 net
357 892 381 931 ⁸.
404 894 507 931 Sicut
527 893 639 930 etiam
655 892 789 930 dicitur
807 892 910 938 ide-m
930 892 1026 940 ignis
1045 905 1200 930 manere
1219 905 1336 941 quan-

277 953 359 983 tum
387 946 437 983 ad
464 946 650 992 formam,
689 945 774 982 licet
801 946 1012 982 secundum
1045 945 1243 982 materiam
1270 957 1337 982 va-

278 998 392 1035 rietur
419 998 653 1046 consumptis
682 1005 718 1034 et
746 997 879 1034 additis
907 998 1136 1045 quibusdam
1164 997 1282 1044 lignis.

337 1052 394 1088 15.
415 1051 464 1088 Et
480 1063 550 1100 per
566 1051 641 1087 hoc
660 1058 780 1087 cessat
794 1049 955 1087 obiectio
971 1061 1068 1098 quae
1082 1057 1207 1098 potest
1221 1050 1240 1070 ³²
1256 1049 1338 1085 fieri

278 1111 407 1141 contra
434 1104 509 1140 hoc
537 1103 641 1152 quod
668 1103 846 1152 ponimus
874 1103 1003 1139 locum
1027 1115 1109 1139 esse
1132 1101 1337 1139 terminum

278 1155 522 1194 continentis:
558 1155 648 1205 quia
676 1168 764 1193 cum
799 1155 994 1192 continens
1028 1155 1074 1191 sit
1110 1154 1272 1201 mobile,
1302 1162 1338 1190 et

276 1209 460 1246 terminus
498 1209 720 1246 continentis
749 1208 817 1244 erit
843 1207 1010 1254 mobilis;
1041 1215 1077 1244 et
1104 1207 1156 1244 sic
1184 1206 1336 1255 aliquod

277 1261 448 1310 quietum
477 1260 657 1308 existens,
686 1259 840 1298 habebit
865 1260 1014 1298 diversa
1041 1261 1135 1297 loca.
1166 1260 1244 1296 Sed
1262 1260 1337 1295 hoc

276 1325 356 1350 non
384 1314 568 1362 sequitur:
597 1313 686 1362 quia
713 1313 896 1350 terminus
920 1312 1142 1349 continentis
1161 1324 1238 1348 non
1259 1319 1337 1348 erat

276 1366 382 1403 locus
401 1366 628 1415 inquantum
648 1373 703 1403 est
724 1366 820 1402 haec
848 1365 1064 1414 superficies
1085 1365 1189 1402 istius
1210 1366 1230 1386 ’¹‘
1256 1376 1336 1400 cor-

274 1418 379 1467 poris
407 1419 570 1465 mobilis,
600 1418 668 1455 sed
695 1417 907 1456 secundum
935 1417 1108 1454 ordinem
1131 1417 1194 1454 vel
1222 1417 1335 1454 situm

277 1483 394 1519 quem
421 1471 537 1508 habet
554 1471 593 1507 in
611 1478 691 1507 toto
711 1470 908 1508 immobili.
939 1471 997 1507 Ex
1016 1483 1092 1519 quo
1112 1477 1214 1518 patet
1231 1470 1335 1518 quod

276 1530 355 1560 tota
387 1524 479 1560 ratio
508 1523 580 1560 loci
613 1524 652 1560 in
685 1524 864 1560 omnibus
893 1522 1168 1561 continentibus
1206 1530 1262 1559 est
1289 1535 1334 1559 ex

275 1575 400 1625 primo
430 1576 643 1612 continente
673 1583 709 1612 et
736 1577 895 1621 locante,
926 1575 1064 1612 scilicet
1092 1575 1208 1612 caelo.

336 1628 392 1664 16.
422 1628 570 1666 Deinde
600 1640 688 1664 curn
717 1628 823 1665 dicit:
858 1629 984 1669 Quare
1015 1628 1193 1664 terminus
1220 1628 1333 1663 conti-

276 1680 394 1717 nentis
422 1688 508 1728 etc.,
539 1680 729 1718 concludit
757 1692 801 1716 ex
828 1680 1045 1728 praemissis
1074 1679 1332 1716 definitionem

274 1732 368 1780 loci,
402 1733 540 1770 scilicet
567 1734 672 1781 quod
703 1734 808 1769 locus
841 1740 896 1769 est
927 1733 1105 1769 terminus
1138 1732 1335 1768 immobilis

275 1785 491 1823 continentis
513 1786 693 1834 primum.
723 1785 823 1822 Dicit
850 1792 977 1821 autem
999 1785 1181 1832 primum,
1201 1791 1243 1820 ut
1271 1784 1334 1820 de-

274 1836 394 1885 signet
420 1839 547 1875 locum
566 1838 775 1887 proprium,
797 1845 834 1874 et
853 1838 872 1859 ²*
893 1837 1065 1874 excludat
1083 1837 1210 1873 locum
1232 1848 1334 1873 com-

275 1902 446 1927 munem.

333 1954 390 1991 17.
421 1943 570 1980 Deinde
590 1955 679 1980 cum
699 1942 807 1980 dicit:
835 1943 886 1979 Et
905 1948 1062 1991 propter
1081 1943 1152 1978 hoc
1171 1941 1334 1978 medium

273 1995 369 2033 caeli
388 2003 470 2043 etc„
501 1995 663 2033 ostendit
691 1995 953 2032 definitionem
983 2006 1064 2031 esse
1082 1995 1101 2016 ’¹‘
1121 1995 1218 2030 bene
1246 1993 1335 2030 assi-

274 2055 439 2098 gnatam,
459 2055 528 2098 per
548 2049 623 2085 hoc
651 2048 757 2097 quod
785 2060 830 2084 ea
858 2059 955 2096 quae
977 2047 1150 2085 dicuntur
1170 2047 1217 2083 de
1236 2046 1334 2092 loco,

275 2109 487 2150 congruunt
505 2100 717 2138 secundum
742 2102 840 2137 hanc
861 2100 1132 2138 definitionem.
1162 2100 1212 2135 Et
1229 2099 1336 2148 ponit

274 2154 354 2191 tria.
394 2154 572 2200 Quorum
607 2153 777 2202 primum
816 2160 890 2201 est,
930 2153 1034 2200 quod
1070 2159 1225 2200 propter
1261 2152 1335 2188 hoc

325 2300 354 2336 γ)
364 2301 495 2334 quomodo
507 2300 692 2325 extremitates
742 2300 795 2324 sint
809 2300 889 2324 locus.
899 2312 918 2317 —
932 2299 982 2323 Pro
997 2298 1127 2331 quomodo
1141 2298 1335 2326 extremitates,

273 2337 327 2362 Pal:
341 2341 365 2361 et
379 2336 418 2361 sG
435 2336 566 2369 quomodo
586 2335 654 2360 inter
672 2335 865 2364 extremitates.
884 2334 918 2358 At
936 2334 1010 2358 lectio
1030 2333 1104 2358 codd.
1119 2333 1219 2356 videtur
1238 2332 1335 2364 praefe-

273 2372 361 2396 renda.
380 2371 452 2396 Patet
471 2371 538 2395 enim
555 2371 625 2403 quod
639 2371 711 2395 locus
731 2377 783 2394 non
802 2374 842 2394 est
860 2369 955 2401 aliquid
975 2369 1089 2393 medium
1107 2368 1173 2392 inter
1191 2367 1335 2392 extremita—

273 2411 312 2431 tes
332 2407 460 2438 corporis;
480 2406 526 2430 sed
544 2406 615 2438 ipsae
634 2405 804 2430 extremitates
823 2404 937 2436 corporis
951 2403 1101 2428 continentis
1121 2407 1181 2427 sunt
1199 2403 1281 2433 locus,
1295 2410 1336 2427 se-

273 2442 387 2466 cundum
412 2441 529 2466 ordinem
551 2448 630 2473 quem
652 2440 746 2465 habent
769 2440 800 2464 ad
826 2444 909 2464 totum
935 2447 1027 2471 corpus
1051 2438 1113 2462 caeli
1133 2437 1179 2471 (cf.
1208 2446 1234 2463 n.
1254 2437 1335 2471 seq.).

273 2476 324 2501 Pro
342 2477 404 2506 sint,
418 2477 453 2501 sit
471 2476 524 2500 Pab
544 2481 570 2500 et
588 2476 661 2500 codd.
682 2483 735 2500 exc.
755 2474 1008 2500 CDEFGHIMRXZ.

326 2510 351 2545 ὃ)
367 2515 482 2537 tamen...
495 2511 682 2536 manet.—Sola
695 2511 716 2535 P
729 2510 765 2535 sic
778 2510 839 2543 legit
844 2518 851 2541 ς
867 2510 975 2540 codices,
990 2509 1048 2534 edd.
1058 2508 1096 2533 ab
1110 2513 1135 2533 et
1144 2509 1234 2533 Venet.
1253 2507 1333 2539 1545,:

1368 294 1517 330 LECT.
1546 295 1597 331 VI
2378 306 2390 330 1
2399 295 2446 330 65

1393 371 1497 418 quod
1517 372 1621 408 locus
1641 379 1695 408 est
1714 371 1909 408 continens
1932 371 2139 418 immobile,
2160 373 2322 408 medium
2342 373 2446 418 caeli,

1393 423 1488 460 idest
1516 432 1705 471 centrum,
1735 430 1771 460 et
1802 424 1970 460 ultimum
1999 423 2192 460 circularis
2225 424 2297 460 loci
2327 430 2449 461 muta-

1393 476 1512 521 tionis,
1542 476 1638 512 idest
1666 488 1869 524 corporum
1900 476 2125 512 circulariter
2152 483 2362 523 motorum,
2392 477 2446 512 ul-

1393 527 1527 564 timum
1558 528 1641 564 dico
1669 540 1797 565 versus
1826 540 1903 573 nos,
1933 528 2070 564 scilicet
2098 529 2316 576 superficies
2345 529 2446 565 orbis

1393 580 1515 625 lunae,
1535 580 1680 616 videtur
1701 582 1771 616 hoc
1799 581 1944 628 quidem
1973 592 2050 616 esse
2075 593 2239 626 sursum,
2269 581 2407 618 scilicet
2427 583 2447 603 *

1392 631 1566 668 ultimum
1594 633 1849 680 praedictum,
1880 632 1973 669 illud
1996 644 2086 669 vero
2111 634 2131 654 ²¹*
2156 645 2234 669 esse
2260 634 2445 680 deorsum,

1393 684 1530 720 scilicet
1557 684 1738 721 medium.
1761 686 1809 720 Et
1835 686 1909 721 hoc
1936 685 2100 721 maxime
2128 685 2279 734 proprie
2297 686 2447 723 videtur

1394 736 1465 773 dici
1484 736 1579 773 inter
1598 737 1742 773 omnia:
1763 736 1849 785 quia
1869 744 2038 773 centrum
2059 739 2240 785 sphaerae
2255 738 2276 760 '²⁸
2295 751 2447 787 semper

1393 796 1531 826 manet.
1556 789 1648 825 Illud
1668 797 1795 826 autern
1816 789 1920 837 quod
1948 797 2003 825 est
2029 790 2205 842 ultimum
2224 790 2262 826 in
2282 791 2446 839 corpori-

1393 842 1463 877 bus
1493 841 1716 877 circulariter
1743 841 1856 878 motis
1874 854 2006 877 versus
2034 854 2115 888 nos,
2136 841 2220 878 licet
2247 850 2448 881 moveatur

1393 893 1631 940 circulariter,
1660 901 1788 930 tamen
1816 901 1944 930 manet
1970 893 2194 942 inquantum
2221 895 2388 932 similiter
2408 908 2448 932 se

1391 947 1511 991 hahet,
1533 946 1628 982 idest
1646 946 1683 982 in
1704 946 1838 982 eadem
1859 946 2094 993 elongatione
2113 947 2161 983 ad
2180 959 2261 983 nos.
2292 948 2341 983 Et
2359 948 2447 995 quia

1393 998 1442 1034 ad
1459 998 1610 1046 propria
1638 998 1720 1034 loca
1739 1006 1943 1034 moventur
1960 998 2126 1046 'corpora
2146 999 2337 1046 naturalia,
2359 1000 2447 1037 inde

1395 1057 1448 1086 est
1475 1050 1580 1098 quod
1613 1050 1710 1086 levia
1746 1050 1961 1087 naturaliter
1997 1057 2200 1087 moventur
2233 1063 2382 1088 sursum
2412 1060 2448 1089 et

1392 1102 1521 1149 gravia
1541 1102 1740 1138 deorsum:
1770 1102 1856 1150 quia
1875 1103 2000 1151 ipsum
2020 1103 2190 1140 medium
2212 1110 2248 1139 et
2265 1104 2447 1141 terminus

1394 1154 1590 1190 continens
1622 1166 1751 1191 versus
1779 1155 1967 1202 medium,
1996 1163 2154 1192 vocatur
2182 1155 2382 1203 deorsum;
2413 1165 2448 1194 et

1392 1206 1559 1243 similiter
1586 1207 1711 1255 ipsum
1739 1207 1926 1254 ultimum,
1957 1215 1992 1243 et
2020 1208 2122 1255 quod
2151 1215 2206 1244 est
2231 1220 2360 1245 versus
2391 1210 2446 1246 ul-

1391 1259 1548 1305 timum,
1589 1259 1721 1295 dicitur
1758 1270 1838 1295 esse
1874 1272 2034 1296 sursum.
2074 1260 2195 1296 Utitur
2231 1268 2357 1296 autem
2385 1261 2447 1298 tali

1392 1313 1510 1348 modo
1538 1311 1730 1360 loquendi,
1761 1311 1849 1359 quia
1867 1318 1999 1359 terrae,
2029 1324 2125 1360 quae
2152 1319 2206 1348 est
2233 1313 2448 1361 simpliciter

1390 1364 1534 1412 gravis,
1573 1365 1679 1400 locus
1713 1371 1767 1400 est
1794 1363 1985 1409 medium;
2024 1376 2145 1412 aquae
2183 1373 2310 1401 autem
2342 1366 2447 1403 locus

1392 1424 1446 1453 est
1472 1428 1601 1453 versus
1629 1417 1811 1453 medium.
1842 1417 1891 1453 Et
1925 1416 2093 1452 similiter
2120 1418 2225 1454 locus
2249 1417 2353 1465 ignis,
2385 1419 2448 1466 qui

1391 1477 1446 1506 est
1473 1469 1690 1518 simpliciter
1716 1469 1830 1516 levis,
1867 1476 1922 1505 est
1953 1469 2151 1516 ultimum;
2186 1470 2291 1506 locus
2320 1478 2446 1507 autem

1390 1522 1484 1559 aeris
1513 1528 1568 1558 est
1595 1533 1723 1558 versus
1749 1522 1937 1558 ultimum.

1443 1574 1663 1611 Secundum
1700 1573 1809 1622 ponit
1843 1573 1915 1610 ibi:
1943 1574 1995 1610 Et
2014 1579 2170 1623 propter
2196 1575 2267 1611 hoc
2288 1575 2446 1624 planum

1387 1627 1533 1663 videtur
1551 1634 1620 1663 etc.
1642 1627 1690 1663 Et
1705 1626 1792 1663 dicit
1810 1627 1914 1675 quod
1934 1626 2022 1675 quia
2041 1627 2146 1662 locus
2169 1634 2223 1663 est
2249 1628 2443 1675 terminus,

1388 1687 1541 1727 propter
1568 1680 1643 1715 hoc
1670 1680 1774 1715 locus
1803 1678 1952 1716 videtur
1977 1680 1996 1700 *
2025 1691 2106 1715 esse
2135 1678 2229 1715 sicut
2257 1680 2446 1728 quaedam

1389 1731 1618 1779 superficies,
1650 1738 1685 1767 et
1712 1731 1806 1767 sicut
1833 1731 2028 1779 quoddam
2046 1743 2115 1768 vas
2136 1731 2347 1769 continens:
2368 1745 2446 1769 non

1390 1791 1516 1820 autem
1545 1783 1638 1819 sicut
1666 1783 1829 1831 spatium
1857 1783 1957 1820 vasis
1986 1784 2219 1820 continentis.

1442 1836 1617 1872 Tertium
1636 1835 1743 1883 ponit
1766 1835 1831 1871 ibi:
1861 1835 2042 1883 Amplius,
2062 1836 2175 1872 simul
2201 1848 2286 1872 cum
2306 1849 2348 1872 re
2376 1844 2444 1874 etc.

1390 1889 1439 1925 Et
1458 1888 1545 1925 dicit
1564 1888 1667 1937 quod
1687 1887 1774 1936 quia
1794 1889 1899 1924 locus
1920 1895 1974 1924 est
1992 1888 2185 1934 terminus,
2201 1896 2355 1936 propter
2373 1889 2447 1925 hoc

1390 1941 1501 1977 simul
1530 1949 1584 1977 est
1611 1942 1716 1977 locus
1746 1947 1781 1976 et
1808 1941 1994 1976 locatum:
2024 1940 2113 1988 quia
2139 1941 2251 1977 simul
2280 1948 2334 1977 est
2361 1941 2446 1978 finis

1389 1994 1500 2030 locati
1528 2001 1565 2030 et
1591 1993 1774 2030 terminus
1794 1993 2028 2039 continentis,
2050 1993 2114 2040 qui
2135 2001 2190 2030 est
2209 1994 2330 2039 locus;
2360 1994 2447 2042 quia

1389 2046 1622 2094 tangentium
1645 2045 1776 2082 ultima
1796 2045 1907 2082 simul
1936 2053 2031 2082 sunt.
2061 2046 2110 2082 Et
2137 2046 2346 2083 secundum
2374 2047 2448 2083 hoc

1391 2099 1503 2135 etiarn
1524 2098 1736 2146 intelligitur
1756 2098 1860 2147 quod
1879 2099 1984 2134 locus
1999 2106 2180 2146 aequatur
2199 2099 2339 2135 locato:
2360 2099 2448 2148 quia

1390 2152 1528 2188 scilicet
1556 2158 1764 2200 aequantur
1792 2152 2002 2188 secundum
2032 2158 2208 2188 extrema.

1388 2297 1436 2322 hoe
1455 2296 1514 2331 (hoc
1532 2305 1585 2322 om.
1600 2298 1756 2328 FMOQRab
1775 2303 1800 2322 et
1813 2297 1917 2331 Venet.)
1937 2300 2034 2326 tamen,
2049 2297 2192 2322 secundum
2205 2298 2276 2329 quod
2290 2297 2367 2323 habet
2384 2297 2448 2322 haec

1388 2340 1458 2364 aqua
1477 2333 1608 2357 rationem
1628 2333 1692 2361 loci,
1717 2340 1819 2364 semper
1838 2336 1940 2362 manet,
1968 2332 2066 2357 scilicet
2089 2333 2156 2357 situs
2174 2335 2200 2357 et
2218 2333 2285 2357 ordo
2303 2333 2340 2357 ad
2363 2335 2446 2357 totum

1387 2375 1483 2399 corpus
1501 2367 1666 2399 sphaericum
1691 2368 1766 2393 caeli.
1789 2368 1822 2392 Et
1840 2367 1902 2392 haec
1926 2368 2000 2392 codd.
2020 2367 2094 2391 lectio
2117 2368 2240 2399 acceptari
2264 2373 2366 2399 posset:
2387 2375 2446 2391 nam

1388 2402 1451 2427 haec
1470 2410 1551 2435 aqua,
1571 2410 1637 2435 quae
1657 2403 1768 2427 continet
1787 2403 1879 2432 navim,
1899 2410 1988 2427 revera
2007 2410 2058 2426 non
2078 2407 2171 2433 manet,
2192 2403 2238 2427 sed
2257 2403 2375 2427 continue
2389 2410 2446 2427 mu-

1388 2443 1467 2469 tatur3
1487 2443 1574 2462 manet
1597 2443 1684 2462 tamen
1702 2438 1762 2467 hoc,
1789 2438 1931 2462 secundum
1955 2438 2024 2470 quod
2049 2437 2112 2461 haec
2131 2445 2198 2469 aqua
2222 2437 2298 2462 habet
2322 2438 2445 2462 rationem

1389 2474 1451 2503 loci,
1471 2473 1567 2497 scilicet
1591 2473 1657 2497 situs
1676 2476 1702 2498 et
1721 2473 1787 2498 ordo
1806 2478 1868 2504 etc.;
1883 2472 1952 2497 idem
1971 2473 2039 2497 enim
2058 2472 2122 2496 ordo
2142 2473 2183 2497 vel
2203 2472 2266 2497 situs
2286 2478 2402 2497 remanet
2420 2473 2446 2496 in

1389 2516 1455 2541 aqua
1474 2509 1635 2533 succedente.

2475 579 2483 587 ·
2498 578 2560 599 idest
2572 585 2593 601 Ρ.

2474 638 2483 646 ·
2499 639 2522 658 et
2539 637 2598 659 illud
2615 637 2686 660 codd.

2474 667 2495 684 et
2510 669 2534 684 a.

2474 742 2483 751 ¹
2501 741 2618 768 sphaerae
2636 747 2684 763 om.

2473 773 2488 788 a
2497 767 2510 788 b
2524 771 2546 788 et
2556 767 2625 789 codd.
2635 774 2687 789 exc.

2473 799 2511 814 nc.

2472 1688 2483 1699 ⁴
2498 1687 2584 1709 dicitur
2596 1694 2618 1709 Ρ.
