2950 4004
243 3504 251 3512 '
266 3503 318 3527 Lcct
323 3520 328 3525 .
344 3511 391 3533 seq.

476 243 523 279 92
1107 227 1452 264 PHYSICORUM
1480 226 1829 263 ARISTOTELIS
1862 227 1955 264 LIB.
1986 228 2017 263 II

1076 501 1375 557 LECTIO
1414 501 2048 558 DECIMATERTIA

700 672 1058 704 DEMONSTRATUR
1081 671 1163 701 PER
1187 670 1402 702 RATIONES
1426 670 1632 701 PROPRIAS
1655 671 1870 702 NATURAM
1893 672 2036 703 AGERE
2065 672 2264 703 PROPTER
2288 673 2420 704 FINEM

475 829 645 867 ἀδύνατον
670 825 707 861 δὲ
734 829 858 860 τοῦτον
872 828 977 881 ἔχειν
1000 828 1059 860 τὸν
1086 827 1223 882 τρόπον.
1252 828 1373 860 Ταῦτα
1388 828 1454 883 μέν
1471 827 1535 883 γάρ

539 878 597 909 καὶ
623 885 740 907 παντα
767 873 813 904 τοὶ
823 871 931 922 φύσει
957 871 977 908 ἦ
1006 873 1056 903 ἀεὶ
1084 871 1173 904 οὕτω
1199 873 1355 927 γίγνεται
1381 885 1401 908 η
1420 884 1461 910 ως
1480 873 1535 903 ἐπὶ

539 934 580 955 το
606 917 706 958 πολύ,
726 918 792 948 τῶν
819 913 845 948 8'
871 917 939 948 ἀπὸ
965 915 1072 970 τύχης
1096 917 1154 947 καὶ
1180 917 1241 948 τοῦ
1262 915 1463 970 ἀυτομοίτου
1482 916 1537 948 οὗ·

539 963 608 998 δέν·
635 963 673 995 οὐ
690 961 754 1014 γοίρ
783 961 850 993 ἀπὸ
857 960 995 1014 τύχης
995 956 1063 992 οὐδ’
1086 960 1154 993 ἀπὸ
1172 959 1426 1004 συμπτώματος
1445 957 1538 992 δοκεῖ

541 1010 606 1042 ὕειν
632 1007 793 1042 πολλάκις
813 1006 874 1038 τοῦ
892 1006 1065 1060 χειμῶνος,
1087 1005 1164 1038 ἀλλ’
1176 1005 1234 1036 ἑοὶν
1254 1005 1318 1037 ὑπὸ
1338 1005 1437 1036 κύνα·
1459 999 1535 1036 οὐδὲ

538 1053 703 1107 καύματα
730 1050 795 1081 ύπο
819 1048 919 1090 κύνα,
949 1049 1016 1081 ἀλλ’
1048 1050 1086 1081 ἂν
1095 1050 1284 1104 χειμῶνος.
1311 1050 1349 1080 Εἰ
1375 1048 1430 1080 οὖν
1456 1049 1477 1085 ἦ
1495 1050 1535 1086 ὠς

541 1097 609 1131 ἀπὸ
639 1093 892 1149 συμπτώματος
922 1089 1015 1125 δοκε
987 1106 1013 1125 ει
1039 1093 1061 1131 ἦ
1087 1094 1136 1126 ἓνε
1139 1093 1186 1126 καί
1213 1105 1272 1126 του
1303 1105 1407 1132 ειναι,
1435 1094 1462 1124 εἰ
1476 1093 1534 1148 μή

539 1141 649 1175 οἷόντε
668 1139 763 1172 ταῦτ’
786 1135 871 1169 εἶναι
889 1137 975 1190 μήτε
1002 1139 1069 1171 ἀπο
1093 1149 1348 1182 συμπτωματος
1367 1137 1443 1191 μήτ’
1467 1137 1535 1170 ἀπὸ

541 1182 789 1237 ταύτομάτου,
825 1181 923 1214 ἕνεκα
957 1194 1016 1214 του
1050 1181 1088 1215 ἂν
1114 1184 1179 1220 εἴη.
1209 1183 1319 1214 Ἀλλοὶ
1346 1182 1411 1224 μην
1442 1181 1535 1225 φύσει

537 1232 563 1277 γ’
594 1231 665 1262 ἐστὶ
690 1226 738 1260 τοὶ
764 1227 914 1259 τοιαῦτα
939 1226 1073 1268 πάντα,
1101 1228 1141 1264 ὠς
1165 1225 1227 1259 κᾶν
1255 1226 1355 1259 αὐτοὶ
1385 1230 1479 1269 φαῖεν
1506 1228 1535 1258 οἱ

539 1276 658 1308 ταῦτα
680 1271 853 1325 λέγοντες.
885 1271 1002 1302 Ἔστιν
1030 1272 1094 1316 ἄρα
1121 1271 1161 1303 τὸ
1189 1270 1285 1303 ἕνεκα
1311 1282 1370 1302 του
1397 1271 1430 1302 ἑν
1463 1282 1533 1309 τοις

539 1319 632 1363 φύσει
656 1315 872 1370 γιγνομένοις
887 1318 945 1347 καὶ
972 1313 1075 1347 ουσιν.

465 1366 541 1398 Ἔτι
567 1365 599 1396 ἐν
627 1362 713 1398 ὅσοις
739 1359 836 1397 τέλος
861 1359 934 1391 ἐστί
961 1363 1014 1400 τί,
1042 1359 1168 1393 τούτου
1203 1358 1299 1391 ἕνεκα
1336 1358 1471 1411 προίττε
1458 1371 1535 1392 ται

540 1409 580 1441 vd
607 1406 768 1459 πρότερον
793 1406 851 1436 καὶ
877 1415 917 1436 το
945 1405 998 1448 ὲφε
1003 1405 1072 1446 ξῆς.
1100 1404 1227 1435 Οὐκοῦν
1253 1405 1294 1441 ὡς
1322 1402 1456 1458 πράττέ
1461 1415 1534 1445 ται,

541 1452 629 1485 οὕτω
649 1464 690 1483 π;
684 1450 786 1501 ’φυκε,
798 1450 856 1480 καὶ
874 1461 916 1486 ως
938 1461 979 1480 πε
967 1449 1061 1493 ’φυκε
1065 1461 1094 1489 ν,
1114 1447 1202 1480 οὕτω
1221 1447 1354 1504 προίττξ.
1341 1459 1418 1479 ςται
1437 1447 1537 1480 ἕκασ-

540 1509 616 1538 τον,
646 1494 684 1527 ἂν
710 1492 757 1538 μή
782 1505 816 1524 τι
843 1492 1019 1547 ἐμποδίζῃ.
1058 1492 1192 1547 Προίττε
1197 1504 1256 1525 ται
1281 1489 1309 1524 8’
1337 1491 1434 1524 ε’νεκοί
1459 1503 1533 1524 του·

538 1543 595 1573 καὶ
621 1553 662 1572 πε
656 1539 743 1583 φυκε
731 1549 761 1569 ,ν
789 1538 859 1591 ἄρα
893 1537 1017 1570 τούτου
1054 1537 1103 1569 ἕνε
1106 1549 1163 1569 κα.
1199 1537 1274 1568 Οῐον
1301 1537 1328 1568 εἱ
1355 1537 1443 1568 οἰκία
1469 1538 1535 1568 τῶν

539 1585 618 1639 φύσε
606 1596 632 1616 ι
656 1593 794 1638 qtyvoue
782 1583 859 1615 ’νων
886 1595 940 1623 ην,
969 1582 1075 1620 οὕτως
1103 1581 1141 1614 ἂν
1165 1581 1318 1635 ἐγίγνετο
1336 1593 1377 1618 ως
1394 1581 1450 1612 νῦν
1469 1581 1536 1613 ὑπὸ

541 1643 578 1662 τε
566 1629 675 1683 ἰχνης·
703 1628 731 1658 εἰ
755 1625 792 1660 δὲ
818 1627 865 1659 τοὶ
889 1626 982 1680 φύσει
1014 1639 1059 1670 μη
1085 1626 1186 1679 μόνον
1212 1624 1347 1680 φύσει,
1356 1625 1445 1658 ἀλλά
1476 1627 1535 1657 καὶ

538 1674 645 1718 τέχνῃ
677 1674 850 1726 γίγνοιτο,
884 1670 1046 1708 ὡσαύτως
1080 1669 1118 1702 ἄν
1147 1673 1300 1716 γίγνοιτο
1328 1668 1347 1711 ᾖ
1379 1669 1533 1713 πέφυκεν·

540 1718 637 1750 ἑνεκα
665 1718 730 1760 οίρα
756 1715 900 1760 θατέρου
926 1714 1009 1747 θάτε
1013 1726 1080 1759 ρον.

464 1806 569 1841 “’ςΟλω
598 1816 635 1835 τε
661 1804 682 1839 ’ἡ
709 1802 813 1847 τέχνη
841 1801 888 1833 τοὶ
904 1801 972 1855 μὲν
999 1801 1160 1840 ἐπιτελεῖ,
1182 1800 1239 1835 ἄη
1258 1798 1351 1841 φύσις
1375 1794 1538 1831 ἀδυνατεῖ

542 1847 814 1902 ἀπεργάσασθαι,
835 1846 883 1877 τοὶ
901 1842 939 1877 δὲ
964 1849 1132 1898 μιμειται.
1160 1845 1196 1875 Εἰ
1222 1842 1278 1875 οὖν
1298 1855 1345 1875 τα
1359 1844 1455 1876 κατοὶ
1472 1844 1535 1880 τήν

540 1906 578 1926 τέ
565 1892 662 1946 έχνην
689 1890 787 1924 ἑνεκα
811 1902 885 1931 του,
912 1885 1016 1926 δῆλον
1043 1888 1096 1921 ὅτι
1121 1890 1178 1920 καὶ
1204 1889 1252 1921 τοὶ
1274 1899 1371 1920 κατα
1396 1900 1459 1925 την
1478 1887 1536 1931 φύ-

540 1949 603 1969 σιν·
638 1937 758 1978 ὁμοίως
774 1935 851 1991 γάρ
887 1934 957 1980 ἔχει
991 1934 1086 1989 πρός
1107 1933 1239 1969 ἄλληλα
1270 1933 1302 1964 ἑν
1339 1936 1409 1970 τοις
1442 1933 1537 1965 κατοί

541 1981 663 2034 τέχνην
688 1983 746 2013 καὶ
772 1981 804 2012 ἐν
830 1982 901 2016 τοῖς
925 1978 1020 2010 κατοὶ
1044 1978 1137 2022 φύσιν
1164 1989 1211 2010 τα
1236 1975 1361 2021 ὕστερα
1386 1976 1466 2021 πρὸς
1490 1977 1537 2009 τοὶ

541 2037 646 2070 προτε
650 2037 702 2079 ρα.

474 2070 636 2104 Μάλιστα
661 2066 697 2102 δὲ
722 2078 861 2112 φανερον
888 2067 943 2098 ἐπὶ
969 2067 1033 2099 τῶν
1059 2065 1151 2107 ζῴων
1177 2065 1243 2096 τῶν
1271 2049 1394 2106 αλλων,
1417 2065 1438 2097 οἳ
1456 2064 1534 2096 οὔτε

543 2115 648 2159 τέχνῃ
682 2113 761 2146 οὔτε
793 2110 999 2154 ζητησαντα
1031 2110 1112 2142 οὔτε
1147 2109 1354 2164 βουλευσαίμε
1358 2121 1399 2141 να
1431 2113 1533 2141 ποιεῖ·

542 2159 614 2192 ὅθεν
635 2147 838 2199 διαποροῦσι
865 2167 933 2188 τινε
937 2168 950 2192 ς
978 2154 1063 2188 πότε
1051 2166 1121 2199 ρον
1139 2155 1182 2195 νῷ
1201 2167 1221 2190 η
1242 2165 1305 2186 τινι
1325 2153 1413 2194 ἄλλῳ
1429 2152 1536 2207 ἐργά-

539 2206 659 2247 ζονται
685 2202 714 2234 οἰ
740 2203 770 2234 τ’
803 2200 967 2254 ἀράχναι
973 2201 1031 2230 καὶ
1057 2202 1085 2231 οἱ
1111 2198 1276 2254 μύρμηκες
1301 2199 1359 2229 καὶ
1390 2210 1437 2230 τα
1467 2209 1537 2230 τοι-

542 2250 647 2280 αῦτα.
685 2246 788 2278 Kame
812 2244 924 2300 μικρὸν
951 2239 981 2275 8'
1011 2242 1101 2275 οὕτω
1128 2242 1279 2296 προιόντι
1311 2243 1369 2273 καὶ
1402 2243 1434 2273 ἑν
1465 2245 1534 2279 τοῖς

525 2296 655 2336 ,φυτοῖς
680 2294 838 2334 φαίνεται
863 2301 911 2321 τα
934 2299 1038 2341 auu-‘oe
1031 2287 1146 2332 ’ροντα
1178 2285 1362 2341 γιγνόμενα
1388 2286 1488 2340 πρὸς
1493 2298 1534 2325 το

540 2337 651 2377 τέλος,
671 2338 738 2368 οἷον
764 2347 812 2366 τα
835 2333 945 2377 φύλλα
965 2334 1025 2370 τῆς
1047 2333 1109 2365 τοῦ
1129 2331 1262 2384 καρποῦ
1280 2329 1377 2362 ἕνεκα
1394 2330 1531 2367 σκέπης.

532 2381 628 2413 “Ωστ’
650 2394 678 2412 ει
703 2379 782 2424 φύσε
769 2391 796 2410 ι
821 2391 858 2411 τε
885 2388 958 2410 ποιε
960 2381 974 2407 ἴ
995 2379 1053 2408 καὶ
1080 2375 1177 2408 ένεκοί
1194 2387 1254 2408 του
1272 2376 1292 2412 ’ἡ
1310 2370 1451 2429 χελιδών
1470 2386 1534 2411 την

540 2437 697 2458 νεοττιαν
722 2426 779 2455 καὶ
807 2424 822 2455 ὁ
849 2420 996 2475 ἀράχνης
1022 2433 1063 2453 το
1091 2419 1265 2474 ἀράχνιον,
1289 2422 1347 2452 καὶ
1373 2419 1420 2452 τοὶ
1446 2419 1537 2462 φυτοὶ

541 2482 587 2503 τα
606 2470 718 2522 φύλλα
739 2469 836 2500 ἕνεκα
862 2467 927 2498 τῶν
952 2466 1102 2510 καρπῶν,
1121 2467 1179 2497 καὶ
1198 2464 1258 2502 τοὶς
1271 2465 1369 2519 ῥίζας
1390 2465 1449 2496 οὐκ
1469 2463 1534 2495 ἄνω

542 2505 633 2547 ἀλλὰ
655 2513 751 2545 κοίτω
778 2511 826 2544 ’ένε
830 2523 875 2543 κα
901 2511 962 2548 τῆς
988 2511 1131 2563 τροφῆς,
1159 2508 1298 2562 φανερὸν
1324 2508 1378 2541 ὅτι
1404 2509 1494 2541 ἐστὶν
1514 2509 1534 2544 ἡ

541 2559 638 2591 αἰτία
663 2571 683 2594 η
710 2555 855 2593 τοιαύτη
884 2556 915 2587 ἐν
943 2559 1013 2592 τοῖς
1035 2554 1129 2598 φύσει
1146 2552 1353 2609 γιγνομένοις
1371 2554 1430 2584 καὶ
1448 2550 1532 2584 ουσι.

472 2604 538 2634 Καὶ
564 2604 635 2635 ἐπεὶ
661 2603 681 2639 τ’)
708 2601 800 2656 φύσις
825 2596 943 2640 διττή,
971 2600 992 2635 ἡ
1018 2599 1077 2643 μὲν
1103 2600 1143 2636 ὡς
1170 2598 1285 2639 ὕλη,η
1303 2593 1331 2629 8'
1353 2598 1394 2635 ὠς
1411 2595 1533 2652 μορφή,

540 2659 578 2679 τε
567 2647 636 2684 ’λος
661 2642 690 2678 8'
713 2645 817 2686 αὕτη,
845 2646 906 2677 τοῦ
933 2643 1050 2680 τέλους
1077 2639 1104 2674 8'
1128 2642 1225 2675 ἑνεκα
1251 2642 1298 2674 τοὶ
1320 2642 1341 2674 ἄ
1342 2643 1420 2682 λλα,
1445 2640 1533 2678 αὐτη

542 2691 579 2723 ἂν
605 2693 654 2728 εἴη
681 2704 701 2727 η
729 2691 826 2722 αιτία
851 2702 871 2726 η
900 2700 936 2721 ου
963 2688 1073 2720 ένεκα.

526 2806 728 2833 SYNOPS1s.—
753 2814 775 2832 ι
799 2804 1010 2841 Argumentum
1040 2808 1068 2830 et
1096 2801 1197 2841 divisio
1218 2807 1319 2829 textus.
1341 2816 1360 2821 —
1382 2808 1410 2828 2.
1440 2800 1536 2828 Prima

474 2845 555 2873 ratio.
572 2844 678 2872 Omnia
699 2853 772 2880 quae
786 2843 858 2871 fiunt
879 2849 928 2871 aut
948 2843 1021 2870 fiunt
1035 2851 1052 2870 a
1073 2851 1140 2870 casu
1155 2848 1203 2870 aut
1224 2847 1342 2877 propter
1363 2840 1460 2868 finem.
1478 2841 1536 2869 Sed

474 2884 648 2921 impossibile
663 2890 705 2911 est
719 2893 753 2911 ea
767 2892 840 2920 quae
855 2883 926 2911 fiunt
948 2891 1060 2918 semper
1080 2882 1123 2910 vel
1138 2887 1170 2909 ut
1184 2881 1354 2918 frequenter,
1371 2880 1499 2908 accidere
1519 2889 1536 2908 a

474 2933 550 2952 casu.
567 2923 674 2951 Omnia
687 2930 782 2951 autem
805 2932 878 2959 quae
893 2923 965 2950 fiunt
979 2922 1138 2950 secundum
1153 2928 1286 2949 naturam
1298 2921 1380 2957 ,fiunt
1394 2920 1439 2948 vel
1460 2930 1537 2948 sem-

474 2973 525 3000 per
539 2964 581 2990 vel
596 2969 627 2990 ut
641 2963 810 2999 frequenter,
822 2969 853 2990 ut
863 2962 915 2998 ipsi
930 2961 1083 2990 adversarii
1098 2961 1284 2995 confitentum
1300 2970 1368 2998 ergo
1383 2960 1456 2988 fiunt
1469 2969 1535 2996 pro-

474 3009 537 3039 pter
558 3002 653 3030 finem.
669 3019 687 3023 -
704 3001 728 3030 3.
745 3003 876 3030 Secunda
897 3002 979 3030 ratio.
1001 3002 1080 3029 Sicut
1104 3001 1212 3038 aliquid
1240 3000 1332 3038 agitur
1353 3000 1534 3036 naturaliter,

475 3042 515 3070 sic
542 3048 641 3078 aptum
668 3048 767 3070 natum
796 3048 837 3070 est
865 3042 925 3078 agi3
955 3042 1005 3069 sed
1033 3050 1067 3069 ea
1088 3050 1162 3078 quae
1190 3041 1262 3069 fiunt
1292 3039 1472 3075 naturaliter,
1495 3040 1535 3068 sic

475 3088 597 3118 aguntur
612 3082 690 3118 quod
712 3081 886 3109 inducuntur
906 3081 942 3109 ad
963 3081 1068 3115 finem·,
1083 3090 1151 3117 ergo
1173 3080 1213 3109 sic
1234 3087 1301 3117 apta
1315 3087 1382 3108 nata
1403 3086 1470 3108 sunt
1490 3080 1534 3117 agi

475 3128 506 3149 ut
527 3121 583 3149 sint
602 3127 719 3158 propter
741 3121 836 3149 finem.
859 3138 877 3142 -
891 3130 918 3156 4.
934 3121 1032 3149 Tertia
1052 3120 1141 3156 ratio,
1165 3129 1238 3157 quae
1259 3126 1356 3157 potest
1377 3119 1433 3148 dici
1455 3129 1534 3148 com-

483 3247 511 3271 1.
553 3279 556 3284 .
592 3245 718 3286 „Ag-w„
731 3242 824 3271 081ta
863 3234 1042 3283 opinione
1080 3242 1116 3271 et
1153 3233 1295 3271 ratione
1330 3234 1532 3272 dicentium

602 3282 610 3290 ‘
677 3293 904 3354 ⁴nfenaturam
924 3299 1002 3324 non
1022 3299 1133 3335 agere
1148 3294 1302 3336 propter
1322 3287 1452 3334 finem,
1473 3287 1534 3324 hic

530 3358 532 3360 -
591 3312 921 3390 Qimprobat
940 3352 1046 3376 eam:
1069 3347 1104 3376 et
1130 3339 1255 3389 primo
1280 3352 1348 3388 per
1371 3340 1534 3377 rationes

539 3406 567 3423 ψ’
592 3373 718 3434 ῑῗῆῗρἓ
720 3393 923 3441 proprias3
950 3392 1118 3430 secundo
1147 3405 1216 3442 per
1244 3392 1405 3430 rationes
1433 3406 1535 3430 sum—

477 3450 559 3490 ptas
579 3443 625 3478 ab
650 3443 691 3479 iis
720 3456 764 3480 ex
784 3445 919 3493 quibus
939 3445 1142 3482 adversarii
1162 3445 1390 3482 contrarium
1411 3454 1535 3483 osten-

480 3494 568 3531 dere
583 3494 804 3543 nitebantur,
821 3497 890 3533 ibi:
911 3499 1107 3535 Peccatum
1127 3504 1250 3535 autem
1263 3499 1316 3546 fit
1334 3499 1353 3520 *
1382 3506 1450 3535 etc.

534 3558 567 3583 2.
590 3547 698 3583 Circa
726 3549 890 3596 primum
919 3551 1024 3598 ponit
1043 3551 1209 3600 quinque
1239 3551 1412 3589 rationes.
1434 3552 1536 3599 Qua-

1590 830 1607 848 *
1621 830 1683 861 Sed
1701 830 1895 871 impossibile
1908 838 1954 862 est
1965 832 2023 862 ista
2034 832 2119 863 hunc
2133 833 2247 864 habere
2259 834 2404 866 modum
2415 834 2503 865 Haec
2518 835 2686 886 quidem

1658 874 1763 913 enim,
1792 882 1822 906 et
1845 885 2066 917 quaecumque
2089 884 2163 908 sunt
2186 887 2203 908 a
2226 884 2354 917 natura,
2379 885 2433 909 aut
2457 889 2581 920 semper
2604 879 2647 910 sic

1656 918 1738 950 fiunt
1770 926 1824 950 aut
1854 920 1934 950 sicut
1963 920 2162 962 frequenter;
2194 922 2249 952 sed
2272 932 2385 953 eorum
2419 933 2500 964 quae
2529 930 2603 954 sunt
2632 934 2651 954 a

1658 962 1784 994 fortuna
1803 970 1834 994 et
1859 973 1915 1004 per
1938 973 1970 994 se
1997 975 2097 1003 vano,
2121 965 2216 996 nihil.
2241 976 2345 1006 neque
2375 966 2461 997 enim
2484 977 2501 997 a
2525 967 2651 999 fortuna

1657 1017 1760 1048 neque
1777 1018 1794 1038 a
1811 1017 1884 1038 casu
1902 1008 2026 1039 videtur
2041 1009 2149 1049 pluere
2173 1010 2334 1040 multoties
2357 1010 2472 1050 hieme,
2497 1012 2551 1042 sed
2570 1011 2650 1043 forte

1657 1052 1716 1082 sub
1745 1059 1838 1090 cane;
1871 1062 1974 1093 neque
2005 1062 2117 1083 cauma
2149 1054 2208 1084 sub
2232 1063 2328 1092 cane,
2351 1054 2407 1084 sed
2429 1055 2456 1084 si
2478 1055 2592 1087 hieme.
2617 1056 2650 1087 Si

1657 1095 1752 1135 igitur
1770 1106 1788 1126 a
1812 1106 1885 1127 casu
1907 1096 2054 1127 videntur
2082 1104 2136 1128 aut
2160 1105 2288 1137 propter
2318 1098 2380 1128 hoc
2403 1105 2487 1137 esse3
2511 1099 2566 1129 sed
2584 1109 2650 1130 non

1657 1140 1806 1180 possibile
1830 1147 1876 1171 est
1898 1140 1960 1171 hoc
1984 1151 2049 1171 esse
2067 1151 2170 1182 neque
2186 1151 2204 1171 a
2223 1151 2296 1172 casu
2316 1148 2370 1172 aut
2384 1151 2403 1172 a
2418 1142 2561 1181 fortuna;
2578 1153 2650 1183 pro-

1658 1191 1726 1224 pter
1749 1184 1868 1225 aliquid
1892 1184 2002 1225 utique
2026 1191 2126 1215 erunt.
2152 1187 2195 1216 At
2216 1195 2291 1215 vero
2316 1192 2426 1216 natura
2447 1193 2521 1218 sunt
2540 1186 2650 1218 huius-

1656 1228 1746 1258 modi
1770 1228 1888 1266 omnia,
1913 1229 2188 1269 quemadmodum
2208 1235 2238 1259 et
2256 1229 2316 1270 ipsi
2334 1229 2501 1262 firmabant
2523 1230 2584 1262 hoc
2604 1231 2650 1261 di-

1657 1278 1776 1303 centes.
1810 1279 1856 1303 est
1883 1273 1990 1313 itaque
2021 1273 2111 1313 quod
2140 1279 2268 1314 propter
2295 1273 2414 1315 aliquid
2436 1274 2469 1305 in
2497 1275 2546 1306 his
2569 1285 2650 1317 quae

1657 1323 1767 1347 natura
1790 1316 1871 1347 fiunt
1890 1323 1921 1347 et
1944 1323 2025 1347 sunt.

1589 1360 1606 1379 *
1620 1361 1805 1400 AmpliuS‚
1797 1371 1829 1391 ln
1854 1361 2110 1402 quibuscumque
2133 1360 2203 1391 finis
2227 1361 2340 1402 aliquis
2364 1368 2421 1400 est,
2437 1362 2532 1394 huius
2556 1373 2650 1394 causa

1658 1405 1759 1445 agitur
1783 1406 1872 1445 quod
1895 1405 1982 1445 prius
2013 1411 2043 1436 et
2071 1405 2159 1446 quod
2187 1413 2424 1447 consequenter.
2457 1407 2541 1447 Ergo
2569 1407 2651 1438 sicut

1657 1449 1775 1489 agitur,
1801 1448 1843 1479 sic
1867 1455 1978 1489 aptum
2001 1455 2113 1480 natum
2141 1456 2206 1480 est:
2231 1456 2261 1480 et
2289 1450 2370 1481 sicut
2399 1456 2510 1490 aptum
2539 1457 2651 1483 natum

1657 1500 1714 1531 est,
1739 1493 1782 1524 sic
1805 1493 1907 1533 agitur
1931 1493 2197 1534 unumquodque,
2222 1494 2329 1524 sinon
2349 1494 2469 1535 aliquid
2486 1494 2649 1535 impediat.

1656 1537 1770 1577 Agitur
1792 1545 1899 1568 autem
1922 1544 2052 1578 propter
2065 1537 2141 1568 hoc:
2166 1544 2197 1568 et
2214 1544 2326 1578 aptum
2349 1537 2455 1580 itaque
2475 1546 2586 1570 natum
2605 1546 2652 1570 est

1657 1581 1752 1612 huius
1777 1591 1880 1612 causa.
1910 1581 1953 1612 Ut
1976 1581 2002 1612 si
2026 1582 2142 1612 domus
2173 1589 2254 1613 esset
2286 1591 2398 1612 eorum
2426 1593 2507 1623 quae
2539 1590 2651 1614 natura

1657 1625 1749 1664 fiunt,
1773 1626 1816 1656 sic
1839 1626 1949 1666 utique
1972 1625 2052 1657 facta
2075 1632 2164 1664 esset,
2189 1625 2270 1657 sicut
2291 1636 2376 1657 nunc
2395 1627 2434 1657 ab
2455 1634 2519 1658 arte
2543 1634 2605 1658 est:
2625 1627 2651 1658 si

1658 1676 1764 1700 autem
1787 1679 1868 1710 quae
1884 1676 2006 1708 natura,
2025 1679 2092 1700 non
2111 1670 2218 1701 solum
2236 1677 2347 1701 natura
2373 1671 2428 1701 sed
2446 1677 2510 1702 arte
2524 1670 2649 1710 fierent,

1658 1713 1799 1744 similiter
1814 1713 1924 1754 utique
1942 1713 2052 1744 fierent
2077 1713 2252 1745 secundum
2273 1715 2360 1755 quod
2388 1721 2460 1756 apta
2479 1722 2551 1746 nata
2566 1718 2648 1747 sunt.

1657 1758 1789 1798 Propter
1811 1767 1885 1797 ergo
1908 1757 2053 1796 alterum,
2077 1757 2218 1789 alterum.

1591 1799 1606 1816 '¹‘
1622 1802 1765 1833 Omnino
1789 1808 1896 1832 autem
1912 1812 1960 1832 ars
1983 1802 2043 1832 alia
2066 1802 2196 1842 quidem
2219 1802 2338 1843 perficit
2354 1813 2435 1844 quae
2459 1809 2570 1834 natura
2585 1813 2651 1834 non

1658 1853 1762 1886 potest
1785 1846 1918 1886 operari,
1943 1846 2003 1876 alia
2025 1856 2100 1877 vero
2124 1846 2273 1878 imitatur.
2298 1847 2331 1878 Si
2354 1847 2450 1888 igitur
2472 1857 2554 1889 quae
2577 1854 2652 1879 suut

1658 1890 1834 1921 secundum
1858 1896 1956 1920 artem
1974 1897 2103 1931 propter
2127 1891 2203 1921 haec
2219 1895 2311 1929 sunt',
2336 1891 2540 1923 manifestum
2563 1891 2652 1933 quod

1658 1941 1688 1965 et
1703 1944 1783 1975 quae
1799 1941 1873 1964 sunt
1888 1935 2064 1965 secundum
2080 1941 2234 1966 naturam.
2248 1935 2403 1966 ‘Similiter
2430 1935 2515 1966 enim
2540 1946 2573 1967 se
2595 1936 2652 1967 ha-

1657 1979 1732 2009 bent
1755 1978 1795 2008 ad
1818 1978 1952 2008 invicem
1975 1978 2008 2008 in
2031 1979 2068 2009 iis
2092 1989 2173 2020 quae
2202 1986 2275 2010 sunt
2298 1980 2474 2010 secundum
2499 1980 2598 2011 artem
2622 1987 2653 2011 et

1657 2023 1689 2053 in
1713 2022 1750 2052 iis
1774 2032 1855 2063 quae
1879 2023 2055 2053 secundum
2078 2030 2234 2062 naturam,
2258 2023 2433 2064 posteriora
2452 2024 2491 2054 ad
2514 2024 2628 2065 priora.

1589 2067 1606 2086 *
1622 2066 1757 2098 Maxime
1774 2074 1880 2097 autern
1895 2066 2098 2098 manifestum
2115 2074 2161 2098 est
2178 2067 2211 2098 in
2231 2067 2428 2106 animalibus,
2449 2077 2530 2109 quae
2549 2077 2652 2110 neque

1656 2117 1720 2141 arte
1740 2120 1843 2151 neque
1868 2110 2057 2151 inquirendo
2083 2121 2186 2152 neque
2201 2112 2401 2142 deliberando
2416 2112 2543 2143 faciunt.
2559 2113 2652 2143 Unde

1657 2155 1802 2185 dubitant
1817 2154 1948 2195 quidam
1969 2161 2078 2185 utrum
2094 2155 2253 2186 intellectu
2269 2163 2324 2186 aut
2339 2156 2482 2197 quodam
2497 2156 2560 2187 alio
2575 2166 2652 2198 ope-

1656 2205 1764 2229 rentur
1779 2198 1882 2228 aranei
1899 2205 1930 2229 et
1945 2198 2094 2230 formicae
2111 2205 2141 2230 et
2159 2199 2354 2231 huiusmodi.
2370 2200 2527 2231 Paulatim
2546 2207 2654 2232 autem

1657 2243 1700 2273 sic
1723 2242 1916 2283 procedenti,
1937 2249 1968 2273 et
1985 2242 2017 2273 in
2033 2243 2146 2283 plantis
2170 2251 2322 2284 apparent
2340 2245 2535 2284 expedientia
2558 2254 2654 2286 quae-

1657 2287 1731 2317 dam
1754 2286 1834 2318 facta
1857 2293 1985 2327 propter
2007 2286 2115 2326 finem,
2133 2294 2168 2318 ut
2188 2287 2263 2318 folia
2286 2295 2415 2329 propter
2437 2288 2557 2320 fructus
2577 2298 2653 2320 coo-

1657 2331 1880 2372 perimentum.
1907 2332 2035 2370 Quare,'
2048 2331 2073 2362 si
2097 2338 2208 2362 natura
2231 2331 2305 2363 facit
2328 2339 2359 2363 et
2380 2339 2510 2373 propter
2527 2333 2589 2364 hoc
2604 2333 2651 2364 hi-

1657 2375 1760 2406 rundo
1784 2375 1908 2414 nidum,
1932 2382 1963 2406 et
1986 2385 2118 2406 araneus
2141 2376 2252 2414 telam,
2269 2382 2300 2407 et
2317 2376 2442 2416 plantae
2461 2376 2537 2408 folia
2554 2377 2654 2417 gratia

1658 2419 1835 2457 fructuum,
1861 2426 1891 2450 et
1914 2419 2031 2450 radices
2058 2430 2124 2450 non
2154 2430 2281 2451 sursum
2304 2420 2359 2450 sed
2382 2420 2533 2451 deorsum
2554 2421 2652 2461 gratia

1658 2463 1862 2502 nutrimenti;
1886 2463 2091 2495 manifestum
2114 2465 2201 2505 quod
2225 2471 2271 2495 est
2294 2474 2387 2495 causa
2410 2464 2595 2496 huiusmodi
2618 2465 2651 2496 in

1658 2507 1695 2538 iis
1720 2517 1800 2549 quae
1824 2514 1935 2538 natura
1957 2506 2038 2539 fiunt
2061 2515 2092 2538 et
2114 2515 2197 2539 sunt.

1590 2597 1608 2616 *
1622 2597 1662 2627 Et
1685 2597 1838 2637 quoniam
1853 2603 1964 2627 natura
1988 2597 2164 2638 dupliciter,
2179 2597 2239 2627 alia
2254 2597 2385 2638 quidem
2408 2597 2489 2629 sicut
2511 2597 2651 2637 materia,

1658 2641 1717 2672 alia
1731 2651 1806 2671 vero
1822 2641 1902 2672 sicut
1914 2641 2031 2679 forma;
2047 2640 2118 2671 finis
2132 2648 2239 2684 autem
2254 2642 2331 2672 haec
2345 2648 2401 2680 est,
2413 2649 2542 2682 propter
2554 2641 2653 2673 finem

1658 2692 1764 2716 autem
1787 2685 1847 2715 alia
1871 2692 1959 2723 sunt;
1983 2685 2060 2716 haec
2083 2685 2193 2726 utique
2217 2686 2274 2717 erit
2297 2696 2390 2717 causa
2413 2686 2503 2717 cuius
2521 2686 2628 2727 gratia.

1589 2800 1766 2837 plementum
1794 2806 1822 2827 et
1850 2799 1998 2836 explicatio
2026 2799 2138 2836 prioris.
2160 2801 2216 2828 Ars
2242 2799 2370 2828 imitatur
2397 2806 2546 2836 naturam3
2572 2801 2652 2838 atqui

1589 2849 1635 2868 ars
1650 2839 1707 2877 agit
1720 2845 1839 2876 propter
1853 2839 1954 2874 finem3
1970 2849 2077 2876 erga-
2058 2840 2114 2868 -.5
2127 2840 2236 2875 Quarta
2250 2840 2332 2869 ratio.
2347 2839 2577 2869 Manifestissime
2589 2840 2652 2869 ani-

1590 2879 1676 2908 malia
1696 2885 1785 2916 agunt
1805 2885 1923 2924 propter
1937 2861 2035 2913 finem;
2050 2886 2079 2907 at
2092 2889 2153 2907 non
2173 2886 2262 2917 agunt
2275 2889 2327 2917 per
2345 2879 2580 2908 deliberationem
2601 2889 2651 2908 ne-

2704 844 2758 872 seq.
2777 850 2827 872 cap.
2846 851 2888 868 νιιι

2678 874 2699 892 et
2713 874 2767 893 text.
2783 877 2816 899 77.

2675 1372 2690 1384 ·
2699 1371 2767 1394 Text.
2781 1371 2818 1400 78.

2679 1808 2690 1819 ⁸
2703 1806 2770 1830 Text.
2784 1813 2821 1836 79.

2677 2078 2689 2089 ⁴·
2703 2077 2770 2099 Text.
2785 2077 2822 2100 80.

2678 2608 2689 2619 ⁸
2703 2607 2771 2630 Text.
2785 2608 2817 2630 81.

1590 2929 1646 2956 que
1667 2929 1719 2956 per
1739 2919 1955 2956 inquisitionem
1981 2928 2075 2956 neque
2096 2928 2148 2955 per
2168 2926 2275 2955 artem;
2300 2929 2368 2956 ergo
2389 2927 2450 2947 non
2470 2927 2522 2956 per
2541 2918 2651 2948 intelle-
2677 2936 2681 2939 -

1590 2966 1685 2994 ctum,
1708 2959 1758 2987 sed
1779 2968 1831 2995 per
1858 2965 2007 2994 naturam;
2029 2967 2098 2996 ergo
2119 2965 2222 2987 natura
2246 2965 2364 3004 propter
2390 2958 2478 2987 finem
2505 2965 2650 2996 operatur.

1589 3000 1668 3027 ldem
1689 3005 1807 3036 apparet
1821 2998 1851 3026 in
1872 2998 1986 3035 plantis.
2001 3015 2020 3020 -
2035 2999 2062 3026 6.
2079 2998 2188 3033 Quinta
2208 2999 2290 3027 ratio.
2310 2998 2436 3027 Forma'
2429 3008 2459 3026 m
2473 2999 2651 3028 naturalibus

1589 3045 1631 3067 est
1645 3038 1708 3067 finis
1723 3038 1927 3076 generationis.
1943 3039 1993 3066 sed
2007 3039 2042 3066 de
2063 3037 2174 3066 ratione
2188 3038 2254 3067 finis
2274 3045 2317 3066 est
2331 3039 2410 3076 quod
2431 3038 2486 3067 alia
2500 3038 2570 3067 fiant
2583 3048 2654 3076 pro-

1589 3085 1652 3116 pter
1672 3078 1782 3115 ipsum:
1805 3087 1873 3115 ergo
1895 3087 1956 3106 esse
1984 3084 2011 3106 et
2039 3077 2100 3106 fieri
2127 3085 2244 3115 propter
2265 3078 2352 3107 finem
2379 3077 2524 3107 invenitur
2550 3078 2580 3106 in
2607 3088 2651 3107 re-

1590 3121 1643 3148 bus
1674 3118 1860 3147 naturalibus.

1588 3247 1672 3272 rum
1693 3234 1816 3284 prima
1834 3233 1915 3271 talis
1935 3241 2000 3271 est.
2023 3233 2166 3271 Omnia
2193 3245 2292 3282 quae
2310 3233 2407 3270 fiunt
2425 3232 2650 3279 naturaliter,

1589 3295 1654 3325 aut
1680 3288 1776 3325 fiunt
1794 3287 1889 3324 sicut
1916 3298 2078 3336 semper,
2108 3294 2173 3324 aut
2199 3286 2294 3323 sicut
2320 3286 2555 3336 frequenter:
2584 3285 2651 3323 sed

1589 3341 1679 3378 nihil
1708 3352 1842 3378 eorum
1866 3352 1964 3389 quae
1982 3340 2079 3377 fiunt
2093 3352 2115 3376 a
2142 3339 2291 3377 fortuna
2309 3339 2371 3377 vel
2390 3351 2459 3388 per
2477 3351 2518 3376 se
2535 3350 2649 3386 vanc,

1590 3394 1686 3431 idest
1713 3406 1735 3430 a
1764 3405 1870 3440 casu,
1897 3394 1940 3430 fit
1971 3404 2123 3442 semper
2148 3393 2210 3430 vel
2237 3400 2279 3429 ut
2306 3392 2530 3442 frequenter.
2560 3391 2650 3428 Non

1591 3447 1692 3484 enim
1721 3446 1882 3484 dicimus
1909 3446 2014 3495 quod
2035 3458 2056 3482 a
2076 3446 2223 3483 fortuna
2241 3446 2303 3482 vel
2322 3457 2344 3482 a
2364 3457 2453 3482 casu
2472 3444 2525 3491 fit,
2545 3442 2650 3492 quod

1590 3499 1781 3537 multoties
1808 3500 1912 3548 pluat
1940 3499 1978 3536 in
2005 3498 2151 3544 hieme3
2181 3498 2249 3535 sed
2277 3498 2487 3536 diceremus
2517 3508 2599 3533 esse
2628 3507 2650 3533 a

1593 3565 1682 3590 casu
1698 3552 1727 3589 si
1747 3553 1841 3589 forte
1856 3552 2019 3588 multum
2032 3552 2176 3600 plueret
2189 3552 2258 3588 sub
2272 3562 2376 3596 cane,
2392 3549 2431 3587 id
2451 3556 2505 3586 est
2519 3549 2557 3586 in
2573 3548 2648 3586 die-
