2898 3996
250 751 258 759 ”
273 751 376 771 movetur
389 757 412 772 P.

249 860 258 868 ·
269 859 338 886 prius
352 865 372 880 ι’.

249 913 257 920 ·
273 911 315 932 aed
327 911 381 933 add.
391 917 456 933 παι.

244 1167 255 1178 ⁸
269 1167 340 1190 Num.
347 1173 366 1196 5,
377 1167 399 1189 6.

242 1697 251 1704 ¹
267 1701 345 1717 omnes
356 1702 402 1718 om.
413 1702 450 1719 to.

239 2047 262 2062 n
242 2014 330 2063 'lgecn
345 2015 449 2043 praeced.

240 2230 249 2239 '
266 2228 328 2251 Lect.
336 2235 357 2257 v,
372 2235 395 2251 n.
403 2235 435 2252 xo.

245 3277 451 3300 ·velcodd.exc.n.

490 301 564 348 296

487 379 599 428 igitur
615 378 739 428 primo
758 377 910 426 ponitur
928 376 1097 413 moveri*
1111 375 1149 412 in
1174 382 1265 433 toto,
1290 381 1439 423 oportet
1466 374 1539 410 hoc

488 432 669 480 accipere,
699 430 804 478 quod
828 430 867 466 in
895 429 1059 477 qualibet
1084 435 1190 476 parte
1219 427 1299 463 eius
1326 433 1538 463 moveatur.

489 484 565 522 Sed
584 491 733 541 tempus
753 481 953 519 dividitur
945 494 984 518 in
1003 481 1202 527 infinitum,
1223 479 1318 516 sicut
1337 486 1374 515 et
1391 478 1538 527 quodli-

487 538 551 574 bet
570 535 808 581 continuum;
838 542 874 570 et
892 534 941 570 ita
960 545 1110 591 semper
1130 540 1184 569 est
1203 531 1372 580 accipere
1390 538 1536 579 partem

487 589 675 626 minorem
703 594 787 623 ante
814 594 960 635 partem
980 585 1180 630 maiorem3
1210 585 1304 621 sicut
1335 583 1364 620 si
1393 583 1536 631 accipe-

487 654 568 678 rem
598 639 699 676 diem
736 646 820 676 ante
849 650 1042 684 mensem,
1073 645 1108 674 et
1134 638 1270 673 horam
1307 643 1392 672 ante
1422 636 1534 672 diem.

486 692 728 730 Manifestum
758 698 812 728 est
840 703 927 738 ergo
955 690 1059 738 quod
1087 702 1164 726 non
1194 697 1248 726 est
1276 689 1446 737 accipere
1473 687 1536 724 ali-

485 746 576 794 quid
595 743 775 792 temporis
802 743 840 780 in
859 755 935 792 quo
955 742 1078 790 primo
1099 749 1297 778 moveatur
1319 742 1354 763 ³¹⁶·
1346 740 1425 786 ,ita
1444 740 1536 776 scili-

485 806 543 835 cet
570 796 673 846 quod
700 809 778 833 non
805 795 851 832 sit
877 795 1046 843 accipere
1075 794 1239 853 aliquam
1266 801 1413 842 partem
1442 793 1533 839 eius,

483 851 523 887 in
550 862 625 898 qua
650 849 773 908 primo
793 849 1040 885 ''ſtrmoveatur
1071 847 1174 883 Sicut
1201 846 1231 883 si
1259 846 1410 883 daretur
1429 845 1534 893 quod

484 903 563 939 dies
587 909 642 939 est
660 901 698 938 in
716 913 792 949 quo
811 900 935 959 primo
955 899 1094 948 aliquid
1117 905 1304 944 movetur,
1325 899 1345 919 ³¹²
1363 898 1438 934 hoe
1456 910 1533 936 non

481 962 605 1004 potest
632 966 733 999 esse;
763 953 849 1001 quia
875 952 914 989 in
935 959 1041 1001 parte
1069 951 1159 999 eius,
1181 951 1319 988 scilicet
1346 951 1384 988 in
1410 950 1534 999 prima

481 1009 575 1045 hora
603 1006 686 1053 diei,
706 1005 830 1054 primo
858 1012 1035 1041 movetur
1062 1016 1178 1053 quam
1205 1003 1244 1040 in
1271 1011 1350 1041 toto
1380 1003 1452 1041 die.

535 1072 570 1108 7.
591 1059 738 1096 Deinde
767 1070 853 1094 cum
874 1057 977 1094 dicit:
1001 1058 1136 1106 Neque
1164 1057 1278 1106 igitur
1305 1057 1342 1093 in
1371 1068 1414 1093 eo
1434 1057 1535 1104 quod

481 1117 661 1149 mutatum
681 1117 733 1148 est
759 1117 841 1157 etc„
863 1109 1024 1147 ostendit
1041 1109 1143 1147 idem
1172 1122 1216 1146 ex
1234 1117 1340 1158 parte
1359 1109 1530 1155 mobilis;

481 1164 708 1201 concludens
737 1175 781 1199 ex
807 1162 1022 1212 praemissis
1051 1164 1070 1184 *
1099 1162 1201 1211 quod
1230 1174 1354 1210 neque
1382 1162 1424 1199 in>
1448 1161 1531 1210 ipso

481 1217 584 1266 quod
611 1223 775 1253 mutatur
812 1223 866 1252 est
901 1215 1071 1264 accipere
1103 1214 1242 1263 aliquid
1275 1215 1380 1263 quod
1406 1214 1530 1264 primo

480 1277 654 1306 mutetur.
679 1268 796 1316 Quod
824 1267 977 1316 quidem
1005 1268 1286 1316 intelligendum
1316 1275 1371 1304 est
1398 1280 1530 1304 secun-

481 1322 573 1359 dum
601 1321 704 1371 quod
731 1333 799 1370 per
826 1328 974 1357 motum
1002 1321 1114 1357 totius
1141 1321 1202 1358 vel
1229 1320 1343 1369 partis
1377 1320 1529 1368 aliquod

480 1375 769 1412 determinatum
785 1373 933 1422 signum
946 1373 1203 1422 pertransitur:
1219 1373 1460 1410 manifestum
1477 1380 1531 1410 est

480 1428 581 1464 enirn
601 1427 704 1476 quod
722 1427 845 1476 primo
864 1427 1062 1475 pertransit
1079 1426 1220 1475 aliquid
1236 1425 1530 1463 >determinatum

477 1480 601 1528 prima
627 1492 714 1528 pars
741 1479 910 1526 mobilis,
938 1486 974 1515 et
1001 1479 1168 1516 secundo
1198 1479 1384 1526 secunda,
1416 1486 1451 1516 et
1478 1479 1531 1516 sic

479 1529 666 1581 deinceps.
701 1532 878 1580 Alioquin
910 1532 940 1568 si
967 1531 1229 1579 intelligeretur
1257 1533 1303 1569 de
1331 1538 1438 1568 motu
1465 1532 1530 1568 ab·

477 1586 609 1632 solute,
630 1597 707 1622 non
733 1585 889 1621 haberet
915 1585 1042 1621 locum
1071 1585 1174 1633 quod
1193 1585 1253 1621 hic
1273 1584 1420 1621 dicitur:
1450 1596 1529 1621 ma-

477 1638 653 1674 nifestum
681 1645 736 1674 est
759 1637 858 1673 enim
886 1638 990 1686 quod
1014 1637 1122 1674 simul
1149 1645 1326 1674 movetur
1352 1644 1473 1674 totum
1493 1644 1528 1674 et

477 1702 609 1727 omnes
629 1691 791 1739 *partes
811 1690 907 1727 eius:
937 1690 1004 1727 sed
1023 1703 1101 1727 non
1120 1690 1229 1727 simul
1248 1690 1447 1740 pertransit
1465 1690 1530 1727 ali-

477 1743 567 1792 quid
588 1743 885 1789 determinatum,
907 1743 973 1780 sed
993 1755 1143 1791 semper
1160 1755 1248 1791 pars
1267 1751 1352 1780 ante
1370 1751 1527 1792 panem.

476 1795 586 1833 Unde
614 1796 707 1832 sicut
725 1808 803 1832 non
827 1803 881 1832 est
909 1795 1078 1844 accipere
1096 1795 1257 1845 primam
1275 1804 1421 1855 partem
1447 1809 1529 1832 mo-

475 1848 570 1896 bilis,
591 1856 676 1885 ante
695 1860 810 1896 quam
837 1860 915 1884 non
933 1848 980 1885 sit
1006 1849 1077 1885 alia
1094 1861 1182 1898 pars
1209 1849 1353 1895 minor;
1382 1849 1432 1885 ita
1451 1861 1529 1886 non

476 1907 532 1937 est
559 1901 726 1949 accipere
746 1901 909 1950 aliquam
936 1909 1082 1950 partem
1099 1902 1260 1949 mobilis,
1281 1914 1378 1950 quae
1406 1901 1528 1950 primo

475 1961 684 1991 moveatur.
706 1954 755 1990 Et
782 1953 870 2002 quia
896 1961 1044 2003 tempus
1065 1961 1100 1991 et
1125 1954 1264 1991 mobile
1293 1954 1458 1991 similiter
1477 1954 1530 1991 di-

474 2005 665 2054 viduntur,
684 2013 726 2043 ut
740 2007 884 2055 supra*
898 2014 1091 2044 ostensum
1107 2014 1172 2054 est,
1195 2007 1465 2044 convenienter
1485 2019 1529 2044 ex

477 2070 522 2096 eo
550 2059 655 2108 quod
674 2060 969 2097 demonstratum
990 2068 1045 2097 est
1073 2060 1119 2097 de
1138 2067 1320 2109 ternpore,
1343 2060 1531 2098 concludit

475 2111 578 2149 idem
606 2112 653 2149 de
682 2112 829 2149 mobili:
851 2119 886 2149 et
912 2113 1050 2162 probat
1077 2113 1140 2151 sic.

530 2167 584 2205 Sit
615 2167 754 2204 mobile
786 2167 909 2216 ipsum
942 2167 1030 2204 DE:
1060 2174 1097 2203 et
1123 2166 1211 2215 quia
1244 2179 1356 2203 omne
1388 2167 1528 2203 mobile

477 2220 660 2258 divisibile
694 2227 759 2267 est,
792 2227 834 2256 ut
862 2232 973 2268 supra
990 2220 1011 2241 '⁸
1028 2219 1231 2268 probatum
1259 2227 1334 2267 est,
1368 2219 1413 2255 sit
1440 2231 1528 2268 pars

477 2273 556 2309 eius
577 2285 671 2322 quae
691 2272 813 2321 primo
841 2279 1016 2309 movetur
1038 2273 1117 2308 DZ.
1139 2273 1187 2308 Et
1213 2279 1413 2309 moveatur
1431 2272 1498 2308 DZ
1514 2277 1528 2292 ’²

474 2325 769 2375 pertranseundo
799 2325 951 2374 aliquod
988 2324 1274 2361 determinatum
1310 2324 1457 2372 signum
1491 2324 1529 2361 in

475 2385 644 2426 tempore
669 2377 772 2426 quod
800 2377 845 2414 sit
872 2378 935 2414 TI.
967 2377 1006 2414 Si
1034 2377 1142 2425 igitur
1167 2378 1234 2414 DZ
1258 2385 1444 2414 mutatum
1475 2384 1529 2414 est

475 2430 514 2467 in
541 2438 619 2467 toto
647 2431 721 2467 hoc
747 2438 937 2479 tempore,
966 2430 1133 2478 sequitur
1161 2429 1265 2479 quod
1297 2429 1387 2467 illud
1424 2430 1528 2478 quod

475 2491 659 2520 mutatum
697 2490 751 2520 est
786 2482 824 2519 in
860 2482 986 2519 medio
1024 2483 1222 2532 temporis,
1258 2482 1304 2519 sit
1333 2482 1459 2519 minus
1492 2490 1529 2519 et

474 2536 576 2584 prius
602 2543 748 2572 motum
783 2547 896 2584 quam
925 2536 1013 2582 DZ3
1044 2542 1079 2572 et
1107 2537 1241 2572 eadem
1278 2535 1421 2572 ratione
1460 2535 1528 2572 erit

475 2588 575 2626 aliud
602 2588 705 2637 prius
733 2588 815 2635 isto,
837 2595 873 2624 et
890 2587 1025 2624 iterum
1049 2588 1149 2625 aliud
1175 2588 1279 2636 prius
1307 2588 1382 2636 illo,
1412 2595 1448 2625 et
1476 2588 1529 2625 sic

475 2653 640 2690 semper;
670 2641 757 2689 quia
784 2648 932 2689 tempus
951 2640 989 2677 in
1008 2641 1196 2677 infinitum
1224 2640 1410 2678 dividitur.
1445 2642 1527 2678 Ma-

475 2694 649 2730 nifestum
674 2701 728 2730 est
747 2705 835 2752 ergo
856 2693 986 2742 quod
979 2705 1016 2730 in
1035 2693 1166 2730 mobili
1186 2705 1264 2730 non
1285 2701 1340 2730 est
1358 2693 1528 2753 accipere

476 2746 615 2794 aliquid
639 2746 741 2804 quod
768 2745 890 2795 primo
918 2753 1104 2782 mutatum
1133 2753 1197 2782 est.
1218 2766 1241 2773 -
1261 2747 1310 2783 Et
1337 2746 1390 2783 sic
1425 2754 1527 2795 patet

476 2799 580 2847 quod
606 2798 769 2848 primum
797 2797 835 2834 in
861 2804 967 2834 motu
995 2810 1074 2835 non
1101 2805 1224 2847 potest
1255 2798 1371 2848 accipi
1404 2811 1527 2848 neque

477 2863 522 2888 ex
548 2858 652 2900 parte
671 2850 851 2899 temporis
879 2862 1001 2898 neque
1031 2862 1076 2886 ex
1102 2858 1207 2900 parte
1234 2852 1394 2889 mobilis.

531 2905 564 2940 8.
586 2903 732 2940 Deinde
761 2915 847 2939 cum
875 2903 976 2940 dicit:
1005 2904 1133 2951 Ipsum
1161 2910 1284 2941 autem
1322 2905 1422 2953 quod
1447 2918 1527 2942 mu—

477 2961 577 2992 tatur
604 2963 685 3002 etc„
706 2954 867 2992 ostendit
894 2955 996 2993 idem
1025 2967 1068 2992 ex
1100 2964 1204 3005 parte
1233 2957 1285 2994 rei
1313 2957 1351 2994 in
1379 2970 1454 3006 qua
1473 2966 1528 2995 est

477 3015 612 3045 motus.
642 3008 847 3045 Praemittit
879 3015 1004 3045 tamen
1041 3009 1145 3057 quod
1181 3021 1258 3046 non
1295 3009 1459 3047 similiter
1487 3023 1526 3048 se

477 3061 590 3097 habet
618 3060 664 3097 de
695 3072 741 3097 eo
769 3061 868 3109 quod
893 3066 1077 3107 mutatur,
1107 3062 1167 3098 vel
1194 3069 1235 3098 ut
1268 3062 1401 3099 melius
1429 3063 1527 3100 dica-

477 3120 538 3150 tur
562 3114 763 3150 secundum
792 3113 892 3162 quod
917 3119 1090 3160 mutatur,
1111 3114 1205 3150 sicut
1233 3115 1280 3151 de
1304 3122 1472 3164 tempore
1493 3124 1528 3153 et

477 3165 618 3203 mobili.
640 3166 738 3202 Cum
758 3165 858 3202 enim
885 3165 930 3202 sit
957 3165 1025 3202 tria
1044 3166 1213 3215 accipere
1245 3166 1283 3203 in
1310 3168 1526 3217 mutatione,

478 3217 615 3255 s'cilicet
641 3217 780 3255 mobile
799 3218 903 3267 quod
922 3226 1097 3266 mutatur,
1117 3226 1158 3255 ut
1176 3219 1309 3265 h0m03
1331 3227 1367 3257 et
1394 3220 1430 3257 in
1449 3234 1526 3270 quo

478 3278 656 3318 mutatur,
680 3278 721 3308 ut
740 3272 760 3291 ⁹
779 3278 944 3320 tempus:
975 3279 1010 3308 et
1037 3271 1076 3308 in
1103 3271 1207 3320 quod
1225 3279 1398 3319 mutatur,
1418 3281 1459 3310 ut
1478 3274 1528 3310 al-

479 3322 590 3369 bum3
619 3324 756 3361 horum
775 3323 863 3372 duo,
885 3323 1021 3360 scilicet
1040 3331 1188 3373 tempus
1209 3331 1251 3360 et.
1270 3325 1421 3373 mobile,
1443 3334 1528 3363 sunt

533 3426 552 3460 ι)
566 3427 678 3458 ponitur
696 3427 803 3453 moveri.
821 3441 839 3447 —
857 3431 1006 3454 moveretur
1030 3429 1064 3460 F,
1079 3429 1196 3461 positum
1215 3432 1254 3454 est
1272 3429 1371 3455 moveri
1389 3430 1436 3460 LS,
1451 3431 1530 3462 pom't

481 3461 578 3485 moveri
595 3461 627 3491 T,
646 3465 763 3487 movetur
781 3462 814 3493 Z;
829 3463 939 3495 ponitur
956 3471 1010 3489 om.
1029 3469 1076 3489 cer.
1096 3471 1148 3489 exc.
1167 3464 1228 3489 NR:
1247 3464 1293 3489 sed
1312 3464 1337 3489 in
1350 3463 1399 3489 hoc
1417 3472 1478 3490 casu
1492 3466 1527 3490 le-

481 3495 591 3527 gendum
610 3501 678 3520 esset
696 3504 754 3521 cum
773 3498 828 3522 cod.
847 3498 880 3522 Z:
900 3502 1026 3524 movetur.

529 3531 554 3561 x)
574 3529 629 3554 DZ.
645 3530 680 3555 Et
693 3535 828 3557 moveatur
847 3532 928 3558 DZ.-
937 3533 987 3558 Pro
1003 3533 1064 3564 DZ,
1080 3534 1135 3559 DF
1148 3534 1225 3559 Pinna
1237 3539 1263 3559 et
1277 3534 1317 3560 ed.
1326 3534 1416 3560 Venet.
1430 3534 1528 3561 1551.-

481 3563 531 3588 Pro
555 3563 595 3593 TI,
615 3564 659 3589 HI
674 3566 786 3591 caedet-n.

534 3596 562 3629 λ)
572 3598 666 3626 secut
683 3603 709 3625 et
727 3600 852 3627 minus-
865 3602 934 3628 Haec
951 3611 1004 3629 om.
1023 3603 1108 3636 KLM;
1127 3611 1186 3630 cum
1205 3610 1287 3637 neque
1305 3604 1453 3630 substantia
1470 3612 1526 3630 sus-

1101 295 1444 334 PHYSICORUM
1475 293 1817 331 ARISTOTELIS
1848 293 1941 329 LIB.
1970 293 2021 329 VI

1593 384 1742 420 semper
1762 370 1970 408 divisibilia.
1993 370 2070 407 Sed
2091 371 2137 407 de
2157 371 2243 407 albo
2264 378 2320 408 est
2338 371 2409 408 alia
2428 371 2543 408 ratio:
2564 372 2653 422 quia

1593 425 1721 461 album
1740 435 1819 460 non
1842 430 1898 460 est
1926 422 2110 460 divisibile
2133 435 2203 471 per
2226 435 2277 470 se,
2299 424 2367 461 sed
2393 431 2523 461 tamen
2540 426 2560 446 *
2574 433 2652 462 tam

1592 477 1716 525 ipsum
1731 488 1845 525 quam
1867 475 1996 512 omnia
2015 475 2087 512 alia
2105 475 2334 523 huiusmodi,
2351 484 2438 514 sunt
2453 477 2652 515 divisibilia

1590 542 1659 578 per
1678 528 1865 575 accidens⁷
1894 528 2118 577 inquantum
2147 528 2286 565 scilicet
2311 528 2402 566 illud
2431 529 2490 566 cui
2519 530 2652 568 accidit

1591 582 1719 618 album
1737 581 1799 618 vel
1819 593 2083 630 quaecumque
2099 581 2170 618 alia
2186 580 2356 630 qualitas,
2377 589 2433 618 est
2452 582 2649 620 divisibile.

1590 634 1736 671 Divisio
1765 641 1892 670 autem
1920 634 1993 670 albi
2016 646 2085 683 per
2113 633 2287 671 accidens
2318 641 2444 683 potest
2472 646 2554 672 esse
2582 635 2651 673 du-

1589 684 1742 735 pliciter.
1759 686 1846 723 Uno
1865 686 1984 724 modo
1999 687 2211 724 secundum
2228 694 2354 735 partes
2368 687 2650 735 quantitativas3

1589 739 1684 775 sicut
1710 739 1741 775 si
1769 739 1987 787 superficies
2015 740 2100 776 alba
2129 739 2318 777 dividatur
2336 739 2375 777 in
2395 739 2490 777 duas
2512 748 2649 789 partes,

1589 792 1718 828 album
1745 803 1814 840 per
1841 791 2015 829 accidens
2044 792 2208 830 divisum
2228 793 2305 829 erit.
2335 792 2421 829 Alio
2449 793 2568 830 modo
2593 806 2650 831 se-

1589 844 1756 881 cundum
1784 844 2035 881 intensionem
2056 853 2091 882 et
2110 845 2389 883 remissionem:
2419 845 2525 894 quod
2549 846 2650 884 enim

1587 910 1664 934 una
1683 905 1719 934 et
1747 897 1881 934 eadem
1901 909 1989 945 pars
2017 898 2062 935 sit
2088 898 2207 946 magis
2225 899 2287 936 vel
2305 899 2432 936 minus
2453 899 2550 946 alba,
2570 911 2651 937 non

1588 958 1643 987 est
1671 962 1716 987 ex
1744 950 1825 999 ipsa
1844 949 1986 987 ratione
2015 951 2198 988 albedinis
2227 951 2339 1001 (quia
2366 951 2398 989 si
2417 959 2515 988 esset
2542 964 2649 1002 sepa-

1587 1010 1684 1050 rata,
1715 1015 1793 1040 non
1822 1003 2008 1040 diceretur
2040 1004 2252 1041 secundum
2289 1004 2409 1052 magis
2438 1011 2474 1041 et
2500 1005 2647 1052 minus3

1586 1056 1680 1093 sicut
1707 1068 1830 1105 neque
1859 1055 2065 1093 substantia
2089 1056 2243 1106 suscipit
2260 1057 2380 1104 magis
2401 1064 2436 1093 et
2453 1057 2579 1094 minus
2597 1057 2648 1104 λ);

1586 1109 1652 1146 sed
1682 1116 1736 1146 est
1764 1121 1809 1146 ex
1838 1109 1989 1146 diverso
2017 1109 2136 1146 modo
2161 1109 2408 1159 participandi
2433 1109 2650 1148 albedinem

1585 1174 1630 1198 ex
1662 1169 1767 1210 parte
1804 1161 1960 1199 subiecti
1988 1161 2193 1200 divisibilis.
2227 1163 2505 1202 Praetermisso‘
2539 1163 2650 1212 igitur

1584 1215 1659 1251 hoc
1686 1214 1791 1263 quod
1820 1214 1999 1252 dividitur
2033 1227 2104 1265 per
2130 1215 2326 1264 accidens,
2355 1215 2386 1252 si
2414 1215 2648 1266 accipiamus

1585 1279 1630 1303 ea
1667 1267 1877 1305 secundum
1914 1280 2013 1316 quae
2042 1276 2098 1306 est
2123 1276 2271 1316 motus⁷
2301 1281 2400 1318 quae
2429 1269 2649 1308 dividuntur

1583 1332 1653 1368 per
1679 1332 1719 1356 se
1749 1328 1784 1357 et
1811 1333 1891 1358 non
1917 1333 1987 1369 per
2015 1321 2201 1370 accidens,
2228 1334 2354 1372 neque
2383 1321 2495 1360 etiam
2523 1323 2562 1360 in
2588 1322 2647 1360 his

1585 1372 1652 1409 erit
1679 1373 1854 1422 primum.

1637 1426 1686 1462 Et
1711 1426 1963 1464 manifestat*
1982 1427 2057 1464 hoc
2087 1427 2211 1476 primo
2240 1427 2279 1465 in
2306 1427 2644 1481 magnitudinibus,
2672 1442 2682 1452 ·

1583 1477 1622 1515 in
1658 1479 1795 1527 quibus
1833 1487 1889 1516 est
1923 1487 2050 1517 motus
2089 1481 2229 1518 localis.
2274 1480 2330 1518 Sit
2365 1480 2467 1518 enim
2502 1481 2645 1541 magni-

1583 1525 1675 1568 tudo
1714 1532 1821 1580 spatii
1848 1532 1887 1569 in
1914 1545 1991 1581 quo
2021 1540 2076 1570 est
2103 1535 2192 1581 AB,
2232 1541 2269 1570 et
2303 1533 2492 1571 dividatur
2523 1534 2562 1571 in
2590 1534 2645 1572 C:

1584 1583 1692 1621 detur
1720 1597 1808 1633 ergo
1837 1586 1943 1634 quod
1971 1598 2016 1623 ex
2044 1587 2075 1623 B
2103 1586 2142 1623 in
2172 1587 2202 1624 C
2231 1586 2372 1635 aliquid
2404 1587 2530 1636 primo
2562 1598 2647 1625 mo-

1581 1644 1725 1675 veatur.
1763 1640 1841 1675 Aut
1866 1638 1976 1686 igitur
2003 1639 2068 1676 BC
2097 1646 2154 1676 est
2181 1639 2386 1699 divisibile,
2420 1647 2485 1677 aut
2510 1639 2645 1678 indivi-

1582 1743 1650 1780 erit
1678 1744 1921 1781 coniunctum
1949 1744 2178 1793 impartibili;
2209 1745 2298 1794 quia
2327 1745 2462 1782 eadem
2498 1745 2645 1783 ratione

1582 1796 1748 1833 secunda
1776 1809 1864 1845 pars
1892 1804 2019 1834 motus
2049 1797 2115 1834 erit
2142 1798 2180 1835 in
2199 1798 2432 1848 impartibili;
2462 1798 2516 1835 sic
2543 1797 2646 1836 enim

1582 1856 1731 1897 oportet
1759 1849 1928 1886 dividere
1955 1849 2266 1899 magnitudinem,
2293 1851 2388 1888 sicut
2416 1858 2453 1888 et
2482 1858 2643 1899 motum,

1581 1908 1622 1937 ut
1649 1914 1762 1950 supra
1782 1902 1802 1923 *
1822 1902 1868 1939 de
1897 1909 2068 1951 tempore
2097 1902 2238 1940 dictum
2267 1910 2333 1940 est.
2355 1903 2396 1940 Si
2423 1911 2550 1940 autem
2577 1904 2644 1941 BC

1581 1954 1627 1990 sit
1655 1954 1849 2002 divisibile,
1872 1955 1939 1992 erit
1966 1955 2138 2004 accipere
2165 1956 2318 2004 aliquod
2347 1956 2495 2004 signum
2516 1956 2642 2005 prius,

1581 2007 1676 2044 idest
1711 2007 1959 2056 propinquius
1991 2008 2062 2057 ipsi
2090 2010 2137 2055 Β,
2167 2021 2282 2058 quam
2311 2009 2361 2056 C;
2392 2016 2429 2046 et
2456 2009 2509 2046 sic
2536 2009 2643 2058 prius

1580 2060 1784 2097 mutabitur
1813 2072 1857 2096 ex
1885 2061 1915 2096 B
1931 2067 1951 2088 μ
1977 2060 2015 2097 in
2043 2061 2145 2108 illud,
2166 2074 2283 2111 quam
2310 2061 2349 2098 in
2378 2062 2430 2098 C:
2452 2069 2489 2098 et
2506 2061 2643 2099 iterum

1581 2113 1642 2149 illo
1672 2112 1740 2149 erit
1758 2113 1927 2162 accipere
1947 2113 2049 2150 aliud
2075 2113 2199 2162 prius,
2222 2121 2258 2150 et
2281 2114 2334 2151 sic
2361 2126 2523 2163 semper,
2553 2114 2644 2163 quia

1581 2165 1716 2203 divisio
1745 2165 2011 2214 magnitudinis
2035 2179 2114 2203 non
2133 2166 2271 2203 deficit.
2292 2167 2400 2204 Patet
2428 2179 2517 2215 ergo
2537 2167 2643 2217 quod

1581 2230 1659 2254 non
1688 2225 1743 2254 est
1770 2218 1941 2267 accipere
1979 2219 2132 2268 aliquod
2164 2219 2330 2268 primum
2358 2220 2397 2257 in
2425 2219 2530 2268 quod
2557 2232 2642 2258 mu-

1581 2278 1699 2308 tatum
1727 2271 1773 2307 sit
1800 2278 1908 2308 motu
1927 2272 2045 2308 locali.
2067 2293 2092 2299 -
2119 2273 2168 2309 Et
2199 2272 2367 2310 similiter
2399 2272 2642 2312 manifestum

1581 2331 1637 2360 est
1664 2323 1702 2360 in
1730 2324 1939 2361 mutatione
1959 2325 2184 2374 quantitatis,
2205 2337 2303 2375 quae
2323 2333 2379 2363 est
2397 2333 2642 2374 augmentum

1581 2383 1617 2413 et
1644 2376 1952 2414 decrementum:
1983 2378 2071 2426 quia
2107 2378 2204 2415 haec
2241 2378 2353 2415 etiam
2389 2379 2548 2416 mutatio
2585 2386 2643 2417 est

1581 2429 1792 2467 secundum
1821 2430 1976 2479 aliquod
2004 2430 2237 2478 continuum,
2266 2430 2405 2468 scilicet
2431 2431 2643 2470 secundum

1579 2482 1824 2531 quantitatem
1852 2491 2129 2520 accrescentem
2165 2484 2228 2521 vel
2261 2484 2512 2532 subtractam
2541 2496 2640 2534 quae

1581 2547 1668 2572 cum
1696 2535 1742 2572 sit
1768 2535 1807 2572 in
1834 2535 2023 2573 infinitum
2042 2536 2248 2585 divisibilis,
2268 2549 2346 2574 non
2367 2544 2422 2574 est
2449 2537 2488 2574 in
2515 2549 2561 2574 ea
2579 2549 2640 2575 ac-

1581 2588 1704 2637 cipere
1732 2588 1909 2637 primum.

1633 2642 1682 2678 Et
1709 2642 1762 2678 sic
1797 2641 2042 2679 manifestum
2080 2643 2174 2690 est,'
2192 2641 2298 2691 quod
2333 2642 2372 2679 in
2404 2642 2486 2679 sola
2517 2650 2641 2680 muta·

1579 2693 1683 2731 tione
1720 2706 1817 2743 quae
1846 2701 1902 2731 est
1935 2694 2147 2732 secundum
2184 2694 2422 2744 qualitatem,
2462 2694 2642 2744 contingit

1580 2747 1720 2795 aliquid
1754 2759 1836 2784 esse
1873 2746 2098 2785 indivisibile
2135 2760 2205 2797 per
2231 2759 2283 2785 se.
2322 2749 2551 2797 lnquantum
2585 2755 2640 2786 ta-

1580 2812 1670 2837 men
1707 2807 1763 2837 est
1799 2800 1984 2838 divisibile
2019 2813 2089 2849 per
2125 2800 2321 2848 accidens,
2355 2800 2524 2838 similiter
2559 2812 2640 2839 non

1580 2860 1636 2890 est
1663 2853 1832 2902 accipere
1865 2853 2033 2902 primum
2061 2853 2100 2890 in
2123 2853 2330 2891 mutau‘one
2358 2853 2442 2890 tali:
2470 2853 2551 2906 sive
2577 2865 2640 2891 ac-

1580 2905 1737 2954 cipiatur
1756 2906 1945 2943 successio
1966 2906 2184 2943 mutationis
2202 2906 2428 2955 inquantum
2446 2918 2535 2955 pars
2552 2912 2640 2955 post

1579 2966 1725 3007 partem
1748 2959 1923 2996 alteratur
1947 2958 2205 3006 (manifestum
2225 2966 2281 2996 est
2309 2958 2410 2996 enim
2433 2959 2538 3007 quod
2560 2970 2640 2997 non

1581 3011 1649 3048 erit
1676 3011 1847 3060 accipere
1874 3011 2036 3061 primam
2064 3019 2212 3060 partem
2234 3011 2319 3060 albi,
2345 3011 2439 3048 sicut
2466 3023 2537 3048 nec
2562 3011 2638 3061 pri-

1581 3075 1686 3100 mam
1709 3071 1856 3113 partem
1884 3063 2183 3112 magnitudinis);
2217 3063 2297 3101 sive
2325 3063 2530 3112 accipiatur
2556 3075 2640 3102 suc-

1581 3116 1700 3153 cessio
1729 3116 1956 3154 alterationis
1993 3117 2204 3154 secundum
2233 3116 2337 3166 quod
2369 3116 2510 3166 aliquid
2536 3115 2640 3154 idern

1581 3175 1636 3206 est
1654 3169 1775 3206 albius
1793 3170 1855 3207 vel
1872 3169 1998 3206 minus
2016 3170 2163 3216 album;
2184 3169 2271 3218 quia
2285 3169 2498 3207 subiectum
2517 3169 2640 3207 infini-

1579 3221 1625 3258 tis
1653 3222 1778 3259 modis
1795 3229 1919 3271 potest
1936 3221 2072 3259 variari
2093 3223 2112 3244 *⁸
2133 3222 2343 3260 secundum
2361 3222 2481 3271 magis
2509 3222 2639 3260 album
2666 3236 2677 3247 ·
2698 3246 2702 3252 ι

1582 3281 1617 3311 et
1643 3274 1770 3312 minus
1789 3275 1927 3312 album.
1955 3275 2005 3312 Et
2032 3274 2086 3312 sic
2113 3282 2240 3312 motus
2259 3275 2488 3313 alterationis
2514 3282 2640 3325 potest

1582 3339 1664 3364 esse
1692 3327 1902 3375 continuus,
1925 3335 1961 3364 et
1978 3340 2056 3365 non
2075 3328 2220 3365 habens
2247 3327 2388 3378 aliquid
2405 3328 2584 3378 primum.

1578 3432 1660 3464 cipiat
1672 3437 1721 3458 etc.
1735 3433 1795 3463 EG,
1815 3440 1861 3465 pro
1880 3436 1907 3458 et
1924 3433 2018 3463 minus,
2039 3439 2121 3466 neque
2135 3432 2221 3459 minus
2234 3433 2377 3460 Ponam·
2390 3433 2447 3459 Lin-
2466 3441 2523 3467 seq.
2542 3433 2589 3459 sed
2601 3439 2639 3459 ex

1580 3466 1826 3536 divsssomzmmur
1838 3509 1875 3528 ex
1888 3503 1946 3528 B.-
1961 3506 2080 3528 mutatur
2098 3510 2135 3529 ex
2153 3502 2196 3528 BI
2209 3503 2287 3529 Pinna
2305 3508 2331 3529 et
2349 3503 2427 3530 editio
2445 3503 2536 3529 Venet.
2559 3502 2637 3535 1551,

1580 3540 1699 3562 mutatur
1723 3537 1817 3562 habent
1839 3538 1916 3563 etiam
1940 3538 2064 3564 editiones
2084 3538 2176 3564 Venet.
2197 3538 2263 3571 1504
2287 3544 2313 3564 et
2341 3537 2446 3571 1545.-
2463 3538 2572 3564 Codices
2590 3537 2638 3563 EG

1580 3572 1681 3604 legunt:
1701 3572 1847 3598 mutabitur
1860 3579 1898 3598 ex
1912 3573 1936 3598 B
1954 3573 1980 3598 in
1994 3573 2022 3598 D
2039 3580 2119 3606 quam
2138 3574 2164 3599 in
2187 3574 2242 3600 C.-
2254 3573 2321 3600 Infra
2334 3573 2413 3600 Pinna
2426 3578 2451 3599 et
2465 3572 2541 3599 editio
2559 3573 2574 3599 b
2592 3572 2638 3598 ad-

1580 3606 1642 3631 dunt
1661 3607 1686 3632 t’n
1706 3612 1764 3632 ante
1783 3611 1855 3633 motu
1874 3607 1960 3634 locali.

1527 3655 1582 3674 eqo-

2679 436 2689 446 '
2703 437 2780 483 ῘῖΜη
2800 441 2848 459 om-

2672 1467 2741 1491 ωαα.
2753 1448 2820 1493 αἵ.
2832 1458 2837 1489 “,

2672 1495 2725 1518 aaa.
2739 1495 2784 1518 aa.
2860 1500 2864 1508 >

2671 1914 2681 1924 '
2695 1913 2766 1936 Num.
2780 1913 2803 1942 6,
2816 1919 2842 1943 7.

2804 3458 2807 3459 ¹
2811 3432 2813 3435 -
2810 3353 2816 3362 Α,
2805 3292 2807 3297 ⁴
2800 3238 2818 3277 “2212
2802 3212 2814 3227 *ἡ
2798 3141 2818 3189 -Ῐχᾳ,
2801 3105 2816 3131 ’·.””,
2814 3064 2818 3067 Α
2811 3035 2813 3038 Α
2808 3016 2817 3022 ⁴,
2815 3003 2818 3005 ,
2809 2981 2814 2987 .
2798 2964 2815 2972 ⁴.-
2816 2871 2818 2873 .
2802 2793 2804 2795 “

2880 3555 2881 3558 Α
2873 3386 2887 3504 hm--r‘c
2884 3366 2885 3370 Α
