<?xml version="1.0" encoding="UTF-8"?>
<!DOCTYPE html PUBLIC "-//W3C//DTD XHTML 1.0 Transitional//EN"
    "http://www.w3.org/TR/xhtml1/DTD/xhtml1-transitional.dtd">
<html xmlns="http://www.w3.org/1999/xhtml" xml:lang="en" lang="en">
 <head>
  <title>
</title>
<meta http-equiv="Content-Type" content="text/html;charset=utf-8" />
  <meta name='ocr-system' content='tesseract 3.04.00' />
  <meta name='ocr-capabilities' content='ocr_page ocr_carea ocr_par ocr_line ocrx_word'/>
</head>
<body>
  <div class='ocr_page' id='page_1' title='image "./operaomniaiussui02thom/operaomniaiussui02thom_0373.png"; bbox 0 0 2898 3996; ppageno 0'>
   <div class='ocr_carea' id='block_1_1' title="bbox 0 0 109 3996">
    <p class='ocr_par' dir='ltr' id='par_1_1' title="bbox 0 0 109 3996">
     <span class='ocr_line' id='line_1_1' title="bbox 0 0 109 3996; baseline 0 0"><span class='ocrx_word' id='word_1_1' title='bbox 0 0 109 3996; x_wconf 95' lang='lat' dir='ltr'> </span> 
     </span>
    </p>
   </div>
   <div class='ocr_carea' id='block_1_2' title="bbox 57 2432 236 2460">
    <p class='ocr_par' dir='ltr' id='par_1_2' title="bbox 24 2424 236 2464">
     <span class='ocr_line' id='line_1_2' title="bbox 57 2432 236 2460; baseline 0 -6"><span class='ocrx_word' id='word_1_2' title='bbox 57 2432 121 2460; x_wconf 79' lang='lat' dir='ltr'>quod</span> <span class='ocrx_word' id='word_1_3' title='bbox 134 2437 236 2454; x_wconf 71' lang='lat' dir='ltr'>antem</span> 
     </span>
    </p>
   </div>
   <div class='ocr_carea' id='block_1_3' title="bbox 28 2589 159 2625">
    <p class='ocr_par' dir='ltr' id='par_1_3' title="bbox 28 2589 159 2625">
     <span class='ocr_line' id='line_1_3' title="bbox 28 2589 159 2625; baseline -0.008 -12"><span class='ocrx_word' id='word_1_4' title='bbox 28 2589 33 2625; x_wconf 17' lang='grc' dir='ltr'>γ’]</span> <span class='ocrx_word' id='word_1_5' title='bbox 51 2590 114 2614; x_wconf 83' lang='lat' dir='ltr'>Lect.</span> <span class='ocrx_word' id='word_1_6' title='bbox 128 2596 159 2612; x_wconf 82' lang='lat' dir='ltr'>ix.</span> 
     </span>
    </p>
   </div>
   <div class='ocr_carea' id='block_1_4' title="bbox 27 2694 184 2723">
    <p class='ocr_par' dir='ltr' id='par_1_4' title="bbox 27 2694 184 2723">
     <span class='ocr_line' id='line_1_4' title="bbox 27 2694 184 2723; baseline -0.006 -6"><span class='ocrx_word' id='word_1_7' title='bbox 27 2696 30 2697; x_wconf 53' lang='lat'><em>⁷</em></span> <span class='ocrx_word' id='word_1_8' title='bbox 41 2694 122 2717; x_wconf 57' lang='lat' dir='ltr'>lium.</span> <span class='ocrx_word' id='word_1_9' title='bbox 136 2701 184 2723; x_wconf 80' lang='lat' dir='ltr'>seq.</span> 
     </span>
    </p>
   </div>
   <div class='ocr_carea' id='block_1_5' title="bbox 50 2803 158 2826">
    <p class='ocr_par' dir='ltr' id='par_1_5' title="bbox 38 2803 158 2833">
     <span class='ocr_line' id='line_1_5' title="bbox 50 2803 158 2826; baseline 0 0"><span class='ocrx_word' id='word_1_10' title='bbox 50 2803 120 2826; x_wconf 79' lang='lat' dir='ltr'>Num.</span> <span class='ocrx_word' id='word_1_11' title='bbox 136 2804 158 2826; x_wconf 85' lang='lat'>6.</span> 
     </span>
    </p>
   </div>
   <div class='ocr_carea' id='block_1_6' title="bbox 51 3175 226 3202">
    <p class='ocr_par' dir='ltr' id='par_1_6' title="bbox 51 3172 226 3202">
     <span class='ocr_line' id='line_1_6' title="bbox 51 3175 226 3202; baseline 0 -6"><span class='ocrx_word' id='word_1_12' title='bbox 51 3182 61 3201; x_wconf 6' lang='lat' dir='ltr'>-p</span> <span class='ocrx_word' id='word_1_13' title='bbox 79 3185 86 3191; x_wconf 50' lang='grc' dir='ltr'><em>ι</em></span> <span class='ocrx_word' id='word_1_14' title='bbox 110 3180 192 3202; x_wconf 83' lang='grc'>,111,11.</span> <span class='ocrx_word' id='word_1_15' title='bbox 204 3175 226 3196; x_wconf 89' lang='grc'>8.</span> 
     </span>
    </p>
   </div>
   <div class='ocr_carea' id='block_1_7' title="bbox 1103 282 1591 329">
    <p class='ocr_par' dir='ltr' id='par_1_7' title="bbox 1103 282 1591 329">
     <span class='ocr_line' id='line_1_7' title="bbox 1103 282 1591 329; baseline -0.002 -10"><span class='ocrx_word' id='word_1_16' title='bbox 1103 283 1215 319; x_wconf 86' lang='lat' dir='ltr'>CAP.</span> <span class='ocrx_word' id='word_1_17' title='bbox 1245 282 1314 329; x_wconf 74' lang='lat' dir='ltr'>iv,</span> <span class='ocrx_word' id='word_1_18' title='bbox 1344 282 1493 318; x_wconf 90' lang='lat' dir='ltr'>LECT.</span> <span class='ocrx_word' id='word_1_19' title='bbox 1522 283 1591 319; x_wconf 84' lang='lat' dir='ltr'>vu</span> 
     </span>
    </p>
   </div>
   <div class='ocr_carea' id='block_1_8' title="bbox 327 358 1322 494">
    <p class='ocr_par' dir='ltr' id='par_1_8' title="bbox 327 358 1322 494">
     <span class='ocr_line' id='line_1_8' title="bbox 329 358 1322 404; baseline -0.004 -11"><span class='ocrx_word' id='word_1_20' title='bbox 329 362 386 394; x_wconf 76' lang='grc' dir='ltr'>οὖν</span> <span class='ocrx_word' id='word_1_21' title='bbox 421 358 459 393; x_wconf 77' lang='grc' dir='ltr'>οὗ</span> <span class='ocrx_word' id='word_1_22' title='bbox 491 360 685 404; x_wconf 81' lang='grc' dir='ltr'><strong>συμβλητὸν</strong></span> <span class='ocrx_word' id='word_1_23' title='bbox 717 359 813 392; x_wconf 69' lang='grc' dir='ltr'>κατὰ</span> <span class='ocrx_word' id='word_1_24' title='bbox 842 361 968 400; x_wconf 82' lang='grc' dir='ltr'>τοῦτο,</span> <span class='ocrx_word' id='word_1_25' title='bbox 995 360 1062 391; x_wconf 72' lang='grc' dir='ltr'>οἷον</span> <span class='ocrx_word' id='word_1_26' title='bbox 1095 358 1236 403; x_wconf 81' lang='grc' dir='ltr'>πότερον</span> <span class='ocrx_word' id='word_1_27' title='bbox 1267 369 1322 389; x_wconf 82' lang='grc' dir='ltr'>κε-</span> 
     </span>
     <span class='ocr_line' id='line_1_9' title="bbox 327 401 1319 451; baseline -0.004 -15"><span class='ocrx_word' id='word_1_28' title='bbox 327 404 566 451; x_wconf 73' lang='grc' dir='ltr'><strong>χρωμοίτιστσιι</strong></span> <span class='ocrx_word' id='word_1_29' title='bbox 598 405 746 448; x_wconf 80' lang='grc' dir='ltr'>μᾶλλον,</span> <span class='ocrx_word' id='word_1_30' title='bbox 773 404 820 447; x_wconf 77' lang='grc' dir='ltr'>μή</span> <span class='ocrx_word' id='word_1_31' title='bbox 845 403 941 435; x_wconf 74' lang='grc' dir='ltr'><strong><em>κατά</em></strong></span> <span class='ocrx_word' id='word_1_32' title='bbox 965 415 998 435; x_wconf 80' lang='grc' dir='ltr'>τι</span> <span class='ocrx_word' id='word_1_33' title='bbox 1024 404 1163 448; x_wconf 79' lang='grc' dir='ltr'>χρῶμα,</span> <span class='ocrx_word' id='word_1_34' title='bbox 1195 401 1267 434; x_wconf 84' lang='grc' dir='ltr'>ἀλλ’</span> <span class='ocrx_word' id='word_1_35' title='bbox 1299 401 1319 443; x_wconf 79' lang='grc' dir='ltr'>ᾔ</span> 
     </span>
     <span class='ocr_line' id='line_1_10' title="bbox 329 446 915 494; baseline 0 -14"><span class='ocrx_word' id='word_1_36' title='bbox 329 450 459 494; x_wconf 81' lang='grc' dir='ltr'>χρῶμα·</span> <span class='ocrx_word' id='word_1_37' title='bbox 489 449 579 481; x_wconf 68' lang='lat' dir='ltr'>emat</span> <span class='ocrx_word' id='word_1_38' title='bbox 602 448 697 480; x_wconf 66' lang='grc' dir='ltr'>κατὰ</span> <span class='ocrx_word' id='word_1_39' title='bbox 720 448 761 480; x_wconf 75' lang='grc' dir='ltr'>τὸ</span> <span class='ocrx_word' id='word_1_40' title='bbox 785 446 915 480; x_wconf 79' lang='grc' dir='ltr'>λευκόν.</span> 
     </span>
    </p>
   </div>
   <div class='ocr_carea' id='block_1_9' title="bbox 263 586 1325 1255">
    <p class='ocr_par' dir='ltr' id='par_1_9' title="bbox 263 586 1325 1255">
     <span class='ocr_line' id='line_1_11' title="bbox 326 586 1325 624; baseline -0.006 -5"><span class='ocrx_word' id='word_1_41' title='bbox 326 591 474 619; x_wconf 76' lang='lat' dir='ltr'>SYNOPSIS.</span> <span class='ocrx_word' id='word_1_42' title='bbox 494 606 532 612; x_wconf 94' lang='lat'>—</span> <span class='ocrx_word' id='word_1_43' title='bbox 558 600 582 618; x_wconf 83' lang='lat'>1.</span> <span class='ocrx_word' id='word_1_44' title='bbox 605 589 759 624; x_wconf 86' lang='lat' dir='ltr'><strong>Quaeritur</strong></span> <span class='ocrx_word' id='word_1_45' title='bbox 778 596 840 617; x_wconf 85' lang='lat' dir='ltr'>tum</span> <span class='ocrx_word' id='word_1_46' title='bbox 860 588 890 616; x_wconf 90' lang='lat' dir='ltr'>in</span> <span class='ocrx_word' id='word_1_47' title='bbox 911 586 1074 621; x_wconf 87' lang='lat' dir='ltr'>communi,</span> <span class='ocrx_word' id='word_1_48' title='bbox 1102 593 1200 614; x_wconf 89' lang='lat' dir='ltr'>utrum</span> <span class='ocrx_word' id='word_1_49' title='bbox 1224 595 1325 614; x_wconf 88' lang='lat' dir='ltr'>omnes</span> 
     </span>
     <span class='ocr_line' id='line_1_12' title="bbox 264 625 1324 666; baseline -0.007 -7"><span class='ocrx_word' id='word_1_50' title='bbox 264 636 360 659; x_wconf 87' lang='lat' dir='ltr'>motus</span> <span class='ocrx_word' id='word_1_51' title='bbox 387 631 444 658; x_wconf 91' lang='lat' dir='ltr'>sint</span> <span class='ocrx_word' id='word_1_52' title='bbox 469 629 676 666; x_wconf 79' lang='lat' dir='ltr'>comparabiles</span> <span class='ocrx_word' id='word_1_53' title='bbox 699 629 738 657; x_wconf 86' lang='lat' dir='ltr'>ad</span> <span class='ocrx_word' id='word_1_54' title='bbox 759 628 899 662; x_wconf 86' lang='lat' dir='ltr'>invicem;</span> <span class='ocrx_word' id='word_1_55' title='bbox 924 633 985 654; x_wconf 89' lang='lat' dir='ltr'>turn</span> <span class='ocrx_word' id='word_1_56' title='bbox 1013 626 1043 654; x_wconf 88' lang='lat' dir='ltr'>in</span> <span class='ocrx_word' id='word_1_57' title='bbox 1069 625 1199 662; x_wconf 89' lang='lat' dir='ltr'>speciali,</span> <span class='ocrx_word' id='word_1_58' title='bbox 1227 632 1324 653; x_wconf 89' lang='lat' dir='ltr'>utrum</span> 
     </span>
     <span class='ocr_line' id='line_1_13' title="bbox 264 665 1324 707; baseline -0.007 -8"><span class='ocrx_word' id='word_1_59' title='bbox 264 676 361 698; x_wconf 89' lang='lat' dir='ltr'>motus</span> <span class='ocrx_word' id='word_1_60' title='bbox 381 670 466 698; x_wconf 90' lang='lat' dir='ltr'>unius</span> <span class='ocrx_word' id='word_1_61' title='bbox 487 669 613 707; x_wconf 86' lang='lat' dir='ltr'>generis,</span> <span class='ocrx_word' id='word_1_62' title='bbox 641 675 710 705; x_wconf 89' lang='lat' dir='ltr'>puta</span> <span class='ocrx_word' id='word_1_63' title='bbox 730 674 827 696; x_wconf 90' lang='lat' dir='ltr'>motus</span> <span class='ocrx_word' id='word_1_64' title='bbox 849 665 991 694; x_wconf 81' lang='lat' dir='ltr'>circularis</span> <span class='ocrx_word' id='word_1_65' title='bbox 1012 672 1040 693; x_wconf 88' lang='lat' dir='ltr'>et</span> <span class='ocrx_word' id='word_1_66' title='bbox 1059 671 1168 700; x_wconf 76' lang='lat' dir='ltr'>rectuS,</span> <span class='ocrx_word' id='word_1_67' title='bbox 1191 671 1218 692; x_wconf 91' lang='lat' dir='ltr'>et</span> <span class='ocrx_word' id='word_1_68' title='bbox 1239 665 1324 693; x_wconf 90' lang='lat' dir='ltr'>etiam</span> 
     </span>
     <span class='ocr_line' id='line_1_14' title="bbox 264 704 1324 744; baseline -0.007 -6"><span class='ocrx_word' id='word_1_69' title='bbox 264 716 362 738; x_wconf 90' lang='lat' dir='ltr'>motus</span> <span class='ocrx_word' id='word_1_70' title='bbox 383 709 562 737; x_wconf 90' lang='lat' dir='ltr'>diversorum</span> <span class='ocrx_word' id='word_1_71' title='bbox 583 717 730 744; x_wconf 87' lang='lat' dir='ltr'>generum,</span> <span class='ocrx_word' id='word_1_72' title='bbox 751 713 820 743; x_wconf 88' lang='lat' dir='ltr'>puta</span> <span class='ocrx_word' id='word_1_73' title='bbox 840 705 896 733; x_wconf 89' lang='lat' dir='ltr'>loci</span> <span class='ocrx_word' id='word_1_74' title='bbox 918 704 1038 732; x_wconf 87' lang='lat' dir='ltr'>mutatio</span> <span class='ocrx_word' id='word_1_75' title='bbox 1061 711 1088 732; x_wconf 84' lang='lat' dir='ltr'>et</span> <span class='ocrx_word' id='word_1_76' title='bbox 1107 704 1246 739; x_wconf 84' lang='lat' dir='ltr'>alteratio,</span> <span class='ocrx_word' id='word_1_77' title='bbox 1269 704 1324 732; x_wconf 90' lang='lat' dir='ltr'>sint</span> 
     </span>
     <span class='ocr_line' id='line_1_15' title="bbox 264 743 1324 784; baseline -0.007 -7"><span class='ocrx_word' id='word_1_78' title='bbox 264 749 302 777; x_wconf 90' lang='lat' dir='ltr'>ad</span> <span class='ocrx_word' id='word_1_79' title='bbox 323 748 444 776; x_wconf 90' lang='lat' dir='ltr'>invicem</span> <span class='ocrx_word' id='word_1_80' title='bbox 466 747 675 784; x_wconf 82' lang='lat' dir='ltr'>comparabiles</span> <span class='ocrx_word' id='word_1_81' title='bbox 695 746 855 774; x_wconf 88' lang='lat' dir='ltr'>secundum</span> <span class='ocrx_word' id='word_1_82' title='bbox 875 743 1054 772; x_wconf 85' lang='lat' dir='ltr'>velocitatem</span> <span class='ocrx_word' id='word_1_83' title='bbox 1071 750 1099 771; x_wconf 93' lang='lat' dir='ltr'>et</span> <span class='ocrx_word' id='word_1_84' title='bbox 1117 743 1288 771; x_wconf 86' lang='lat' dir='ltr'>tarditatem.</span> <span class='ocrx_word' id='word_1_85' title='bbox 1305 761 1324 765; x_wconf 90' lang='lat'>-</span> 
     </span>
     <span class='ocr_line' id='line_1_16' title="bbox 266 783 1323 823; baseline -0.006 -7"><span class='ocrx_word' id='word_1_86' title='bbox 266 795 293 816; x_wconf 92' lang='lat'>2.</span> <span class='ocrx_word' id='word_1_87' title='bbox 311 787 452 816; x_wconf 90' lang='lat' dir='ltr'>Obiicitur</span> <span class='ocrx_word' id='word_1_88' title='bbox 472 788 510 815; x_wconf 90' lang='lat' dir='ltr'>ad</span> <span class='ocrx_word' id='word_1_89' title='bbox 523 785 702 823; x_wconf 84' lang='lat' dir='ltr'>propositam</span> <span class='ocrx_word' id='word_1_90' title='bbox 723 783 940 812; x_wconf 86' lang='lat' dir='ltr'>dubitationem.</span> <span class='ocrx_word' id='word_1_91' title='bbox 963 785 999 811; x_wconf 88' lang='lat' dir='ltr'>Et</span> <span class='ocrx_word' id='word_1_92' title='bbox 1015 783 1114 821; x_wconf 83' lang='lat' dir='ltr'>primo</span> <span class='ocrx_word' id='word_1_93' title='bbox 1128 789 1229 811; x_wconf 88' lang='lat' dir='ltr'>contra</span> <span class='ocrx_word' id='word_1_94' title='bbox 1243 792 1323 811; x_wconf 89' lang='lat' dir='ltr'>com-</span> 
     </span>
     <span class='ocr_line' id='line_1_17' title="bbox 263 822 1324 864; baseline -0.006 -8"><span class='ocrx_word' id='word_1_95' title='bbox 263 827 474 864; x_wconf 79' lang='lat' dir='ltr'>parabilitatem</span> <span class='ocrx_word' id='word_1_96' title='bbox 493 825 668 854; x_wconf 76' lang='lat' dir='ltr'>alterationis</span> <span class='ocrx_word' id='word_1_97' title='bbox 689 831 717 852; x_wconf 89' lang='lat' dir='ltr'>et</span> <span class='ocrx_word' id='word_1_98' title='bbox 737 823 793 852; x_wconf 91' lang='lat' dir='ltr'>loci</span> <span class='ocrx_word' id='word_1_99' title='bbox 814 822 991 851; x_wconf 83' lang='lat' dir='ltr'>mutationis.</span> <span class='ocrx_word' id='word_1_100' title='bbox 1006 822 1172 859; x_wconf 73' lang='lat' dir='ltr'>Aequaliter</span> <span class='ocrx_word' id='word_1_101' title='bbox 1185 823 1268 850; x_wconf 86' lang='lat' dir='ltr'>velox</span> <span class='ocrx_word' id='word_1_102' title='bbox 1282 829 1324 851; x_wconf 91' lang='lat' dir='ltr'>est</span> 
     </span>
     <span class='ocr_line' id='line_1_18' title="bbox 265 861 1322 903; baseline -0.006 -8"><span class='ocrx_word' id='word_1_103' title='bbox 265 867 345 903; x_wconf 89' lang='lat' dir='ltr'>quod</span> <span class='ocrx_word' id='word_1_104' title='bbox 365 866 395 894; x_wconf 88' lang='lat' dir='ltr'>in</span> <span class='ocrx_word' id='word_1_105' title='bbox 412 864 523 902; x_wconf 87' lang='lat' dir='ltr'>aequali</span> <span class='ocrx_word' id='word_1_106' title='bbox 544 871 674 900; x_wconf 89' lang='lat' dir='ltr'>tempore</span> <span class='ocrx_word' id='word_1_107' title='bbox 688 869 821 890; x_wconf 88' lang='lat' dir='ltr'>movetur</span> <span class='ocrx_word' id='word_1_108' title='bbox 836 871 888 898; x_wconf 90' lang='lat' dir='ltr'>per</span> <span class='ocrx_word' id='word_1_109' title='bbox 905 862 1040 898; x_wconf 83' lang='lat' dir='ltr'>aequa1e;</span> <span class='ocrx_word' id='word_1_110' title='bbox 1062 862 1113 890; x_wconf 91' lang='lat' dir='ltr'>sed</span> <span class='ocrx_word' id='word_1_111' title='bbox 1127 861 1206 889; x_wconf 90' lang='lat' dir='ltr'>nulla</span> <span class='ocrx_word' id='word_1_112' title='bbox 1226 862 1322 898; x_wconf 87' lang='lat' dir='ltr'>passio</span> 
     </span>
     <span class='ocr_line' id='line_1_19' title="bbox 265 901 1323 942; baseline -0.005 -8"><span class='ocrx_word' id='word_1_113' title='bbox 265 912 308 934; x_wconf 90' lang='lat' dir='ltr'>est</span> <span class='ocrx_word' id='word_1_114' title='bbox 327 905 454 942; x_wconf 84' lang='lat' dir='ltr'>aequalis</span> <span class='ocrx_word' id='word_1_115' title='bbox 475 902 662 940; x_wconf 87' lang='lat' dir='ltr'>longitudini;</span> <span class='ocrx_word' id='word_1_116' title='bbox 690 911 759 939; x_wconf 85' lang='lat' dir='ltr'>ergo</span> <span class='ocrx_word' id='word_1_117' title='bbox 781 901 837 930; x_wconf 90' lang='lat' dir='ltr'>loci</span> <span class='ocrx_word' id='word_1_118' title='bbox 858 902 979 929; x_wconf 91' lang='lat' dir='ltr'>mutatio</span> <span class='ocrx_word' id='word_1_119' title='bbox 1001 910 1061 929; x_wconf 89' lang='lat' dir='ltr'>non</span> <span class='ocrx_word' id='word_1_120' title='bbox 1083 907 1125 929; x_wconf 89' lang='lat' dir='ltr'>est</span> <span class='ocrx_word' id='word_1_121' title='bbox 1146 901 1272 937; x_wconf 88' lang='lat' dir='ltr'>aequalis</span> <span class='ocrx_word' id='word_1_122' title='bbox 1293 902 1323 929; x_wconf 94' lang='lat' dir='ltr'>in</span> 
     </span>
     <span class='ocr_line' id='line_1_20' title="bbox 264 941 1321 978; baseline -0.004 -6"><span class='ocrx_word' id='word_1_123' title='bbox 264 944 413 973; x_wconf 83' lang='lat' dir='ltr'>velocitate</span> <span class='ocrx_word' id='word_1_124' title='bbox 426 942 596 977; x_wconf 83' lang='lat' dir='ltr'>alterationi,</span> <span class='ocrx_word' id='word_1_125' title='bbox 612 951 707 978; x_wconf 88' lang='lat' dir='ltr'>neque</span> <span class='ocrx_word' id='word_1_126' title='bbox 721 941 815 969; x_wconf 89' lang='lat' dir='ltr'>maior</span> <span class='ocrx_word' id='word_1_127' title='bbox 828 947 877 968; x_wconf 91' lang='lat' dir='ltr'>aut</span> <span class='ocrx_word' id='word_1_128' title='bbox 891 941 995 968; x_wconf 90' lang='lat' dir='ltr'>minor.</span> <span class='ocrx_word' id='word_1_129' title='bbox 1010 957 1029 962; x_wconf 91' lang='lat'>-</span> <span class='ocrx_word' id='word_1_130' title='bbox 1042 941 1068 968; x_wconf 84' lang='lat'>3.</span> <span class='ocrx_word' id='word_1_131' title='bbox 1084 941 1215 968; x_wconf 80' lang='lat' dir='ltr'>Secundo</span> <span class='ocrx_word' id='word_1_132' title='bbox 1230 950 1321 977; x_wconf 89' lang='lat' dir='ltr'>quan-</span> 
     </span>
     <span class='ocr_line' id='line_1_21' title="bbox 263 979 1321 1018; baseline -0.005 -6"><span class='ocrx_word' id='word_1_133' title='bbox 263 990 326 1012; x_wconf 89' lang='lat' dir='ltr'>tum</span> <span class='ocrx_word' id='word_1_134' title='bbox 345 984 383 1011; x_wconf 90' lang='lat' dir='ltr'>ad</span> <span class='ocrx_word' id='word_1_135' title='bbox 404 982 651 1018; x_wconf 83' lang='lat' dir='ltr'>comparationem</span> <span class='ocrx_word' id='word_1_136' title='bbox 671 987 768 1009; x_wconf 90' lang='lat' dir='ltr'>motus</span> <span class='ocrx_word' id='word_1_137' title='bbox 789 979 932 1008; x_wconf 87' lang='lat' dir='ltr'>circularis</span> <span class='ocrx_word' id='word_1_138' title='bbox 953 987 981 1008; x_wconf 90' lang='lat' dir='ltr'>et</span> <span class='ocrx_word' id='word_1_139' title='bbox 1001 980 1078 1008; x_wconf 90' lang='lat' dir='ltr'>recti.</span> <span class='ocrx_word' id='word_1_140' title='bbox 1095 996 1114 1001; x_wconf 89' lang='lat'>-</span> <span class='ocrx_word' id='word_1_141' title='bbox 1127 981 1234 1007; x_wconf 88' lang='lat' dir='ltr'>Textus</span> <span class='ocrx_word' id='word_1_142' title='bbox 1255 981 1321 1007; x_wconf 91' lang='lat' dir='ltr'>sub-</span> 
     </span>
     <span class='ocr_line' id='line_1_22' title="bbox 264 1018 1322 1058; baseline -0.004 -8"><span class='ocrx_word' id='word_1_143' title='bbox 264 1021 374 1050; x_wconf 88' lang='lat' dir='ltr'>divisio.</span> <span class='ocrx_word' id='word_1_144' title='bbox 392 1038 409 1043; x_wconf 84' lang='lat'>·-</span> <span class='ocrx_word' id='word_1_145' title='bbox 422 1021 505 1050; x_wconf 86' lang='lat' dir='ltr'>Ratio</span> <span class='ocrx_word' id='word_1_146' title='bbox 520 1030 573 1058; x_wconf 90' lang='lat' dir='ltr'>pro</span> <span class='ocrx_word' id='word_1_147' title='bbox 594 1028 674 1058; x_wconf 84' lang='lat' dir='ltr'>parte</span> <span class='ocrx_word' id='word_1_148' title='bbox 695 1018 875 1048; x_wconf 90' lang='lat' dir='ltr'>affirmativa.</span> <span class='ocrx_word' id='word_1_149' title='bbox 898 1020 994 1047; x_wconf 87' lang='lat' dir='ltr'>Motus</span> <span class='ocrx_word' id='word_1_150' title='bbox 1016 1018 1159 1047; x_wconf 88' lang='lat' dir='ltr'>circularis</span> <span class='ocrx_word' id='word_1_151' title='bbox 1181 1025 1209 1046; x_wconf 89' lang='lat' dir='ltr'>et</span> <span class='ocrx_word' id='word_1_152' title='bbox 1228 1026 1322 1047; x_wconf 90' lang='lat' dir='ltr'>rectus</span> 
     </span>
     <span class='ocr_line' id='line_1_23' title="bbox 264 1059 1321 1098; baseline -0.005 -8"><span class='ocrx_word' id='word_1_153' title='bbox 264 1068 331 1090; x_wconf 91' lang='lat' dir='ltr'>sunt</span> <span class='ocrx_word' id='word_1_154' title='bbox 351 1060 460 1098; x_wconf 87' lang='lat' dir='ltr'>species</span> <span class='ocrx_word' id='word_1_155' title='bbox 481 1067 578 1089; x_wconf 91' lang='lat' dir='ltr'>motus</span> <span class='ocrx_word' id='word_1_156' title='bbox 600 1059 708 1095; x_wconf 86' lang='lat' dir='ltr'>localis,</span> <span class='ocrx_word' id='word_1_157' title='bbox 730 1059 803 1087; x_wconf 88' lang='lat' dir='ltr'>sicut</span> <span class='ocrx_word' id='word_1_158' title='bbox 823 1065 919 1086; x_wconf 88' lang='lat' dir='ltr'>motus</span> <span class='ocrx_word' id='word_1_159' title='bbox 941 1067 1054 1086; x_wconf 89' lang='lat' dir='ltr'>sursum</span> <span class='ocrx_word' id='word_1_160' title='bbox 1076 1065 1103 1086; x_wconf 92' lang='lat' dir='ltr'>et</span> <span class='ocrx_word' id='word_1_161' title='bbox 1124 1064 1220 1086; x_wconf 85' lang='lat' dir='ltr'>morus</span> <span class='ocrx_word' id='word_1_162' title='bbox 1237 1059 1321 1086; x_wconf 90' lang='lat' dir='ltr'>deor-</span> 
     </span>
     <span class='ocr_line' id='line_1_24' title="bbox 264 1097 1321 1136; baseline -0.004 -7"><span class='ocrx_word' id='word_1_163' title='bbox 264 1110 345 1136; x_wconf 80' lang='lat' dir='ltr'>surn3</span> <span class='ocrx_word' id='word_1_164' title='bbox 367 1101 418 1129; x_wconf 88' lang='lat' dir='ltr'>sed</span> <span class='ocrx_word' id='word_1_165' title='bbox 431 1107 528 1128; x_wconf 90' lang='lat' dir='ltr'>motus</span> <span class='ocrx_word' id='word_1_166' title='bbox 542 1109 656 1128; x_wconf 87' lang='lat' dir='ltr'>sursum</span> <span class='ocrx_word' id='word_1_167' title='bbox 670 1106 698 1127; x_wconf 90' lang='lat' dir='ltr'>et</span> <span class='ocrx_word' id='word_1_168' title='bbox 711 1100 848 1127; x_wconf 90' lang='lat' dir='ltr'>deorsum</span> <span class='ocrx_word' id='word_1_169' title='bbox 862 1105 928 1126; x_wconf 90' lang='lat' dir='ltr'>sunt</span> <span class='ocrx_word' id='word_1_170' title='bbox 941 1097 1148 1134; x_wconf 86' lang='lat' dir='ltr'>comparabiles</span> <span class='ocrx_word' id='word_1_171' title='bbox 1162 1098 1321 1125; x_wconf 90' lang='lat' dir='ltr'>secundum</span> 
     </span>
     <span class='ocr_line' id='line_1_25' title="bbox 263 1137 1322 1176; baseline -0.005 -7"><span class='ocrx_word' id='word_1_172' title='bbox 263 1140 443 1169; x_wconf 89' lang='lat' dir='ltr'>velocitatem</span> <span class='ocrx_word' id='word_1_173' title='bbox 457 1146 486 1167; x_wconf 92' lang='lat' dir='ltr'>et</span> <span class='ocrx_word' id='word_1_174' title='bbox 498 1139 674 1175; x_wconf 87' lang='lat' dir='ltr'>tarditatem;</span> <span class='ocrx_word' id='word_1_175' title='bbox 696 1147 764 1176; x_wconf 87' lang='lat' dir='ltr'>ergo</span> <span class='ocrx_word' id='word_1_176' title='bbox 778 1138 890 1166; x_wconf 89' lang='lat' dir='ltr'>videtur</span> <span class='ocrx_word' id='word_1_177' title='bbox 910 1137 1040 1166; x_wconf 90' lang='lat' dir='ltr'>similiter</span> <span class='ocrx_word' id='word_1_178' title='bbox 1060 1138 1140 1174; x_wconf 91' lang='lat' dir='ltr'>quod</span> <span class='ocrx_word' id='word_1_179' title='bbox 1160 1143 1257 1165; x_wconf 89' lang='lat' dir='ltr'>motus</span> <span class='ocrx_word' id='word_1_180' title='bbox 1278 1147 1322 1165; x_wconf 83' lang='lat' dir='ltr'>re-</span> 
     </span>
     <span class='ocr_line' id='line_1_26' title="bbox 265 1176 1322 1216; baseline -0.004 -8"><span class='ocrx_word' id='word_1_181' title='bbox 265 1187 326 1208; x_wconf 88' lang='lat' dir='ltr'>ctus</span> <span class='ocrx_word' id='word_1_182' title='bbox 341 1178 431 1216; x_wconf 87' lang='lat' dir='ltr'>possit</span> <span class='ocrx_word' id='word_1_183' title='bbox 445 1188 507 1207; x_wconf 91' lang='lat' dir='ltr'>esse</span> <span class='ocrx_word' id='word_1_184' title='bbox 521 1179 647 1207; x_wconf 87' lang='lat' dir='ltr'>velocior</span> <span class='ocrx_word' id='word_1_185' title='bbox 661 1184 710 1206; x_wconf 88' lang='lat' dir='ltr'>aut</span> <span class='ocrx_word' id='word_1_186' title='bbox 723 1177 831 1206; x_wconf 90' lang='lat' dir='ltr'>tardior</span> <span class='ocrx_word' id='word_1_187' title='bbox 847 1183 929 1205; x_wconf 91' lang='lat' dir='ltr'>motu</span> <span class='ocrx_word' id='word_1_188' title='bbox 943 1177 1081 1205; x_wconf 89' lang='lat' dir='ltr'>circulari.</span> <span class='ocrx_word' id='word_1_189' title='bbox 1097 1193 1116 1197; x_wconf 98' lang='lat'><em>-</em></span> <span class='ocrx_word' id='word_1_190' title='bbox 1129 1185 1157 1211; x_wconf 90' lang='lat'>4.</span> <span class='ocrx_word' id='word_1_191' title='bbox 1180 1176 1322 1205; x_wconf 89' lang='lat' dir='ltr'>Cavillosa</span> 
     </span>
     <span class='ocr_line' id='line_1_27' title="bbox 264 1216 1321 1255; baseline -0.004 -8"><span class='ocrx_word' id='word_1_192' title='bbox 264 1219 390 1247; x_wconf 89' lang='lat' dir='ltr'>obviatio</span> <span class='ocrx_word' id='word_1_193' title='bbox 413 1225 513 1247; x_wconf 90' lang='lat' dir='ltr'>contra</span> <span class='ocrx_word' id='word_1_194' title='bbox 533 1218 719 1255; x_wconf 87' lang='lat' dir='ltr'>praemissam</span> <span class='ocrx_word' id='word_1_195' title='bbox 747 1217 890 1246; x_wconf 89' lang='lat' dir='ltr'>rationem</span> <span class='ocrx_word' id='word_1_196' title='bbox 911 1216 1076 1244; x_wconf 81' lang='lat' dir='ltr'>excluditur.</span> <span class='ocrx_word' id='word_1_197' title='bbox 1099 1217 1142 1243; x_wconf 88' lang='lat' dir='ltr'>Ex</span> <span class='ocrx_word' id='word_1_198' title='bbox 1164 1216 1220 1244; x_wconf 92' lang='lat' dir='ltr'>hoc</span> <span class='ocrx_word' id='word_1_199' title='bbox 1242 1217 1321 1253; x_wconf 92' lang='lat' dir='ltr'>quod</span> 
     </span>
    </p>
   </div>
   <div class='ocr_carea' id='block_1_10' title="bbox 219 1255 1321 1292">
    <p class='ocr_par' dir='ltr' id='par_1_10' title="bbox 219 1255 1321 1292">
     <span class='ocr_line' id='line_1_28' title="bbox 219 1255 1321 1292; baseline -0.003 -5"><span class='ocrx_word' id='word_1_200' title='bbox 219 1271 224 1275; x_wconf 91' lang='lat'>·</span> <span class='ocrx_word' id='word_1_201' title='bbox 264 1265 361 1287; x_wconf 88' lang='lat' dir='ltr'>motus</span> <span class='ocrx_word' id='word_1_202' title='bbox 382 1258 526 1286; x_wconf 88' lang='lat' dir='ltr'>circularis</span> <span class='ocrx_word' id='word_1_203' title='bbox 543 1264 586 1286; x_wconf 89' lang='lat' dir='ltr'>est</span> <span class='ocrx_word' id='word_1_204' title='bbox 599 1257 692 1286; x_wconf 91' lang='lat' dir='ltr'>maior</span> <span class='ocrx_word' id='word_1_205' title='bbox 711 1257 757 1285; x_wconf 91' lang='lat' dir='ltr'>vel</span> <span class='ocrx_word' id='word_1_206' title='bbox 778 1256 874 1284; x_wconf 88' lang='lat' dir='ltr'>minor</span> <span class='ocrx_word' id='word_1_207' title='bbox 893 1256 924 1284; x_wconf 89' lang='lat' dir='ltr'>in</span> <span class='ocrx_word' id='word_1_208' title='bbox 943 1255 1093 1284; x_wconf 90' lang='lat' dir='ltr'>velocitate</span> <span class='ocrx_word' id='word_1_209' title='bbox 1110 1265 1198 1292; x_wconf 91' lang='lat' dir='ltr'>quarn</span> <span class='ocrx_word' id='word_1_210' title='bbox 1217 1262 1321 1291; x_wconf 89' lang='lat' dir='ltr'>rectus,</span> 
     </span>
    </p>
   </div>
   <div class='ocr_carea' id='block_1_11' title="bbox 263 1295 1324 2004">
    <p class='ocr_par' dir='ltr' id='par_1_11' title="bbox 263 1295 1324 2004">
     <span class='ocr_line' id='line_1_29' title="bbox 264 1295 1321 1335; baseline -0.002 -9"><span class='ocrx_word' id='word_1_211' title='bbox 264 1297 392 1335; x_wconf 90' lang='lat' dir='ltr'>sequitur</span> <span class='ocrx_word' id='word_1_212' title='bbox 413 1298 494 1334; x_wconf 90' lang='lat' dir='ltr'>quod</span> <span class='ocrx_word' id='word_1_213' title='bbox 513 1297 605 1333; x_wconf 89' lang='lat' dir='ltr'>possit</span> <span class='ocrx_word' id='word_1_214' title='bbox 625 1306 686 1325; x_wconf 91' lang='lat' dir='ltr'>esse</span> <span class='ocrx_word' id='word_1_215' title='bbox 707 1296 793 1324; x_wconf 88' lang='lat' dir='ltr'>etiarn</span> <span class='ocrx_word' id='word_1_216' title='bbox 814 1295 950 1332; x_wconf 89' lang='lat' dir='ltr'>aequalis.</span> <span class='ocrx_word' id='word_1_217' title='bbox 971 1297 1046 1334; x_wconf 80' lang='lat' dir='ltr'>Nam</span> <span class='ocrx_word' id='word_1_218' title='bbox 1059 1301 1237 1332; x_wconf 83' lang='lat' dir='ltr'>pertranseat</span> <span class='ocrx_word' id='word_1_219' title='bbox 1258 1305 1321 1324; x_wconf 89' lang='lat' dir='ltr'>mo-</span> 
     </span>
     <span class='ocr_line' id='line_1_30' title="bbox 264 1334 1322 1371; baseline -0.003 -6"><span class='ocrx_word' id='word_1_220' title='bbox 264 1337 321 1365; x_wconf 90' lang='lat' dir='ltr'>bile</span> <span class='ocrx_word' id='word_1_221' title='bbox 342 1336 468 1365; x_wconf 89' lang='lat' dir='ltr'>velocius</span> <span class='ocrx_word' id='word_1_222' title='bbox 490 1336 627 1365; x_wconf 89' lang='lat' dir='ltr'>circulum</span> <span class='ocrx_word' id='word_1_223' title='bbox 643 1337 741 1364; x_wconf 90' lang='lat' dir='ltr'>datum</span> <span class='ocrx_word' id='word_1_224' title='bbox 762 1335 792 1364; x_wconf 91' lang='lat' dir='ltr'>in</span> <span class='ocrx_word' id='word_1_225' title='bbox 813 1336 917 1363; x_wconf 88' lang='lat' dir='ltr'>eodem</span> <span class='ocrx_word' id='word_1_226' title='bbox 937 1341 1076 1371; x_wconf 88' lang='lat' dir='ltr'>tempore,</span> <span class='ocrx_word' id='word_1_227' title='bbox 1091 1334 1121 1362; x_wconf 91' lang='lat' dir='ltr'>in</span> <span class='ocrx_word' id='word_1_228' title='bbox 1136 1343 1194 1370; x_wconf 92' lang='lat' dir='ltr'>quo</span> <span class='ocrx_word' id='word_1_229' title='bbox 1214 1335 1322 1363; x_wconf 90' lang='lat' dir='ltr'>mobile</span> 
     </span>
     <span class='ocr_line' id='line_1_31' title="bbox 264 1373 1322 1413; baseline -0.003 -8"><span class='ocrx_word' id='word_1_230' title='bbox 264 1376 372 1405; x_wconf 85' lang='lat' dir='ltr'>tardius</span> <span class='ocrx_word' id='word_1_231' title='bbox 393 1376 546 1413; x_wconf 86' lang='lat' dir='ltr'>pertransit</span> <span class='ocrx_word' id='word_1_232' title='bbox 559 1376 689 1412; x_wconf 85' lang='lat' dir='ltr'>aliquam</span> <span class='ocrx_word' id='word_1_233' title='bbox 706 1375 812 1403; x_wconf 87' lang='lat' dir='ltr'>lineam</span> <span class='ocrx_word' id='word_1_234' title='bbox 828 1381 950 1403; x_wconf 85' lang='lat' dir='ltr'>rectam:</span> <span class='ocrx_word' id='word_1_235' title='bbox 972 1374 1049 1402; x_wconf 91' lang='lat' dir='ltr'>idem</span> <span class='ocrx_word' id='word_1_236' title='bbox 1070 1373 1177 1402; x_wconf 89' lang='lat' dir='ltr'>mobile</span> <span class='ocrx_word' id='word_1_237' title='bbox 1196 1374 1322 1402; x_wconf 91' lang='lat' dir='ltr'>velocius</span> 
     </span>
     <span class='ocr_line' id='line_1_32' title="bbox 264 1413 1321 1453; baseline -0.002 -9"><span class='ocrx_word' id='word_1_238' title='bbox 264 1422 376 1453; x_wconf 85' lang='lat' dir='ltr'>partem</span> <span class='ocrx_word' id='word_1_239' title='bbox 391 1415 489 1444; x_wconf 91' lang='lat' dir='ltr'>circuli</span> <span class='ocrx_word' id='word_1_240' title='bbox 509 1415 691 1451; x_wconf 89' lang='lat' dir='ltr'>pertransibit</span> <span class='ocrx_word' id='word_1_241' title='bbox 705 1415 735 1442; x_wconf 90' lang='lat' dir='ltr'>in</span> <span class='ocrx_word' id='word_1_242' title='bbox 748 1421 879 1450; x_wconf 89' lang='lat' dir='ltr'>tempore</span> <span class='ocrx_word' id='word_1_243' title='bbox 893 1414 1008 1449; x_wconf 89' lang='lat' dir='ltr'>minori,</span> <span class='ocrx_word' id='word_1_244' title='bbox 1024 1420 1052 1442; x_wconf 89' lang='lat' dir='ltr'>et</span> <span class='ocrx_word' id='word_1_245' title='bbox 1066 1413 1178 1450; x_wconf 87' lang='lat' dir='ltr'>aequali</span> <span class='ocrx_word' id='word_1_246' title='bbox 1192 1413 1232 1441; x_wconf 88' lang='lat' dir='ltr'>illi</span> <span class='ocrx_word' id='word_1_247' title='bbox 1249 1420 1321 1442; x_wconf 89' lang='lat' dir='ltr'>tem-</span> 
     </span>
     <span class='ocr_line' id='line_1_33' title="bbox 264 1452 1322 1492; baseline -0.003 -9"><span class='ocrx_word' id='word_1_248' title='bbox 264 1455 329 1492; x_wconf 91' lang='lat' dir='ltr'>pori</span> <span class='ocrx_word' id='word_1_249' title='bbox 349 1455 379 1483; x_wconf 89' lang='lat' dir='ltr'>in</span> <span class='ocrx_word' id='word_1_250' title='bbox 400 1465 459 1492; x_wconf 91' lang='lat' dir='ltr'>quo</span> <span class='ocrx_word' id='word_1_251' title='bbox 479 1454 631 1491; x_wconf 84' lang='lat' dir='ltr'>pertransit</span> <span class='ocrx_word' id='word_1_252' title='bbox 651 1454 737 1482; x_wconf 89' lang='lat' dir='ltr'>etiam</span> <span class='ocrx_word' id='word_1_253' title='bbox 758 1454 863 1482; x_wconf 90' lang='lat' dir='ltr'>lineam</span> <span class='ocrx_word' id='word_1_254' title='bbox 884 1460 1000 1481; x_wconf 88' lang='lat' dir='ltr'>rectam.</span> <span class='ocrx_word' id='word_1_255' title='bbox 1026 1455 1102 1491; x_wconf 87' lang='lat' dir='ltr'>Ergo</span> <span class='ocrx_word' id='word_1_256' title='bbox 1123 1452 1201 1480; x_wconf 88' lang='lat' dir='ltr'>idem</span> <span class='ocrx_word' id='word_1_257' title='bbox 1216 1453 1322 1481; x_wconf 90' lang='lat' dir='ltr'>mobile</span> 
     </span>
     <span class='ocr_line' id='line_1_34' title="bbox 264 1492 1321 1532; baseline -0.003 -9"><span class='ocrx_word' id='word_1_258' title='bbox 264 1495 295 1523; x_wconf 90' lang='lat' dir='ltr'>in</span> <span class='ocrx_word' id='word_1_259' title='bbox 315 1494 428 1532; x_wconf 91' lang='lat' dir='ltr'>aequali</span> <span class='ocrx_word' id='word_1_260' title='bbox 448 1500 579 1531; x_wconf 89' lang='lat' dir='ltr'>ternpore</span> <span class='ocrx_word' id='word_1_261' title='bbox 600 1493 751 1530; x_wconf 90' lang='lat' dir='ltr'>pertransit</span> <span class='ocrx_word' id='word_1_262' title='bbox 770 1500 882 1530; x_wconf 91' lang='lat' dir='ltr'>partem</span> <span class='ocrx_word' id='word_1_263' title='bbox 903 1493 1012 1528; x_wconf 86' lang='lat' dir='ltr'>circuli,</span> <span class='ocrx_word' id='word_1_264' title='bbox 1034 1502 1084 1521; x_wconf 91' lang='lat' dir='ltr'>seu</span> <span class='ocrx_word' id='word_1_265' title='bbox 1106 1492 1210 1521; x_wconf 90' lang='lat' dir='ltr'>lineam</span> <span class='ocrx_word' id='word_1_266' title='bbox 1231 1493 1321 1521; x_wconf 89' lang='lat' dir='ltr'>circu-</span> 
     </span>
     <span class='ocr_line' id='line_1_35' title="bbox 264 1532 1322 1570; baseline -0.001 -8"><span class='ocrx_word' id='word_1_267' title='bbox 264 1534 363 1569; x_wconf 81' lang='lat' dir='ltr'>larem,</span> <span class='ocrx_word' id='word_1_268' title='bbox 378 1540 406 1562; x_wconf 88' lang='lat' dir='ltr'>et</span> <span class='ocrx_word' id='word_1_269' title='bbox 420 1533 526 1562; x_wconf 85' lang='lat' dir='ltr'>lineam</span> <span class='ocrx_word' id='word_1_270' title='bbox 540 1539 663 1568; x_wconf 83' lang='lat' dir='ltr'>rectam;</span> <span class='ocrx_word' id='word_1_271' title='bbox 685 1542 753 1570; x_wconf 88' lang='lat' dir='ltr'>ergo</span> <span class='ocrx_word' id='word_1_272' title='bbox 768 1533 842 1561; x_wconf 92' lang='lat' dir='ltr'>linea</span> <span class='ocrx_word' id='word_1_273' title='bbox 863 1532 1005 1560; x_wconf 89' lang='lat' dir='ltr'>circularis</span> <span class='ocrx_word' id='word_1_274' title='bbox 1024 1532 1076 1561; x_wconf 89' lang='lat' dir='ltr'>erit</span> <span class='ocrx_word' id='word_1_275' title='bbox 1090 1532 1216 1570; x_wconf 88' lang='lat' dir='ltr'>aequalis</span> <span class='ocrx_word' id='word_1_276' title='bbox 1230 1532 1322 1561; x_wconf 88' lang='lat' dir='ltr'>lineae</span> 
     </span>
     <span class='ocr_line' id='line_1_36' title="bbox 264 1572 1322 1609; baseline -0.001 -8"><span class='ocrx_word' id='word_1_277' title='bbox 264 1579 367 1608; x_wconf 86' lang='lat' dir='ltr'>rectae,</span> <span class='ocrx_word' id='word_1_278' title='bbox 389 1579 418 1601; x_wconf 89' lang='lat' dir='ltr'>et</span> <span class='ocrx_word' id='word_1_279' title='bbox 438 1579 534 1601; x_wconf 91' lang='lat' dir='ltr'>motus</span> <span class='ocrx_word' id='word_1_280' title='bbox 556 1572 699 1601; x_wconf 87' lang='lat' dir='ltr'>circularis</span> <span class='ocrx_word' id='word_1_281' title='bbox 720 1581 811 1609; x_wconf 90' lang='lat' dir='ltr'>aeque</span> <span class='ocrx_word' id='word_1_282' title='bbox 832 1572 915 1601; x_wconf 87' lang='lat' dir='ltr'>velox</span> <span class='ocrx_word' id='word_1_283' title='bbox 935 1581 968 1600; x_wconf 89' lang='lat' dir='ltr'>ac</span> <span class='ocrx_word' id='word_1_284' title='bbox 989 1579 1091 1600; x_wconf 89' lang='lat' dir='ltr'>rectus.</span> <span class='ocrx_word' id='word_1_285' title='bbox 1106 1588 1126 1593; x_wconf 87' lang='lat'>—</span> <span class='ocrx_word' id='word_1_286' title='bbox 1142 1573 1167 1600; x_wconf 88' lang='lat'>5.</span> <span class='ocrx_word' id='word_1_287' title='bbox 1190 1572 1272 1600; x_wconf 89' lang='lat' dir='ltr'>Ratio</span> <span class='ocrx_word' id='word_1_288' title='bbox 1292 1572 1322 1600; x_wconf 91' lang='lat' dir='ltr'>in</span> 
     </span>
     <span class='ocr_line' id='line_1_37' title="bbox 264 1612 1322 1649; baseline -0.002 -8"><span class='ocrx_word' id='word_1_289' title='bbox 264 1612 449 1641; x_wconf 88' lang='lat' dir='ltr'>contrarium.</span> <span class='ocrx_word' id='word_1_290' title='bbox 471 1613 546 1640; x_wconf 91' lang='lat' dir='ltr'>Cum</span> <span class='ocrx_word' id='word_1_291' title='bbox 567 1621 658 1649; x_wconf 89' lang='lat' dir='ltr'>aeque</span> <span class='ocrx_word' id='word_1_292' title='bbox 678 1612 761 1640; x_wconf 86' lang='lat' dir='ltr'>velox</span> <span class='ocrx_word' id='word_1_293' title='bbox 775 1612 811 1640; x_wconf 86' lang='lat' dir='ltr'>sit</span> <span class='ocrx_word' id='word_1_294' title='bbox 827 1612 907 1648; x_wconf 91' lang='lat' dir='ltr'>quod</span> <span class='ocrx_word' id='word_1_295' title='bbox 927 1620 979 1648; x_wconf 89' lang='lat' dir='ltr'>per</span> <span class='ocrx_word' id='word_1_296' title='bbox 998 1612 1118 1648; x_wconf 90' lang='lat' dir='ltr'>aequale</span> <span class='ocrx_word' id='word_1_297' title='bbox 1138 1618 1279 1647; x_wconf 85' lang='lat' dir='ltr'>movetur,</span> <span class='ocrx_word' id='word_1_298' title='bbox 1298 1612 1322 1640; x_wconf 90' lang='lat' dir='ltr'>si</span> 
     </span>
     <span class='ocr_line' id='line_1_38' title="bbox 264 1650 1321 1688; baseline -0.001 -8"><span class='ocrx_word' id='word_1_299' title='bbox 264 1658 362 1680; x_wconf 89' lang='lat' dir='ltr'>motus</span> <span class='ocrx_word' id='word_1_300' title='bbox 376 1651 519 1680; x_wconf 87' lang='lat' dir='ltr'>circularis</span> <span class='ocrx_word' id='word_1_301' title='bbox 541 1658 568 1679; x_wconf 92' lang='lat' dir='ltr'>et</span> <span class='ocrx_word' id='word_1_302' title='bbox 588 1658 681 1679; x_wconf 90' lang='lat' dir='ltr'>rectus</span> <span class='ocrx_word' id='word_1_303' title='bbox 702 1651 758 1679; x_wconf 91' lang='lat' dir='ltr'>sint</span> <span class='ocrx_word' id='word_1_304' title='bbox 778 1651 987 1687; x_wconf 87' lang='lat' dir='ltr'>comparabiles</span> <span class='ocrx_word' id='word_1_305' title='bbox 1001 1650 1031 1678; x_wconf 91' lang='lat' dir='ltr'>in</span> <span class='ocrx_word' id='word_1_306' title='bbox 1048 1651 1204 1686; x_wconf 87' lang='lat' dir='ltr'>velocitate,</span> <span class='ocrx_word' id='word_1_307' title='bbox 1227 1651 1321 1688; x_wconf 87' lang='lat' dir='ltr'>sequi-</span> 
     </span>
     <span class='ocr_line' id='line_1_39' title="bbox 264 1690 1323 1728; baseline -0.001 -9"><span class='ocrx_word' id='word_1_308' title='bbox 264 1697 311 1719; x_wconf 90' lang='lat' dir='ltr'>tur</span> <span class='ocrx_word' id='word_1_309' title='bbox 331 1691 535 1719; x_wconf 86' lang='lat' dir='ltr'>inconveniens</span> <span class='ocrx_word' id='word_1_310' title='bbox 559 1691 639 1728; x_wconf 93' lang='lat' dir='ltr'>quod</span> <span class='ocrx_word' id='word_1_311' title='bbox 667 1691 756 1718; x_wconf 91' lang='lat' dir='ltr'>modo</span> <span class='ocrx_word' id='word_1_312' title='bbox 779 1690 886 1719; x_wconf 88' lang='lat' dir='ltr'>dictum</span> <span class='ocrx_word' id='word_1_313' title='bbox 921 1697 978 1725; x_wconf 87' lang='lat' dir='ltr'>est,</span> <span class='ocrx_word' id='word_1_314' title='bbox 1006 1699 1110 1726; x_wconf 89' lang='lat' dir='ltr'>nempe</span> <span class='ocrx_word' id='word_1_315' title='bbox 1140 1691 1220 1727; x_wconf 90' lang='lat' dir='ltr'>quod</span> <span class='ocrx_word' id='word_1_316' title='bbox 1248 1690 1323 1718; x_wconf 90' lang='lat' dir='ltr'>linea</span> 
     </span>
     <span class='ocr_line' id='line_1_40' title="bbox 264 1730 1322 1767; baseline -0.001 -9"><span class='ocrx_word' id='word_1_317' title='bbox 264 1737 342 1759; x_wconf 83' lang='lat' dir='ltr'>recta</span> <span class='ocrx_word' id='word_1_318' title='bbox 355 1737 383 1760; x_wconf 88' lang='lat' dir='ltr'>et</span> <span class='ocrx_word' id='word_1_319' title='bbox 403 1730 547 1759; x_wconf 88' lang='lat' dir='ltr'>circularis</span> <span class='ocrx_word' id='word_1_320' title='bbox 568 1730 624 1758; x_wconf 89' lang='lat' dir='ltr'>sint</span> <span class='ocrx_word' id='word_1_321' title='bbox 637 1731 787 1767; x_wconf 90' lang='lat' dir='ltr'>aequales;</span> <span class='ocrx_word' id='word_1_322' title='bbox 808 1731 888 1767; x_wconf 91' lang='lat' dir='ltr'>quod</span> <span class='ocrx_word' id='word_1_323' title='bbox 909 1736 952 1757; x_wconf 89' lang='lat' dir='ltr'>est</span> <span class='ocrx_word' id='word_1_324' title='bbox 972 1730 1158 1765; x_wconf 87' lang='lat' dir='ltr'>impossibile.</span> <span class='ocrx_word' id='word_1_325' title='bbox 1174 1747 1193 1751; x_wconf 96' lang='lat'>—</span> <span class='ocrx_word' id='word_1_326' title='bbox 1208 1731 1236 1757; x_wconf 91' lang='lat'>6.</span> <span class='ocrx_word' id='word_1_327' title='bbox 1259 1730 1322 1758; x_wconf 88' lang='lat' dir='ltr'>Sol-</span> 
     </span>
     <span class='ocr_line' id='line_1_41' title="bbox 263 1769 1322 1807; baseline -0.002 -9"><span class='ocrx_word' id='word_1_328' title='bbox 263 1770 339 1799; x_wconf 87' lang='lat' dir='ltr'>vitur</span> <span class='ocrx_word' id='word_1_329' title='bbox 352 1770 482 1807; x_wconf 87' lang='lat' dir='ltr'>quaestio</span> <span class='ocrx_word' id='word_1_330' title='bbox 503 1770 652 1807; x_wconf 89' lang='lat' dir='ltr'>proposita</span> <span class='ocrx_word' id='word_1_331' title='bbox 672 1771 712 1805; x_wconf 90' lang='lat' dir='ltr'>(n.</span> <span class='ocrx_word' id='word_1_332' title='bbox 739 1771 779 1805; x_wconf 90' lang='lat'>1):</span> <span class='ocrx_word' id='word_1_333' title='bbox 802 1776 830 1797; x_wconf 89' lang='lat' dir='ltr'>et</span> <span class='ocrx_word' id='word_1_334' title='bbox 849 1769 944 1806; x_wconf 89' lang='lat' dir='ltr'>primo</span> <span class='ocrx_word' id='word_1_335' title='bbox 966 1769 1171 1797; x_wconf 88' lang='lat' dir='ltr'>determinatur</span> <span class='ocrx_word' id='word_1_336' title='bbox 1191 1769 1221 1796; x_wconf 92' lang='lat' dir='ltr'>in</span> <span class='ocrx_word' id='word_1_337' title='bbox 1242 1778 1322 1797; x_wconf 90' lang='lat' dir='ltr'>com-</span> 
     </span>
     <span class='ocr_line' id='line_1_42' title="bbox 264 1808 1324 1846; baseline -0.001 -9"><span class='ocrx_word' id='word_1_338' title='bbox 264 1809 346 1838; x_wconf 90' lang='lat' dir='ltr'>muni</span> <span class='ocrx_word' id='word_1_339' title='bbox 374 1816 446 1846; x_wconf 92' lang='lat' dir='ltr'>quot</span> <span class='ocrx_word' id='word_1_340' title='bbox 469 1816 497 1838; x_wconf 91' lang='lat' dir='ltr'>et</span> <span class='ocrx_word' id='word_1_341' title='bbox 524 1818 667 1846; x_wconf 89' lang='lat' dir='ltr'>quaenam</span> <span class='ocrx_word' id='word_1_342' title='bbox 695 1809 876 1846; x_wconf 88' lang='lat' dir='ltr'>requirantur</span> <span class='ocrx_word' id='word_1_343' title='bbox 902 1809 939 1836; x_wconf 88' lang='lat' dir='ltr'>ad</span> <span class='ocrx_word' id='word_1_344' title='bbox 961 1808 1017 1836; x_wconf 91' lang='lat' dir='ltr'>hoc</span> <span class='ocrx_word' id='word_1_345' title='bbox 1043 1809 1123 1845; x_wconf 90' lang='lat' dir='ltr'>quod</span> <span class='ocrx_word' id='word_1_346' title='bbox 1150 1809 1246 1845; x_wconf 92' lang='lat' dir='ltr'>aliqua</span> <span class='ocrx_word' id='word_1_347' title='bbox 1268 1808 1324 1836; x_wconf 88' lang='lat' dir='ltr'>sint</span> 
     </span>
     <span class='ocr_line' id='line_1_43' title="bbox 265 1847 1323 1886; baseline -0.002 -9"><span class='ocrx_word' id='word_1_348' title='bbox 265 1849 470 1886; x_wconf 89' lang='lat' dir='ltr'>comparabilia</span> <span class='ocrx_word' id='word_1_349' title='bbox 490 1850 527 1877; x_wconf 89' lang='lat' dir='ltr'>ad</span> <span class='ocrx_word' id='word_1_350' title='bbox 548 1848 679 1876; x_wconf 90' lang='lat' dir='ltr'>invicem.</span> <span class='ocrx_word' id='word_1_351' title='bbox 694 1865 714 1870; x_wconf 92' lang='lat'>-</span> <span class='ocrx_word' id='word_1_352' title='bbox 727 1847 792 1876; x_wconf 88' lang='lat' dir='ltr'>Alia</span> <span class='ocrx_word' id='word_1_353' title='bbox 811 1854 903 1876; x_wconf 85' lang='lat' dir='ltr'>textus</span> <span class='ocrx_word' id='word_1_354' title='bbox 925 1847 1090 1876; x_wconf 88' lang='lat' dir='ltr'>subdivisio.</span> <span class='ocrx_word' id='word_1_355' title='bbox 1105 1864 1123 1868; x_wconf 98' lang='lat'><em>-</em></span> <span class='ocrx_word' id='word_1_356' title='bbox 1140 1857 1167 1884; x_wconf 93' lang='lat'>7.</span> <span class='ocrx_word' id='word_1_357' title='bbox 1191 1848 1323 1876; x_wconf 75' lang='lat' dir='ltr'>Primum</span> 
     </span>
     <span class='ocr_line' id='line_1_44' title="bbox 265 1887 1324 1926; baseline -0.001 -10"><span class='ocrx_word' id='word_1_358' title='bbox 265 1889 442 1926; x_wconf 83' lang='lat' dir='ltr'>requisitum.</span> <span class='ocrx_word' id='word_1_359' title='bbox 465 1889 503 1916; x_wconf 92' lang='lat' dir='ltr'>Ut</span> <span class='ocrx_word' id='word_1_360' title='bbox 522 1888 618 1925; x_wconf 89' lang='lat' dir='ltr'>aliqua</span> <span class='ocrx_word' id='word_1_361' title='bbox 638 1887 695 1916; x_wconf 91' lang='lat' dir='ltr'>sint</span> <span class='ocrx_word' id='word_1_362' title='bbox 715 1887 934 1924; x_wconf 83' lang='lat' dir='ltr'>comparabilia,</span> <span class='ocrx_word' id='word_1_363' title='bbox 957 1893 1071 1923; x_wconf 89' lang='lat' dir='ltr'>oportet</span> <span class='ocrx_word' id='word_1_364' title='bbox 1095 1888 1175 1924; x_wconf 92' lang='lat' dir='ltr'>quod</span> <span class='ocrx_word' id='word_1_365' title='bbox 1201 1887 1324 1915; x_wconf 89' lang='lat' dir='ltr'>univoce</span> 
     </span>
     <span class='ocr_line' id='line_1_45' title="bbox 263 1927 1321 1964; baseline -0.002 -8"><span class='ocrx_word' id='word_1_366' title='bbox 263 1928 442 1964; x_wconf 90' lang='lat' dir='ltr'>praedicetur</span> <span class='ocrx_word' id='word_1_367' title='bbox 463 1928 498 1955; x_wconf 93' lang='lat' dir='ltr'>de</span> <span class='ocrx_word' id='word_1_368' title='bbox 520 1927 561 1956; x_wconf 88' lang='lat' dir='ltr'>eis</span> <span class='ocrx_word' id='word_1_369' title='bbox 581 1927 611 1955; x_wconf 92' lang='lat' dir='ltr'>id</span> <span class='ocrx_word' id='word_1_370' title='bbox 632 1928 791 1960; x_wconf 84' lang='lat' dir='ltr'>secundum</span> <span class='ocrx_word' id='word_1_371' title='bbox 812 1928 892 1964; x_wconf 91' lang='lat' dir='ltr'>quod</span> <span class='ocrx_word' id='word_1_372' title='bbox 906 1933 1111 1963; x_wconf 87' lang='lat' dir='ltr'>comparantur</span> <span class='ocrx_word' id='word_1_373' title='bbox 1131 1928 1168 1955; x_wconf 89' lang='lat' dir='ltr'>ad</span> <span class='ocrx_word' id='word_1_374' title='bbox 1189 1927 1321 1955; x_wconf 89' lang='lat' dir='ltr'>invicem.</span> 
     </span>
     <span class='ocr_line' id='line_1_46' title="bbox 265 1966 1322 2004; baseline -0.002 -8"><span class='ocrx_word' id='word_1_375' title='bbox 265 1969 385 2004; x_wconf 86' lang='lat' dir='ltr'>Propter</span> <span class='ocrx_word' id='word_1_376' title='bbox 405 1968 461 1996; x_wconf 87' lang='lat' dir='ltr'>hoc</span> <span class='ocrx_word' id='word_1_377' title='bbox 482 1973 578 1995; x_wconf 89' lang='lat' dir='ltr'>motus</span> <span class='ocrx_word' id='word_1_378' title='bbox 598 1966 742 1995; x_wconf 88' lang='lat' dir='ltr'>circularis</span> <span class='ocrx_word' id='word_1_379' title='bbox 763 1973 791 1995; x_wconf 92' lang='lat' dir='ltr'>et</span> <span class='ocrx_word' id='word_1_380' title='bbox 810 1973 913 2002; x_wconf 87' lang='lat' dir='ltr'>rectus,</span> <span class='ocrx_word' id='word_1_381' title='bbox 935 1973 963 1994; x_wconf 89' lang='lat' dir='ltr'>et</span> <span class='ocrx_word' id='word_1_382' title='bbox 977 1967 1069 1995; x_wconf 90' lang='lat' dir='ltr'>multo</span> <span class='ocrx_word' id='word_1_383' title='bbox 1089 1966 1179 2004; x_wconf 86' lang='lat' dir='ltr'>magis</span> <span class='ocrx_word' id='word_1_384' title='bbox 1193 1966 1322 1995; x_wconf 87' lang='lat' dir='ltr'>alteratio</span> 
     </span>
    </p>
   </div>
   <div class='ocr_carea' id='block_1_12' title="bbox 315 2058 528 2265">
    <p class='ocr_par' dir='ltr' id='par_1_12' title="bbox 315 2058 528 2265">
     <span class='ocr_line' id='line_1_47' title="bbox 315 2058 528 2265; baseline 0 -125"><span class='ocrx_word' id='word_1_385' title='bbox 315 2058 528 2265; x_wconf 95' lang='lat' dir='ltr'>   </span> 
     </span>
    </p>
   </div>
   <div class='ocr_carea' id='block_1_13' title="bbox 263 2164 1326 3528">
    <p class='ocr_par' dir='ltr' id='par_1_13' title="bbox 263 2164 1326 2844">
     <span class='ocr_line' id='line_1_48' title="bbox 473 2164 1323 2213; baseline 0 -13"><span class='ocrx_word' id='word_1_386' title='bbox 473 2165 481 2178; x_wconf 74' lang='lat'>²</span> <span class='ocrx_word' id='word_1_387' title='bbox 500 2176 669 2212; x_wconf 90' lang='lat' dir='ltr'>ponere</span> <span class='ocrx_word' id='word_1_388' title='bbox 689 2164 843 2213; x_wconf 88' lang='lat' dir='ltr'>aliquod</span> <span class='ocrx_word' id='word_1_389' title='bbox 857 2164 1042 2212; x_wconf 83' lang='lat' dir='ltr'>primum3</span> <span class='ocrx_word' id='word_1_390' title='bbox 1060 2164 1147 2213; x_wconf 89' lang='lat' dir='ltr'>quia</span> <span class='ocrx_word' id='word_1_391' title='bbox 1168 2177 1212 2201; x_wconf 89' lang='lat' dir='ltr'>ea</span> <span class='ocrx_word' id='word_1_392' title='bbox 1227 2177 1323 2213; x_wconf 89' lang='lat' dir='ltr'>quae</span> 
     </span>
     <span class='ocr_line' id='line_1_49' title="bbox 472 2211 1324 2265; baseline 0 -12"><span class='ocrx_word' id='word_1_393' title='bbox 472 2211 510 2243; x_wconf 53' lang='grc' dir='ltr'>ἶν’</span> <span class='ocrx_word' id='word_1_394' title='bbox 528 2225 615 2253; x_wconf 89' lang='lat' dir='ltr'>sunt</span> <span class='ocrx_word' id='word_1_395' title='bbox 631 2216 744 2253; x_wconf 90' lang='lat' dir='ltr'>unius</span> <span class='ocrx_word' id='word_1_396' title='bbox 764 2216 906 2253; x_wconf 90' lang='lat' dir='ltr'>ordinis</span> <span class='ocrx_word' id='word_1_397' title='bbox 928 2217 1104 2254; x_wconf 91' lang='lat' dir='ltr'>videntur</span> <span class='ocrx_word' id='word_1_398' title='bbox 1129 2229 1324 2265; x_wconf 91' lang='lat' dir='ltr'>compara-</span> 
     </span>
     <span class='ocr_line' id='line_1_50' title="bbox 531 2269 1324 2318; baseline 0.001 -13"><span class='ocrx_word' id='word_1_399' title='bbox 531 2270 606 2306; x_wconf 93' lang='lat' dir='ltr'>hoc</span> <span class='ocrx_word' id='word_1_400' title='bbox 623 2269 749 2318; x_wconf 91' lang='lat' dir='ltr'>ipsum</span> <span class='ocrx_word' id='word_1_401' title='bbox 770 2269 873 2318; x_wconf 89' lang='lat' dir='ltr'>quod</span> <span class='ocrx_word' id='word_1_402' title='bbox 894 2276 949 2306; x_wconf 91' lang='lat' dir='ltr'>est</span> <span class='ocrx_word' id='word_1_403' title='bbox 962 2269 1065 2318; x_wconf 88' lang='lat' dir='ltr'>prius</span> <span class='ocrx_word' id='word_1_404' title='bbox 1086 2277 1121 2306; x_wconf 92' lang='lat' dir='ltr'>et</span> <span class='ocrx_word' id='word_1_405' title='bbox 1138 2270 1324 2318; x_wconf 89' lang='lat' dir='ltr'>posterius</span> 
     </span>
     <span class='ocr_line' id='line_1_51' title="bbox 267 2321 1324 2371; baseline 0 -13"><span class='ocrx_word' id='word_1_406' title='bbox 267 2321 593 2371; x_wconf 87' lang='lat' dir='ltr'>comparationem</span> <span class='ocrx_word' id='word_1_407' title='bbox 634 2322 837 2371; x_wconf 83' lang='lat' dir='ltr'>importat,</span> <span class='ocrx_word' id='word_1_408' title='bbox 875 2323 956 2359; x_wconf 89' lang='lat' dir='ltr'>vult</span> <span class='ocrx_word' id='word_1_409' title='bbox 997 2334 1041 2358; x_wconf 89' lang='lat' dir='ltr'>ex</span> <span class='ocrx_word' id='word_1_410' title='bbox 1079 2322 1324 2371; x_wconf 88' lang='lat' dir='ltr'>consequenti</span> 
     </span>
     <span class='ocr_line' id='line_1_52' title="bbox 263 2374 1325 2423; baseline 0 -12"><span class='ocrx_word' id='word_1_411' title='bbox 263 2374 451 2423; x_wconf 89' lang='lat' dir='ltr'>inquirere</span> <span class='ocrx_word' id='word_1_412' title='bbox 476 2375 523 2412; x_wconf 88' lang='lat' dir='ltr'>de</span> <span class='ocrx_word' id='word_1_413' title='bbox 543 2382 718 2411; x_wconf 90' lang='lat' dir='ltr'>motuum</span> <span class='ocrx_word' id='word_1_414' title='bbox 739 2374 1033 2423; x_wconf 88' lang='lat' dir='ltr'>comparatione.</span> <span class='ocrx_word' id='word_1_415' title='bbox 1062 2376 1111 2412; x_wconf 89' lang='lat' dir='ltr'>Et</span> <span class='ocrx_word' id='word_1_416' title='bbox 1135 2375 1232 2412; x_wconf 88' lang='lat' dir='ltr'>circa</span> <span class='ocrx_word' id='word_1_417' title='bbox 1250 2376 1325 2411; x_wconf 89' lang='lat' dir='ltr'>hoc</span> 
     </span>
     <span class='ocr_line' id='line_1_53' title="bbox 266 2427 1326 2476; baseline 0 -12"><span class='ocrx_word' id='word_1_418' title='bbox 266 2428 342 2464; x_wconf 93' lang='lat' dir='ltr'>duo</span> <span class='ocrx_word' id='word_1_419' title='bbox 370 2427 473 2464; x_wconf 84' lang='lat' dir='ltr'>facit:</span> <span class='ocrx_word' id='word_1_420' title='bbox 507 2428 632 2476; x_wconf 90' lang='lat' dir='ltr'>primo</span> <span class='ocrx_word' id='word_1_421' title='bbox 662 2427 764 2464; x_wconf 92' lang='lat' dir='ltr'>enim</span> <span class='ocrx_word' id='word_1_422' title='bbox 793 2427 955 2464; x_wconf 87' lang='lat' dir='ltr'>ostendit</span> <span class='ocrx_word' id='word_1_423' title='bbox 983 2427 1224 2476; x_wconf 30' lang='lat' dir='ltr'>quisssmotus</span> <span class='ocrx_word' id='word_1_424' title='bbox 1253 2428 1326 2465; x_wconf 89' lang='lat' dir='ltr'>sint</span> 
     </span>
     <span class='ocr_line' id='line_1_54' title="bbox 265 2479 1324 2529; baseline 0.002 -13"><span class='ocrx_word' id='word_1_425' title='bbox 265 2479 539 2529; x_wconf 87' lang='lat' dir='ltr'>comparabiles</span> <span class='ocrx_word' id='word_1_426' title='bbox 559 2480 606 2517; x_wconf 90' lang='lat' dir='ltr'>ad</span> <span class='ocrx_word' id='word_1_427' title='bbox 626 2480 806 2527; x_wconf 90' lang='lat' dir='ltr'>invicem;</span> <span class='ocrx_word' id='word_1_428' title='bbox 832 2480 1000 2517; x_wconf 88' lang='lat' dir='ltr'>secundo</span> <span class='ocrx_word' id='word_1_429' title='bbox 1021 2481 1177 2529; x_wconf 87' lang='lat' dir='ltr'>qualiter</span> <span class='ocrx_word' id='word_1_430' title='bbox 1197 2489 1324 2518; x_wconf 90' lang='lat' dir='ltr'>motus</span> 
     </span>
     <span class='ocr_line' id='line_1_55' title="bbox 264 2532 1323 2582; baseline 0.001 -13"><span class='ocrx_word' id='word_1_431' title='bbox 264 2533 315 2570; x_wconf 90' lang='lat' dir='ltr'>ad</span> <span class='ocrx_word' id='word_1_432' title='bbox 346 2532 511 2570; x_wconf 88' lang='lat' dir='ltr'>invicem</span> <span class='ocrx_word' id='word_1_433' title='bbox 545 2541 831 2582; x_wconf 78' lang='lat' dir='ltr'>comparentur,</span> <span class='ocrx_word' id='word_1_434' title='bbox 867 2533 943 2570; x_wconf 91' lang='lat' dir='ltr'>ibi:</span> <span class='ocrx_word' id='word_1_435' title='bbox 981 2533 1167 2575; x_wconf 86' lang='lat' dir='ltr'>Quoniam</span> <span class='ocrx_word' id='word_1_436' title='bbox 1194 2540 1323 2570; x_wconf 84' lang='lat' dir='ltr'>autem</span> 
     </span>
     <span class='ocr_line' id='line_1_56' title="bbox 264 2586 1323 2636; baseline 0 -14"><span class='ocrx_word' id='word_1_437' title='bbox 264 2597 418 2622; x_wconf 84' lang='lat' dir='ltr'>movens</span> <span class='ocrx_word' id='word_1_438' title='bbox 437 2587 594 2623; x_wconf 81' lang='lat' dir='ltr'>movet*</span> <span class='ocrx_word' id='word_1_439' title='bbox 608 2593 675 2622; x_wconf 87' lang='lat' dir='ltr'>etc.</span> <span class='ocrx_word' id='word_1_440' title='bbox 702 2586 812 2623; x_wconf 90' lang='lat' dir='ltr'>Circa</span> <span class='ocrx_word' id='word_1_441' title='bbox 834 2586 1000 2635; x_wconf 87' lang='lat' dir='ltr'>primum</span> <span class='ocrx_word' id='word_1_442' title='bbox 1028 2586 1096 2623; x_wconf 89' lang='lat' dir='ltr'>tria</span> <span class='ocrx_word' id='word_1_443' title='bbox 1119 2586 1221 2623; x_wconf 86' lang='lat' dir='ltr'>facit:</span> <span class='ocrx_word' id='word_1_444' title='bbox 1251 2587 1323 2636; x_wconf 90' lang='lat' dir='ltr'>pri-</span> 
     </span>
     <span class='ocr_line' id='line_1_57' title="bbox 266 2638 1323 2688; baseline 0.002 -14"><span class='ocrx_word' id='word_1_445' title='bbox 266 2650 332 2675; x_wconf 90' lang='lat' dir='ltr'>mo</span> <span class='ocrx_word' id='word_1_446' title='bbox 352 2646 485 2675; x_wconf 87' lang='lat' dir='ltr'>movet</span> <span class='ocrx_word' id='word_1_447' title='bbox 513 2638 804 2685; x_wconf 61' lang='lat' dir='ltr'>dubitationem</span> <span class='ocrx_word' id='word_1_448' title='bbox 834 2639 1000 2676; x_wconf 91' lang='lat' dir='ltr'>secundo</span> <span class='ocrx_word' id='word_1_449' title='bbox 1022 2639 1150 2676; x_wconf 90' lang='lat' dir='ltr'>obiicit</span> <span class='ocrx_word' id='word_1_450' title='bbox 1173 2639 1221 2676; x_wconf 89' lang='lat' dir='ltr'>ad</span> <span class='ocrx_word' id='word_1_451' title='bbox 1239 2652 1323 2688; x_wconf 90' lang='lat' dir='ltr'>par-</span> 
     </span>
     <span class='ocr_line' id='line_1_58' title="bbox 265 2690 1322 2741; baseline 0.002 -14"><span class='ocrx_word' id='word_1_452' title='bbox 265 2698 320 2727; x_wconf 89' lang='lat' dir='ltr'>tes</span> <span class='ocrx_word' id='word_1_453' title='bbox 341 2690 593 2738; x_wconf 90' lang='lat' dir='ltr'>dubitationis,</span> <span class='ocrx_word' id='word_1_454' title='bbox 613 2690 682 2727; x_wconf 91' lang='lat' dir='ltr'>ibi:</span> <span class='ocrx_word' id='word_1_455' title='bbox 704 2692 746 2728; x_wconf 83' lang='lat' dir='ltr'>Si</span> <span class='ocrx_word' id='word_1_456' title='bbox 762 2703 854 2741; x_wconf 81' lang='lat' dir='ltr'>ergo</span> <span class='ocrx_word' id='word_1_457' title='bbox 874 2703 959 2728; x_wconf 89' lang='lat' dir='ltr'>cum</span> <span class='ocrx_word' id='word_1_458' title='bbox 979 2692 1016 2728; x_wconf 86' lang='lat' dir='ltr'>in</span> <span class='ocrx_word' id='word_1_459' title='bbox 1036 2693 1187 2740; x_wconf 84' lang='lat' dir='ltr'>aequali</span> <span class='ocrx_word' id='word_1_460' title='bbox 1200 2693 1219 2713; x_wconf 60' lang='lat'>²¹*</span> <span class='ocrx_word' id='word_1_461' title='bbox 1235 2700 1322 2739; x_wconf 88' lang='lat' dir='ltr'>etc.;</span> 
     </span>
     <span class='ocr_line' id='line_1_59' title="bbox 264 2743 1325 2794; baseline 0.002 -15"><span class='ocrx_word' id='word_1_462' title='bbox 264 2743 373 2780; x_wconf 90' lang='lat' dir='ltr'>tertio</span> <span class='ocrx_word' id='word_1_463' title='bbox 403 2743 674 2780; x_wconf 87' lang='lat' dir='ltr'>dubitationem</span> <span class='ocrx_word' id='word_1_464' title='bbox 703 2744 834 2791; x_wconf 90' lang='lat' dir='ltr'>solvit,</span> <span class='ocrx_word' id='word_1_465' title='bbox 863 2743 931 2781; x_wconf 91' lang='lat' dir='ltr'>ibi:</span> <span class='ocrx_word' id='word_1_466' title='bbox 966 2745 1040 2781; x_wconf 81' lang='lat' dir='ltr'>Sed</span> <span class='ocrx_word' id='word_1_467' title='bbox 1070 2756 1325 2794; x_wconf 84' lang='lat' dir='ltr'>quaecumque</span> 
     </span>
     <span class='ocr_line' id='line_1_60' title="bbox 266 2796 705 2844; baseline 0.002 -12"><span class='ocrx_word' id='word_1_468' title='bbox 266 2808 340 2833; x_wconf 90' lang='lat' dir='ltr'>non</span> <span class='ocrx_word' id='word_1_469' title='bbox 374 2796 578 2844; x_wconf 82' lang='lat' dir='ltr'>aequivoca</span> <span class='ocrx_word' id='word_1_470' title='bbox 597 2797 616 2817; x_wconf 79' lang='grc'>*</span> <span class='ocrx_word' id='word_1_471' title='bbox 637 2804 705 2833; x_wconf 87' lang='grc'>010.</span> 
     </span>
    </p>

    <p class='ocr_par' dir='ltr' id='par_1_14' title="bbox 264 2848 1326 3528">
     <span class='ocr_line' id='line_1_61' title="bbox 319 2848 1324 2898; baseline 0.002 -13"><span class='ocrx_word' id='word_1_472' title='bbox 319 2849 454 2885; x_wconf 87' lang='lat' dir='ltr'>Movet</span> <span class='ocrx_word' id='word_1_473' title='bbox 484 2856 611 2885; x_wconf 88' lang='lat' dir='ltr'>autem</span> <span class='ocrx_word' id='word_1_474' title='bbox 641 2848 913 2885; x_wconf 87' lang='lat' dir='ltr'>dubitationem</span> <span class='ocrx_word' id='word_1_475' title='bbox 947 2849 1257 2898; x_wconf 87' lang='lat' dir='ltr'>primoquidem</span> <span class='ocrx_word' id='word_1_476' title='bbox 1285 2850 1324 2887; x_wconf 91' lang='lat' dir='ltr'>in</span> 
     </span>
     <span class='ocr_line' id='line_1_62' title="bbox 267 2901 1323 2950; baseline 0.001 -12"><span class='ocrx_word' id='word_1_477' title='bbox 267 2902 474 2949; x_wconf 90' lang='lat' dir='ltr'>communi,</span> <span class='ocrx_word' id='word_1_478' title='bbox 504 2913 689 2950; x_wconf 89' lang='lat' dir='ltr'>quaerens</span> <span class='ocrx_word' id='word_1_479' title='bbox 717 2909 843 2938; x_wconf 89' lang='lat' dir='ltr'>utrum</span> <span class='ocrx_word' id='word_1_480' title='bbox 864 2901 988 2938; x_wconf 90' lang='lat' dir='ltr'>omnis</span> <span class='ocrx_word' id='word_1_481' title='bbox 1007 2908 1134 2938; x_wconf 89' lang='lat' dir='ltr'>motus</span> <span class='ocrx_word' id='word_1_482' title='bbox 1155 2902 1199 2939; x_wconf 91' lang='lat' dir='ltr'>sit</span> <span class='ocrx_word' id='word_1_483' title='bbox 1219 2915 1323 2940; x_wconf 90' lang='lat' dir='ltr'>com-</span> 
     </span>
     <span class='ocr_line' id='line_1_63' title="bbox 264 2954 1323 3003; baseline 0.002 -13"><span class='ocrx_word' id='word_1_484' title='bbox 264 2954 441 3003; x_wconf 87' lang='lat' dir='ltr'>parabilis</span> <span class='ocrx_word' id='word_1_485' title='bbox 463 2954 611 2991; x_wconf 88' lang='lat' dir='ltr'>cuilibet</span> <span class='ocrx_word' id='word_1_486' title='bbox 630 2954 762 3001; x_wconf 89' lang='lat' dir='ltr'>motui,</span> <span class='ocrx_word' id='word_1_487' title='bbox 788 2955 850 2991; x_wconf 90' lang='lat' dir='ltr'>vel</span> <span class='ocrx_word' id='word_1_488' title='bbox 878 2967 976 2991; x_wconf 89' lang='lat' dir='ltr'>non:</span> <span class='ocrx_word' id='word_1_489' title='bbox 1007 2954 1142 2992; x_wconf 89' lang='lat' dir='ltr'>deinde</span> <span class='ocrx_word' id='word_1_490' title='bbox 1170 2967 1263 2992; x_wconf 90' lang='lat' dir='ltr'>vero</span> <span class='ocrx_word' id='word_1_491' title='bbox 1285 2955 1323 2992; x_wconf 91' lang='lat' dir='ltr'>in</span> 
     </span>
     <span class='ocr_line' id='line_1_64' title="bbox 267 3006 1323 3056; baseline 0.002 -13"><span class='ocrx_word' id='word_1_492' title='bbox 267 3006 438 3055; x_wconf 89' lang='lat' dir='ltr'>speciali,</span> <span class='ocrx_word' id='word_1_493' title='bbox 470 3007 742 3044; x_wconf 88' lang='lat' dir='ltr'>dubitationem</span> <span class='ocrx_word' id='word_1_494' title='bbox 771 3007 932 3044; x_wconf 88' lang='lat' dir='ltr'>inferens</span> <span class='ocrx_word' id='word_1_495' title='bbox 957 3007 1081 3056; x_wconf 91' lang='lat' dir='ltr'>primo</span> <span class='ocrx_word' id='word_1_496' title='bbox 1102 3007 1256 3056; x_wconf 89' lang='lat' dir='ltr'>quidem</span> <span class='ocrx_word' id='word_1_497' title='bbox 1277 3008 1323 3045; x_wconf 91' lang='lat' dir='ltr'>de</span> 
     </span>
     <span class='ocr_line' id='line_1_65' title="bbox 265 3059 1323 3108; baseline 0.002 -13"><span class='ocrx_word' id='word_1_498' title='bbox 265 3059 433 3096; x_wconf 89' lang='lat' dir='ltr'>motibus</span> <span class='ocrx_word' id='word_1_499' title='bbox 459 3060 571 3097; x_wconf 91' lang='lat' dir='ltr'>unius</span> <span class='ocrx_word' id='word_1_500' title='bbox 590 3060 748 3108; x_wconf 86' lang='lat' dir='ltr'>generis.</span> <span class='ocrx_word' id='word_1_501' title='bbox 779 3060 879 3106; x_wconf 89' lang='lat' dir='ltr'>Quia</span> <span class='ocrx_word' id='word_1_502' title='bbox 899 3060 929 3096; x_wconf 91' lang='lat' dir='ltr'>si</span> <span class='ocrx_word' id='word_1_503' title='bbox 949 3060 1072 3097; x_wconf 89' lang='lat' dir='ltr'>omnis</span> <span class='ocrx_word' id='word_1_504' title='bbox 1098 3068 1224 3097; x_wconf 90' lang='lat' dir='ltr'>motus</span> <span class='ocrx_word' id='word_1_505' title='bbox 1249 3061 1323 3097; x_wconf 93' lang='lat' dir='ltr'>cui-</span> 
     </span>
     <span class='ocr_line' id='line_1_66' title="bbox 266 3111 1324 3161; baseline 0.002 -13"><span class='ocrx_word' id='word_1_506' title='bbox 266 3111 356 3148; x_wconf 90' lang='lat' dir='ltr'>libet</span> <span class='ocrx_word' id='word_1_507' title='bbox 374 3112 494 3148; x_wconf 87' lang='lat' dir='ltr'>motui</span> <span class='ocrx_word' id='word_1_508' title='bbox 513 3113 558 3150; x_wconf 90' lang='lat' dir='ltr'>sit</span> <span class='ocrx_word' id='word_1_509' title='bbox 577 3112 839 3161; x_wconf 90' lang='lat' dir='ltr'>comparabilis</span> <span class='ocrx_word' id='word_1_510' title='bbox 859 3113 1069 3150; x_wconf 89' lang='lat' dir='ltr'>secundum</span> <span class='ocrx_word' id='word_1_511' title='bbox 1083 3113 1324 3159; x_wconf 73' lang='lat' dir='ltr'>velocitatem</span> 
     </span>
     <span class='ocr_line' id='line_1_67' title="bbox 268 3164 1324 3214; baseline 0.002 -14"><span class='ocrx_word' id='word_1_512' title='bbox 268 3171 304 3201; x_wconf 91' lang='grc'>01</span> <span class='ocrx_word' id='word_1_513' title='bbox 328 3164 539 3202; x_wconf 87' lang='lat' dir='ltr'>tarditatem</span> <span class='ocrx_word' id='word_1_514' title='bbox 568 3165 725 3212; x_wconf 89' lang='lat' dir='ltr'>(dictum</span> <span class='ocrx_word' id='word_1_515' title='bbox 751 3173 806 3202; x_wconf 91' lang='lat' dir='ltr'>est</span> <span class='ocrx_word' id='word_1_516' title='bbox 833 3174 960 3202; x_wconf 89' lang='lat' dir='ltr'>autem</span> <span class='ocrx_word' id='word_1_517' title='bbox 988 3166 1026 3202; x_wconf 93' lang='lat' dir='ltr'>in</span> <span class='ocrx_word' id='word_1_518' title='bbox 1055 3173 1158 3202; x_wconf 84' lang='lat' dir='ltr'>sexto</span> <span class='ocrx_word' id='word_1_519' title='bbox 1180 3167 1200 3187; x_wconf 76' lang='grc'><strong>*</strong></span> <span class='ocrx_word' id='word_1_520' title='bbox 1220 3166 1324 3214; x_wconf 94' lang='lat' dir='ltr'>quod</span> 
     </span>
     <span class='ocr_line' id='line_1_68' title="bbox 268 3217 1325 3267; baseline 0.002 -14"><span class='ocrx_word' id='word_1_521' title='bbox 268 3217 471 3265; x_wconf 88' lang='lat' dir='ltr'>aequaliter</span> <span class='ocrx_word' id='word_1_522' title='bbox 499 3219 613 3255; x_wconf 84' lang='lat' dir='ltr'>velox</span> <span class='ocrx_word' id='word_1_523' title='bbox 648 3226 722 3265; x_wconf 90' lang='lat' dir='ltr'>est,</span> <span class='ocrx_word' id='word_1_524' title='bbox 759 3218 863 3267; x_wconf 91' lang='lat' dir='ltr'>quod</span> <span class='ocrx_word' id='word_1_525' title='bbox 897 3226 1074 3255; x_wconf 86' lang='lat' dir='ltr'>movetur</span> <span class='ocrx_word' id='word_1_526' title='bbox 1107 3219 1145 3255; x_wconf 90' lang='lat' dir='ltr'>in</span> <span class='ocrx_word' id='word_1_527' title='bbox 1178 3219 1325 3267; x_wconf 90' lang='lat' dir='ltr'>aequali</span> 
     </span>
     <span class='ocr_line' id='line_1_69' title="bbox 267 3270 1323 3320; baseline 0.002 -14"><span class='ocrx_word' id='word_1_528' title='bbox 267 3277 440 3318; x_wconf 87' lang='lat' dir='ltr'>ternpore</span> <span class='ocrx_word' id='word_1_529' title='bbox 472 3282 540 3318; x_wconf 91' lang='lat' dir='ltr'>per</span> <span class='ocrx_word' id='word_1_530' title='bbox 573 3271 730 3319; x_wconf 91' lang='lat' dir='ltr'>aequale</span> <span class='ocrx_word' id='word_1_531' title='bbox 759 3270 966 3319; x_wconf 89' lang='lat' dir='ltr'>spatium),</span> <span class='ocrx_word' id='word_1_532' title='bbox 1006 3278 1182 3318; x_wconf 89' lang='lat' dir='ltr'>sequetur</span> <span class='ocrx_word' id='word_1_533' title='bbox 1219 3271 1323 3320; x_wconf 90' lang='lat' dir='ltr'>quod</span> 
     </span>
     <span class='ocr_line' id='line_1_70' title="bbox 268 3322 1323 3370; baseline 0.002 -12"><span class='ocrx_word' id='word_1_534' title='bbox 268 3329 394 3359; x_wconf 88' lang='lat' dir='ltr'>motus</span> <span class='ocrx_word' id='word_1_535' title='bbox 428 3322 615 3359; x_wconf 87' lang='lat' dir='ltr'>circularis</span> <span class='ocrx_word' id='word_1_536' title='bbox 650 3323 695 3359; x_wconf 91' lang='lat' dir='ltr'>sit</span> <span class='ocrx_word' id='word_1_537' title='bbox 727 3322 892 3370; x_wconf 88' lang='lat' dir='ltr'>aequalis</span> <span class='ocrx_word' id='word_1_538' title='bbox 921 3330 1021 3359; x_wconf 91' lang='lat' dir='ltr'>recto</span> <span class='ocrx_word' id='word_1_539' title='bbox 1061 3330 1096 3359; x_wconf 90' lang='lat' dir='ltr'>et</span> <span class='ocrx_word' id='word_1_540' title='bbox 1127 3323 1250 3360; x_wconf 91' lang='lat' dir='ltr'>maior</span> <span class='ocrx_word' id='word_1_541' title='bbox 1287 3331 1323 3360; x_wconf 89' lang='lat' dir='ltr'>et</span> 
     </span>
     <span class='ocr_line' id='line_1_71' title="bbox 267 3374 1324 3422; baseline 0.001 -11"><span class='ocrx_word' id='word_1_542' title='bbox 267 3374 394 3411; x_wconf 89' lang='lat' dir='ltr'>minor</span> <span class='ocrx_word' id='word_1_543' title='bbox 421 3374 459 3411; x_wconf 92' lang='lat' dir='ltr'>in</span> <span class='ocrx_word' id='word_1_544' title='bbox 486 3375 705 3419; x_wconf 87' lang='lat' dir='ltr'>velocitate;</span> <span class='ocrx_word' id='word_1_545' title='bbox 739 3382 774 3411; x_wconf 88' lang='lat' dir='ltr'>et</span> <span class='ocrx_word' id='word_1_546' title='bbox 805 3374 959 3411; x_wconf 90' lang='lat' dir='ltr'>ulterius</span> <span class='ocrx_word' id='word_1_547' title='bbox 993 3375 1098 3422; x_wconf 92' lang='lat' dir='ltr'>quod</span> <span class='ocrx_word' id='word_1_548' title='bbox 1125 3375 1223 3412; x_wconf 90' lang='lat' dir='ltr'>linea</span> <span class='ocrx_word' id='word_1_549' title='bbox 1257 3375 1324 3412; x_wconf 90' lang='lat' dir='ltr'>cir-</span> 
     </span>
     <span class='ocr_line' id='line_1_72' title="bbox 270 3427 1326 3476; baseline 0.001 -13"><span class='ocrx_word' id='word_1_550' title='bbox 270 3427 403 3463; x_wconf 88' lang='lat' dir='ltr'>cularis</span> <span class='ocrx_word' id='word_1_551' title='bbox 432 3427 476 3463; x_wconf 90' lang='lat' dir='ltr'>sit</span> <span class='ocrx_word' id='word_1_552' title='bbox 504 3427 668 3476; x_wconf 89' lang='lat' dir='ltr'>aequalis</span> <span class='ocrx_word' id='word_1_553' title='bbox 683 3427 802 3463; x_wconf 90' lang='lat' dir='ltr'>lineae</span> <span class='ocrx_word' id='word_1_554' title='bbox 823 3435 945 3464; x_wconf 89' lang='lat' dir='ltr'>rectae</span> <span class='ocrx_word' id='word_1_555' title='bbox 968 3427 1006 3463; x_wconf 90' lang='lat' dir='ltr'>in</span> <span class='ocrx_word' id='word_1_556' title='bbox 1026 3427 1240 3475; x_wconf 87' lang='lat' dir='ltr'>quantitate,</span> <span class='ocrx_word' id='word_1_557' title='bbox 1261 3435 1326 3464; x_wconf 90' lang='lat' dir='ltr'>aut</span> 
     </span>
     <span class='ocr_line' id='line_1_73' title="bbox 269 3479 1326 3528; baseline 0.001 -12"><span class='ocrx_word' id='word_1_558' title='bbox 269 3479 392 3516; x_wconf 90' lang='lat' dir='ltr'>maior</span> <span class='ocrx_word' id='word_1_559' title='bbox 420 3487 455 3516; x_wconf 91' lang='lat' dir='ltr'>et</span> <span class='ocrx_word' id='word_1_560' title='bbox 482 3479 623 3525; x_wconf 89' lang='lat' dir='ltr'>min0r;</span> <span class='ocrx_word' id='word_1_561' title='bbox 654 3492 698 3516; x_wconf 87' lang='lat' dir='ltr'>ex</span> <span class='ocrx_word' id='word_1_562' title='bbox 726 3492 802 3528; x_wconf 91' lang='lat' dir='ltr'>quo</span> <span class='ocrx_word' id='word_1_563' title='bbox 836 3492 956 3528; x_wconf 89' lang='lat' dir='ltr'>aeque</span> <span class='ocrx_word' id='word_1_564' title='bbox 987 3480 1100 3516; x_wconf 83' lang='lat' dir='ltr'>velox</span> <span class='ocrx_word' id='word_1_565' title='bbox 1134 3488 1189 3516; x_wconf 90' lang='lat' dir='ltr'>est</span> <span class='ocrx_word' id='word_1_566' title='bbox 1221 3481 1326 3528; x_wconf 92' lang='lat' dir='ltr'>quod</span> 
     </span>
    </p>
   </div>
   <div class='ocr_carea' id='block_1_14' title="bbox 2361 285 2434 331">
    <p class='ocr_par' dir='ltr' id='par_1_15' title="bbox 2361 285 2434 331">
     <span class='ocr_line' id='line_1_74' title="bbox 2361 285 2434 331; baseline 0.014 -1"><span class='ocrx_word' id='word_1_567' title='bbox 2361 285 2434 331; x_wconf 83' lang='lat'>347</span> 
     </span>
    </p>
   </div>
   <div class='ocr_carea' id='block_1_15' title="bbox 1442 360 2437 522">
    <p class='ocr_par' dir='ltr' id='par_1_16' title="bbox 1442 360 2437 522">
     <span class='ocr_line' id='line_1_75' title="bbox 1443 360 2437 400; baseline 0.001 -11"><span class='ocrx_word' id='word_1_568' title='bbox 1443 369 1516 399; x_wconf 89' lang='lat' dir='ltr'>ergo</span> <span class='ocrx_word' id='word_1_569' title='bbox 1541 360 1751 400; x_wconf 82' lang='lat' dir='ltr'>comparabile</span> <span class='ocrx_word' id='word_1_570' title='bbox 1777 360 1953 390; x_wconf 88' lang='lat' dir='ltr'>secundum</span> <span class='ocrx_word' id='word_1_571' title='bbox 1976 360 2047 398; x_wconf 88' lang='lat' dir='ltr'>hoc,</span> <span class='ocrx_word' id='word_1_572' title='bbox 2072 367 2108 390; x_wconf 89' lang='lat' dir='ltr'>ut</span> <span class='ocrx_word' id='word_1_573' title='bbox 2130 366 2237 390; x_wconf 89' lang='lat' dir='ltr'>utrum</span> <span class='ocrx_word' id='word_1_574' title='bbox 2261 360 2437 391; x_wconf 89' lang='lat' dir='ltr'>coloratum</span> 
     </span>
     <span class='ocr_line' id='line_1_76' title="bbox 1442 403 2436 445; baseline 0.002 -13"><span class='ocrx_word' id='word_1_575' title='bbox 1442 404 1540 442; x_wconf 86' lang='lat' dir='ltr'>magis</span> <span class='ocrx_word' id='word_1_576' title='bbox 1571 404 1609 433; x_wconf 91' lang='lat' dir='ltr'>sit</span> <span class='ocrx_word' id='word_1_577' title='bbox 1639 405 1747 434; x_wconf 89' lang='lat' dir='ltr'>album</span> <span class='ocrx_word' id='word_1_578' title='bbox 1777 414 1874 445; x_wconf 87' lang='lat' dir='ltr'>quarn</span> <span class='ocrx_word' id='word_1_579' title='bbox 1903 403 2048 443; x_wconf 90' lang='lat' dir='ltr'>nigrum;</span> <span class='ocrx_word' id='word_1_580' title='bbox 2080 404 2156 434; x_wconf 90' lang='lat' dir='ltr'>haec</span> <span class='ocrx_word' id='word_1_581' title='bbox 2191 404 2275 434; x_wconf 89' lang='lat' dir='ltr'>enim</span> <span class='ocrx_word' id='word_1_582' title='bbox 2311 414 2436 444; x_wconf 88' lang='lat' dir='ltr'>compa—</span> 
     </span>
     <span class='ocr_line' id='line_1_77' title="bbox 1443 447 2437 488; baseline 0.002 -12"><span class='ocrx_word' id='word_1_583' title='bbox 1443 453 1551 477; x_wconf 84' lang='lat' dir='ltr'>rantur</span> <span class='ocrx_word' id='word_1_584' title='bbox 1565 457 1630 477; x_wconf 91' lang='lat' dir='ltr'>non</span> <span class='ocrx_word' id='word_1_585' title='bbox 1645 448 1820 478; x_wconf 89' lang='lat' dir='ltr'>secundum</span> <span class='ocrx_word' id='word_1_586' title='bbox 1844 447 1981 488; x_wconf 87' lang='lat' dir='ltr'>aliquem</span> <span class='ocrx_word' id='word_1_587' title='bbox 2003 448 2154 486; x_wconf 87' lang='lat' dir='ltr'>colorem,</span> <span class='ocrx_word' id='word_1_588' title='bbox 2179 449 2233 478; x_wconf 91' lang='lat' dir='ltr'>sed</span> <span class='ocrx_word' id='word_1_589' title='bbox 2248 447 2437 488; x_wconf 86' lang='lat' dir='ltr'>inquantum</span> 
     </span>
     <span class='ocr_line' id='line_1_78' title="bbox 1445 490 2103 522; baseline 0.003 -2"><span class='ocrx_word' id='word_1_590' title='bbox 1445 490 1532 520; x_wconf 91' lang='lat' dir='ltr'>color</span> <span class='ocrx_word' id='word_1_591' title='bbox 1554 497 1616 521; x_wconf 90' lang='lat' dir='ltr'>est:</span> <span class='ocrx_word' id='word_1_592' title='bbox 1641 491 1695 520; x_wconf 85' lang='lat' dir='ltr'>sed</span> <span class='ocrx_word' id='word_1_593' title='bbox 1719 491 1894 522; x_wconf 88' lang='lat' dir='ltr'>secundum</span> <span class='ocrx_word' id='word_1_594' title='bbox 1917 491 2103 522; x_wconf 86' lang='lat' dir='ltr'>albedinem.</span> 
     </span>
    </p>
   </div>
   <div class='ocr_carea' id='block_1_16' title="bbox 1373 586 2439 2003">
    <p class='ocr_par' dir='ltr' id='par_1_17' title="bbox 1373 586 2439 2003">
     <span class='ocr_line' id='line_1_79' title="bbox 1379 586 2436 625; baseline 0.003 -12"><span class='ocrx_word' id='word_1_595' title='bbox 1379 592 1407 614; x_wconf 93' lang='lat' dir='ltr'>et</span> <span class='ocrx_word' id='word_1_596' title='bbox 1427 586 1483 614; x_wconf 90' lang='lat' dir='ltr'>loci</span> <span class='ocrx_word' id='word_1_597' title='bbox 1505 587 1635 622; x_wconf 85' lang='lat' dir='ltr'>mutatio,</span> <span class='ocrx_word' id='word_1_598' title='bbox 1658 597 1718 616; x_wconf 91' lang='lat' dir='ltr'>non</span> <span class='ocrx_word' id='word_1_599' title='bbox 1739 595 1943 625; x_wconf 89' lang='lat' dir='ltr'>comparantur</span> <span class='ocrx_word' id='word_1_600' title='bbox 1963 588 1992 616; x_wconf 92' lang='lat' dir='ltr'>in</span> <span class='ocrx_word' id='word_1_601' title='bbox 2013 588 2175 623; x_wconf 89' lang='lat' dir='ltr'>velocitate,</span> <span class='ocrx_word' id='word_1_602' title='bbox 2198 588 2265 625; x_wconf 91' lang='lat' dir='ltr'>quia</span> <span class='ocrx_word' id='word_1_603' title='bbox 2285 589 2369 616; x_wconf 87' lang='lat' dir='ltr'>velox</span> <span class='ocrx_word' id='word_1_604' title='bbox 2389 598 2436 617; x_wconf 92' lang='lat' dir='ltr'>ae-</span> 
     </span>
     <span class='ocr_line' id='line_1_80' title="bbox 1379 626 2437 664; baseline 0.003 -11"><span class='ocrx_word' id='word_1_605' title='bbox 1379 626 1500 662; x_wconf 88' lang='lat' dir='ltr'>quivoce</span> <span class='ocrx_word' id='word_1_606' title='bbox 1521 626 1624 654; x_wconf 87' lang='lat' dir='ltr'>dicitur</span> <span class='ocrx_word' id='word_1_607' title='bbox 1645 628 1680 654; x_wconf 93' lang='lat' dir='ltr'>de</span> <span class='ocrx_word' id='word_1_608' title='bbox 1702 627 1764 655; x_wconf 88' lang='lat' dir='ltr'>illis.</span> <span class='ocrx_word' id='word_1_609' title='bbox 1785 644 1804 648; x_wconf 95' lang='lat'>-</span> <span class='ocrx_word' id='word_1_610' title='bbox 1826 629 1853 655; x_wconf 90' lang='lat'>8.</span> <span class='ocrx_word' id='word_1_611' title='bbox 1876 627 2018 656; x_wconf 90' lang='lat' dir='ltr'>Obiectio.</span> <span class='ocrx_word' id='word_1_612' title='bbox 2041 628 2163 655; x_wconf 89' lang='lat' dir='ltr'>Multum</span> <span class='ocrx_word' id='word_1_613' title='bbox 2185 635 2213 655; x_wconf 92' lang='lat' dir='ltr'>et</span> <span class='ocrx_word' id='word_1_614' title='bbox 2233 628 2353 664; x_wconf 91' lang='lat' dir='ltr'>duplum</span> <span class='ocrx_word' id='word_1_615' title='bbox 2377 637 2437 656; x_wconf 89' lang='lat' dir='ltr'>non</span> 
     </span>
     <span class='ocr_line' id='line_1_81' title="bbox 1379 665 2437 702; baseline 0.003 -10"><span class='ocrx_word' id='word_1_616' title='bbox 1379 665 1544 702; x_wconf 83' lang='lat' dir='ltr'>aequivoce,</span> <span class='ocrx_word' id='word_1_617' title='bbox 1566 667 1617 693; x_wconf 90' lang='lat' dir='ltr'>sed</span> <span class='ocrx_word' id='word_1_618' title='bbox 1638 668 1796 695; x_wconf 90' lang='lat' dir='ltr'>secundum</span> <span class='ocrx_word' id='word_1_619' title='bbox 1818 668 1939 695; x_wconf 89' lang='lat' dir='ltr'>eandem</span> <span class='ocrx_word' id='word_1_620' title='bbox 1963 667 2105 695; x_wconf 85' lang='lat' dir='ltr'>rationem</span> <span class='ocrx_word' id='word_1_621' title='bbox 2127 667 2260 695; x_wconf 85' lang='lat' dir='ltr'>dicuntur</span> <span class='ocrx_word' id='word_1_622' title='bbox 2274 668 2309 695; x_wconf 89' lang='lat' dir='ltr'>de</span> <span class='ocrx_word' id='word_1_623' title='bbox 2330 677 2395 695; x_wconf 91' lang='lat' dir='ltr'>aere</span> <span class='ocrx_word' id='word_1_624' title='bbox 2410 674 2437 695; x_wconf 92' lang='lat' dir='ltr'>et</span> 
     </span>
     <span class='ocr_line' id='line_1_82' title="bbox 1378 705 2438 744; baseline 0.003 -12"><span class='ocrx_word' id='word_1_625' title='bbox 1378 705 1414 732; x_wconf 91' lang='lat' dir='ltr'>de</span> <span class='ocrx_word' id='word_1_626' title='bbox 1435 714 1526 741; x_wconf 90' lang='lat' dir='ltr'>aqua;</span> <span class='ocrx_word' id='word_1_627' title='bbox 1548 714 1602 732; x_wconf 88' lang='lat' dir='ltr'>nec</span> <span class='ocrx_word' id='word_1_628' title='bbox 1622 712 1719 734; x_wconf 87' lang='lat' dir='ltr'>tamen</span> <span class='ocrx_word' id='word_1_629' title='bbox 1741 713 1806 734; x_wconf 89' lang='lat' dir='ltr'>sunt</span> <span class='ocrx_word' id='word_1_630' title='bbox 1828 706 2033 743; x_wconf 87' lang='lat' dir='ltr'>comparabilia</span> <span class='ocrx_word' id='word_1_631' title='bbox 2051 707 2088 734; x_wconf 91' lang='lat' dir='ltr'>ad</span> <span class='ocrx_word' id='word_1_632' title='bbox 2108 706 2230 734; x_wconf 88' lang='lat' dir='ltr'>invicem</span> <span class='ocrx_word' id='word_1_633' title='bbox 2245 716 2294 734; x_wconf 92' lang='lat' dir='ltr'>aer</span> <span class='ocrx_word' id='word_1_634' title='bbox 2314 713 2341 734; x_wconf 93' lang='lat' dir='ltr'>et</span> <span class='ocrx_word' id='word_1_635' title='bbox 2362 716 2438 744; x_wconf 89' lang='lat' dir='ltr'>aqua</span> 
     </span>
     <span class='ocr_line' id='line_1_83' title="bbox 1378 745 2437 782; baseline 0.002 -11"><span class='ocrx_word' id='word_1_636' title='bbox 1378 745 1536 771; x_wconf 89' lang='lat' dir='ltr'>secundum</span> <span class='ocrx_word' id='word_1_637' title='bbox 1558 745 1781 780; x_wconf 89' lang='lat' dir='ltr'>multitudinem,</span> <span class='ocrx_word' id='word_1_638' title='bbox 1797 752 1846 773; x_wconf 90' lang='lat' dir='ltr'>aut</span> <span class='ocrx_word' id='word_1_639' title='bbox 1861 747 2019 774; x_wconf 88' lang='lat' dir='ltr'>secundum</span> <span class='ocrx_word' id='word_1_640' title='bbox 2035 746 2154 782; x_wconf 89' lang='lat' dir='ltr'>duplum</span> <span class='ocrx_word' id='word_1_641' title='bbox 2176 746 2220 773; x_wconf 92' lang='lat' dir='ltr'>vel</span> <span class='ocrx_word' id='word_1_642' title='bbox 2241 745 2402 774; x_wconf 90' lang='lat' dir='ltr'>dimidium.</span> <span class='ocrx_word' id='word_1_643' title='bbox 2418 762 2437 767; x_wconf 98' lang='lat'><em>-</em></span> 
     </span>
     <span class='ocr_line' id='line_1_84' title="bbox 1378 783 2436 822; baseline 0.003 -12"><span class='ocrx_word' id='word_1_644' title='bbox 1378 793 1405 819; x_wconf 90' lang='lat'>9.</span> <span class='ocrx_word' id='word_1_645' title='bbox 1437 783 1558 811; x_wconf 90' lang='lat' dir='ltr'>Solutio.</span> <span class='ocrx_word' id='word_1_646' title='bbox 1588 785 1697 812; x_wconf 86' lang='lat' dir='ltr'>Eadem</span> <span class='ocrx_word' id='word_1_647' title='bbox 1719 785 1792 812; x_wconf 89' lang='lat' dir='ltr'>ratio</span> <span class='ocrx_word' id='word_1_648' title='bbox 1819 785 1957 822; x_wconf 89' lang='lat' dir='ltr'>assignari</span> <span class='ocrx_word' id='word_1_649' title='bbox 1985 791 2079 821; x_wconf 88' lang='lat' dir='ltr'>potest</span> <span class='ocrx_word' id='word_1_650' title='bbox 2107 786 2142 813; x_wconf 89' lang='lat' dir='ltr'>de</span> <span class='ocrx_word' id='word_1_651' title='bbox 2170 785 2261 813; x_wconf 90' lang='lat' dir='ltr'>multo</span> <span class='ocrx_word' id='word_1_652' title='bbox 2283 792 2311 813; x_wconf 92' lang='lat' dir='ltr'>et</span> <span class='ocrx_word' id='word_1_653' title='bbox 2332 786 2436 822; x_wconf 89' lang='lat' dir='ltr'>duplo,</span> 
     </span>
     <span class='ocr_line' id='line_1_85' title="bbox 1378 823 2437 861; baseline 0.003 -11"><span class='ocrx_word' id='word_1_654' title='bbox 1378 823 1458 859; x_wconf 89' lang='lat' dir='ltr'>quod</span> <span class='ocrx_word' id='word_1_655' title='bbox 1485 832 1545 851; x_wconf 90' lang='lat' dir='ltr'>non</span> <span class='ocrx_word' id='word_1_656' title='bbox 1566 823 1622 851; x_wconf 90' lang='lat' dir='ltr'>sint</span> <span class='ocrx_word' id='word_1_657' title='bbox 1643 824 1848 860; x_wconf 87' lang='lat' dir='ltr'>comparabilia</span> <span class='ocrx_word' id='word_1_658' title='bbox 1872 825 2030 852; x_wconf 90' lang='lat' dir='ltr'>secundum</span> <span class='ocrx_word' id='word_1_659' title='bbox 2053 826 2132 861; x_wconf 91' lang='lat' dir='ltr'>quod</span> <span class='ocrx_word' id='word_1_660' title='bbox 2154 824 2288 852; x_wconf 89' lang='lat' dir='ltr'>dicuntur</span> <span class='ocrx_word' id='word_1_661' title='bbox 2315 825 2350 853; x_wconf 91' lang='lat' dir='ltr'>de</span> <span class='ocrx_word' id='word_1_662' title='bbox 2372 834 2437 853; x_wconf 89' lang='lat' dir='ltr'>aere</span> 
     </span>
     <span class='ocr_line' id='line_1_86' title="bbox 1376 862 2435 901; baseline 0.003 -12"><span class='ocrx_word' id='word_1_663' title='bbox 1376 869 1404 889; x_wconf 89' lang='lat' dir='ltr'>et</span> <span class='ocrx_word' id='word_1_664' title='bbox 1418 871 1508 899; x_wconf 91' lang='lat' dir='ltr'>aqua,</span> <span class='ocrx_word' id='word_1_665' title='bbox 1539 862 1607 899; x_wconf 86' lang='lat' dir='ltr'>quia</span> <span class='ocrx_word' id='word_1_666' title='bbox 1627 863 1757 892; x_wconf 89' lang='lat' dir='ltr'>videlicet</span> <span class='ocrx_word' id='word_1_667' title='bbox 1782 873 1843 892; x_wconf 89' lang='lat' dir='ltr'>non</span> <span class='ocrx_word' id='word_1_668' title='bbox 1870 864 1992 892; x_wconf 90' lang='lat' dir='ltr'>univoce</span> <span class='ocrx_word' id='word_1_669' title='bbox 2012 864 2213 900; x_wconf 87' lang='lat' dir='ltr'>praedicantur</span> <span class='ocrx_word' id='word_1_670' title='bbox 2240 865 2275 891; x_wconf 85' lang='lat' dir='ltr'>de</span> <span class='ocrx_word' id='word_1_671' title='bbox 2303 871 2435 901; x_wconf 89' lang='lat' dir='ltr'>utroque.</span> 
     </span>
     <span class='ocr_line' id='line_1_87' title="bbox 1377 902 2435 939; baseline 0.002 -10"><span class='ocrx_word' id='word_1_672' title='bbox 1377 902 1516 936; x_wconf 87' lang='lat' dir='ltr'>Quamvis</span> <span class='ocrx_word' id='word_1_673' title='bbox 1537 902 1615 930; x_wconf 91' lang='lat' dir='ltr'>enim</span> <span class='ocrx_word' id='word_1_674' title='bbox 1636 903 1759 930; x_wconf 90' lang='lat' dir='ltr'>multum</span> <span class='ocrx_word' id='word_1_675' title='bbox 1781 910 1809 930; x_wconf 91' lang='lat' dir='ltr'>et</span> <span class='ocrx_word' id='word_1_676' title='bbox 1830 903 1950 939; x_wconf 89' lang='lat' dir='ltr'>duplum</span> <span class='ocrx_word' id='word_1_677' title='bbox 1972 904 2131 931; x_wconf 90' lang='lat' dir='ltr'>secundum</span> <span class='ocrx_word' id='word_1_678' title='bbox 2148 905 2319 931; x_wconf 87' lang='lat' dir='ltr'>abstractam</span> <span class='ocrx_word' id='word_1_679' title='bbox 2342 903 2435 931; x_wconf 90' lang='lat' dir='ltr'>consi-</span> 
     </span>
     <span class='ocr_line' id='line_1_88' title="bbox 1376 941 2437 979; baseline 0.002 -11"><span class='ocrx_word' id='word_1_680' title='bbox 1376 941 1555 969; x_wconf 86' lang='lat' dir='ltr'>derationem</span> <span class='ocrx_word' id='word_1_681' title='bbox 1582 941 1668 978; x_wconf 87' lang='lat' dir='ltr'>logici</span> <span class='ocrx_word' id='word_1_682' title='bbox 1688 942 1732 970; x_wconf 90' lang='lat' dir='ltr'>vel</span> <span class='ocrx_word' id='word_1_683' title='bbox 1753 942 1946 970; x_wconf 89' lang='lat' dir='ltr'>mathematici</span> <span class='ocrx_word' id='word_1_684' title='bbox 1974 952 2034 971; x_wconf 89' lang='lat' dir='ltr'>non</span> <span class='ocrx_word' id='word_1_685' title='bbox 2062 943 2118 970; x_wconf 90' lang='lat' dir='ltr'>sint</span> <span class='ocrx_word' id='word_1_686' title='bbox 2139 942 2311 979; x_wconf 90' lang='lat' dir='ltr'>aequivoca,</span> <span class='ocrx_word' id='word_1_687' title='bbox 2340 949 2437 971; x_wconf 92' lang='lat' dir='ltr'>tamen</span> 
     </span>
     <span class='ocr_line' id='line_1_89' title="bbox 1376 981 2437 1019; baseline 0.003 -12"><span class='ocrx_word' id='word_1_688' title='bbox 1376 981 1534 1008; x_wconf 89' lang='lat' dir='ltr'>secundum</span> <span class='ocrx_word' id='word_1_689' title='bbox 1563 987 1726 1009; x_wconf 87' lang='lat' dir='ltr'>concretam</span> <span class='ocrx_word' id='word_1_690' title='bbox 1750 982 2011 1010; x_wconf 90' lang='lat' dir='ltr'>considerationem</span> <span class='ocrx_word' id='word_1_691' title='bbox 2038 982 2174 1010; x_wconf 86' lang='lat' dir='ltr'>naturalis</span> <span class='ocrx_word' id='word_1_692' title='bbox 2202 989 2268 1010; x_wconf 89' lang='lat' dir='ltr'>sunt</span> <span class='ocrx_word' id='word_1_693' title='bbox 2295 983 2437 1019; x_wconf 87' lang='lat' dir='ltr'>quodam-</span> 
     </span>
     <span class='ocr_line' id='line_1_90' title="bbox 1376 1020 2434 1058; baseline 0.004 -12"><span class='ocrx_word' id='word_1_694' title='bbox 1376 1020 1472 1055; x_wconf 63' lang='lat' dir='ltr'>modo&gt;</span> <span class='ocrx_word' id='word_1_695' title='bbox 1488 1020 1654 1056; x_wconf 86' lang='lat' dir='ltr'>aequivoca,</span> <span class='ocrx_word' id='word_1_696' title='bbox 1675 1020 1743 1057; x_wconf 92' lang='lat' dir='ltr'>quia</span> <span class='ocrx_word' id='word_1_697' title='bbox 1763 1030 1824 1049; x_wconf 91' lang='lat' dir='ltr'>non</span> <span class='ocrx_word' id='word_1_698' title='bbox 1845 1022 2004 1049; x_wconf 91' lang='lat' dir='ltr'>secundum</span> <span class='ocrx_word' id='word_1_699' title='bbox 2026 1022 2148 1050; x_wconf 89' lang='lat' dir='ltr'>eandem</span> <span class='ocrx_word' id='word_1_700' title='bbox 2162 1021 2303 1049; x_wconf 89' lang='lat' dir='ltr'>rationem</span> <span class='ocrx_word' id='word_1_701' title='bbox 2319 1021 2348 1049; x_wconf 90' lang='lat' dir='ltr'>in</span> <span class='ocrx_word' id='word_1_702' title='bbox 2363 1031 2434 1058; x_wconf 87' lang='lat' dir='ltr'>qua-</span> 
     </span>
     <span class='ocr_line' id='line_1_91' title="bbox 1375 1058 2437 1097; baseline 0.003 -12"><span class='ocrx_word' id='word_1_703' title='bbox 1375 1058 1444 1087; x_wconf 88' lang='lat' dir='ltr'>libet</span> <span class='ocrx_word' id='word_1_704' title='bbox 1471 1059 1590 1087; x_wconf 90' lang='lat' dir='ltr'>materia</span> <span class='ocrx_word' id='word_1_705' title='bbox 1619 1059 1803 1095; x_wconf 87' lang='lat' dir='ltr'>recipiuntur.</span> <span class='ocrx_word' id='word_1_706' title='bbox 1829 1077 1848 1082; x_wconf 80' lang='lat'>-</span> <span class='ocrx_word' id='word_1_707' title='bbox 1872 1062 1950 1088; x_wconf 89' lang='lat' dir='ltr'>Idem</span> <span class='ocrx_word' id='word_1_708' title='bbox 1979 1061 2133 1088; x_wconf 88' lang='lat' dir='ltr'>dicendum</span> <span class='ocrx_word' id='word_1_709' title='bbox 2162 1061 2197 1088; x_wconf 90' lang='lat' dir='ltr'>de</span> <span class='ocrx_word' id='word_1_710' title='bbox 2226 1061 2382 1097; x_wconf 88' lang='lat' dir='ltr'>quantitate</span> <span class='ocrx_word' id='word_1_711' title='bbox 2409 1068 2437 1089; x_wconf 88' lang='lat' dir='ltr'>et</span> 
     </span>
     <span class='ocr_line' id='line_1_92' title="bbox 1375 1097 2436 1135; baseline 0.004 -11"><span class='ocrx_word' id='word_1_712' title='bbox 1375 1097 1493 1132; x_wconf 87' lang='lat' dir='ltr'>unitate,</span> <span class='ocrx_word' id='word_1_713' title='bbox 1516 1107 1589 1134; x_wconf 91' lang='lat' dir='ltr'>quae</span> <span class='ocrx_word' id='word_1_714' title='bbox 1609 1104 1651 1126; x_wconf 89' lang='lat' dir='ltr'>est</span> <span class='ocrx_word' id='word_1_715' title='bbox 1671 1099 1844 1135; x_wconf 88' lang='lat' dir='ltr'>principium</span> <span class='ocrx_word' id='word_1_716' title='bbox 1865 1100 1986 1127; x_wconf 90' lang='lat' dir='ltr'>numeri.</span> <span class='ocrx_word' id='word_1_717' title='bbox 2002 1117 2022 1121; x_wconf 97' lang='lat'>-</span> <span class='ocrx_word' id='word_1_718' title='bbox 2035 1100 2157 1128; x_wconf 90' lang='lat' dir='ltr'>Multum</span> <span class='ocrx_word' id='word_1_719' title='bbox 2176 1101 2306 1128; x_wconf 89' lang='lat' dir='ltr'>absolute</span> <span class='ocrx_word' id='word_1_720' title='bbox 2327 1101 2436 1128; x_wconf 90' lang='lat' dir='ltr'>dictum</span> 
     </span>
     <span class='ocr_line' id='line_1_93' title="bbox 1376 1137 2438 1176; baseline 0.004 -12"><span class='ocrx_word' id='word_1_721' title='bbox 1376 1143 1403 1164; x_wconf 93' lang='lat' dir='ltr'>et</span> <span class='ocrx_word' id='word_1_722' title='bbox 1423 1137 1538 1165; x_wconf 91' lang='lat' dir='ltr'>relative</span> <span class='ocrx_word' id='word_1_723' title='bbox 1560 1137 1677 1165; x_wconf 88' lang='lat' dir='ltr'>dictum.</span> <span class='ocrx_word' id='word_1_724' title='bbox 1693 1155 1711 1159; x_wconf 92' lang='lat'><em>-</em></span> <span class='ocrx_word' id='word_1_725' title='bbox 1729 1147 1772 1166; x_wconf 91' lang='lat'>10.</span> <span class='ocrx_word' id='word_1_726' title='bbox 1795 1139 1990 1167; x_wconf 82' lang='lat' dir='ltr'>Confirmatur</span> <span class='ocrx_word' id='word_1_727' title='bbox 2011 1139 2124 1168; x_wconf 89' lang='lat' dir='ltr'>solutio.</span> <span class='ocrx_word' id='word_1_728' title='bbox 2146 1141 2182 1167; x_wconf 90' lang='lat' dir='ltr'>Et</span> <span class='ocrx_word' id='word_1_729' title='bbox 2196 1140 2290 1176; x_wconf 88' lang='lat' dir='ltr'>primo</span> <span class='ocrx_word' id='word_1_730' title='bbox 2306 1146 2438 1168; x_wconf 88' lang='lat' dir='ltr'>movetur</span> 
     </span>
     <span class='ocr_line' id='line_1_94' title="bbox 1376 1176 2437 1215; baseline 0.003 -11"><span class='ocrx_word' id='word_1_731' title='bbox 1376 1176 1521 1213; x_wconf 88' lang='lat' dir='ltr'>quaestio:</span> <span class='ocrx_word' id='word_1_732' title='bbox 1551 1186 1640 1213; x_wconf 88' lang='lat' dir='ltr'>quare</span> <span class='ocrx_word' id='word_1_733' title='bbox 1662 1186 1779 1211; x_wconf 82' lang='lat' dir='ltr'>eorum,</span> <span class='ocrx_word' id='word_1_734' title='bbox 1804 1187 1878 1214; x_wconf 89' lang='lat' dir='ltr'>quae</span> <span class='ocrx_word' id='word_1_735' title='bbox 1899 1179 2006 1206; x_wconf 91' lang='lat' dir='ltr'>habent</span> <span class='ocrx_word' id='word_1_736' title='bbox 2026 1188 2115 1206; x_wconf 89' lang='lat' dir='ltr'>unam</span> <span class='ocrx_word' id='word_1_737' title='bbox 2136 1186 2278 1214; x_wconf 89' lang='lat' dir='ltr'>naturam,</span> <span class='ocrx_word' id='word_1_738' title='bbox 2294 1180 2437 1215; x_wconf 88' lang='lat' dir='ltr'>quaedam</span> 
     </span>
     <span class='ocr_line' id='line_1_95' title="bbox 1375 1215 2437 1255; baseline 0.004 -12"><span class='ocrx_word' id='word_1_739' title='bbox 1375 1222 1441 1244; x_wconf 90' lang='lat' dir='ltr'>sunt</span> <span class='ocrx_word' id='word_1_740' title='bbox 1455 1215 1668 1252; x_wconf 83' lang='lat' dir='ltr'>comparabilia,</span> <span class='ocrx_word' id='word_1_741' title='bbox 1685 1217 1827 1253; x_wconf 91' lang='lat' dir='ltr'>quaedam</span> <span class='ocrx_word' id='word_1_742' title='bbox 1848 1227 1916 1245; x_wconf 91' lang='lat' dir='ltr'>vero</span> <span class='ocrx_word' id='word_1_743' title='bbox 1939 1218 2018 1245; x_wconf 81' lang='lat' dir='ltr'>non?</span> <span class='ocrx_word' id='word_1_744' title='bbox 2039 1235 2058 1239; x_wconf 96' lang='lat'><em>-</em></span> <span class='ocrx_word' id='word_1_745' title='bbox 2079 1219 2287 1254; x_wconf 87' lang='lat' dir='ltr'>Respondetur,</span> <span class='ocrx_word' id='word_1_746' title='bbox 2303 1225 2330 1246; x_wconf 86' lang='lat' dir='ltr'>et</span> <span class='ocrx_word' id='word_1_747' title='bbox 2353 1218 2437 1255; x_wconf 90' lang='lat' dir='ltr'>poni-</span> 
     </span>
     <span class='ocr_line' id='line_1_96' title="bbox 1374 1256 2438 1294; baseline 0.003 -11"><span class='ocrx_word' id='word_1_748' title='bbox 1374 1262 1420 1283; x_wconf 89' lang='lat' dir='ltr'>tur</span> <span class='ocrx_word' id='word_1_749' title='bbox 1440 1257 1598 1284; x_wconf 84' lang='lat' dir='ltr'>secundum</span> <span class='ocrx_word' id='word_1_750' title='bbox 1627 1256 1796 1292; x_wconf 85' lang='lat' dir='ltr'>requisitum</span> <span class='ocrx_word' id='word_1_751' title='bbox 1820 1257 1857 1284; x_wconf 90' lang='lat' dir='ltr'>ad</span> <span class='ocrx_word' id='word_1_752' title='bbox 1882 1257 2138 1293; x_wconf 87' lang='lat' dir='ltr'>comparationem.</span> <span class='ocrx_word' id='word_1_753' title='bbox 2170 1259 2212 1286; x_wconf 90' lang='lat' dir='ltr'>Ea</span> <span class='ocrx_word' id='word_1_754' title='bbox 2242 1267 2367 1294; x_wconf 88' lang='lat' dir='ltr'>quorum</span> <span class='ocrx_word' id='word_1_755' title='bbox 2395 1265 2438 1286; x_wconf 89' lang='lat' dir='ltr'>est</span> 
     </span>
     <span class='ocr_line' id='line_1_97' title="bbox 1374 1295 2439 1333; baseline 0.002 -10"><span class='ocrx_word' id='word_1_756' title='bbox 1374 1305 1433 1323; x_wconf 91' lang='lat' dir='ltr'>una</span> <span class='ocrx_word' id='word_1_757' title='bbox 1447 1301 1564 1330; x_wconf 89' lang='lat' dir='ltr'>natura,</span> <span class='ocrx_word' id='word_1_758' title='bbox 1587 1301 1654 1323; x_wconf 92' lang='lat' dir='ltr'>sunt</span> <span class='ocrx_word' id='word_1_759' title='bbox 1674 1296 1711 1323; x_wconf 88' lang='lat' dir='ltr'>ad</span> <span class='ocrx_word' id='word_1_760' title='bbox 1732 1295 1854 1323; x_wconf 91' lang='lat' dir='ltr'>invicem</span> <span class='ocrx_word' id='word_1_761' title='bbox 1876 1296 2096 1332; x_wconf 88' lang='lat' dir='ltr'>comparabilia,</span> <span class='ocrx_word' id='word_1_762' title='bbox 2119 1297 2142 1324; x_wconf 92' lang='lat' dir='ltr'>si</span> <span class='ocrx_word' id='word_1_763' title='bbox 2164 1304 2266 1325; x_wconf 87' lang='lat' dir='ltr'>natura</span> <span class='ocrx_word' id='word_1_764' title='bbox 2286 1298 2439 1333; x_wconf 88' lang='lat' dir='ltr'>recipiatur</span> 
     </span>
     <span class='ocr_line' id='line_1_98' title="bbox 1375 1334 2439 1372; baseline 0.003 -10"><span class='ocrx_word' id='word_1_765' title='bbox 1375 1335 1404 1362; x_wconf 88' lang='lat' dir='ltr'>in</span> <span class='ocrx_word' id='word_1_766' title='bbox 1435 1334 1551 1363; x_wconf 89' lang='lat' dir='ltr'>diversis</span> <span class='ocrx_word' id='word_1_767' title='bbox 1579 1335 1738 1364; x_wconf 87' lang='lat' dir='ltr'>secundum</span> <span class='ocrx_word' id='word_1_768' title='bbox 1765 1345 1857 1363; x_wconf 90' lang='lat' dir='ltr'>unum</span> <span class='ocrx_word' id='word_1_769' title='bbox 1886 1335 2012 1372; x_wconf 90' lang='lat' dir='ltr'>primum</span> <span class='ocrx_word' id='word_1_770' title='bbox 2040 1336 2209 1364; x_wconf 86' lang='lat' dir='ltr'>subiectum.</span> <span class='ocrx_word' id='word_1_771' title='bbox 2241 1337 2439 1365; x_wconf 88' lang='lat' dir='ltr'>Manifestatur</span> 
     </span>
     <span class='ocr_line' id='line_1_99' title="bbox 1375 1373 2438 1412; baseline 0.002 -10"><span class='ocrx_word' id='word_1_772' title='bbox 1375 1374 1520 1410; x_wconf 87' lang='lat' dir='ltr'>exemplis.</span> <span class='ocrx_word' id='word_1_773' title='bbox 1542 1391 1561 1395; x_wconf 97' lang='lat'>—</span> <span class='ocrx_word' id='word_1_774' title='bbox 1586 1384 1630 1402; x_wconf 87' lang='grc'>11.</span> <span class='ocrx_word' id='word_1_775' title='bbox 1659 1374 1717 1402; x_wconf 90' lang='lat' dir='ltr'>Sed</span> <span class='ocrx_word' id='word_1_776' title='bbox 1737 1384 1790 1403; x_wconf 91' lang='lat' dir='ltr'>nec</span> <span class='ocrx_word' id='word_1_777' title='bbox 1811 1375 1870 1403; x_wconf 92' lang='lat' dir='ltr'>hoc</span> <span class='ocrx_word' id='word_1_778' title='bbox 1891 1373 2004 1403; x_wconf 88' lang='lat' dir='ltr'>sufficit.</span> <span class='ocrx_word' id='word_1_779' title='bbox 2031 1376 2104 1403; x_wconf 90' lang='lat' dir='ltr'>Nam</span> <span class='ocrx_word' id='word_1_780' title='bbox 2134 1377 2161 1411; x_wconf 90' lang='lat' dir='ltr'>a)</span> <span class='ocrx_word' id='word_1_781' title='bbox 2190 1376 2213 1403; x_wconf 89' lang='lat' dir='ltr'>si</span> <span class='ocrx_word' id='word_1_782' title='bbox 2239 1382 2356 1412; x_wconf 90' lang='lat' dir='ltr'>propter</span> <span class='ocrx_word' id='word_1_783' title='bbox 2381 1377 2438 1404; x_wconf 92' lang='lat' dir='ltr'>hoc</span> 
     </span>
     <span class='ocr_line' id='line_1_100' title="bbox 1375 1414 2438 1451; baseline 0.003 -10"><span class='ocrx_word' id='word_1_784' title='bbox 1375 1414 1469 1442; x_wconf 90' lang='lat' dir='ltr'>solum</span> <span class='ocrx_word' id='word_1_785' title='bbox 1491 1414 1587 1451; x_wconf 88' lang='lat' dir='ltr'>aliqua</span> <span class='ocrx_word' id='word_1_786' title='bbox 1601 1420 1695 1442; x_wconf 86' lang='lat' dir='ltr'>essent</span> <span class='ocrx_word' id='word_1_787' title='bbox 1709 1414 1922 1450; x_wconf 88' lang='lat' dir='ltr'>comparabilia,</span> <span class='ocrx_word' id='word_1_788' title='bbox 1938 1414 2005 1451; x_wconf 85' lang='lat' dir='ltr'>quia</span> <span class='ocrx_word' id='word_1_789' title='bbox 2019 1424 2120 1443; x_wconf 86' lang='lat' dir='ltr'>eorum</span> <span class='ocrx_word' id='word_1_790' title='bbox 2134 1415 2294 1443; x_wconf 89' lang='lat' dir='ltr'>subiectum</span> <span class='ocrx_word' id='word_1_791' title='bbox 2315 1422 2358 1443; x_wconf 88' lang='lat' dir='ltr'>est</span> <span class='ocrx_word' id='word_1_792' title='bbox 2377 1425 2438 1444; x_wconf 91' lang='lat' dir='ltr'>non</span> 
     </span>
     <span class='ocr_line' id='line_1_101' title="bbox 1375 1453 2438 1491; baseline 0.002 -10"><span class='ocrx_word' id='word_1_793' title='bbox 1375 1453 1525 1489; x_wconf 85' lang='lat' dir='ltr'>differens,</span> <span class='ocrx_word' id='word_1_794' title='bbox 1547 1459 1714 1490; x_wconf 89' lang='lat' dir='ltr'>sequeretur</span> <span class='ocrx_word' id='word_1_795' title='bbox 1732 1453 1938 1482; x_wconf 86' lang='lat' dir='ltr'>inconveniens</span> <span class='ocrx_word' id='word_1_796' title='bbox 1962 1455 2042 1491; x_wconf 91' lang='lat' dir='ltr'>quod</span> <span class='ocrx_word' id='word_1_797' title='bbox 2063 1455 2163 1482; x_wconf 89' lang='lat' dir='ltr'>omnia</span> <span class='ocrx_word' id='word_1_798' title='bbox 2188 1455 2326 1483; x_wconf 91' lang='lat' dir='ltr'>haberent</span> <span class='ocrx_word' id='word_1_799' title='bbox 2348 1465 2438 1483; x_wconf 90' lang='lat' dir='ltr'>unam</span> 
     </span>
     <span class='ocr_line' id='line_1_102' title="bbox 1375 1492 2437 1531; baseline 0.002 -10"><span class='ocrx_word' id='word_1_800' title='bbox 1375 1499 1516 1528; x_wconf 85' lang='lat' dir='ltr'>naturam,</span> <span class='ocrx_word' id='word_1_801' title='bbox 1532 1499 1560 1521; x_wconf 91' lang='lat' dir='ltr'>et</span> <span class='ocrx_word' id='word_1_802' title='bbox 1573 1503 1634 1522; x_wconf 91' lang='lat' dir='ltr'>non</span> <span class='ocrx_word' id='word_1_803' title='bbox 1655 1492 1801 1521; x_wconf 90' lang='lat' dir='ltr'>differrent</span> <span class='ocrx_word' id='word_1_804' title='bbox 1814 1493 1870 1521; x_wconf 88' lang='lat' dir='ltr'>nisi</span> <span class='ocrx_word' id='word_1_805' title='bbox 1890 1503 1941 1530; x_wconf 92' lang='lat' dir='ltr'>per</span> <span class='ocrx_word' id='word_1_806' title='bbox 1961 1494 2017 1522; x_wconf 91' lang='lat' dir='ltr'>hoc</span> <span class='ocrx_word' id='word_1_807' title='bbox 2037 1495 2117 1531; x_wconf 90' lang='lat' dir='ltr'>quod</span> <span class='ocrx_word' id='word_1_808' title='bbox 2131 1494 2241 1522; x_wconf 91' lang='lat' dir='ltr'>suntin</span> <span class='ocrx_word' id='word_1_809' title='bbox 2255 1494 2311 1522; x_wconf 90' lang='lat' dir='ltr'>alio</span> <span class='ocrx_word' id='word_1_810' title='bbox 2333 1501 2361 1522; x_wconf 91' lang='lat' dir='ltr'>et</span> <span class='ocrx_word' id='word_1_811' title='bbox 2381 1494 2437 1523; x_wconf 90' lang='lat' dir='ltr'>alio</span> 
     </span>
     <span class='ocr_line' id='line_1_103' title="bbox 1375 1532 2438 1570; baseline 0.002 -10"><span class='ocrx_word' id='word_1_812' title='bbox 1375 1532 1527 1569; x_wconf 88' lang='lat' dir='ltr'>receptivo.</span> <span class='ocrx_word' id='word_1_813' title='bbox 1542 1549 1560 1553; x_wconf 91' lang='lat'>—</span> <span class='ocrx_word' id='word_1_814' title='bbox 1576 1532 1690 1569; x_wconf 89' lang='lat' dir='ltr'>Species</span> <span class='ocrx_word' id='word_1_815' title='bbox 1712 1542 1808 1561; x_wconf 92' lang='lat' dir='ltr'>rerum</span> <span class='ocrx_word' id='word_1_816' title='bbox 1829 1532 2010 1562; x_wconf 82' lang='lat' dir='ltr'>diversificari</span> <span class='ocrx_word' id='word_1_817' title='bbox 2032 1534 2192 1561; x_wconf 89' lang='lat' dir='ltr'>secundum</span> <span class='ocrx_word' id='word_1_818' title='bbox 2212 1534 2366 1570; x_wconf 88' lang='lat' dir='ltr'>receptiva,</span> <span class='ocrx_word' id='word_1_819' title='bbox 2388 1544 2438 1562; x_wconf 91' lang='lat' dir='ltr'>seu</span> 
     </span>
     <span class='ocr_line' id='line_1_104' title="bbox 1375 1571 2438 1609; baseline 0.001 -9"><span class='ocrx_word' id='word_1_820' title='bbox 1375 1582 1408 1600; x_wconf 88' lang='lat' dir='ltr'>ex</span> <span class='ocrx_word' id='word_1_821' title='bbox 1429 1571 1567 1600; x_wconf 84' lang='lat' dir='ltr'>materiali</span> <span class='ocrx_word' id='word_1_822' title='bbox 1588 1571 1739 1608; x_wconf 82' lang='lat' dir='ltr'>principio,</span> <span class='ocrx_word' id='word_1_823' title='bbox 1761 1572 1814 1600; x_wconf 82' lang='lat' dir='ltr'>fuit</span> <span class='ocrx_word' id='word_1_824' title='bbox 1834 1572 1935 1609; x_wconf 90' lang='lat' dir='ltr'>opinio</span> <span class='ocrx_word' id='word_1_825' title='bbox 1951 1573 2079 1601; x_wconf 88' lang='lat' dir='ltr'>Platonis</span> <span class='ocrx_word' id='word_1_826' title='bbox 2093 1573 2228 1609; x_wconf 89' lang='lat' dir='ltr'>ponentis</span> <span class='ocrx_word' id='word_1_827' title='bbox 2248 1573 2388 1602; x_wconf 82' lang='lat' dir='ltr'>unitatem</span> <span class='ocrx_word' id='word_1_828' title='bbox 2404 1583 2438 1602; x_wconf 89' lang='lat' dir='ltr'>ex</span> 
     </span>
     <span class='ocr_line' id='line_1_105' title="bbox 1374 1611 2439 1650; baseline 0.002 -11"><span class='ocrx_word' id='word_1_829' title='bbox 1374 1618 1454 1648; x_wconf 86' lang='lat' dir='ltr'>parte</span> <span class='ocrx_word' id='word_1_830' title='bbox 1481 1612 1608 1647; x_wconf 84' lang='lat' dir='ltr'>formae,</span> <span class='ocrx_word' id='word_1_831' title='bbox 1632 1619 1660 1640; x_wconf 87' lang='lat' dir='ltr'>et</span> <span class='ocrx_word' id='word_1_832' title='bbox 1681 1611 1848 1640; x_wconf 85' lang='lat' dir='ltr'>dualitatem</span> <span class='ocrx_word' id='word_1_833' title='bbox 1869 1622 1902 1640; x_wconf 87' lang='lat' dir='ltr'>ex</span> <span class='ocrx_word' id='word_1_834' title='bbox 1923 1619 2002 1649; x_wconf 88' lang='lat' dir='ltr'>parte</span> <span class='ocrx_word' id='word_1_835' title='bbox 2024 1613 2168 1641; x_wconf 88' lang='lat' dir='ltr'>materiae.</span> <span class='ocrx_word' id='word_1_836' title='bbox 2186 1629 2204 1634; x_wconf 94' lang='lat'><em>-</em></span> <span class='ocrx_word' id='word_1_837' title='bbox 2221 1613 2251 1650; x_wconf 84' lang='lat' dir='ltr'>b)</span> <span class='ocrx_word' id='word_1_838' title='bbox 2273 1614 2370 1641; x_wconf 91' lang='lat' dir='ltr'>Unum</span> <span class='ocrx_word' id='word_1_839' title='bbox 2396 1619 2439 1641; x_wconf 91' lang='lat' dir='ltr'>est</span> 
     </span>
     <span class='ocr_line' id='line_1_106' title="bbox 1375 1651 2436 1689; baseline 0.002 -10"><span class='ocrx_word' id='word_1_840' title='bbox 1375 1651 1501 1687; x_wconf 87' lang='lat' dir='ltr'>primum</span> <span class='ocrx_word' id='word_1_841' title='bbox 1516 1651 1707 1688; x_wconf 89' lang='lat' dir='ltr'>susceptivum</span> <span class='ocrx_word' id='word_1_842' title='bbox 1723 1651 1817 1679; x_wconf 91' lang='lat' dir='ltr'>unius.</span> <span class='ocrx_word' id='word_1_843' title='bbox 1833 1651 1863 1679; x_wconf 91' lang='lat' dir='ltr'>Si</span> <span class='ocrx_word' id='word_1_844' title='bbox 1878 1661 1946 1689; x_wconf 88' lang='lat' dir='ltr'>ergo</span> <span class='ocrx_word' id='word_1_845' title='bbox 1966 1659 2032 1680; x_wconf 93' lang='lat' dir='ltr'>sunt</span> <span class='ocrx_word' id='word_1_846' title='bbox 2051 1652 2134 1688; x_wconf 89' lang='lat' dir='ltr'>plura</span> <span class='ocrx_word' id='word_1_847' title='bbox 2155 1652 2248 1688; x_wconf 89' lang='lat' dir='ltr'>prima</span> <span class='ocrx_word' id='word_1_848' title='bbox 2269 1653 2436 1689; x_wconf 90' lang='lat' dir='ltr'>susceptiva,</span> 
     </span>
     <span class='ocr_line' id='line_1_107' title="bbox 1375 1691 2438 1728; baseline 0.002 -10"><span class='ocrx_word' id='word_1_849' title='bbox 1375 1697 1489 1727; x_wconf 90' lang='lat' dir='ltr'>oportet</span> <span class='ocrx_word' id='word_1_850' title='bbox 1510 1700 1571 1718; x_wconf 91' lang='lat' dir='ltr'>esse</span> <span class='ocrx_word' id='word_1_851' title='bbox 1592 1691 1688 1727; x_wconf 89' lang='lat' dir='ltr'>plures</span> <span class='ocrx_word' id='word_1_852' title='bbox 1709 1697 1825 1719; x_wconf 83' lang='lat' dir='ltr'>naturas</span> <span class='ocrx_word' id='word_1_853' title='bbox 1846 1698 2007 1728; x_wconf 81' lang='lat' dir='ltr'>susceptas3</span> <span class='ocrx_word' id='word_1_854' title='bbox 2030 1697 2057 1720; x_wconf 89' lang='lat' dir='ltr'>et</span> <span class='ocrx_word' id='word_1_855' title='bbox 2073 1692 2096 1719; x_wconf 91' lang='lat' dir='ltr'>si</span> <span class='ocrx_word' id='word_1_856' title='bbox 2111 1698 2154 1720; x_wconf 85' lang='lat' dir='ltr'>est</span> <span class='ocrx_word' id='word_1_857' title='bbox 2173 1701 2232 1720; x_wconf 90' lang='lat' dir='ltr'>una</span> <span class='ocrx_word' id='word_1_858' title='bbox 2252 1699 2355 1720; x_wconf 90' lang='lat' dir='ltr'>natura</span> <span class='ocrx_word' id='word_1_859' title='bbox 2376 1702 2438 1720; x_wconf 86' lang='lat' dir='ltr'>sus-</span> 
     </span>
     <span class='ocr_line' id='line_1_108' title="bbox 1377 1731 2438 1767; baseline 0.001 -9"><span class='ocrx_word' id='word_1_860' title='bbox 1377 1736 1467 1766; x_wconf 88' lang='lat' dir='ltr'>cepta,</span> <span class='ocrx_word' id='word_1_861' title='bbox 1489 1736 1604 1766; x_wconf 88' lang='lat' dir='ltr'>oportet</span> <span class='ocrx_word' id='word_1_862' title='bbox 1629 1740 1691 1758; x_wconf 90' lang='lat' dir='ltr'>esse</span> <span class='ocrx_word' id='word_1_863' title='bbox 1712 1740 1803 1758; x_wconf 90' lang='lat' dir='ltr'>unum</span> <span class='ocrx_word' id='word_1_864' title='bbox 1824 1731 1950 1767; x_wconf 89' lang='lat' dir='ltr'>primurn</span> <span class='ocrx_word' id='word_1_865' title='bbox 1972 1731 2163 1767; x_wconf 88' lang='lat' dir='ltr'>susceptibile.</span> <span class='ocrx_word' id='word_1_866' title='bbox 2179 1748 2198 1752; x_wconf 93' lang='lat'><em>—</em></span> <span class='ocrx_word' id='word_1_867' title='bbox 2217 1739 2259 1759; x_wconf 90' lang='lat'>12.</span> <span class='ocrx_word' id='word_1_868' title='bbox 2282 1731 2438 1760; x_wconf 90' lang='lat' dir='ltr'>Concludi-</span> 
     </span>
     <span class='ocr_line' id='line_1_109' title="bbox 1375 1770 2438 1808; baseline 0.002 -11"><span class='ocrx_word' id='word_1_869' title='bbox 1375 1776 1422 1797; x_wconf 89' lang='lat' dir='ltr'>tur</span> <span class='ocrx_word' id='word_1_870' title='bbox 1450 1770 1565 1799; x_wconf 83' lang='lat' dir='ltr'>tertium</span> <span class='ocrx_word' id='word_1_871' title='bbox 1588 1770 1756 1807; x_wconf 83' lang='lat' dir='ltr'>requisitum</span> <span class='ocrx_word' id='word_1_872' title='bbox 1778 1771 1815 1798; x_wconf 90' lang='lat' dir='ltr'>ad</span> <span class='ocrx_word' id='word_1_873' title='bbox 1836 1770 2092 1806; x_wconf 88' lang='lat' dir='ltr'>comparationem.</span> <span class='ocrx_word' id='word_1_874' title='bbox 2116 1771 2330 1806; x_wconf 88' lang='lat' dir='ltr'>Comparabilia</span> <span class='ocrx_word' id='word_1_875' title='bbox 2350 1781 2438 1808; x_wconf 90' lang='lat' dir='ltr'>opor-</span> 
     </span>
     <span class='ocr_line' id='line_1_110' title="bbox 1376 1809 2437 1847; baseline 0.002 -11"><span class='ocrx_word' id='word_1_876' title='bbox 1376 1815 1415 1836; x_wconf 88' lang='lat' dir='ltr'>tet</span> <span class='ocrx_word' id='word_1_877' title='bbox 1436 1818 1497 1836; x_wconf 91' lang='lat' dir='ltr'>non</span> <span class='ocrx_word' id='word_1_878' title='bbox 1525 1809 1619 1836; x_wconf 90' lang='lat' dir='ltr'>solum</span> <span class='ocrx_word' id='word_1_879' title='bbox 1647 1819 1708 1837; x_wconf 90' lang='lat' dir='ltr'>non</span> <span class='ocrx_word' id='word_1_880' title='bbox 1736 1818 1797 1837; x_wconf 88' lang='lat' dir='ltr'>esse</span> <span class='ocrx_word' id='word_1_881' title='bbox 1817 1809 1997 1846; x_wconf 74' lang='lat' dir='ltr'>{aequ1voca,</span> <span class='ocrx_word' id='word_1_882' title='bbox 2019 1817 2047 1838; x_wconf 92' lang='lat' dir='ltr'>et</span> <span class='ocrx_word' id='word_1_883' title='bbox 2067 1820 2128 1838; x_wconf 90' lang='lat' dir='ltr'>non</span> <span class='ocrx_word' id='word_1_884' title='bbox 2156 1810 2268 1838; x_wconf 86' lang='lat' dir='ltr'>differre</span> <span class='ocrx_word' id='word_1_885' title='bbox 2297 1820 2330 1838; x_wconf 91' lang='lat' dir='ltr'>ex</span> <span class='ocrx_word' id='word_1_886' title='bbox 2357 1817 2437 1847; x_wconf 90' lang='lat' dir='ltr'>parte</span> 
     </span>
     <span class='ocr_line' id='line_1_111' title="bbox 1377 1848 2439 1888; baseline 0.003 -13"><span class='ocrx_word' id='word_1_887' title='bbox 1377 1848 1496 1876; x_wconf 91' lang='lat' dir='ltr'>subiecti</span> <span class='ocrx_word' id='word_1_888' title='bbox 1521 1848 1622 1884; x_wconf 90' lang='lat' dir='ltr'>primi,</span> <span class='ocrx_word' id='word_1_889' title='bbox 1645 1849 1696 1876; x_wconf 90' lang='lat' dir='ltr'>sed</span> <span class='ocrx_word' id='word_1_890' title='bbox 1722 1848 1840 1876; x_wconf 91' lang='lat' dir='ltr'>ulterius</span> <span class='ocrx_word' id='word_1_891' title='bbox 1869 1849 2021 1886; x_wconf 89' lang='lat' dir='ltr'>requiritur</span> <span class='ocrx_word' id='word_1_892' title='bbox 2049 1850 2129 1886; x_wconf 94' lang='lat' dir='ltr'>quod</span> <span class='ocrx_word' id='word_1_893' title='bbox 2157 1859 2212 1877; x_wconf 85' lang='lat' dir='ltr'>non</span> <span class='ocrx_word' id='word_1_894' title='bbox 2241 1850 2379 1888; x_wconf 59' lang='lat' dir='ltr'>differant</span> <span class='ocrx_word' id='word_1_895' title='bbox 2400 1859 2439 1878; x_wconf 87' lang='lat' dir='ltr'>ex</span> 
     </span>
     <span class='ocr_line' id='line_1_112' title="bbox 1373 1889 2439 1926; baseline 0.003 -11"><span class='ocrx_word' id='word_1_896' title='bbox 1373 1893 1460 1925; x_wconf 84' lang='lat' dir='ltr'>parte</span> <span class='ocrx_word' id='word_1_897' title='bbox 1474 1889 1596 1925; x_wconf 85' lang='lat' dir='ltr'>formae</span> <span class='ocrx_word' id='word_1_898' title='bbox 1616 1889 1661 1916; x_wconf 91' lang='lat' dir='ltr'>vel</span> <span class='ocrx_word' id='word_1_899' title='bbox 1681 1895 1810 1923; x_wconf 87' lang='lat' dir='ltr'>naturae,</span> <span class='ocrx_word' id='word_1_900' title='bbox 1826 1897 1877 1916; x_wconf 90' lang='lat' dir='ltr'>seu</span> <span class='ocrx_word' id='word_1_901' title='bbox 1898 1890 1978 1926; x_wconf 90' lang='lat' dir='ltr'>quod</span> <span class='ocrx_word' id='word_1_902' title='bbox 2006 1890 2099 1917; x_wconf 90' lang='lat' dir='ltr'>forma</span> <span class='ocrx_word' id='word_1_903' title='bbox 2120 1890 2277 1917; x_wconf 91' lang='lat' dir='ltr'>secundum</span> <span class='ocrx_word' id='word_1_904' title='bbox 2299 1899 2385 1926; x_wconf 89' lang='lat' dir='ltr'>quam</span> <span class='ocrx_word' id='word_1_905' title='bbox 2407 1890 2439 1918; x_wconf 89' lang='lat' dir='ltr'>fit</span> 
     </span>
     <span class='ocr_line' id='line_1_113' title="bbox 1377 1927 2439 1965; baseline 0.002 -10"><span class='ocrx_word' id='word_1_906' title='bbox 1377 1927 1572 1963; x_wconf 89' lang='lat' dir='ltr'>comparatio,</span> <span class='ocrx_word' id='word_1_907' title='bbox 1600 1937 1662 1956; x_wconf 92' lang='lat' dir='ltr'>non</span> <span class='ocrx_word' id='word_1_908' title='bbox 1688 1927 1724 1955; x_wconf 91' lang='lat' dir='ltr'>sit</span> <span class='ocrx_word' id='word_1_909' title='bbox 1752 1927 1898 1956; x_wconf 90' lang='lat' dir='ltr'>divisibilis</span> <span class='ocrx_word' id='word_1_910' title='bbox 1927 1928 1957 1956; x_wconf 90' lang='lat' dir='ltr'>in</span> <span class='ocrx_word' id='word_1_911' title='bbox 1977 1929 2102 1957; x_wconf 89' lang='lat' dir='ltr'>diversas</span> <span class='ocrx_word' id='word_1_912' title='bbox 2126 1928 2242 1965; x_wconf 87' lang='lat' dir='ltr'>species.</span> <span class='ocrx_word' id='word_1_913' title='bbox 2273 1930 2439 1958; x_wconf 88' lang='lat' dir='ltr'>Declaratur</span> 
     </span>
     <span class='ocr_line' id='line_1_114' title="bbox 1378 1967 1523 2003; baseline -0.007 -8"><span class='ocrx_word' id='word_1_914' title='bbox 1378 1967 1523 2003; x_wconf 89' lang='lat' dir='ltr'>exemplis.</span> 
     </span>
    </p>
   </div>
   <div class='ocr_carea' id='block_1_17' title="bbox 1377 2060 2440 3530">
    <p class='ocr_par' dir='ltr' id='par_1_18' title="bbox 1377 2060 2440 2689">
     <span class='ocr_line' id='line_1_115' title="bbox 1377 2060 2438 2109; baseline 0.001 -13"><span class='ocrx_word' id='word_1_915' title='bbox 1377 2071 1446 2108; x_wconf 89' lang='lat' dir='ltr'>per</span> <span class='ocrx_word' id='word_1_916' title='bbox 1465 2060 1622 2108; x_wconf 90' lang='lat' dir='ltr'>aequale</span> <span class='ocrx_word' id='word_1_917' title='bbox 1637 2067 1815 2097; x_wconf 89' lang='lat' dir='ltr'>movetur</span> <span class='ocrx_word' id='word_1_918' title='bbox 1833 2060 1871 2097; x_wconf 90' lang='lat' dir='ltr'>in</span> <span class='ocrx_word' id='word_1_919' title='bbox 1891 2060 2038 2108; x_wconf 88' lang='lat' dir='ltr'>aequali</span> <span class='ocrx_word' id='word_1_920' title='bbox 2053 2067 2236 2109; x_wconf 89' lang='lat' dir='ltr'>tempore.</span> <span class='ocrx_word' id='word_1_921' title='bbox 2250 2082 2273 2088; x_wconf 95' lang='lat'><em>-</em></span> <span class='ocrx_word' id='word_1_922' title='bbox 2290 2061 2438 2098; x_wconf 90' lang='lat' dir='ltr'>Deinde</span> 
     </span>
     <span class='ocr_line' id='line_1_116' title="bbox 1378 2112 2439 2162; baseline 0.002 -14"><span class='ocrx_word' id='word_1_923' title='bbox 1378 2112 1488 2148; x_wconf 88' lang='lat' dir='ltr'>infert</span> <span class='ocrx_word' id='word_1_924' title='bbox 1505 2118 1522 2134; x_wconf 73' lang='lat'>⁰⁶</span> <span class='ocrx_word' id='word_1_925' title='bbox 1543 2112 1814 2150; x_wconf 89' lang='lat' dir='ltr'>dubitationem</span> <span class='ocrx_word' id='word_1_926' title='bbox 1844 2113 1890 2150; x_wconf 89' lang='lat' dir='ltr'>de</span> <span class='ocrx_word' id='word_1_927' title='bbox 1919 2113 2086 2150; x_wconf 88' lang='lat' dir='ltr'>motibus</span> <span class='ocrx_word' id='word_1_928' title='bbox 2115 2114 2353 2151; x_wconf 87' lang='lat' dir='ltr'>diversorum</span> <span class='ocrx_word' id='word_1_929' title='bbox 2377 2126 2439 2162; x_wconf 86' lang='lat' dir='ltr'>ge-</span> 
     </span>
     <span class='ocr_line' id='line_1_117' title="bbox 1379 2165 2440 2215; baseline 0.002 -14"><span class='ocrx_word' id='word_1_930' title='bbox 1379 2177 1525 2202; x_wconf 88' lang='lat' dir='ltr'>nerum.</span> <span class='ocrx_word' id='word_1_931' title='bbox 1553 2165 1592 2202; x_wconf 91' lang='lat' dir='ltr'>Si</span> <span class='ocrx_word' id='word_1_932' title='bbox 1613 2165 1713 2202; x_wconf 89' lang='lat' dir='ltr'>enim</span> <span class='ocrx_word' id='word_1_933' title='bbox 1742 2178 1877 2203; x_wconf 91' lang='lat' dir='ltr'>omnes</span> <span class='ocrx_word' id='word_1_934' title='bbox 1902 2173 2029 2203; x_wconf 90' lang='lat' dir='ltr'>motus</span> <span class='ocrx_word' id='word_1_935' title='bbox 2054 2167 2328 2215; x_wconf 84' lang='lat' dir='ltr'>comparabiles</span> <span class='ocrx_word' id='word_1_936' title='bbox 2354 2174 2440 2203; x_wconf 91' lang='lat' dir='ltr'>sunt</span> 
     </span>
     <span class='ocr_line' id='line_1_118' title="bbox 1379 2217 2438 2268; baseline 0.003 -15"><span class='ocrx_word' id='word_1_937' title='bbox 1379 2217 1417 2254; x_wconf 90' lang='lat' dir='ltr'>in</span> <span class='ocrx_word' id='word_1_938' title='bbox 1435 2217 1647 2265; x_wconf 86' lang='lat' dir='ltr'>velocitate,</span> <span class='ocrx_word' id='word_1_939' title='bbox 1669 2226 1846 2266; x_wconf 87' lang='lat' dir='ltr'>sequetur</span> <span class='ocrx_word' id='word_1_940' title='bbox 1865 2219 1970 2267; x_wconf 93' lang='lat' dir='ltr'>quod</span> <span class='ocrx_word' id='word_1_941' title='bbox 1990 2219 2020 2264; x_wconf 85' lang='lat' dir='ltr'>si</span> <span class='ocrx_word' id='word_1_942' title='bbox 2038 2219 2076 2255; x_wconf 91' lang='lat' dir='ltr'>in</span> <span class='ocrx_word' id='word_1_943' title='bbox 2096 2219 2242 2267; x_wconf 89' lang='lat' dir='ltr'>aequali</span> <span class='ocrx_word' id='word_1_944' title='bbox 2265 2227 2438 2268; x_wconf 89' lang='lat' dir='ltr'>tempore</span> 
     </span>
     <span class='ocr_line' id='line_1_119' title="bbox 1379 2270 2439 2318; baseline 0.003 -12"><span class='ocrx_word' id='word_1_945' title='bbox 1379 2271 1453 2306; x_wconf 92' lang='grc'>1100</span> <span class='ocrx_word' id='word_1_946' title='bbox 1473 2270 1627 2318; x_wconf 89' lang='lat' dir='ltr'>quidem</span> <span class='ocrx_word' id='word_1_947' title='bbox 1647 2271 1834 2318; x_wconf 90' lang='lat' dir='ltr'>alteretur,</span> <span class='ocrx_word' id='word_1_948' title='bbox 1854 2271 1946 2308; x_wconf 91' lang='lat' dir='ltr'>illud</span> <span class='ocrx_word' id='word_1_949' title='bbox 1968 2284 2062 2309; x_wconf 88' lang='lat' dir='ltr'>vero</span> <span class='ocrx_word' id='word_1_950' title='bbox 2087 2279 2288 2309; x_wconf 87' lang='lat' dir='ltr'>moveatur</span> <span class='ocrx_word' id='word_1_951' title='bbox 2306 2285 2439 2309; x_wconf 89' lang='lat' dir='ltr'>secun-</span> 
     </span>
     <span class='ocr_line' id='line_1_120' title="bbox 1380 2323 2439 2372; baseline 0.003 -14"><span class='ocrx_word' id='word_1_952' title='bbox 1380 2323 1472 2359; x_wconf 88' lang='lat' dir='ltr'>dum</span> <span class='ocrx_word' id='word_1_953' title='bbox 1501 2323 1640 2370; x_wconf 85' lang='lat' dir='ltr'>locum,</span> <span class='ocrx_word' id='word_1_954' title='bbox 1662 2324 1765 2372; x_wconf 90' lang='lat' dir='ltr'>quod</span> <span class='ocrx_word' id='word_1_955' title='bbox 1789 2324 1835 2360; x_wconf 89' lang='lat' dir='ltr'>sit</span> <span class='ocrx_word' id='word_1_956' title='bbox 1862 2324 2028 2372; x_wconf 87' lang='lat' dir='ltr'>aequalis</span> <span class='ocrx_word' id='word_1_957' title='bbox 2056 2324 2095 2361; x_wconf 87' lang='lat' dir='ltr'>in</span> <span class='ocrx_word' id='word_1_958' title='bbox 2122 2325 2322 2361; x_wconf 86' lang='lat' dir='ltr'>velocitate</span> <span class='ocrx_word' id='word_1_959' title='bbox 2351 2326 2439 2361; x_wconf 92' lang='lat' dir='ltr'>alte-</span> 
     </span>
     <span class='ocr_line' id='line_1_121' title="bbox 1380 2375 2438 2425; baseline 0.003 -14"><span class='ocrx_word' id='word_1_960' title='bbox 1380 2375 1472 2412; x_wconf 90' lang='lat' dir='ltr'>ratio</span> <span class='ocrx_word' id='word_1_961' title='bbox 1502 2375 1574 2412; x_wconf 91' lang='lat' dir='ltr'>loci</span> <span class='ocrx_word' id='word_1_962' title='bbox 1591 2376 1800 2413; x_wconf 90' lang='lat' dir='ltr'>mutationi.</span> <span class='ocrx_word' id='word_1_963' title='bbox 1826 2377 1874 2413; x_wconf 89' lang='lat' dir='ltr'>Et</span> <span class='ocrx_word' id='word_1_964' title='bbox 1900 2377 2065 2423; x_wconf 88' lang='lat' dir='ltr'>ulterius,</span> <span class='ocrx_word' id='word_1_965' title='bbox 2085 2390 2154 2425; x_wconf 90' lang='lat' dir='ltr'>per</span> <span class='ocrx_word' id='word_1_966' title='bbox 2177 2378 2438 2414; x_wconf 91' lang='lat' dir='ltr'>definitionem</span> 
     </span>
     <span class='ocr_line' id='line_1_122' title="bbox 1380 2428 2439 2478; baseline 0.002 -14"><span class='ocrx_word' id='word_1_967' title='bbox 1380 2441 1500 2476; x_wconf 89' lang='lat' dir='ltr'>aeque</span> <span class='ocrx_word' id='word_1_968' title='bbox 1527 2428 1681 2476; x_wconf 87' lang='lat' dir='ltr'>velocis,</span> <span class='ocrx_word' id='word_1_969' title='bbox 1703 2436 1882 2477; x_wconf 88' lang='lat' dir='ltr'>sequetur</span> <span class='ocrx_word' id='word_1_970' title='bbox 1909 2430 2012 2478; x_wconf 89' lang='lat' dir='ltr'>quod</span> <span class='ocrx_word' id='word_1_971' title='bbox 2034 2431 2180 2477; x_wconf 80' lang='lat' dir='ltr'>passio,</span> <span class='ocrx_word' id='word_1_972' title='bbox 2210 2430 2306 2467; x_wconf 92' lang='lat' dir='ltr'>idest</span> <span class='ocrx_word' id='word_1_973' title='bbox 2322 2430 2439 2478; x_wconf 90' lang='lat' dir='ltr'>passi-</span> 
     </span>
     <span class='ocr_line' id='line_1_123' title="bbox 1380 2481 2440 2531; baseline 0.002 -14"><span class='ocrx_word' id='word_1_974' title='bbox 1380 2481 1461 2517; x_wconf 91' lang='lat' dir='ltr'>bilis</span> <span class='ocrx_word' id='word_1_975' title='bbox 1490 2481 1664 2530; x_wconf 88' lang='lat' dir='ltr'>qualitas,</span> <span class='ocrx_word' id='word_1_976' title='bbox 1696 2481 1904 2518; x_wconf 90' lang='lat' dir='ltr'>secundum</span> <span class='ocrx_word' id='word_1_977' title='bbox 1932 2494 2049 2531; x_wconf 90' lang='lat' dir='ltr'>quarn</span> <span class='ocrx_word' id='word_1_978' title='bbox 2085 2490 2140 2518; x_wconf 89' lang='lat' dir='ltr'>est</span> <span class='ocrx_word' id='word_1_979' title='bbox 2171 2482 2358 2530; x_wconf 87' lang='lat' dir='ltr'>alteratio,</span> <span class='ocrx_word' id='word_1_980' title='bbox 2395 2483 2440 2519; x_wconf 90' lang='lat' dir='ltr'>sit</span> 
     </span>
     <span class='ocr_line' id='line_1_124' title="bbox 1380 2534 2440 2584; baseline 0.002 -14"><span class='ocrx_word' id='word_1_981' title='bbox 1380 2534 1545 2583; x_wconf 88' lang='lat' dir='ltr'>aequalis</span> <span class='ocrx_word' id='word_1_982' title='bbox 1579 2534 1799 2581; x_wconf 85' lang='lat' dir='ltr'>longitudini</span> <span class='ocrx_word' id='word_1_983' title='bbox 1828 2534 1951 2583; x_wconf 88' lang='lat' dir='ltr'>spatii,</span> <span class='ocrx_word' id='word_1_984' title='bbox 1983 2547 2080 2583; x_wconf 86' lang='lat' dir='ltr'>quae</span> <span class='ocrx_word' id='word_1_985' title='bbox 2111 2535 2336 2583; x_wconf 87' lang='lat' dir='ltr'>pertansitur</span> <span class='ocrx_word' id='word_1_986' title='bbox 2370 2547 2440 2584; x_wconf 92' lang='lat' dir='ltr'>per</span> 
     </span>
     <span class='ocr_line' id='line_1_125' title="bbox 1379 2586 2436 2636; baseline 0.002 -14"><span class='ocrx_word' id='word_1_987' title='bbox 1379 2594 1528 2622; x_wconf 91' lang='lat' dir='ltr'>motum</span> <span class='ocrx_word' id='word_1_988' title='bbox 1556 2586 1733 2633; x_wconf 51' lang='lat' dir='ltr'>localem&amp;</span> <span class='ocrx_word' id='word_1_989' title='bbox 1763 2587 1867 2635; x_wconf 90' lang='lat' dir='ltr'>quod</span> <span class='ocrx_word' id='word_1_990' title='bbox 1888 2594 1942 2623; x_wconf 90' lang='lat' dir='ltr'>est</span> <span class='ocrx_word' id='word_1_991' title='bbox 1966 2587 2199 2636; x_wconf 89' lang='lat' dir='ltr'>impossibile</span> <span class='ocrx_word' id='word_1_992' title='bbox 2227 2588 2436 2635; x_wconf 87' lang='lat' dir='ltr'>manifeste,</span> 
     </span>
     <span class='ocr_line' id='line_1_126' title="bbox 1380 2639 2436 2689; baseline 0.001 -14"><span class='ocrx_word' id='word_1_993' title='bbox 1380 2639 1467 2688; x_wconf 90' lang='lat' dir='ltr'>quia</span> <span class='ocrx_word' id='word_1_994' title='bbox 1486 2652 1564 2675; x_wconf 90' lang='lat' dir='ltr'>non</span> <span class='ocrx_word' id='word_1_995' title='bbox 1585 2640 1816 2677; x_wconf 87' lang='lat' dir='ltr'>conveniunt</span> <span class='ocrx_word' id='word_1_996' title='bbox 1835 2640 1872 2676; x_wconf 90' lang='lat' dir='ltr'>in</span> <span class='ocrx_word' id='word_1_997' title='bbox 1892 2640 2027 2676; x_wconf 89' lang='lat' dir='ltr'>eadem</span> <span class='ocrx_word' id='word_1_998' title='bbox 2048 2640 2190 2676; x_wconf 89' lang='lat' dir='ltr'>ratione</span> <span class='ocrx_word' id='word_1_999' title='bbox 2211 2640 2436 2689; x_wconf 87' lang='lat' dir='ltr'>quantitatis.</span> 
     </span>
    </p>

    <p class='ocr_par' dir='ltr' id='par_1_19' title="bbox 1378 2692 2440 3478">
     <span class='ocr_line' id='line_1_127' title="bbox 1435 2692 2438 2742; baseline 0.001 -14"><span class='ocrx_word' id='word_1_1000' title='bbox 1435 2704 1468 2728; x_wconf 89' lang='lat'>2.</span> <span class='ocrx_word' id='word_1_1001' title='bbox 1490 2692 1639 2729; x_wconf 90' lang='lat' dir='ltr'>Deinde</span> <span class='ocrx_word' id='word_1_1002' title='bbox 1669 2705 1755 2729; x_wconf 89' lang='lat' dir='ltr'>cum</span> <span class='ocrx_word' id='word_1_1003' title='bbox 1793 2693 1895 2729; x_wconf 89' lang='lat' dir='ltr'>dicit:</span> <span class='ocrx_word' id='word_1_1004' title='bbox 1926 2693 1968 2729; x_wconf 81' lang='lat' dir='ltr'>Si</span> <span class='ocrx_word' id='word_1_1005' title='bbox 1992 2705 2085 2742; x_wconf 83' lang='lat' dir='ltr'>ergo</span> <span class='ocrx_word' id='word_1_1006' title='bbox 2115 2700 2205 2740; x_wconf 90' lang='lat' dir='ltr'>etc.,</span> <span class='ocrx_word' id='word_1_1007' title='bbox 2235 2693 2363 2730; x_wconf 89' lang='lat' dir='ltr'>obiicit</span> <span class='ocrx_word' id='word_1_1008' title='bbox 2391 2693 2438 2730; x_wconf 90' lang='lat' dir='ltr'>ad</span> 
     </span>
     <span class='ocr_line' id='line_1_128' title="bbox 1379 2745 2439 2795; baseline 0.001 -14"><span class='ocrx_word' id='word_1_1009' title='bbox 1379 2745 1614 2794; x_wconf 91' lang='lat' dir='ltr'>propositam</span> <span class='ocrx_word' id='word_1_1010' title='bbox 1644 2745 1936 2782; x_wconf 86' lang='lat' dir='ltr'>dubitationem:</span> <span class='ocrx_word' id='word_1_1011' title='bbox 1967 2753 2003 2782; x_wconf 89' lang='lat' dir='ltr'>et</span> <span class='ocrx_word' id='word_1_1012' title='bbox 2025 2746 2149 2795; x_wconf 89' lang='lat' dir='ltr'>primo</span> <span class='ocrx_word' id='word_1_1013' title='bbox 2178 2754 2361 2794; x_wconf 89' lang='lat' dir='ltr'>quantum</span> <span class='ocrx_word' id='word_1_1014' title='bbox 2391 2746 2439 2783; x_wconf 93' lang='lat' dir='ltr'>ad</span> 
     </span>
     <span class='ocr_line' id='line_1_129' title="bbox 1380 2798 2437 2846; baseline 0.001 -12"><span class='ocrx_word' id='word_1_1015' title='bbox 1380 2798 1705 2846; x_wconf 87' lang='lat' dir='ltr'>comparationem</span> <span class='ocrx_word' id='word_1_1016' title='bbox 1727 2799 1746 2818; x_wconf 49' lang='grc' dir='ltr'>ἢ*</span> <span class='ocrx_word' id='word_1_1017' title='bbox 1766 2798 1993 2835; x_wconf 88' lang='lat' dir='ltr'>alterationis</span> <span class='ocrx_word' id='word_1_1018' title='bbox 2024 2806 2059 2835; x_wconf 91' lang='lat' dir='ltr'>et</span> <span class='ocrx_word' id='word_1_1019' title='bbox 2094 2799 2166 2835; x_wconf 91' lang='lat' dir='ltr'>loci</span> <span class='ocrx_word' id='word_1_1020' title='bbox 2203 2798 2437 2846; x_wconf 82' lang='lat' dir='ltr'>mutationis3</span> 
     </span>
     <span class='ocr_line' id='line_1_130' title="bbox 1379 2850 2438 2900; baseline 0.001 -13"><span class='ocrx_word' id='word_1_1021' title='bbox 1379 2850 1548 2887; x_wconf 89' lang='lat' dir='ltr'>secundo</span> <span class='ocrx_word' id='word_1_1022' title='bbox 1577 2858 1762 2899; x_wconf 89' lang='lat' dir='ltr'>quantum</span> <span class='ocrx_word' id='word_1_1023' title='bbox 1790 2851 1839 2888; x_wconf 92' lang='lat' dir='ltr'>ad</span> <span class='ocrx_word' id='word_1_1024' title='bbox 1860 2851 2185 2900; x_wconf 88' lang='lat' dir='ltr'>comparationem</span> <span class='ocrx_word' id='word_1_1025' title='bbox 2215 2852 2341 2888; x_wconf 85' lang='lat' dir='ltr'>motus</span> <span class='ocrx_word' id='word_1_1026' title='bbox 2371 2851 2438 2888; x_wconf 91' lang='lat' dir='ltr'>cir-</span> 
     </span>
     <span class='ocr_line' id='line_1_131' title="bbox 1379 2903 2437 2951; baseline 0.002 -12"><span class='ocrx_word' id='word_1_1027' title='bbox 1379 2903 1513 2940; x_wconf 91' lang='lat' dir='ltr'>cularis</span> <span class='ocrx_word' id='word_1_1028' title='bbox 1533 2911 1570 2940; x_wconf 92' lang='lat' dir='ltr'>et</span> <span class='ocrx_word' id='word_1_1029' title='bbox 1589 2903 1690 2951; x_wconf 91' lang='lat' dir='ltr'>recti,</span> <span class='ocrx_word' id='word_1_1030' title='bbox 1711 2903 1778 2940; x_wconf 90' lang='lat' dir='ltr'>ibi:</span> <span class='ocrx_word' id='word_1_1031' title='bbox 1799 2905 1845 2940; x_wconf 91' lang='lat' dir='ltr'>In</span> <span class='ocrx_word' id='word_1_1032' title='bbox 1866 2905 2007 2941; x_wconf 87' lang='lat' dir='ltr'>circulo</span> <span class='ocrx_word' id='word_1_1033' title='bbox 2031 2910 2155 2941; x_wconf 85' lang='lat' dir='ltr'>autem</span> <span class='ocrx_word' id='word_1_1034' title='bbox 2175 2910 2211 2941; x_wconf 85' lang='lat' dir='ltr'>et</span> <span class='ocrx_word' id='word_1_1035' title='bbox 2227 2911 2326 2941; x_wconf 82' lang='lat' dir='ltr'>recto</span> <span class='ocrx_word' id='word_1_1036' title='bbox 2339 2906 2437 2941; x_wconf 63' lang='lat' dir='ltr'>*ete</span> 
     </span>
     <span class='ocr_line' id='line_1_132' title="bbox 1379 2956 2439 3006; baseline 0.002 -14"><span class='ocrx_word' id='word_1_1037' title='bbox 1379 2956 1581 2993; x_wconf 90' lang='lat' dir='ltr'>Concludit</span> <span class='ocrx_word' id='word_1_1038' title='bbox 1609 2969 1697 3004; x_wconf 89' lang='lat' dir='ltr'>ergo</span> <span class='ocrx_word' id='word_1_1039' title='bbox 1725 2956 1851 3005; x_wconf 90' lang='lat' dir='ltr'>primo</span> <span class='ocrx_word' id='word_1_1040' title='bbox 1873 2969 1918 2994; x_wconf 81' lang='lat' dir='ltr'>ex</span> <span class='ocrx_word' id='word_1_1041' title='bbox 1935 2957 2143 3006; x_wconf 88' lang='lat' dir='ltr'>praemissa</span> <span class='ocrx_word' id='word_1_1042' title='bbox 2166 2959 2186 2978; x_wconf 67' lang='lat'><em>*</em></span> <span class='ocrx_word' id='word_1_1043' title='bbox 2218 2958 2362 2994; x_wconf 89' lang='lat' dir='ltr'>ratione</span> <span class='ocrx_word' id='word_1_1044' title='bbox 2391 2957 2439 2994; x_wconf 91' lang='lat' dir='ltr'>ad</span> 
     </span>
     <span class='ocr_line' id='line_1_133' title="bbox 1378 3009 2439 3059; baseline 0.002 -14"><span class='ocrx_word' id='word_1_1045' title='bbox 1378 3009 1610 3057; x_wconf 89' lang='lat' dir='ltr'>impossibile</span> <span class='ocrx_word' id='word_1_1046' title='bbox 1632 3009 1803 3056; x_wconf 90' lang='lat' dir='ltr'>ducente,</span> <span class='ocrx_word' id='word_1_1047' title='bbox 1826 3010 2053 3046; x_wconf 87' lang='lat' dir='ltr'>contrarium</span> <span class='ocrx_word' id='word_1_1048' title='bbox 2067 3010 2234 3059; x_wconf 84' lang='lat' dir='ltr'>*posito;</span> <span class='ocrx_word' id='word_1_1049' title='bbox 2260 3011 2366 3059; x_wconf 90' lang='lat' dir='ltr'>quasi</span> <span class='ocrx_word' id='word_1_1050' title='bbox 2386 3010 2439 3047; x_wconf 91' lang='lat' dir='ltr'>di-</span> 
     </span>
     <span class='ocr_line' id='line_1_134' title="bbox 1379 3061 2439 3112; baseline 0.002 -14"><span class='ocrx_word' id='word_1_1051' title='bbox 1379 3069 1452 3098; x_wconf 86' lang='lat' dir='ltr'>cat:</span> <span class='ocrx_word' id='word_1_1052' title='bbox 1483 3061 1625 3099; x_wconf 88' lang='lat' dir='ltr'>dictum</span> <span class='ocrx_word' id='word_1_1053' title='bbox 1656 3069 1710 3099; x_wconf 90' lang='lat' dir='ltr'>est</span> <span class='ocrx_word' id='word_1_1054' title='bbox 1728 3063 1833 3110; x_wconf 91' lang='lat' dir='ltr'>quod</span> <span class='ocrx_word' id='word_1_1055' title='bbox 1853 3063 2124 3100; x_wconf 89' lang='lat' dir='ltr'>inconveniens</span> <span class='ocrx_word' id='word_1_1056' title='bbox 2145 3070 2199 3099; x_wconf 89' lang='lat' dir='ltr'>est</span> <span class='ocrx_word' id='word_1_1057' title='bbox 2221 3063 2439 3112; x_wconf 89' lang='lat' dir='ltr'>passionem</span> 
     </span>
     <span class='ocr_line' id='line_1_135' title="bbox 1379 3115 2440 3164; baseline 0 -13"><span class='ocrx_word' id='word_1_1058' title='bbox 1379 3126 1460 3151; x_wconf 88' lang='lat' dir='ltr'>esse</span> <span class='ocrx_word' id='word_1_1059' title='bbox 1490 3115 1689 3164; x_wconf 90' lang='lat' dir='ltr'>aequalem</span> <span class='ocrx_word' id='word_1_1060' title='bbox 1726 3115 1964 3163; x_wconf 87' lang='lat' dir='ltr'>longitudini:</span> <span class='ocrx_word' id='word_1_1061' title='bbox 1995 3116 2061 3153; x_wconf 91' lang='lat' dir='ltr'>sed</span> <span class='ocrx_word' id='word_1_1062' title='bbox 2093 3124 2181 3152; x_wconf 91' lang='lat' dir='ltr'>tunc</span> <span class='ocrx_word' id='word_1_1063' title='bbox 2219 3115 2356 3164; x_wconf 90' lang='lat' dir='ltr'>aliquid</span> <span class='ocrx_word' id='word_1_1064' title='bbox 2386 3123 2440 3151; x_wconf 92' lang='lat' dir='ltr'>est</span> 
     </span>
     <span class='ocr_line' id='line_1_136' title="bbox 1378 3167 2438 3217; baseline 0 -14"><span class='ocrx_word' id='word_1_1065' title='bbox 1378 3167 1583 3216; x_wconf 87' lang='lat' dir='ltr'>aequaliter</span> <span class='ocrx_word' id='word_1_1066' title='bbox 1608 3168 1732 3215; x_wconf 86' lang='lat' dir='ltr'>velox,</span> <span class='ocrx_word' id='word_1_1067' title='bbox 1755 3180 1843 3204; x_wconf 90' lang='lat' dir='ltr'>cum</span> <span class='ocrx_word' id='word_1_1068' title='bbox 1872 3169 1910 3204; x_wconf 92' lang='lat' dir='ltr'>in</span> <span class='ocrx_word' id='word_1_1069' title='bbox 1935 3168 2082 3217; x_wconf 88' lang='lat' dir='ltr'>aequali</span> <span class='ocrx_word' id='word_1_1070' title='bbox 2110 3176 2281 3216; x_wconf 87' lang='lat' dir='ltr'>tempore</span> <span class='ocrx_word' id='word_1_1071' title='bbox 2306 3180 2438 3204; x_wconf 84' lang='lat' dir='ltr'>move-</span> 
     </span>
     <span class='ocr_line' id='line_1_137' title="bbox 1378 3220 2437 3269; baseline 0 -13"><span class='ocrx_word' id='word_1_1072' title='bbox 1378 3227 1436 3256; x_wconf 88' lang='lat' dir='ltr'>tur</span> <span class='ocrx_word' id='word_1_1073' title='bbox 1454 3232 1523 3269; x_wconf 89' lang='lat' dir='ltr'>per</span> <span class='ocrx_word' id='word_1_1074' title='bbox 1543 3221 1715 3268; x_wconf 87' lang='lat' dir='ltr'>aequale:</span> <span class='ocrx_word' id='word_1_1075' title='bbox 1738 3233 1839 3268; x_wconf 85' lang='lat' dir='ltr'>ergo,</span> <span class='ocrx_word' id='word_1_1076' title='bbox 1862 3233 1948 3257; x_wconf 88' lang='lat' dir='ltr'>cum</span> <span class='ocrx_word' id='word_1_1077' title='bbox 1968 3221 2068 3256; x_wconf 91' lang='lat' dir='ltr'>nulla</span> <span class='ocrx_word' id='word_1_1078' title='bbox 2086 3220 2213 3268; x_wconf 88' lang='lat' dir='ltr'>passio</span> <span class='ocrx_word' id='word_1_1079' title='bbox 2235 3220 2280 3256; x_wconf 90' lang='lat' dir='ltr'>sit</span> <span class='ocrx_word' id='word_1_1080' title='bbox 2300 3232 2437 3267; x_wconf 89' lang='lat' dir='ltr'>aequa-</span> 
     </span>
     <span class='ocr_line' id='line_1_138' title="bbox 1378 3272 2439 3320; baseline 0 -12"><span class='ocrx_word' id='word_1_1081' title='bbox 1378 3272 1421 3309; x_wconf 90' lang='lat' dir='ltr'>lis</span> <span class='ocrx_word' id='word_1_1082' title='bbox 1455 3272 1696 3320; x_wconf 87' lang='lat' dir='ltr'>longitudini,</span> <span class='ocrx_word' id='word_1_1083' title='bbox 1728 3273 1894 3320; x_wconf 82' lang='lat' dir='ltr'>sequitur</span> <span class='ocrx_word' id='word_1_1084' title='bbox 1922 3272 2026 3320; x_wconf 91' lang='lat' dir='ltr'>quod</span> <span class='ocrx_word' id='word_1_1085' title='bbox 2058 3272 2130 3308; x_wconf 91' lang='lat' dir='ltr'>loci</span> <span class='ocrx_word' id='word_1_1086' title='bbox 2164 3272 2321 3308; x_wconf 86' lang='lat' dir='ltr'>mutatio</span> <span class='ocrx_word' id='word_1_1087' title='bbox 2359 3285 2439 3309; x_wconf 90' lang='lat' dir='ltr'>non</span> 
     </span>
     <span class='ocr_line' id='line_1_139' title="bbox 1379 3324 2438 3374; baseline 0.001 -13"><span class='ocrx_word' id='word_1_1088' title='bbox 1379 3332 1434 3361; x_wconf 92' lang='lat' dir='ltr'>est</span> <span class='ocrx_word' id='word_1_1089' title='bbox 1461 3326 1627 3374; x_wconf 89' lang='lat' dir='ltr'>aequalis</span> <span class='ocrx_word' id='word_1_1090' title='bbox 1651 3325 1688 3361; x_wconf 91' lang='lat' dir='ltr'>in</span> <span class='ocrx_word' id='word_1_1091' title='bbox 1707 3325 1905 3362; x_wconf 87' lang='lat' dir='ltr'>velocitate</span> <span class='ocrx_word' id='word_1_1092' title='bbox 1934 3324 2151 3371; x_wconf 89' lang='lat' dir='ltr'>alterationi,</span> <span class='ocrx_word' id='word_1_1093' title='bbox 2174 3337 2296 3374; x_wconf 90' lang='lat' dir='ltr'>neque</span> <span class='ocrx_word' id='word_1_1094' title='bbox 2316 3325 2438 3362; x_wconf 83' lang='lat' dir='ltr'>maior</span> 
     </span>
     <span class='ocr_line' id='line_1_140' title="bbox 1379 3377 2438 3426; baseline 0.002 -13"><span class='ocrx_word' id='word_1_1095' title='bbox 1379 3385 1442 3414; x_wconf 87' lang='lat' dir='ltr'>aut</span> <span class='ocrx_word' id='word_1_1096' title='bbox 1469 3378 1605 3414; x_wconf 88' lang='lat' dir='ltr'>minor.</span> <span class='ocrx_word' id='word_1_1097' title='bbox 1626 3379 1684 3415; x_wconf 81' lang='lat' dir='ltr'>Ex</span> <span class='ocrx_word' id='word_1_1098' title='bbox 1703 3390 1779 3426; x_wconf 92' lang='lat' dir='ltr'>quo</span> <span class='ocrx_word' id='word_1_1099' title='bbox 1808 3377 1960 3413; x_wconf 89' lang='lat' dir='ltr'>ulterius</span> <span class='ocrx_word' id='word_1_1100' title='bbox 1981 3377 2153 3413; x_wconf 90' lang='lat' dir='ltr'>concludi</span> <span class='ocrx_word' id='word_1_1101' title='bbox 2171 3377 2317 3426; x_wconf 89' lang='lat' dir='ltr'>poterit,</span> <span class='ocrx_word' id='word_1_1102' title='bbox 2335 3378 2438 3426; x_wconf 91' lang='lat' dir='ltr'>quod</span> 
     </span>
     <span class='ocr_line' id='line_1_141' title="bbox 1379 3430 2191 3478; baseline 0.001 -12"><span class='ocrx_word' id='word_1_1103' title='bbox 1379 3442 1459 3466; x_wconf 91' lang='lat' dir='ltr'>non</span> <span class='ocrx_word' id='word_1_1104' title='bbox 1487 3432 1777 3467; x_wconf 82' lang='lat' dir='ltr'>omnesmotus</span> <span class='ocrx_word' id='word_1_1105' title='bbox 1805 3430 1877 3465; x_wconf 92' lang='lat' dir='ltr'>sint</span> <span class='ocrx_word' id='word_1_1106' title='bbox 1906 3430 2191 3478; x_wconf 87' lang='lat' dir='ltr'>comparabiles.</span> 
     </span>
    </p>

    <p class='ocr_par' dir='ltr' id='par_1_20' title="bbox 1435 3481 2436 3530">
     <span class='ocr_line' id='line_1_142' title="bbox 1435 3481 2436 3530; baseline 0 -11"><span class='ocrx_word' id='word_1_1107' title='bbox 1435 3483 1469 3519; x_wconf 86' lang='lat'>3.</span> <span class='ocrx_word' id='word_1_1108' title='bbox 1494 3483 1647 3520; x_wconf 62' lang='lat' dir='ltr'>‘Deinde</span> <span class='ocrx_word' id='word_1_1109' title='bbox 1677 3494 1764 3518; x_wconf 92' lang='lat' dir='ltr'>cum</span> <span class='ocrx_word' id='word_1_1110' title='bbox 1802 3481 1906 3518; x_wconf 86' lang='lat' dir='ltr'>dicit:</span> <span class='ocrx_word' id='word_1_1111' title='bbox 1935 3483 1981 3518; x_wconf 90' lang='lat' dir='ltr'>In</span> <span class='ocrx_word' id='word_1_1112' title='bbox 2017 3483 2155 3519; x_wconf 82' lang='lat' dir='ltr'>circulo</span> <span class='ocrx_word' id='word_1_1113' title='bbox 2192 3488 2316 3519; x_wconf 87' lang='lat' dir='ltr'>autem</span> <span class='ocrx_word' id='word_1_1114' title='bbox 2345 3490 2436 3530; x_wconf 87' lang='lat' dir='ltr'>etc.,</span> 
     </span>
    </p>
   </div>
   <div class='ocr_carea' id='block_1_18' title="bbox 324 3601 2129 3638">
    <p class='ocr_par' dir='ltr' id='par_1_21' title="bbox 324 3601 2129 3638">
     <span class='ocr_line' id='line_1_143' title="bbox 324 3601 2129 3638; baseline 0.002 -12"><span class='ocrx_word' id='word_1_1115' title='bbox 324 3601 351 3633; x_wconf 87' lang='grc' dir='ltr'>α)</span> <span class='ocrx_word' id='word_1_1116' title='bbox 371 3601 487 3634; x_wconf 82' lang='lat' dir='ltr'>infert.-</span> <span class='ocrx_word' id='word_1_1117' title='bbox 500 3602 748 3632; x_wconf 85' lang='lat' dir='ltr'>PDFHLNRTsBQ</span> <span class='ocrx_word' id='word_1_1118' title='bbox 765 3607 790 3627; x_wconf 88' lang='lat' dir='ltr'>et</span> <span class='ocrx_word' id='word_1_1119' title='bbox 808 3602 838 3633; x_wconf 67' lang='grc' dir='ltr'>ὓς</span> <span class='ocrx_word' id='word_1_1120' title='bbox 857 3602 947 3628; x_wconf 83' lang='lat' dir='ltr'>insunt</span> <span class='ocrx_word' id='word_1_1121' title='bbox 965 3603 1005 3628; x_wconf 87' lang='lat' dir='ltr'>ed.</span> <span class='ocrx_word' id='word_1_1122' title='bbox 1023 3610 1053 3632; x_wconf 87' lang='lat' dir='ltr'>a,</span> <span class='ocrx_word' id='word_1_1123' title='bbox 1071 3604 1131 3636; x_wconf 84' lang='lat' dir='ltr'>sert</span> <span class='ocrx_word' id='word_1_1124' title='bbox 1149 3603 1447 3637; x_wconf 77' lang='lat' dir='ltr'>AlKMOSVXYZpBQ,</span> <span class='ocrx_word' id='word_1_1125' title='bbox 1461 3605 1528 3638; x_wconf 78' lang='lat' dir='ltr'>fecit</span> <span class='ocrx_word' id='word_1_1126' title='bbox 1547 3605 1600 3637; x_wconf 83' lang='lat' dir='ltr'>pC,</span> <span class='ocrx_word' id='word_1_1127' title='bbox 1612 3604 1684 3637; x_wconf 81' lang='lat' dir='ltr'>facit</span> <span class='ocrx_word' id='word_1_1128' title='bbox 1703 3604 1750 3635; x_wconf 88' lang='lat' dir='ltr'>sC‚</span> <span class='ocrx_word' id='word_1_1129' title='bbox 1769 3604 1850 3629; x_wconf 79' lang='lat' dir='ltr'>sumit</span> <span class='ocrx_word' id='word_1_1130' title='bbox 1868 3605 1904 3635; x_wconf 90' lang='lat' dir='ltr'>G,</span> <span class='ocrx_word' id='word_1_1131' title='bbox 1923 3612 1981 3630; x_wconf 86' lang='lat' dir='ltr'>cum</span> <span class='ocrx_word' id='word_1_1132' title='bbox 2001 3605 2081 3630; x_wconf 83' lang='lat' dir='ltr'>sumit</span> <span class='ocrx_word' id='word_1_1133' title='bbox 2098 3605 2129 3630; x_wconf 83' lang='lat' dir='ltr'>E.</span> 
     </span>
    </p>
   </div>
   <div class='ocr_carea' id='block_1_19' title="bbox 2467 2807 2678 2992">
    <p class='ocr_par' dir='ltr' id='par_1_22' title="bbox 2467 2807 2678 2855">
     <span class='ocr_line' id='line_1_144' title="bbox 2467 2807 2678 2835; baseline -0.005 -6"><span class='ocrx_word' id='word_1_1134' title='bbox 2467 2807 2616 2835; x_wconf 77' lang='lat' dir='ltr'>&#39;quantitatis</span> <span class='ocrx_word' id='word_1_1135' title='bbox 2624 2807 2678 2828; x_wconf 84' lang='lat' dir='ltr'>add.</span> 
     </span>
     <span class='ocr_line' id='line_1_145' title="bbox 2467 2841 2504 2855; baseline 0 0"><span class='ocrx_word' id='word_1_1136' title='bbox 2467 2841 2504 2855; x_wconf 79' lang='lat' dir='ltr'>BD.</span> 
     </span>
    </p>

    <p class='ocr_par' dir='ltr' id='par_1_23' title="bbox 2467 2912 2624 2940">
     <span class='ocr_line' id='line_1_146' title="bbox 2467 2912 2624 2940; baseline 0.006 -6"><span class='ocrx_word' id='word_1_1137' title='bbox 2467 2914 2476 2922; x_wconf 89' lang='grc'>“’</span> <span class='ocrx_word' id='word_1_1138' title='bbox 2491 2912 2560 2934; x_wconf 90' lang='lat' dir='ltr'>Num.</span> <span class='ocrx_word' id='word_1_1139' title='bbox 2576 2918 2624 2940; x_wconf 84' lang='lat' dir='ltr'>seq.</span> 
     </span>
    </p>

    <p class='ocr_par' dir='ltr' id='par_1_24' title="bbox 2468 2965 2645 2992">
     <span class='ocr_line' id='line_1_147' title="bbox 2468 2965 2645 2992; baseline 0 -6"><span class='ocrx_word' id='word_1_1140' title='bbox 2468 2967 2475 2975; x_wconf 83' lang='grc'>·</span> <span class='ocrx_word' id='word_1_1141' title='bbox 2491 2965 2560 2986; x_wconf 88' lang='lat' dir='ltr'>Num.</span> <span class='ocrx_word' id='word_1_1142' title='bbox 2571 2971 2645 2992; x_wconf 84' lang='lat' dir='ltr'>praec.</span> 
     </span>
    </p>
   </div>
   <div class='ocr_carea' id='block_1_20' title="bbox 2467 3018 2678 3071">
    <p class='ocr_par' dir='ltr' id='par_1_25' title="bbox 2467 3018 2678 3071">
     <span class='ocr_line' id='line_1_148' title="bbox 2467 3018 2678 3038; baseline 0 0"><span class='ocrx_word' id='word_1_1143' title='bbox 2467 3019 2475 3027; x_wconf 88' lang='grc'><em>·</em></span> <span class='ocrx_word' id='word_1_1144' title='bbox 2491 3018 2612 3038; x_wconf 83' lang='lat' dir='ltr'>contrario</span> <span class='ocrx_word' id='word_1_1145' title='bbox 2625 3023 2678 3038; x_wconf 72' lang='lat' dir='ltr'>Aen&lt;</span> 
     </span>
     <span class='ocr_line' id='line_1_149' title="bbox 2467 3043 2677 3071; baseline -0.005 -7"><span class='ocrx_word' id='word_1_1146' title='bbox 2467 3050 2587 3071; x_wconf 69' lang='lat' dir='ltr'>nqswxpa</span> <span class='ocrx_word' id='word_1_1147' title='bbox 2597 3046 2618 3064; x_wconf 87' lang='lat' dir='ltr'>et</span> <span class='ocrx_word' id='word_1_1148' title='bbox 2632 3049 2647 3064; x_wconf 87' lang='lat' dir='ltr'>a</span> <span class='ocrx_word' id='word_1_1149' title='bbox 2656 3043 2677 3064; x_wconf 80' lang='lat' dir='ltr'>b.</span> 
     </span>
    </p>
   </div>
  </div>
 </body>
</html>
