2950 4004
467 299 538 324 120

1093 291 1441 329 PHYSICORUM
1467 291 1815 329 ARISTOTELIS
1845 292 1940 329 LIB.
1971 293 2021 329 III

1207 521 1509 577 LECTIO
1547 522 1916 578 SEPTIMA

604 681 821 713 RATIONES
845 682 964 720 QUAE
988 681 1190 713 SUADENT
1214 682 1440 714 INFINITUM
1463 682 1573 714 ESSE.
1599 700 1617 706 -
1642 683 1765 722 QUOT
1788 683 1922 717 MODIS
1946 684 2171 716 INFINITUM
2194 684 2467 717 ACCIPIATUR.
2497 703 2516 710 -

891 743 1116 775 INFINITUM
1138 746 1168 775 A
1189 743 1469 775 SENSIBILIBUS
1492 744 1753 776 SEPARATUM
1775 745 1874 777 ESSE
1898 745 2227 778 EXCLUDENDUM

467 882 535 914 Τοῦ
559 875 588 912 δ’
617 878 701 913 εἷναί
726 892 760 913 τι
787 880 923 925 ἄπειρον
949 881 969 917 ἡ
996 883 1108 919 πίστις
1135 881 1172 913 ἐκ
1197 879 1299 914 πέντε
1325 880 1462 925 μάλιστ’
1491 880 1529 913 &v

534 925 711 969 συμβαίνοι
737 926 932 965 σκοποῦσιν,
952 924 989 957 ἔκ
1014 936 1052 957 τε
1078 926 1141 957 τοῦ
1166 924 1299 970 χρόνου,
1328 925 1448 969 (οὗτος
1465 925 1530 971 γάρ

536 969 695 1012 ἄπειρος)
725 971 784 1001 καὶ
815 969 851 1001 ἑκ
882 970 946 1007 τῆς
980 969 1013 1001 έν
1046 973 1118 1007 τοῖς
1152 968 1306 1016 μεγέθεσι
1340 966 1531 1013 διαιρέσεως

537 1014 698 1058 (χρῶνται
722 1013 787 1059 γάρ
811 1014 870 1045 καὶ
897 1016 925 1045 οἱ
950 1012 1183 1057 μαθηματικοὶ
1210 1014 1257 1055 τῷ
1285 1013 1450 1057 ἀπείρῳ),
1478 1013 1530 1046 ἔτι

534 1058 582 1099 τῷ
608 1057 714 1095 οὕτως
742 1056 780 1090 ἄν
805 1057 910 1102 μόνως
929 1057 983 1111 μή
1010 1058 1206 1090 ὑπολείπειν
1230 1057 1359 1104 γένεσιν
1379 1060 1438 1090 καὶ
1454 1057 1532 1101 φθο-

534 1101 606 1146 ράν,
633 1103 660 1133 εἰ
688 1101 823 1146 ἄπειρον
849 1104 898 1139 εἴη
926 1101 998 1133 οθεν
1029 1102 1225 1147 ἀφαιρεῖται
1252 1102 1293 1134 τὸ
1317 1102 1527 1149 γιγνόμενον·

535 1146 587 1178 ἔτι
612 1147 660 1188 τῷ
686 1146 726 1179 τό
745 1145 998 1191 πεπερασμένον
1019 1147 1070 1179 ἀεὶ
1089 1146 1169 1191 πρός
1188 1158 1223 1178 τι
1244 1143 1423 1189 περαίνειν,
1441 1145 1528 1179 ὥστε

536 1189 667 1236 ἀνάγκη
694 1185 798 1234 μηδὲν
824 1189 909 1223 εἶναι
934 1190 1053 1233 πέρας,
1079 1191 1108 1223 εἱ
1134 1191 1185 1223 ἀεὶ
1211 1192 1377 1235 περαίνειν
1397 1189 1530 1246 ἀνάγκη

535 1234 648 1279 ἕτερον
674 1234 755 1278 πρὸς
781 1234 907 1279 ἕτερον.
935 1235 1098 1268 Μάλιστα
1122 1230 1160 1267 δὲ
1184 1237 1242 1267 καὶ
1265 1235 1492 1289 κυριώτατον,
1513 1247 1529 1266 ο
1564 1235 1571 1242 ’

534 1278 598 1315 τήν
622 1279 737 1315 κοινήν
767 1284 858 1311 ποιεῖ
883 1279 1027 1322 ἀπορίαν
1059 1280 1156 1312 πᾶσι·
1182 1275 1242 1312 διά
1269 1291 1334 1322 γαρ
1360 1279 1400 1312 τὸ
1425 1279 1458 1312 έν
1484 1279 1529 1321 τῇ

533 1322 647 1360 νοήσει
678 1323 725 1367 μή
752 1324 946 1356 ύπολείπειν
976 1325 1034 1355 καὶ
1060 1325 1076 1356 ὁ
1103 1323 1236 1368 ἀριθμός
1267 1321 1361 1357 δοκεῖ
1394 1323 1529 1367 ἄπειρος

534 1364 620 1399 εἶναι
644 1369 702 1405 καὶ
732 1367 780 1400 τά
808 1367 898 1411 μαθη
929 1368 1036 1400 ατικά
1066 1367 1190 1413 μεγέθη
1219 1371 1276 1400 καὶ
1307 1367 1348 1400 τό
1378 1367 1440 1409 ἔξω
1467 1367 1529 1400 τοῦ

536 1411 688 1456 οὐρανοῦ.
718 1412 873 1455 Ἀπείρου
898 1379 926 1444 δί
953 1411 1047 1450 ὄντος
1067 1414 1129 1445 τοῦ
1151 1411 1226 1453 ἔξω,
1243 1415 1301 1445 καὶ
1319 1412 1417 1456 σῶμα
1436 1410 1532 1444 ἄπει-

533 1467 586 1500 ρον
613 1452 698 1488 εἶναι
715 1451 809 1488 δοκεῖ
823 1459 881 1488 καὶ
898 1455 1029 1500 κόσμοι.
1057 1458 1094 1488 Τί
1112 1456 1176 1503 γάρ
1197 1458 1326 1500 μᾶλλον
1352 1457 1414 1489 τοῦ
1432 1455 1530 1487 κενοῦ

535 1498 686 1532 ἐνταῦθα
711 1499 732 1536 ἦ
758 1500 929 1541 ἐνταῦθα;
956 1500 1035 1533 ὥστ’
1055 1503 1146 1544 εἴπερ
1172 1501 1339 1546 μοναχοῦ,
1361 1502 1419 1532 καὶ
1445 1510 1530 1531 παν-

534 1545 647 1598 ταχοῦ
675 1543 806 1590 ἀνάγκη
832 1542 916 1577 εἶναι
941 1545 1000 1577 τὸν
1027 1544 1138 1591 ὄγκον.
1170 1544 1262 1588 ’Ἅμα
1286 1540 1314 1576 δ’
1335 1545 1363 1575 εἰ
1380 1546 1438 1576 καὶ
1457 1543 1530 1576 ἔστι

532 1600 626 1620 κενον
651 1590 709 1620 καὶ
735 1588 839 1626 τόπος
872 1590 1028 1632 ἄπειρος,
1061 1591 1119 1621 καὶ
1145 1589 1242 1633 σῶμα
1274 1588 1411 1631 ἄπειρον
1444 1585 1530 1620 εἶναι

535 1633 734 1678 ἀναγκαῖον·
755 1628 949 1677 ἐνδέχεσθαι
974 1633 1038 1679 γάρ
1058 1632 1078 1670 ἢ
1097 1630 1182 1665 εἶναι
1208 1631 1304 1665 οὐθὲν
1329 1632 1477 1677 διαφέρει
1497 1633 1529 1664 ἐν

534 1680 604 1714 τοῖς
631 1671 762 1714 ἀϊδίοις.

461 1721 555 1765 Ἔχει
579 1716 608 1752 δ’
640 1721 783 1765 ἀπορίαν
810 1721 830 1757 ’ἦ
857 1723 931 1766 περὶ
956 1722 1019 1754 τοῦ
1054 1721 1191 1765 ἀπείρου
1225 1719 1359 1764 θεωρία·
1384 1722 1442 1752 καὶ
1466 1720 1531 1767 γάρ

534 1764 580 1810 μή
613 1762 699 1797 εἶναι
732 1763 916 1809 τιθεμένοις
952 1765 1051 1797 πόλλ’
1082 1760 1242 1797 ἀδύνατα
1272 1765 1447 1809 συμβαίνει
1473 1766 1532 1796 καὶ

533 1806 631 1841 εἶναι.
663 1809 741 1841 Ἔτι
766 1804 824 1850 δέ,
853 1809 1002 1854 ποτέρως
1029 1810 1119 1850 ἐστί,
1147 1808 1290 1853 πότερον
1315 1810 1358 1847 ὠς
1389 1810 1486 1841 οὐσία
1511 1807 1532 1845 ἦ

533 1866 572 1885 συ
602 1853 743 1894 βεβηκὸς
759 1852 835 1884 καθ’
858 1855 946 1887 αὐτὸ
967 1853 1061 1898 φύσει
1081 1855 1167 1893 τινί;
1191 1852 1213 1889 ἦ
1235 1849 1432 1898 οὐδετέρως,
1453 1851 1525 1886 ἀλλ’

534 1864 631 1930 οὐδὲν
658 1898 765 1935 ἦττον
787 1898 878 1930 ἐστὶν
898 1899 1034 1942 ἄπειρον
1053 1896 1073 1934 ἦ
1094 1897 1216 1941 ἄπειρα
1234 1897 1282 1939 τῷ
1300 1897 1433 1934 πλήθει.
1459 1896 1533 1930 Μοί-

532 1944 637 1976 λιστα
667 1938 704 1974 δὲ
732 1943 869 1984 φυσικοῦ
903 1943 977 1976 ἑστι
1009 1941 1196 1986 σκέψασθαι
1229 1942 1256 1973 εἱ
1287 1942 1360 1975 ἔστι
1392 1940 1531 1988 μέγεθος

535 1986 696 2023 αἰσθητὸν
724 1986 873 2030 ἄπειρον.

466 2031 598 2075 Πρῶτον
632 2030 687 2062 οὖν
721 2026 906 2075 διοριστέον
939 2030 1100 2075 ποσαχῶς
1131 2029 1273 2074 λέγεται
1306 2030 1347 2063 τὸ
1379 2029 1527 2074 ἄπειρον.

525 2074 609 2107 Ἕνα
639 2075 699 2118 μὲν
730 2071 773 2111 δὴ
799 2073 925 2119 τρόπον
957 2074 998 2106 τὸ
1031 2070 1203 2107 ἀδύνατον
1236 2070 1375 2106 διελθεῖν
1409 2075 1457 2116 τῷ
1483 2073 1528 2118 μή

533 2118 717 2164 πεφυκέναι
742 2114 875 2160 διιέναι,
895 2117 1004 2162 ὥσπερ
1030 2120 1051 2156 η’
1074 2119 1165 2162 φωνη
1185 2117 1344 2161 ἀόρατος·
1368 2118 1475 2156 ἄλλως
1493 2114 1530 2149 δὲ

534 2164 576 2195 τὸ
600 2158 751 2204 διέξοδον
778 2163 793 2195 ’έ
821 2175 855 2195 ον
883 2162 1134 2203 ἀτελεύτητον,
1162 2161 1183 2199 ἦ
1210 2162 1225 2193 ὃ
1250 2162 1357 2207 μόλις,
1384 2162 1405 2200 ἦ
1432 2163 1448 2195 ὃ
1473 2174 1530 2194 πε-

533 2207 631 2251 φυκὸς
659 2207 745 2252 ἔχειν
771 2220 817 2252 μη
844 2207 913 2263 ἔχιει
938 2203 1088 2248 διέξοδον
1107 2206 1128 2244 ἦ
1146 2206 1189 2240 πέ
1211 2219 1262 2245 ας.
1289 2207 1366 2240 Ἔτι
1393 2207 1528 2251 ἄπειρον

535 2251 628 2284 ἅπαν
654 2251 674 2289 ἦ
698 2251 796 2284 κατοὶ
819 2250 994 2295 προσθεσιν
1020 2251 1042 2288 ἦ
1066 2252 1164 2284 κατά
1187 2218 1347 2296 διαίρεσιν
1376 2250 1398 2288 ’ἢ
1424 2252 1529 2296 ἀμφο-

566 2295 573 2306 1

534 2309 651 2339 τερως.

466 2378 638 2421 Χωριστόν
664 2378 723 2419 μέν
749 2376 805 2409 οὖν
824 2375 910 2410 εἶναι
934 2377 975 2410 τὸ
995 2378 1130 2421 ἄπειρον
1153 2379 1218 2410 τῶν
1241 2377 1422 2418 αἰσθητῶν,
1442 2377 1530 2410 αὑτό

533 2434 566 2454 τι
593 2421 627 2454 ὃν
655 2422 803 2466 ἄπειρον,
824 2423 886 2467 οὐχ
904 2421 1026 2455 οἷόντε.
1055 2423 1092 2454 Εἰ
1109 2423 1173 2468 γάρ
1192 2422 1281 2467 μήτε
1300 2421 1439 2468 μέγεθός
1458 2423 1530 2455 ἑστι

531 2465 620 2511 μήτε
646 2465 788 2507 πλῆθος,
809 2467 883 2498 ἀλλ’
906 2466 1004 2498 οὐσία
1031 2467 1120 2499 αὐτό
1147 2468 1219 2499 ἐστι
1245 2467 1286 2499 τό
1314 2466 1449 2511 ἄπειρον
1471 2468 1530 2498 καὶ

531 2511 578 2554 μή
604 2510 827 2555 συμβεβηκός,
856 2506 1049 2554 ἀδιαίρετον
1077 2511 1189 2544 ἔσται·
1209 2512 1251 2544 τὸ
1276 2511 1340 2557 γάρ
1358 2507 1528 2554 διαιρετὸν

532 2554 552 2591 ἦ
579 2553 717 2601 μέγεθος
751 2554 850 2587 ἔσται
876 2554 896 2591 ἦ
923 2555 1063 2592 πλῆθος.
1102 2557 1139 2588 Εἰ
1164 2551 1201 2588 δέ
1228 2551 1443 2599 ἀδιαίρετον,
1472 2552 1529 2586 οὐκ

533 2599 681 2644 ἄπειρον,
701 2599 729 2630 εἰ
746 2598 793 2642 μή
819 2600 859 2637 ώς
878 2600 898 2636 ’ἡ
917 2599 1007 2643 φωνή
1033 2597 1193 2644 ἀόρατος.
1227 2597 1318 2630 Ἀλλ’
1340 2597 1405 2642 οὐχ
1422 2598 1528 2636 οὕτως

533 2643 611 2676 οὔτε
630 2644 728 2687 φασὶν
747 2640 832 2674 εἶναι
851 2645 880 2675 οἱ
901 2643 1088 2686 φάσκοντες
1112 2641 1198 2676 εἶναι
1215 2643 1257 2675 τὸ
1277 2643 1428 2685 ἀπἐιρον,
1449 2642 1528 2674 οὔτε

532 2689 625 2732 ἡμεῖς
651 2687 833 2731 ζητοῦμεν,
854 2685 927 2720 ἀλλ’
947 2689 990 2725 ὠς
1011 2682 1198 2728 ἀδιέξοδον.
1226 2687 1262 2717 Εἰ
1284 2681 1321 2718 δὲ
1337 2686 1433 2718 κατά
1449 2698 1529 2729 συμ-

531 2731 672 2772 βεβηκός
699 2729 772 2763 ἐστι
798 2731 840 2763 τὸ
867 2731 1018 2775 ἄπειρον,
1039 2729 1097 2762 οὐκ
1125 2731 1163 2763 ἂν
1189 2731 1238 2767 εἴη
1265 2734 1433 2775 στοιχεῖον
1460 2732 1526 2762 τῶν

532 2776 651 2816 ὄντων,
672 2775 691 2818 ᾖ
713 2775 862 2817 ἄπειρον,
881 2774 992 2819 ὥσπερ
1020 2769 1098 2806 οὐδὲ
1124 2775 1165 2807 τὸ
1193 2771 1341 2819 ἀόρατον
1367 2775 1428 2812 τῆς
1455 2770 1530 2806 δια-

528 2819 667 2860 λέκτου,
694 2821 809 2851 καίτοι
835 2820 855 2855 ἡ
881 2818 973 2862 φωνή
1000 2816 1090 2850 ἐστιν
1119 2817 1281 2862 ἀόρατος.

463 2909 524 2940 Ετι
550 2908 617 2944 πῶς
645 2901 823 2951 ἐνδέχεται
849 2903 933 2938 εἶναί
951 2918 985 2939 τι
1003 2904 1091 2938 αὐτὸ
1116 2906 1194 2939 ἄπει
1218 2918 1264 2947 ον,
1283 2907 1374 2951 εἴπερ
1393 2906 1439 2948 μή
1456 2907 1515 2938 καὶ

541 2949 562 2984 ἀ
583 2950 677 2994 ιθμόν
700 2952 759 2982 καὶ
789 2949 948 2996 μέγεθος,
974 2950 1016 2982 ὦν
1043 2948 1114 2982 ἐστὶ
1140 2963 1184 2983 κα
1209 2949 1216 2959 ’
1246 2951 1333 2984 αὐτὸ
1362 2949 1468 2988 πάθος
1493 2962 1528 2983 τι

530 3008 572 3028 το
598 2995 755 3036 ἄπειρον;
783 2996 835 3027 ἔτι
859 2995 922 3040 γάρ
956 2994 1063 3032 ἦττον
1099 2992 1228 3041 ἀνάγκη
1256 2994 1277 3031 ἦ
1304 2994 1363 3027 τὸν
1390 2994 1527 3039 ἀριθμὸν

531 3039 552 3076 ἦ
577 3039 618 3071 τὸ
644 3037 794 3085 μέγεθος.

463 3083 609 3128 Φανερὸν
634 3079 672 3115 δέ
695 3085 752 3115 καὶ
780 3083 833 3115 ὅτι
859 3081 918 3115 οὐκ
943 3077 1121 3126 ἐνδέχεται
1147 3080 1233 3115 εἶναι
1254 3082 1295 3115 τὸ
1316 3082 1464 3125 ἄπειρον,
1484 3083 1525 3120 ὠς

532 3126 680 3173 ἐνεργείᾳ
714 3126 747 3158 ὃν
778 3129 836 3159 καὶ
864 3129 904 3165 ὠς
938 3124 1052 3158 οὐσίαν
1085 3129 1143 3159 καὶ
1177 3125 1296 3173 ἀρχήν·
1331 3126 1430 3159 ἔσται
1462 3127 1526 3173 γάρ

533 3173 645 3205 ὁτιοῦν
673 3169 781 3204 αὑτοῦ
809 3171 944 3215 ἄπειρον
962 3171 1003 3203 τὸ
1020 3171 1291 3226 λαμβανόμενον,
1310 3171 1338 3202 εἰ
1355 3170 1524 3216 μεριστόν.

531 3216 576 3248 Τὸ
601 3217 664 3262 γάρ
697 3214 819 3259 ἀπείρῳ
853 3213 938 3248 εἶναι
969 3217 1026 3247 καὶ
1060 3227 1196 3260 απειρον
1222 3215 1263 3248 τὸ
1290 3213 1398 3256 αὐτό,
1434 3217 1524 3258 εἴπερ

531 3259 630 3293 οὐσία
655 3260 696 3292 τό
723 3259 859 3303 ἄπειρον
883 3262 940 3292 καὶ
965 3260 1013 3303 μή
1038 3258 1114 3291 καθ’
1142 3259 1374 3302 ὑποκειμένου·
1401 3257 1482 3291 ὥστ’
1504 3258 1525 3295 ἦ

534 3300 727 3348 ἀδιαίρετον
754 3303 775 3341 ἦ
801 3305 845 3341 εἰς
872 3303 994 3348 ἄπειρα
1012 3298 1196 3348 διαιρετόν·
1215 3303 1328 3335 πολλοὶ
1351 3298 1378 3334 δ’
1402 3303 1525 3347 ἄπειρα

523 3349 571 3380 ’τό
591 3347 677 3381 αὐτὸ
694 3345 780 3380 εἶναι
806 3343 990 3381 ἀδύνατον.
1014 3346 1121 3380 Ἀλλά
1137 3348 1203 3392 μην
1221 3346 1329 3392 ὥσπερ
1349 3345 1443 3391 ἀέρος
1462 3345 1525 3391 ἀήρ

531 3392 640 3436 μέρος,
669 3391 757 3425 οὕτω
781 3395 838 3424 καὶ
867 3392 1000 3437 ἄπειρον
1029 3390 1183 3435 ἀπείρου,
1211 3393 1239 3423 εἴ
1262 3403 1300 3437 γε
1328 3391 1425 3423 οὐσία
1451 3391 1524 3423 ἐστὶ

532 3438 589 3467 καὶ
609 3435 709 3480 ἀρχῆ.
732 3435 930 3480 Ἀμέριστον
952 3435 1015 3481 α”ρα
1033 3438 1091 3468 καὶ
1107 3431 1313 3478 ἀδιαίρετον.
1335 3435 1426 3466 Ἀλλ’
1446 3430 1525 3467 ἀδό-

533 3490 635 3511 νατον
662 3480 702 3511 τὸ
729 3478 924 3526 ἐντελεχείᾳ
943 3480 976 3513 ὃν
997 3481 1147 3525 ἄπειρον·
1175 3479 1279 3512 ποσόν
1304 3478 1369 3525 γάρ
1387 3491 1422 3511 τι
1439 3475 1523 3511 εἶναι

536 3523 734 3568 ἀναγκαῖον.
761 3525 864 3556 Κατά
887 3525 1094 3568 συμβεβηκὸς
1123 3525 1187 3567 α”ρα
1206 3522 1278 3556 ὐποί
1298 3535 1351 3567 χει
1368 3523 1409 3556 τὸ
1432 3523 1524 3556 ἀπει-

533 3577 598 3608 ρον.
630 3564 720 3597 Ἀλλ’
742 3567 769 3598 εἱ
787 3567 906 3608 οὕτως,
925 3570 1055 3612 εἴρηται
1082 3568 1135 3601 ὅτι
1153 3569 1213 3601 οὐκ
1234 3568 1266 3600 έν
1293 3567 1412 3612 έχεται
1435 3564 1523 3600 αὑτό

532 3609 641 3655 λέγειν
670 3607 795 3654 ἀρχήν,
825 3611 896 3643 ἀλλ’
927 3612 1030 3644 ἐκεῖνο
1057 3612 1079 3653 ᾦ
1105 3612 1312 3657 συμβέβηκε,
1340 3612 1398 3644 τὸν
1427 3609 1522 3654 ἀέρα,

1585 885 1602 904 *
1621 885 1698 916 Esse
1714 893 1821 916 autem
1835 885 2006 925 infinitum,
2021 885 2098 918 fides
2114 897 2151 918 ex
2166 887 2309 929 quinque
2333 888 2493 930 continget
2514 889 2650 921 maxime

1652 929 1896 961 intendentibus.
1921 931 1969 961 Ex
1991 937 2144 972 tempore:
2169 931 2231 962 hoc
2255 932 2340 962 enim
2363 931 2532 965 infinitum.
2549 933 2590 965 Et
2613 944 2650 965 ex

1653 983 1689 1004 ea
1721 983 1802 1014 quae
1835 981 1881 1005 est
1909 974 2167 1014 magnitudinum
2200 975 2365 1007 divisione:
2396 983 2531 1008 utuntur
2563 977 2649 1009 enim

1651 1017 1864 1049 mathematici
1894 1017 2028 1049 infinito.
2052 1019 2201 1059 Amplius
2229 1019 2273 1050 sic
2299 1020 2409 1061 utique
2442 1021 2550 1052 solum
2581 1032 2648 1053 non

1652 1068 1698 1092 est
1713 1061 1844 1093 deficere
1866 1061 1933 1094 fieri
1957 1068 1987 1093 et
2010 1063 2182 1103 corrumpi,
2207 1062 2232 1093 si
2254 1062 2416 1095 infinitum
2435 1064 2483 1096 sit.
2500 1066 2649 1106 Amplius

1650 1105 1843 1136 includendo
1866 1105 1992 1137 finitum
2023 1116 2147 1147 semper
2170 1107 2210 1137 ad
2233 1107 2368 1148 aliquid:
2400 1118 2497 1148 quare
2523 1119 2649 1141 necesse

1652 1156 1699 1180 est
1721 1149 1750 1180 ei
1773 1149 1900 1180 nullum
1924 1159 1990 1180 esse
2013 1150 2196 1188 terminum,
2216 1150 2242 1180 si
2266 1160 2390 1191 semper
2411 1151 2572 1183 includere
2595 1163 2649 1184 ne-

1652 1203 1736 1224 cesse
1752 1200 1798 1224 est
1813 1193 1947 1224 alterum
1970 1194 2010 1223 ad
2024 1194 2167 1224 alterum.
2187 1194 2204 1213 *
2221 1193 2358 1225 Maxime
2377 1201 2484 1226 autem
2500 1203 2531 1227 et
2549 1197 2648 1238 magis

1651 1237 1789 1278 proprie,
1807 1237 1895 1278 quod
1915 1247 2120 1268 communem
2137 1237 2209 1268 facit
2232 1237 2462 1270 dubitationem
2481 1234 2649 1272 omnibus:

1651 1287 1780 1321 propter
1802 1281 1835 1311 id
1857 1281 1942 1311 enirn
1965 1281 2054 1321 quod
2077 1281 2110 1311 in
2126 1281 2285 1313 intellectu
2309 1292 2375 1314 non
2393 1290 2440 1314 est
2463 1283 2604 1324 deficere,
2619 1291 2652 1317 et

1652 1334 1803 1355 numerus
1822 1324 1964 1355 infinitus
1986 1324 2110 1355 videtur
2133 1335 2210 1363 esse,
2227 1332 2258 1357 et
2272 1327 2511 1359 mathematicae
2627 1329 2634 1336 “

1651 1368 1794 1406 tudines‚
1819 1375 1849 1399 et
1882 1369 1971 1409 quod
2002 1375 2048 1399 est
2080 1375 2163 1400 extra
2187 1369 2320 1401 caelum.
2353 1370 2515 1403 Infinitum
2542 1379 2651 1404 autem

1653 1422 1727 1443 cum
1754 1411 1793 1443 sit
1825 1419 1928 1451 extra,
1953 1419 1984 1444 et
2017 1422 2132 1453 corpus
2159 1412 2320 1445 infinitum
2351 1415 2474 1447 videtur
2503 1426 2588 1456 esse,
2620 1424 2652 1450 et

1651 1456 1783 1487 mundi:
1808 1456 1886 1497 quid
1902 1455 1988 1487 enim
2002 1457 2102 1497 magis
2118 1467 2255 1488 vacuum
2278 1458 2328 1489 hic
2349 1469 2447 1500 quam
2466 1458 2531 1491 ibi?
2553 1461 2650 1502 quare

1652 1500 1678 1530 si
1701 1499 1831 1541 quidem
1854 1500 1887 1530 in
1911 1510 1978 1531 uno
1994 1501 2078 1540 loco,
2102 1507 2133 1532 et
2155 1501 2275 1543 ubique
2291 1512 2416 1534 necesse
2440 1510 2568 1535 estesse
2582 1514 2650 1536 ma-

1651 1544 1859 1584 gnitudinem.
1885 1544 2034 1576 Similiter
2056 1551 2163 1576 autem
2186 1553 2216 1577 et
2233 1545 2258 1576 si
2273 1557 2412 1578 vacuum
2434 1554 2498 1588 est,
2514 1555 2545 1580 et
2559 1548 2650 1579 locus

1651 1587 1809 1627 infinitus,
1834 1595 1864 1619 et
1888 1598 2002 1629 corpus
2025 1588 2187 1621 infinitum
2210 1600 2335 1622 necesse
2351 1598 2398 1623 est
2418 1600 2503 1624 esse:
2529 1593 2651 1624 contin-

1652 1642 1724 1673 gere
1748 1632 1833 1663 enim
1856 1633 1894 1663 ab
1919 1643 1985 1664 esse
2009 1633 2087 1664 nihil
2110 1633 2210 1666 differt
2232 1635 2265 1665 in
2288 1636 2459 1676 perpetuis.

1585 1720 1603 1740 *
1617 1720 1721 1751 Habet
1751 1726 1858 1751 autem
1882 1721 2112 1752 dubitationem
2143 1722 2182 1753 de
2212 1721 2335 1754 infinito
2360 1723 2578 1756 consideratio.
2610 1724 2651 1756 Et

1652 1774 1790 1805 namque
1813 1774 1880 1795 non
1904 1774 1970 1795 esse
1993 1766 2184 1806 ponentibus
2209 1767 2310 1797 multa
2333 1766 2541 1808 impossibilia
2572 1768 2651 1800 acci-

1653 1809 1743 1846 dunt,
1768 1814 1799 1839 et
1821 1818 1898 1840 esse.
1917 1809 2064 1849 Amplius
2082 1817 2188 1841 autem
2211 1811 2345 1852 qualiter
2366 1818 2422 1850 est,
2446 1818 2555 1843 utrum
2570 1812 2652 1844 sicut

1653 1851 1844 1891 substantia,
1876 1860 1931 1884 aut
1961 1853 2043 1884 sicut
2066 1854 2207 1885 accidens
2235 1865 2291 1895 per
2319 1865 2352 1886 se
2382 1855 2475 1886 alicui
2503 1863 2650 1896 naturae,

1653 1903 1708 1928 aut
1730 1896 1928 1936 neutraliter,
1952 1897 2007 1928 sed
2030 1897 2237 1929 nihilominus
2261 1905 2307 1930 est
2330 1898 2501 1939 infinitum,
2525 1907 2580 1932 aut
2601 1900 2650 1932 in-

1652 1940 1740 1972 finita
1763 1941 1975 1972 multitudine.
1995 1941 2013 1960 *
2027 1941 2164 1972 Maxime
2182 1949 2290 1974 autem
2305 1943 2428 1984 physici
2443 1950 2490 1975 est
2509 1944 2651 1976 conside-

1652 1995 1719 2015 rare
1743 1984 1769 2015 si
1792 1991 1839 2016 est
1861 1985 2048 2026 magnitudo
2072 1986 2226 2017 sensibilis
2249 1985 2381 2018 infinita.

1585 2028 1729 2059 Primum
1753 2039 1828 2069 ergo
1856 2029 2130 2060 determinandum
2154 2037 2200 2062 est
2222 2037 2304 2073 quot
2325 2031 2430 2061 modis
2458 2031 2571 2063 dicitur
2602 2031 2649 2063 in-

1651 2072 1787 2104 finitum.
1813 2073 1886 2104 Uno
1915 2073 2046 2114 quidem
2069 2074 2163 2114 igitur
2186 2075 2303 2113 modo,
2335 2075 2424 2116 quod
2454 2074 2650 2116 impossibile

1653 2124 1699 2148 est
1722 2117 1843 2148 transiri
1867 2127 1903 2148 ex
1927 2127 1964 2148 eo
1989 2119 2077 2158 quod
2101 2128 2167 2148 non
2191 2125 2237 2150 est
2259 2125 2371 2159 aptum
2387 2119 2520 2158 transiri,
2545 2126 2580 2151 ut
2603 2126 2650 2151 est

1652 2171 1713 2191 vox
1735 2161 1916 2200 invisibilis;
1940 2161 2027 2192 aliter
2055 2169 2181 2201 autem,
2205 2163 2371 2193 transitum
2402 2162 2519 2194 habens
2542 2163 2652 2194 incon·

1651 2205 1850 2244 sumabilem,
1874 2212 1929 2236 aut
1946 2205 2035 2246 quod
2057 2205 2125 2244 vix;
2149 2213 2204 2237 aut
2226 2207 2314 2248 quod
2337 2213 2448 2247 aptum
2471 2214 2583 2238 natum
2607 2214 2654 2240 est

1652 2249 1776 2288 habere,
1794 2259 1859 2280 non
1878 2256 1984 2280 tamen
1999 2250 2093 2281 habet
2111 2250 2278 2282 transitum
2296 2257 2351 2282 aut
2366 2250 2474 2282 finem.
2491 2250 2651 2292 Amplius,

1652 2292 1812 2324 infinitum
1845 2303 1942 2324 omne
1964 2300 2019 2325 aut
2041 2301 2087 2325 est
2110 2295 2287 2325 secundum
2317 2294 2570 2336 appositionem,
2597 2301 2652 2328 aut

1653 2338 1830 2368 secundum
1853 2337 2050 2378 divisionem,
2075 2345 2129 2369 aut
2151 2345 2288 2380 utroque
2311 2340 2421 2370 modo.

1586 2381 1604 2401 *
1618 2381 1795 2422 Separabile
1827 2381 1958 2422 quidem
1986 2382 2080 2422 igitur
2112 2392 2179 2413 esse
2208 2382 2367 2413 infinitum
2391 2393 2409 2413 a
2432 2383 2650 2423 sensibilibus,

1652 2425 1759 2466 ipsum
1789 2425 1907 2466 aliquid
1937 2425 2069 2456 existens
2099 2425 2274 2465 infinitum,
2306 2426 2502 2467 impossibile
2532 2434 2588 2458 est.
2617 2428 2650 2460 Si

1652 2479 1791 2510 namque
1813 2479 1917 2510 neque
1939 2469 2126 2509 magnitudo
2156 2480 2259 2511 neque
2290 2470 2461 2501 multitudo
2485 2477 2551 2510 est,
2575 2471 2648 2502 sub-

1653 2514 1765 2544 stantia
1788 2520 1894 2544 autem
1916 2513 2023 2553 ipsum
2051 2512 2211 2544 infinitum
2234 2521 2264 2545 et
2287 2523 2353 2545 non
2385 2514 2544 2554 accidens,
2567 2514 2648 2545 indi-

1651 2557 1772 2587 visibile
1795 2557 1870 2588 erit:
1896 2557 2047 2588 divisibile
2071 2557 2156 2588 enim
2179 2564 2234 2588 aut
2256 2558 2442 2598 magnitudo
2465 2565 2519 2589 aut
2541 2559 2648 2590 multi-

1651 2601 1730 2632 tudo
1755 2601 1821 2632 erit.
1846 2600 1878 2632 Si
1901 2607 2008 2631 autem
2030 2601 2217 2632 indivisibile
2241 2608 2302 2641 est,
2330 2612 2396 2632 non
2418 2601 2579 2633 infinitum
2602 2609 2648 2634 est

1651 2645 1710 2675 nisi
1743 2645 1823 2675 sicut
1844 2655 1908 2675 vox
1938 2644 2111 2676 invisibilis.
2136 2645 2198 2676 Sed
2221 2655 2325 2687 neque
2358 2646 2401 2677 sic
2424 2646 2532 2677 dicunt
2564 2646 2646 2678 affir-

1650 2695 1771 2720 mantes
1795 2699 1862 2719 esse
1880 2688 2051 2727 infinitum,
2075 2699 2178 2730 neque
2195 2699 2254 2720 nos
2278 2690 2471 2731 quaerimus,
2488 2690 2543 2721 sed
2565 2691 2646 2722 sicut

1650 2732 1851 2764 intransibile.
1868 2732 1886 2752 *
1899 2733 1932 2763 Si
1948 2739 2055 2764 autem
2070 2733 2246 2764 secundum
2262 2734 2404 2765 accidens
2420 2741 2466 2765 est
2475 2733 2647 2774 infinitum,

1650 2787 1716 2807 non
1740 2777 1797 2808 erit
1819 2777 1928 2817 utique
1945 2777 2137 2808 elementum
2151 2787 2263 2808 eorum
2277 2788 2358 2818 quae
2382 2785 2456 2809 sunt
2471 2778 2647 2810 secundum

1650 2822 1738 2861 quod
1762 2828 1807 2852 est
1830 2820 2006 2859 infinitum,
2038 2821 2119 2852 sicut
2149 2831 2252 2863 neque
2275 2821 2430 2853 invisibile
2461 2822 2647 2862 locutionis,

1649 2865 1794 2906 quamvis
1817 2875 1879 2895 vox
1902 2865 1941 2896 sit
1963 2865 2135 2896 invisibilis.

1583 2909 1742 2950 Amplius,
1758 2910 1925 2950 quomodo
1950 2909 2103 2949 contingit
2126 2909 2245 2951 aliquid
2269 2919 2335 2940 esse
2351 2910 2458 2950 ipsum
2474 2909 2646 2949 infinitum,

1650 2953 1675 2984 si
1698 2953 1828 2994 quidem
1851 2963 1917 2984 non
1934 2960 1964 2984 et
1986 2963 2157 2984 numerum
2180 2960 2211 2984 et
2225 2953 2486 2994 magnitudinem,
2505 2963 2646 2995 quorum

1649 3003 1696 3028 est
1710 3007 1766 3038 per
1788 3007 1821 3028 se
1835 2997 1939 3038 passio
1963 2998 2119 3038 quaedam
2142 2995 2320 3029 infinitum?
2341 2997 2456 3028 Adhuc
2479 2997 2565 3028 enim
2588 2997 2646 3028 mi-

1649 3051 1708 3072 nus
1733 3051 1799 3072 esse
1814 3051 1938 3072 necesse
1958 3048 2004 3072 est
2026 3051 2124 3082 quam
2147 3051 2317 3072 numerum
2332 3047 2363 3072 et
2385 3041 2646 3082 magnitudinem.

1581 3084 1599 3104 *
1613 3085 1817 3116 Manifestum
1840 3092 1946 3116 autem
1964 3092 2009 3116 est
2032 3085 2120 3126 quod
2141 3095 2206 3115 non
2226 3085 2378 3125 contingit
2396 3084 2556 3116 infinitum
2579 3095 2646 3117 esse

1649 3129 1728 3160 sicut
1751 3136 1822 3160 actu
1846 3139 1901 3159 ens
1925 3136 1955 3160 et
1970 3129 2050 3160 sicut
2073 3129 2279 3160 substantiam
2302 3136 2333 3160 et
2357 3129 2558 3170 principium.
2578 3130 2646 3162 Erit

1648 3173 1733 3203 enim
1756 3172 1919 3213 quodlibet
1941 3173 2041 3214 ipsius
2064 3180 2229 3213 acceptum
2251 3172 2428 3212 infinitum,
2453 3173 2478 3204 si
2502 3173 2644 3214 partibile

1649 3223 1709 3247 est:
1733 3216 1858 3247 infinito
1875 3217 1959 3248 enim
1975 3227 2042 3247 esse
2056 3224 2086 3248 et
2104 3216 2263 3247 infinitum
2286 3217 2371 3248 idem
2385 3224 2442 3256 est,
2459 3217 2485 3248 si
2501 3218 2643 3249 substan-

1645 3261 1688 3291 tia
1710 3260 1870 3292 infinitum
1901 3268 1947 3292 est
1981 3268 2011 3291 et
2034 3271 2099 3292 non
2125 3261 2163 3291 de
2195 3261 2355 3292 subiecto:
2379 3271 2476 3303 quare
2508 3268 2563 3293 aut
2594 3262 2643 3292 in-

1646 3304 1798 3335 divisibile
1831 3311 1891 3343 est,
1925 3312 1979 3336 aut
2006 3305 2039 3335 in
2062 3304 2184 3336 infinita
2212 3305 2383 3336 divisibile:
2409 3306 2509 3337 multa
2536 3313 2643 3337 autem

1645 3347 1767 3380 infinita
1790 3358 1856 3379 esse
1879 3349 1964 3380 idem
1988 3349 2180 3390 impossibile
2205 3356 2261 3380 est.
2277 3351 2319 3380 At
2341 3359 2436 3388 vero,
2461 3349 2541 3380 sicut
2563 3349 2642 3380 aeris

1646 3402 1697 3423 aer
1720 3402 1790 3433 pars
1814 3399 1874 3432 est,
1899 3393 1942 3424 sic
1966 3400 1996 3424 et
2019 3392 2131 3424 infiniti
2163 3393 2341 3432 infinitum,
2366 3393 2391 3424 si
2414 3393 2544 3435 quidem
2567 3394 2641 3424 sub-

1646 3437 1758 3467 stantia
1788 3443 1833 3468 est
1857 3444 1888 3468 et
1911 3437 2116 3478 principium:
2141 3437 2329 3478 impartibile
2358 3437 2453 3478 igitur
2475 3444 2506 3468 et
2528 3437 2639 3467 indivi-

1646 3480 1733 3511 sibile
1752 3488 1808 3512 est.
1825 3481 1887 3512 Sed
1902 3481 2096 3522 impossibile
2118 3488 2164 3512 est
2180 3491 2246 3512 esse
2262 3488 2332 3512 actu
2349 3481 2524 3512 infinitum:
2541 3490 2639 3521 quan·

1646 3531 1714 3555 turn
1738 3524 1823 3556 enim
1846 3525 1923 3566 quid
1946 3535 2071 3556 necesse
2094 3532 2140 3556 est
2163 3535 2239 3556 esse.
2258 3525 2275 3544 *
2293 3525 2476 3556 Secundum
2499 3524 2639 3555 accidens

1645 3578 1719 3609 ergo
1737 3576 1782 3599 est
1800 3568 1968 3600 infinitum.
1994 3569 2055 3600 Sed
2078 3568 2104 3598 si
2128 3568 2171 3599 sic
2190 3575 2246 3607 est,
2263 3568 2383 3600 dictum
2399 3574 2445 3599 est
2466 3567 2555 3608 quod
2573 3577 2638 3598 non

1645 3612 1797 3653 contingit
1823 3613 1929 3653 ipsum
1949 3612 2048 3643 dicere
2063 3612 2265 3653 principium,
2282 3612 2336 3643 sed
2356 3611 2434 3642 illud
2451 3611 2500 3642 cui
2517 3611 2637 3651 accidit,

2676 899 2819 955 4332051’·
2829 906 2861 923 ¹'·

2675 1203 2686 1214 ⁸
2699 1202 2767 1226 Tm.
2780 1209 2816 1232 3³·

2676 1733 2688 1744 ⁸
2701 1731 2769 1755 Text.
2782 1737 2818 1761 33.

2676 1952 2688 1963 ⁸
2702 1951 2770 1974 Text.
2785 1956 2824 1980 3⁴·

2676 2391 2688 2403 '⁵
2696 2390 2753 2420 Cap.
2759 2390 2851 2415 v.Text.
2856 2396 2898 2420 35-

2672 2743 2684 2755 ⁸¹
2697 2741 2765 2766 Text.
2780 2743 2815 2772 36.

2670 3092 2682 3103 ⁴
2696 3091 2766 3114 Text.
2779 3097 2822 3121 37..

2667 3535 2677 3545 ·
2691 3534 2759 3556 Text.
2774 3535 2811 3563 38.
