2898 3996
213 420 222 427 '
238 416 274 438 Cf.
289 422 352 438 num.
364 422 379 437 1.

214 578 223 586 ⁶
238 574 307 595 Num.
322 579 341 601 5.

213 681 221 687 ·
234 679 347 699 rationem
356 678 422 699 rrab.

212 732 220 740 ⁶
237 731 306 752 Num.
320 737 368 758 seq.

211 934 220 941 ·
237 937 291 952 vero
302 931 354 952 add.
369 937 419 957 nor,

211 960 285 978 autem
296 957 348 978 add.
363 963 420 978 cmm

212 990 275 1004 ooooo

210 1626 218 1633 ⁶
234 1624 294 1645 Lect.
306 1629 343 1649 vu,
355 1629 377 1643 n.
387 1628 417 1643 ιο.

210 1732 218 1738 “
226 1729 353 1749 obsectione

211 2681 219 2687 '
235 2678 296 2699 [σοι.
312 2685 336 2699 ιιι

211 2733 218 2739 ·
234 2730 302 2752 Num.
314 2737 334 2758 7.

354 1735 374 1749 m
381 1734 417 1750 CN.

345 2685 418 2706 ,n.5.

453 278 527 323 348

450 354 689 404 prosequitur
708 362 890 402 quantum
919 353 968 389 ad
996 352 1106 388 aliam
1131 359 1277 399 partem
1306 350 1505 387 dubitatio-

451 408 520 454 nis,
541 407 678 444 scilicet
698 407 743 443 de
767 414 874 442 motu
894 404 1062 441 circulari
1087 411 1121 440 et
1141 410 1242 440 recto
1259 403 1291 439 *.
1313 404 1361 439 Et
1378 403 1504 451 primo

452 460 578 496 obiicit
605 460 653 496 ad
682 460 755 495 hoc
792 458 894 507 quod
923 464 1048 493 motus
1086 455 1272 492 circularis
1301 455 1346 491 sit
1383 467 1504 503 aeque

450 514 561 549 velox
581 512 699 548 motui
728 519 846 557 recto;
868 509 1033 546 secundo
1055 508 1181 544 obiicit
1199 508 1237 544 in
1262 507 1502 553 contrarium,

450 565 517 601 ibi:
545 565 598 600 At
621 576 710 601 vero
729 565 762 600 si
777 568 864 600 sunt
884 561 1152 609 comparabilia
1167 562 1186 581 '¹‘
1202 567 1270 596 etc.
1303 559 1412 596 Circa
1430 559 1504 607 pri-

450 629 558 654 mum
587 616 662 653 duo
682 616 782 652 facit:
802 615 926 664 primo
956 613 1082 650 obiicit
1102 613 1149 650 ad
1168 611 1425 661 propositum;
1447 624 1503 648 se-

451 669 574 705 cundo
605 668 766 705 excludit
798 667 1015 704 cavillosam
1048 665 1336 714 responsionem
1365 665 1403 711 *‚
1434 664 1502 700 ibi:

448 721 620 769 Amplius
648 721 740 757 nihil
765 720 890 769 differt
910 720 930 740 ²*
958 725 1025 754 etc.
1057 717 1196 754 Obiicit
1224 725 1350 754 autem
1378 716 1502 765 primo

449 774 511 810 sic.
541 774 669 810 Motus
703 772 887 809 circularis
925 779 960 808 et
996 778 1118 807 rectus
1151 778 1238 806 sunt
1271 769 1503 806 differentiae

449 834 574 862 motus
594 826 732 872 localis,
753 825 846 861 sicut
870 831 905 860 et
930 831 1056 860 motus
1075 835 1225 860 sursum
1251 830 1286 858 et
1309 822 1501 859 deorsum.

450 879 525 915 Sed
553 878 674 915 statim
704 889 856 914 necesse
877 884 931 912 est
959 875 1062 924 quod
1083 875 1222 923 aliquid
1250 874 1419 911 velocius
1439 882 1503 911 aut

447 931 586 968 tardius
601 938 810 976 moveatur,
823 929 852 966 si
867 941 987 966 unum
1003 935 1180 964 movetur
1194 939 1356 974 sursum,
1370 927 1470 964 aliud
1484 928 1504 948 '¹‘

449 984 641 1029 deorsum3
666 984 725 1019 vel
751 982 861 1018 etiam
886 982 915 1018 si
945 981 1046 1017 idem
1071 980 1302 1029 quandoque
1327 987 1504 1017 movetur

448 1048 606 1082 sursum,
629 1035 856 1084 quandoque
886 1034 1077 1071 deorsum.
1098 1033 1256 1070 Videtur
1281 1045 1369 1080 ergo
1399 1033 1503 1082 quod

448 1089 614 1125 similiter
646 1094 817 1136 oporteat
848 1086 971 1123 dicere
1004 1086 1109 1134 quod
1142 1093 1268 1122 motus
1301 1093 1423 1122 rectus
1458 1086 1503 1123 sit

446 1141 612 1177 velocior
639 1147 703 1176 aut
720 1140 859 1176 tardior
883 1139 1069 1184 circulari;
1090 1138 1170 1175 sive
1198 1138 1301 1175 idern
1324 1139 1371 1175 sit
1399 1138 1502 1187 quod

447 1201 623 1230 movetur
642 1192 865 1229 circulariter
893 1199 928 1228 et
947 1199 1058 1239 recte,
1078 1191 1159 1228 sive
1179 1191 1279 1228 aliud
1299 1199 1335 1228 et
1354 1191 1464 1229 aliud.
1477 1213 1501 1219 -

446 1247 514 1282 Est
549 1253 676 1282 autem
706 1244 1021 1282 considerandum
1059 1244 1164 1293 quod
1191 1244 1229 1281 in
1257 1245 1329 1281 hac
1357 1245 1501 1282 ratione

446 1311 523 1335 non
541 1298 627 1335 facit
646 1298 880 1335 mentionem
901 1297 948 1334 de
963 1309 1084 1345 aeque
1099 1295 1260 1343 velociss,
1282 1297 1348 1334 sed
1368 1298 1416 1334 de
1435 1310 1500 1335 ve-

445 1352 574 1388 lociori
605 1358 639 1387 et
667 1350 829 1397 tardiori,
851 1350 939 1399 quia
966 1350 1060 1386 haec
1079 1350 1172 1386 ratio
1202 1350 1362 1386 sumitur
1390 1363 1435 1387 ex
1455 1350 1500 1388 si-

446 1404 653 1441 militudine
672 1411 797 1440 motus
812 1404 876 1452 qui
896 1410 950 1439 est
970 1415 1132 1449 sursum,
1149 1402 1255 1439 cuius
1273 1403 1500 1452 principium

447 1465 501 1493 est
528 1457 668 1503 levitas,
690 1464 726 1493 et
745 1465 870 1493 motus
889 1456 953 1504 qui
973 1463 1027 1492 est
1055 1456 1246 1502 deorsum,
1268 1456 1374 1493 cuius
1399 1457 1501 1506 prin-

447 1510 585 1559 cipium
615 1517 669 1546 est
696 1510 876 1557 gravitas;
907 1507 1063 1557 quidam
1101 1515 1229 1545 autem
1263 1509 1499 1546 existimave-

446 1571 530 1600 runt
557 1562 776 1610 gravitatem
797 1570 833 1598 et
859 1561 1049 1598 levitatem
1073 1561 1174 1598 idem
1205 1574 1285 1598 esse
1313 1563 1502 1600 velocitati

447 1623 481 1652 et
509 1615 666 1652 tarditati
696 1615 819 1663 (quod
846 1614 885 1651 in
914 1614 1044 1663 quinto
1066 1614 1085 1635 *
1106 1614 1303 1661 removit).

498 1680 534 1715 4.
555 1668 702 1705 Deinde
723 1680 810 1704 cum
831 1663 932 1704 dieit':
953 1667 1125 1715 Amplius
1153 1667 1244 1704 nihil
1270 1667 1397 1717 differt
1418 1676 1500 1716 etc.,

446 1721 604 1757 excludit
630 1721 822 1769 quandam
849 1720 1068 1757 cavillosam
1089 1720 1348 1757 obviationem
1361 1723 1391 1758 ἦ.
1409 1722 1500 1758 Pos-

446 1781 500 1810 set
516 1773 615 1810 enim
631 1773 763 1822 aliquis
778 1781 932 1822 propter
947 1773 1132 1810 rationem
1146 1773 1396 1822 praemissam
1413 1786 1501 1811 con-

446 1826 578 1863 cedere
612 1826 715 1875 quod
748 1834 874 1863 motus
904 1826 1092 1863 circularis
1117 1833 1214 1862 esset
1242 1834 1307 1863 aut
1333 1826 1503 1864 velocior

445 1887 508 1916 aut
526 1880 664 1917 tardior
692 1892 806 1928 quam
827 1887 961 1926 rectus,
982 1891 1060 1916 non
1081 1886 1208 1915 autem
1233 1891 1354 1928 aeque
1372 1881 1498 1917 velox.

445 1933 493 1968 Et
519 1934 593 1969 hoc
621 1932 792 1979 excludit,
823 1932 951 1969 dicens
981 1931 1084 1980 quod
1113 1932 1204 1968 nihil
1234 1932 1356 1968 differt
1383 1945 1500 1981 quan-

444 1993 523 2021 tum
544 1985 590 2022 ad
609 1993 847 2033 praesentem
863 1985 1059 2031 rationem,
1076 1984 1106 2021 si
1125 1985 1256 2033 aliquis
1281 1985 1379 2022 dicat
1398 1986 1501 2034 quod

444 2039 697 2075 necessarium
719 2045 773 2075 est
801 2038 904 2086 quod
933 2038 971 2075 id
998 2037 1103 2087 quod
1122 2044 1299 2075 movetur
1319 2038 1501 2076 circulari-

445 2099 509 2138 ter,
530 2091 935 2128 moveatur⁷velocius
951 2098 1015 2127 aut
1033 2090 1174 2127 tardius
1203 2103 1319 2139 quarn
1339 2091 1377 2128 id
1397 2092 1500 2139 quod

445 2152 620 2181 movetur
649 2152 764 2189 recte;
790 2143 878 2193 quia
898 2143 1110 2180 secundum
1129 2144 1202 2180 hoc
1229 2151 1355 2180 motus
1385 2144 1500 2181 circu-

444 2197 528 2233 laris
557 2198 624 2234 erit
660 2197 782 2233 maior
816 2197 878 2234 vel
911 2197 1037 2233 minor
1073 2196 1112 2232 in
1149 2196 1347 2233 velocitate
1383 2209 1499 2245 quam

445 2258 588 2296 rectus;
616 2249 912 2298 undefsequitur
944 2249 1049 2298 quod
1082 2249 1194 2285 etiam
1224 2261 1306 2286 esse
1333 2250 1452 2298 possit
1480 2251 1499 2271 '¹‘

445 2304 620 2351 aequalis.
651 2303 699 2339 Et
735 2303 840 2350 quod
876 2303 950 2339 hoc
979 2309 1157 2350 sequatur
1194 2302 1407 2339 manifestat
1434 2302 1498 2340 sic.

446 2356 499 2392 Sit
530 2358 563 2392 A
591 2364 742 2404 tempus
778 2355 817 2392 in
851 2368 926 2404 quo
965 2355 1106 2404 aliquid
1142 2355 1312 2391 velocius
1349 2363 1498 2393 motum

444 2416 673 2457 pertranseat
692 2409 816 2457 ipsum
845 2409 888 2455 B,
910 2408 973 2456 qui
990 2409 1009 2428 ²¹⁵
1027 2415 1080 2444 est
1110 2407 1284 2444 circulus:
1315 2408 1416 2445 aliud
1435 2421 1500 2445 au-

444 2469 520 2498 tem
540 2461 678 2498 tardius
707 2462 743 2498 in
764 2461 902 2498 eodem
931 2468 1103 2509 tempore
1123 2469 1355 2509 pertranseat
1373 2461 1500 2510 ipsum

446 2515 493 2561 C,
524 2515 661 2562 quod*
679 2522 732 2551 est
761 2522 860 2551 recta
888 2513 995 2550 linea.
1028 2514 1127 2560 Quia
1157 2527 1245 2561 ergo
1273 2514 1443 2551 velocius
1463 2514 1500 2551 in

446 2567 580 2604 eodem
607 2576 780 2615 tempore
808 2566 1007 2616 pertransit
1034 2566 1168 2614 maius,
1191 2574 1368 2615 sequetur
1397 2567 1501 2616 quod

445 2621 474 2656 B
505 2621 660 2657 circulus
681 2620 726 2656 sit
744 2619 883 2669 aliquid
912 2619 1034 2656 maius
1058 2632 1174 2669 quarn
1205 2620 1235 2656 C
1261 2620 1358 2656 linea
1379 2628 1499 2657 recta:

446 2672 497 2709 sic
530 2673 629 2710 enim
659 2686 771 2721 supra
800 2673 836 2709 in
865 2680 968 2709 sexto
995 2674 1014 2693 ²³²
1045 2672 1289 2710 definivimus
1317 2673 1499 2710 velocius.

448 2726 521 2763 Sed
538 2726 677 2762 ibidem
693 2727 711 2746 ³²
733 2726 843 2763 etiam
866 2725 1028 2762 diximus
1052 2725 1156 2774 quod
1175 2726 1346 2762 velocius
1374 2725 1412 2762 in
1431 2726 1498 2762 mi-

447 2779 527 2814 nori
555 2787 726 2827 tempore
755 2779 952 2827 pertransit
980 2779 1149 2827 aequale.
1179 2779 1280 2826 Ergo
1311 2778 1378 2815 erit
1406 2779 1501 2815 acci-

447 2843 535 2879 pere
555 2831 718 2879 aliquam
742 2840 887 2880 partem
907 2831 1018 2868 huius
1050 2831 1232 2880 temporis
1252 2831 1356 2880 quod
1381 2839 1436 2868 est
1454 2833 1500 2879 A,

448 2884 484 2919 in
504 2897 579 2932 qua
599 2897 734 2932 corpus
754 2885 858 2933 quod
883 2884 1107 2922 circulariter
1126 2892 1313 2932 movetur,
1333 2892 1501 2933 pertran-

448 2936 531 2972 sibit
558 2937 722 2984 aliquam
750 2945 896 2985 partem
929 2937 1040 2973 huius
1069 2937 1194 2974 circuli
1232 2938 1335 2986 quod
1366 2945 1420 2974 est
1448 2939 1500 2984 B,

450 2996 484 3024 et
503 2988 539 3025 in
560 2990 693 3025 eadem
714 2997 816 3037 parte
836 2990 1016 3039 temporis
1036 2990 1274 3039 pertransibit
1301 2990 1426 3039 ipsum
1448 2990 1500 3036 C;

450 3053 536 3077 cum
570 3049 698 3078 tamen
736 3054 871 3091 corpus
898 3043 1038 3080 tardius
1076 3044 1113 3080 in
1151 3051 1229 3080 toto
1258 3045 1292 3080 A
1328 3051 1502 3092 tempore

448 3094 685 3141 pertransiret
704 3102 824 3131 totum
842 3096 884 3131 C.
907 3096 1092 3144 Sequetur
1108 3109 1197 3143 ergo
1218 3096 1322 3145 quod
1337 3096 1396 3133 illa
1415 3108 1502 3145 pars

451 3146 574 3183 circuli
603 3147 647 3183 sit
684 3148 848 3195 aequalis
876 3148 941 3184 toti
972 3149 1023 3195 C,
1054 3148 1140 3197 quia
1169 3149 1271 3186 idem
1303 3149 1503 3198 pertransit

450 3200 603 3246 aequale
623 3200 660 3236 in
689 3200 834 3249 aequali
853 3208 1036 3249 tempore.
1058 3203 1107 3238 Et
1126 3202 1178 3238 sic
1197 3202 1295 3238 linea
1316 3202 1502 3239 circularis

451 3251 516 3288 erit
536 3253 700 3300 aequalis
730 3261 868 3299 rectae,
891 3261 926 3290 et
954 3261 1079 3291 motus
1105 3254 1290 3291 circularis
1318 3267 1387 3303 per
1415 3268 1502 3292 con-

451 3316 610 3352 sequens
639 3317 758 3354 aeque
785 3307 897 3343 velox
925 3314 1038 3343 rectO.

508 3358 539 3392 5.
560 3357 706 3394 Deinde
736 3370 822 3394 cum
851 3358 952 3396 dicit:
982 3360 1034 3395 At
1067 3370 1156 3396 vero
1183 3359 1217 3395 si
1241 3364 1328 3396 sunt
1354 3371 1503 3408 compa-

506 3457 530 3498 β).
550 3459 581 3482 dc
599 3467 678 3491 aeque
701 3461 789 3485 veloci.
804 3475 820 3479 -
839 3462 873 3486 lta
892 3462 965 3486 codd.
991 3468 1015 3486 et
1038 3463 1092 3491 alu
1116 3463 1134 3487 P
1155 3468 1240 3488 secuta
1259 3463 1348 3488 Vcnct.
1373 3463 1450 3495 1504:
1471 3464 1502 3488 de

453 3499 528 3524 κνανι
548 3496 572 3517 et
591 3494 653 3522 levi,
673 3503 722 3518 non
742 3496 820 3524 bene;
840 3504 898 3520 nam
918 3505 939 3521 s.
954 3497 1068 3522 Thomas
1089 3498 1194 3523 intendit
1212 3498 1335 3531 explicare
1355 3506 1434 3530 quare
1446 3499 1502 3523 Ari-

454 3528 566 3553 stotcles.
586 3536 643 3552 cum
662 3530 684 3552 in
701 3530 821 3561 superiori
842 3531 937 3555 ratione
956 3532 1055 3556 locutus
1076 3534 1107 3557 sit
1127 3534 1157 3557 de
1177 3536 1247 3557 motu
1266 3533 1381 3566 aequali,
1403 3534 1502 3558 maiore

454 3565 479 3585 ct
500 3563 598 3586 minore
618 3563 642 3586 in
665 3565 804 3592 velocitate,
825 3566 849 3589 in
868 3565 914 3590 hac
933 3566 1027 3591 ratione
1047 3568 1077 3591 dc
1098 3571 1168 3592 »notu
1188 3568 1292 3600 aequali
1310 3568 1423 3593 tacuerit.

507 3598 532 3628 γ)
549 3598 718 3622 necessarium
733 3602 797 3623 cst...
811 3603 980 3625 moveatur.—
996 3602 1029 3626 lta
1041 3602 1172 3627 PNORsH
1184 3608 1207 3627 ct
1218 3603 1247 3631 b,-
1260 3603 1359 3635 ESpBF
1374 3603 1432 3629 hnb.
1442 3603 1500 3634 lac-⁶,

1066 274 1409 310 PHYSICORUM
1436 273 1784 310 ARISTOTELIS
1814 274 1908 310 LIB.
1937 273 2005 310 VII

1561 349 1696 386 rabilia
1717 357 1797 397 etc.,
1819 349 1946 386 obiicit
1964 350 2002 386 in
2023 350 2264 387 contrarium.
2291 351 2392 398 Quia
2410 351 2441 388 si
2457 352 2477 373 ²⁴
2492 359 2621 389 motus

1562 402 1748 438 circularis
1769 409 1804 438 et
1821 410 1942 439 rectus
1962 409 2048 439 sunt
2067 403 2340 451 comparabiles
2359 404 2398 440 in
2406 400 2618 451 velocitate,

1561 454 1729 502 sequitur
1756 455 1861 503 quod
1889 454 2008 491 modo
2038 454 2179 492 dictum
2209 463 2264 492 est
2289 457 2320 503 ³¹¹,
2348 456 2487 494 scilicet
2514 457 2620 506 quod

1559 506 1657 543 linea
1677 514 1778 544 recta
1805 507 1851 544 sit
1873 507 2039 556 aequalis
2069 507 2220 555 circulo,
2240 515 2394 557 propter
2421 509 2495 546 hoc
2514 510 2620 558 quod

1560 571 1680 608 aeque
1708 560 1821 597 velox
1850 567 1905 596 est
1923 560 2029 608 quod
2055 573 2124 609 per
2143 561 2300 609 aequale
2329 569 2517 599 movetur.
2543 562 2619 600 Sed

1559 611 1658 648 linea
1687 612 1875 649 circularis
1896 620 1932 649 et
1950 612 2048 650 linea
2063 613 2083 633 ’¹¹
2098 620 2199 649 recta
2218 625 2296 650 non
2316 621 2403 650 sunt
2421 625 2618 662 compara·-

1560 664 1664 712 biles,
1684 672 1725 701 ut
1742 665 1888 714 possint
1908 665 1979 702 dici
2008 666 2202 714 aequales:
2225 677 2313 714 ergo
2342 678 2466 714 neque
2491 674 2619 704 motus

1560 716 1748 754 circularis
1777 725 1813 755 et
1839 725 1962 756 rectus
1988 726 2150 766 possunt
2178 717 2250 755 dici
2277 730 2400 767 aeque
2427 719 2591 756 veloces.

1613 771 1648 806 6.
1669 770 1818 807 Deinde
1837 783 1925 807 curn
1954 770 2058 808 dicit:
2088 771 2163 807 Sed
2181 782 2437 820 quaecumque
2463 783 2538 809 non
2557 783 2620 809 ae-

1559 823 1716 870 quivoca
1733 829 1814 870 etc„
1840 823 1952 860 solvit
1969 823 2203 872 propositam
2218 823 2492 861 dubitationem
2509 826 2540 862 0.
2570 825 2620 862 Et

1557 874 1683 922 primo
1711 875 1862 923 inquirit
1893 875 1932 913 in
1959 876 2272 925 communiquid
2305 877 2364 914 cui
2391 877 2439 914 sit
2465 889 2620 926 compa-

1558 927 1675 964 rabile
1690 925 1718 973 ‘³3
1739 929 1909 966 secundo
1937 927 2090 977 adaptat
2117 929 2166 966 ad
2187 929 2438 978 propositum,
2458 929 2528 967 ibi:
2556 930 2620 966 Sic

1558 985 1594 1016 et
1619 981 1720 1017 circa
1747 986 1889 1017 motum
1919 981 1938 1001 *
1968 988 2036 1017 etc.
2076 981 2185 1018 Circa
2214 981 2383 1030 primum
2415 982 2484 1019 tria
2511 982 2618 1019 facit:
2647 992 2656 1001 ·

1556 1033 1682 1081 primo
1709 1033 1817 1082 ponit
1843 1045 1965 1070 unum
1987 1033 2091 1082 quod
2118 1034 2318 1082 requiritur
2345 1034 2394 1072 ad
2422 1047 2619 1084 compara-

1557 1085 1721 1132 tionem;
1751 1086 1920 1123 secundo
1938 1087 1958 1107 *
1976 1086 2200 1133 secundum,
2217 1086 2287 1123 ibi:
2316 1088 2396 1124 Aut
2420 1088 2508 1136 quia
2535 1093 2621 1125 sunt

1558 1139 1594 1175 in
1614 1139 1689 1175 alio
1702 1140 1819 1185 *etc.;
1839 1138 1946 1176 tertio
1967 1138 2157 1176 concludit
2174 1139 2336 1187 tertium,
2357 1139 2426 1176 ibi:
2445 1140 2508 1177 Sic
2525 1150 2619 1190 ergo

1557 1203 1631 1228 non
1659 1192 1780 1228 solum
1809 1192 1986 1240 oportet*
2001 1198 2070 1229 etc.
2096 1191 2206 1228 Circa
2231 1191 2400 1241 primum
2423 1192 2493 1230 tria
2511 1192 2618 1230 facit:
2645 1205 2656 1215 ·

1555 1244 1682 1292 primo
1702 1244 1810 1293 ponit
1828 1244 1919 1293 quid
1942 1244 2153 1293 requiratur
2167 1245 2187 1266 ²³⁸
2202 1245 2251 1282 ad
2275 1245 2618 1294 comparationem3

1556 1297 1726 1334 secundo
1755 1297 1884 1334 obiicit
1910 1296 1948 1333 in
1977 1297 2218 1344 contrarium,
2247 1297 2318 1335 ibi:
2351 1298 2430 1335 Aut
2450 1298 2618 1347 primum

1557 1350 1705 1398 quidem
1721 1351 1740 1370 ⁴’
1757 1357 1845 1396 etc.;
1874 1349 1982 1387 tertio
2011 1349 2134 1398 solvit,
2155 1350 2224 1387 ibi:
2252 1350 2332 1387 Aut
2356 1356 2393 1388 et
2417 1351 2455 1388 in
2483 1351 2540 1388 his
2557 1362 2619 1388 ea-

1556 1403 1640 1440 dem
1669 1403 1762 1439 ratio
1784 1404 1803 1424 ‘¹‘
1823 1409 1893 1439 etc.

1610 1468 1646 1504 7.
1676 1455 1775 1492 Dicit
1807 1467 1896 1503 ergo
1924 1454 2068 1504 primo,
2103 1455 2207 1504 quod
2240 1466 2508 1504 quaecumque
2540 1466 2620 1493 non

1557 1516 1644 1545 sunt
1671 1508 1901 1557 aequivoca,
1935 1507 2111 1545 videntur
2138 1520 2222 1545 esse
2250 1507 2540 1557 comparabilia;
2569 1507 2620 1547 ita

1557 1561 1696 1598 scilicet
1724 1561 1830 1610 quod
1853 1561 2065 1598 secundum
2099 1573 2144 1598 ea
2176 1573 2273 1610 quae
2301 1573 2381 1598 non
2408 1561 2619 1609 aequivoce

1556 1614 1832 1663 praedicantur,
1856 1613 2002 1662 possint
2026 1626 2071 1651 ea
2095 1613 2142 1650 de
2170 1614 2307 1663 quibus
2333 1614 2617 1663 praedicantur,

1557 1667 1607 1704 ad
1634 1667 1798 1705 invicem
1829 1666 2052 1716 comparari.
2091 1665 2195 1704 Sicut
2228 1672 2380 1703 acutum
2408 1666 2619 1716 aequivoce

1557 1720 1736 1757 sumitur:
1774 1732 1853 1756 uno
1882 1719 1985 1756 enim
2013 1720 2132 1757 modo
2161 1719 2294 1757 dicitur
2329 1719 2368 1756 in
2395 1719 2620 1767 magnitudi-

1557 1773 1687 1820 nibus,
1722 1772 1932 1809 secundum
1961 1784 2078 1820 quern
2106 1773 2268 1810 modum
2297 1773 2456 1820 angulus
2485 1772 2622 1810 dicitur

1557 1834 1701 1873 acutus,
1723 1833 1758 1862 et
1776 1825 1894 1874 stylus
1922 1833 2070 1871 acutus;
2099 1825 2172 1862 alio
2193 1825 2311 1862 modo
2332 1824 2466 1862 dicitur
2493 1825 2532 1863 in
2561 1837 2618 1863 sa-

1555 1878 1723 1928 poribus,
1753 1879 1964 1915 secundum
1992 1890 2110 1926 quem
2138 1877 2302 1914 modum
2324 1877 2461 1914 vinum
2485 1877 2620 1916 dicitur

1556 1939 1727 1978 acutum3
1757 1931 1865 1968 tertio
1893 1930 2012 1967 modo
2042 1930 2175 1968 dicitur
2202 1931 2241 1967 in
2267 1929 2449 1978 vocibus,
2484 1942 2617 1968 seeun-

1557 1985 1649 2021 dum
1678 1997 1794 2033 quem
1823 1983 1984 2021 modum
2017 1995 2094 2020 vox
2123 1983 2273 2029 ultima,
2303 1983 2400 2020 idest
2426 1995 2616 2032 suprema,

1555 2037 1593 2074 in
1620 2037 1805 2084 melodiis,
1825 2037 1887 2074 vel
1917 2036 2059 2073 chorda
2086 2036 2125 2073 in
2153 2037 2306 2084 cythara
2335 2036 2468 2073 dicitur
2495 2044 2616 2075 acuta.

1556 2091 1646 2127 Ideo
1676 2103 1764 2138 ergo
1794 2102 1873 2126 non
1903 2096 2028 2138 potest
2058 2089 2142 2125 fieri
2175 2089 2408 2139 comparatio
2444 2095 2488 2126 ut
2517 2088 2618 2127 dica—

1554 2151 1613 2180 tur
1641 2143 1731 2192 quid
1760 2142 1805 2179 sit
1833 2142 1988 2189 acutius,
2008 2149 2137 2178 utrum
2157 2142 2273 2190 stylus
2301 2149 2366 2178 aut
2391 2141 2526 2180 vinum
2553 2150 2620 2180 aut

1554 2209 1631 2233 vox
1648 2196 1800 2242 ultima,
1831 2194 1919 2244 quia
1948 2202 2100 2231 acutum
2130 2194 2177 2231 de
2207 2194 2259 2231 eis
2282 2193 2492 2244 aequivoce
2509 2206 2618 2245 prae-

1555 2249 1714 2286 dicatur:
1736 2248 1804 2285 sed
1830 2260 1908 2285 vox
1935 2247 2066 2284 ultima
2090 2255 2215 2297 potest
2243 2248 2456 2297 comparari
2484 2259 2617 2286 secun-

1555 2302 1648 2339 dum
1677 2301 1897 2348 acuitatem,
1933 2300 1967 2337 ei
1996 2313 2093 2349 quae
2127 2307 2182 2337 est
2209 2299 2310 2337 iuxta
2336 2301 2460 2349 ipsam
2490 2301 2531 2338 in
2558 2312 2618 2339 or·

1556 2355 1641 2392 dine
1674 2353 1882 2401 melodiae,
1907 2351 2075 2402 ‘propter
2107 2354 2182 2390 hoc
2214 2353 2319 2402 quod
2356 2361 2511 2391 acutum
2537 2365 2618 2393 non

1554 2407 1776 2456 aequivoce,
1797 2407 1864 2444 sed
1883 2407 2094 2443 secundum
2123 2406 2285 2444 eandem
2305 2406 2490 2444 rationem
2507 2418 2617 2456 prae·

1556 2461 1699 2498 dicatur
1728 2460 1775 2497 de
1803 2467 1974 2507 utraque.
2006 2456 2227 2496 Se'cundum
2255 2460 2331 2496 hoc
2363 2471 2451 2507 ergo
2479 2458 2618 2508 poterit

1556 2513 1627 2551 dici
1657 2513 1705 2550 ad
1732 2512 1968 2561 propositam
1988 2511 2263 2560 quaestionem,
2284 2511 2389 2560 quod
2416 2511 2504 2550 ideo
2533 2524 2616 2550 mo-

1555 2574 1614 2603 tus
1643 2573 1765 2602 rectus
1795 2573 1831 2602 et
1859 2564 2046 2602 circularis
2073 2577 2153 2602 non
2186 2572 2456 2613 comparantur
2480 2564 2522 2602 in
2548 2577 2615 2602 ve-

1555 2619 1714 2665 locitate,
1735 2618 1824 2666 quia
1851 2618 1964 2655 velox
1992 2617 2202 2666 aequivoce
2232 2617 2366 2654 dicitur
2393 2617 2455 2654 hic
2488 2625 2525 2655 et
2552 2617 2615 2656 ibi.

1556 2673 1604 2709 Et
1632 2672 1751 2708 multo
1781 2670 1905 2708 minus
1935 2678 1990 2707 est
2010 2670 2145 2707 eadem
2174 2670 2267 2708 ratio
2291 2670 2434 2708 velocis
2461 2670 2500 2708 in
2528 2671 2616 2709 alte-

1557 2724 1698 2762 ratione
1720 2731 1755 2760 et
1774 2723 1846 2761 loci
1875 2723 2101 2760 mutatione:
2122 2723 2224 2761 unde
2245 2723 2357 2760 etiam
2381 2724 2476 2762 haec
2495 2724 2616 2763 multo

1556 2778 1682 2818 minus
1711 2776 1981 2826 comparabilia
2009 2784 2106 2814 sunt.

1612 2832 1646 2867 8.
1667 2830 1817 2867 Deinde
1837 2842 1926 2867 cum
1946 2829 2049 2866 dicit:
2077 2830 2156 2866 Aut
2166 2830 2336 2878 primum
2364 2829 2512 2878 quidem
2533 2835 2616 2876 ete„

1558 2883 1684 2920 obiicit
1704 2890 1834 2920 contra
1854 2883 1893 2920 id
1912 2882 2017 2931 quod
2042 2882 2183 2919 dictum
2213 2891 2268 2920 est
2283 2883 2315 2920 ²¹².
2336 2882 2385 2919 Et
2404 2881 2491 2919 dicit
2510 2882 2616 2931 quod
2643 2887 2654 2898 ”

1558 2945 1742 2985 quantum
1771 2936 1819 2973 ad
1838 2935 2006 2984 primum
2035 2942 2231 2984 aspectum
2258 2931 2334 2973 hoc
2361 2946 2439 2972 non
2465 2934 2618 2972 videtur

1558 3002 1638 3026 esse
1658 3002 1807 3036 verum,
1828 2988 1933 3037 quod
1949 2989 1968 3010 *³
1985 2988 2014 3025 si
2043 2988 2168 3036 aliqua
2187 3000 2266 3025 non
2286 2994 2372 3025 sunt
2393 2987 2614 3036 aequivoca,

1557 3042 1663 3091 quod
1690 3042 1762 3079 sint
1790 3041 2072 3090 comparabilia.
2095 3041 2341 3078 Inveniuntur
2368 3040 2470 3078 enim
2493 3040 2619 3090 aliqua

1557 3108 1635 3132 non
1664 3095 1888 3144 aequivoca,
1919 3106 2016 3143 quae
2044 3101 2172 3131 tamen
2200 3106 2279 3131 non
2306 3101 2393 3131 sunt
2421 3105 2618 3143 compara-

1558 3148 1665 3194 bilia;
1696 3148 1790 3185 sicut
1817 3148 1891 3185 hoc
1919 3147 2044 3196 ipsum
2073 3147 2178 3196 quod
2207 3154 2262 3184 est
2288 3147 2458 3192 multum,
2486 3158 2618 3184 secun-

1559 3201 1652 3239 dum
1690 3200 1852 3238 eandem
1889 3200 2075 3237 rationem
2114 3198 2247 3237 dicitur
2284 3199 2331 3236 de
2369 3211 2468 3248 aqua
2501 3206 2537 3236 et
2570 3199 2619 3239 de

1558 3267 1664 3302 aere,
1695 3262 1730 3291 et
1765 3259 1895 3291 tamen
1932 3265 2011 3290 non
2047 3260 2134 3290 sunt
2175 3252 2444 3302 comparabilia
2481 3264 2545 3289 aer
2582 3259 2618 3289 et

1559 3319 1658 3357 aqua
1678 3306 1889 3344 secundum
1909 3305 2202 3343 multitudinem.
2225 3305 2264 3343 Si
2285 3313 2412 3343 autem
2432 3317 2511 3343 non
2528 3304 2619 3342 velit

1559 3359 1692 3408 aliquis
1719 3361 1795 3397 hoe
1824 3359 2034 3397 concedere
2063 3359 2166 3408 quod
2194 3359 2357 3396 multum
2376 3358 2478 3396 idem
2507 3357 2617 3406 signi-

1557 3465 1731 3490 necessart'um
1757 3467 1796 3489 est
1814 3464 1885 3497 quod
1903 3464 1932 3489 id
1949 3464 2021 3497 quod
2039 3466 2158 3489 movetur
2181 3462 2362 3492 circulariter,
2383 3461 2559 3487 necessarium
2577 3463 2618 3486 est

1555 3500 1626 3532 quod
1645 3503 1782 3524 moveatur
1800 3505 1846 3524 cet.
1862 3504 1887 3524 et
1900 3506 1926 3524 α.

1608 3534 1632 3567 ὃ)
1653 3535 1717 3567 quid
1734 3534 1777 3560 cui
1794 3534 1830 3560 sit
1847 3534 2059 3566 comparabile.-
2073 3534 2108 3558 lta
2127 3533 2191 3558 codd
2211 3538 2236 3558 et
2255 3533 2283 3563 b,·
2306 3532 2370 3565 quid
2388 3535 2414 3558 et
2431 3532 2474 3558 cui
2491 3531 2527 3557 sir
2544 3538 2614 3557 com-

1550 3569 1673 3601 parabile
1691 3570 1730 3594 ed.
1750 3577 1767 3594 a
1787 3574 1811 3594 et
1830 3569 1919 3594 Venet.
1940 3568 2016 3601 1504,
2036 3569 2100 3601 quid
2118 3571 2145 3594 et
2162 3568 2206 3594 cui
2222 3568 2257 3593 sit
2275 3567 2377 3600 aliquid
2398 3566 2576 3600 comparabile
2595 3565 2614 3589 P

1555 3610 1643 3629 secuta
1658 3605 1746 3629 Vener.
1769 3603 1843 3635 1545.

2649 363 2715 385 'hic
2753 373 2758 384 ο
2825 374 2835 385 »ι

2644 393 2784 442 {gg-eta,
2804 391 2858 416 12

2648 469 2657 478 ·
2671 467 2743 491 Num.
2757 474 2832 497 pratee⁷

2647 626 2656 635 ·
2671 626 2734 647 Iinea
2749 632 2798 648 om.
2832 639 2835 645 ·
2853 634 2861 651 ,ο

2645 657 2712 678 ron,
2727 658 2743 674 ιι
2756 653 2800 675 lac.
2849 651 2854 658 ⁴

2644 2995 2780 3024 Ἰώ,

2644 3028 2703 3044 xveu
2717 3026 2740 3044 et
2752 3028 2768 3045 a
2776 3022 2798 3045 ὓ.
2832 3029 2845 3044 ε·
