2950 4004
487 290 557 327 158

1106 275 1452 324 PHYSICORUM
1478 285 1826 322 ARISTOTELIS
1855 285 1949 321 LIB.
1980 284 2031 321 IV

1243 506 1544 563 LECTIO
1583 506 1896 585 QUINTA

661 670 1037 702 PRAEMITTUNTUR
1061 669 1275 706 QUAEDAM
1297 667 1562 700 NECESSARIA
1584 668 1642 699 AD
1667 667 2021 700 lNVESTIGANDAM
2043 667 2356 700 DEFINITIONEM
2379 668 2481 701 LOCI

1489 747 1506 758 κ

482 813 522 842 Τί
546 809 584 842 δέ
609 808 686 843 ποτ’
709 809 800 842 ἐστὶν
819 810 835 840 ὀ
854 807 973 848 τόπος,
997 802 1052 839 ὧδ’
1076 807 1113 840 ἄν
1138 806 1274 853 γένοιτο
1299 807 1451 852 φανερόν.
1476 806 1546 838 Λά-

551 855 660 898 βωμεν
685 849 723 886 δέ
748 854 821 897 περὶ
847 851 957 884 αὐτοῦ
990 850 1053 884 ὅσα
1078 847 1171 883 δοκεῖ
1195 849 1324 889 ἀληθῶς
1351 849 1429 884 καθ’
1457 850 1546 883 αὐτὰ

553 898 715 943 ὑπάρχειν
742 897 849 938 αὐτῷ.
877 895 1052 940 Ἀξιοῦμεν
1078 890 1121 931 δὴ
1148 895 1206 927 τὸν
1233 895 1340 927 τόπον
1359 893 1445 928 εἶναι
1461 906 1485 927 π
1507 896 1548 926 ὥ·-

552 954 611 975 τον
636 943 695 986 μὲν
721 940 875 986 περιέχον
907 941 1011 972 ἐκεῖνο
1037 939 1075 971 οὗ
1101 939 1207 976 τόπος
1233 939 1326 980 ἐστί,
1357 941 1416 972 καὶ
1441 953 1486 984 μη
1513 940 1545 974 ἐν

552 987 615 1019 τοῦ
641 985 844 1032 πράγματος
869 981 965 1016 εἶναι·
995 984 1046 1016 ἐ’τι
1071 984 1131 1015 τὸν
1157 984 1289 1028 πρῶτον
1317 983 1424 1016 τόπον
1457 985 1545 1030 μήτε

552 1030 689 1063 ἐλάττω
714 1028 804 1074 μήτε
829 1029 943 1072 μείζω·
971 1027 1023 1060 ἔτι
1050 1026 1295 1060 ἀπολείπεσθαι
1319 1028 1466 1062 ἑκάστου
1488 1031 1546 1063 καὶ

552 1074 717 1120 χωριστὸν
742 1070 840 1104 εἶναι·
867 1072 948 1115 πρὸς
973 1067 1010 1104 δὲ
1035 1071 1174 1110 τούτοις
1194 1071 1313 1104 πάντα
1331 1073 1439 1105 τόπον
1458 1073 1545 1120 ἔχειν

551 1118 592 1151 τὸ
620 1118 686 1150 ἄνω
710 1119 768 1148 καὶ
792 1115 902 1157 κάτω,
927 1118 986 1148 καὶ
1010 1115 1166 1160 φέρεσθαι
1191 1114 1284 1160 φύσει
1307 1118 1367 1148 καὶ
1385 1116 1494 1161 μένειν
1512 1119 1546 1150 ἐν

552 1166 622 1200 τοῖς
650 1163 780 1198 οἰκείοις
806 1160 924 1198 τόποις
956 1159 1100 1192 ἕκαστον
1126 1160 1192 1193 τῶν
1217 1160 1408 1203 σωμάτων,
1439 1164 1545 1195 τοῦτο

551 1202 589 1238 δὲ
614 1210 719 1238 ποιεῖν
746 1205 767 1242 ἦ
795 1204 875 1246 ἄνω,
895 1205 916 1241 ἦ
933 1203 1042 1238 κάτω.
1066 1203 1310 1249 ’Υποκειμένων
1336 1200 1373 1237 δὲ
1398 1205 1545 1248 τούτων,

552 1250 599 1282 τοὶ
621 1249 730 1282 λοιποὶ
752 1248 949 1294 θεωρητέον.

485 1297 541 1327 Δεῖ
562 1290 600 1326 δέ
625 1292 804 1336 πειρᾶσθαι
829 1293 893 1330 τήν
918 1291 1030 1336 σκέψιν
1058 1291 1146 1324 οὕτω
1172 1293 1360 1334 ποιεῖσθαι,
1392 1293 1480 1332 ὅπως
1506 1294 1548 1328 τό

552 1341 585 1372 τί
604 1338 694 1370 ἐστιν
722 1333 989 1373 ἀποδοθήσεται·
1009 1335 1095 1368 ὥστε
1113 1335 1161 1368 τά
1183 1348 1220 1368 τε
1241 1337 1457 1382 ἀπορούμενα
1473 1338 1549 1370 λύε-

551 1382 641 1424 σθαι,
659 1383 718 1414 καὶ
736 1382 783 1415 τά
797 1376 968 1414 δοκοῦντα
986 1380 1148 1424 όπάρχειν
1166 1381 1213 1421 τῷ
1231 1379 1326 1422 τόπῳ
1345 1381 1548 1427 ὑπάρχοντα

552 1427 666 1468 ἔσται,
682 1428 740 1458 καὶ
759 1426 810 1458 ἔτι
836 1425 876 1458 τὸ
902 1426 965 1462 τῆς
982 1420 1160 1462 δυσκολίας
1184 1426 1293 1457 αἴτιον
1310 1427 1369 1457 καὶ
1390 1427 1455 1459 τῶν
1475 1429 1547 1470 περὶ

553 1471 659 1503 αὐτόν
678 1470 910 1514 ἀπορημάτων
929 1470 1027 1502 ἔσται
1044 1467 1197 1511 φανερόν·
1220 1467 1308 1501 οὕτω
1325 1469 1389 1515 γάρ
1410 1469 1448 1502 ἂν
1466 1470 1547 1502 κάλ-

550 1516 655 1547 λιστα
680 1510 867 1547 δεικνύοιτο
894 1513 1050 1545 ἕκαστον.

484 1560 617 1604 Πρῶτον
643 1559 701 1603 μέν
728 1556 784 1590 οὖν
809 1554 862 1589 δεῖ·
883 1557 1101 1593 κατανοῆσαι
1129 1554 1181 1587 ὅτι
1209 1553 1267 1587 οὐκ
1294 1554 1333 1587 ἂν
1352 1556 1508 1598 ἐζητεῖτο
1532 1558 1547 1589 ὁ

552 1602 670 1643 τόπος,
698 1603 726 1633 εἰ
750 1601 796 1645 μή
821 1603 946 1638 κίνησίς
971 1611 1021 1638 τις
1047 1598 1087 1637 ἦν
1106 1599 1126 1635 ’ἦ
1144 1599 1240 1631 κατά
1265 1598 1386 1632 τόπον·
1408 1596 1467 1634 διοί
1482 1601 1546 1647 γάρ

551 1648 658 1680 τοῦτο
686 1648 743 1677 καὶ
778 1645 836 1677 τὸν
869 1642 1008 1687 οὐρανόν
1040 1643 1177 1688 μάλιστ’
1207 1643 1346 1687 οἰόμεθα
1371 1642 1404 1677 ἐν
1429 1645 1546 1687 τόπῳ,

552 1691 606 1723 ὅτι
633 1691 682 1722 ἀεὶ
710 1691 742 1721 ἐν
767 1688 906 1724 κινήσει.
941 1688 1078 1727 Ταύτης
1103 1682 1140 1719 δὲ
1165 1687 1206 1719 τό
1231 1688 1290 1730 μὲν
1316 1688 1421 1734 φορά,
1449 1690 1490 1722 τὸ
1515 1685 1546 1722 δ’

552 1734 689 1775 αὔξησις
706 1736 762 1765 καὶ
783 1732 899 1776 φθίσις·
918 1735 975 1764 καὶ
993 1734 1057 1779 γάρ
1076 1733 1109 1765 ἐν
1135 1733 1180 1774 τῇ
1209 1732 1350 1773 αὐξήσει
1367 1736 1425 1766 καὶ
1443 1734 1548 1779 φθίσει

577 1777 775 1819 εταβάλλει,
801 1780 858 1809 καὶ
885 1778 901 1809 ὂ
927 1777 1089 1822 πρότερον
1114 1773 1154 1814 ἦν
1181 1776 1346 1819 ἐνταῦθα,
1373 1777 1475 1810 πάλιν
1493 1791 1549 1823 με-

550 1791 711 1860 ςέστηκεν
737 1823 780 1860 εἰς
807 1822 954 1854 ἔλαττον
981 1821 1001 1858 ἦ
1026 1822 1151 1866 μεῖζον.

476 1911 575 1942 ''Eo-*rt
599 1905 637 1942 δὲ
661 1910 852 1954 κινούμενον
882 1910 923 1942 τό
949 1909 1007 1954 μὲν
1031 1909 1107 1942 καθ’
1139 1908 1227 1941 αύτὸ
1253 1909 1418 1955 ἐνεργείᾳ,
1446 1911 1486 1944 τὸ
1511 1907 1549 1943 δὲ

550 1955 645 1986 κατά
668 1953 891 1998 συμβεβηκός·
918 1955 980 1986 τοῦ
1001 1949 1038 1985 δὲ
1062 1954 1158 1986 κατά
1186 1953 1396 1996 συμβεβηκός
1422 1955 1463 1987 τὸ
1489 1955 1547 2000 μέν

552 1994 768 2043 ἐνδεχόμενον
793 1996 955 2030 κινεῖσθαι
979 1997 1054 2030 καθ’
1077 1997 1180 2038 αὑτό,
1200 1998 1268 2029 οἷον
1293 1998 1341 2030 τοὶ
1364 1997 1466 2042 μόρια
1483 2001 1546 2033 τοῦ

550 2042 707 2086 σώματος
732 2045 789 2075 καὶ
815 2043 831 2074 ό
858 2043 890 2074 ἐν
918 2043 964 2084 τῷ
991 2044 1095 2084 πλοίῳ
1119 2042 1217 2083 ἧλος,
1245 2042 1293 2074 τοὶ
1316 2038 1344 2074 δ’
1375 2043 1434 2075 οὐκ
1460 2040 1547 2076 ἐνδε-

550 2087 680 2132 χόμενα
705 2087 779 2121 ἀλλ’
802 2087 853 2122 ἀεὶ
877 2087 975 2119 κατά
998 2086 1222 2131 συμβεβηκός,
1245 2086 1312 2118 οἷον
1337 2087 1358 2124 ἡ
1383 2087 1546 2126 λευκότης

549 2134 606 2163 καὶ
625 2133 644 2168 ἡ
665 2131 852 2176 ἐπιστήμη·
879 2132 996 2164 ταῦτα
1019 2130 1084 2177 γάρ
1112 2130 1200 2164 οὕτω
1226 2130 1463 2174 μεταβέβληκε
1487 2134 1547 2165 τόν

552 2175 670 2217 τόπον,
699 2175 752 2207 ὅτι
779 2177 810 2207 ἐν
837 2174 860 2216 ᾧ
886 2174 1075 2220 ὑπάρχουσι
1097 2174 1324 2229 μεταβάλλει.

479 2222 575 2253 Ἐπεὶ
600 2216 637 2252 δὲ
659 2220 802 2266 λέγομεν
828 2217 913 2251 εἶναι
938 2221 980 2257 ὠς
1005 2220 1037 2251 ἐν
1063 2232 1158 2260 τοπῳ
1180 2219 1228 2260 τῷ
1246 2219 1388 2263 οὐρανῷ,
1407 2214 1497 2252 διότι
1514 2221 1546 2252 ἐν

552 2266 599 2305 τῷ
627 2264 710 2309 ἀέρι,
730 2264 828 2302 οὗτος
853 2259 882 2294 δ’
904 2264 937 2296 ἐν
963 2265 1010 2305 τῷ
1036 2262 1178 2308 οὐρανῷ·
1203 2266 1261 2295 καὶ
1288 2265 1319 2295 ἐν
1346 2265 1394 2305 τῷ
1418 2263 1488 2308 ἀέρι
1510 2260 1549 2296 δέ

551 2308 609 2341 οὐκ
634 2309 667 2341 ἑν
694 2312 812 2348 παντί,
835 2308 925 2340 ἀλλά
948 2303 1005 2340 διά
1031 2309 1072 2341 τό
1098 2309 1246 2354 ἔσχατον
1273 2308 1382 2340 αὐτοῦ
1406 2310 1464 2340 καὶ
1490 2321 1549 2341 πε-

552 2352 661 2398 ριέχον
688 2354 720 2384 ἐν
746 2354 795 2395 τῷ
822 2351 892 2397 ἀέρι
912 2352 1019 2397 φαμὲν
1041 2350 1138 2385 εἶναι·
1158 2354 1185 2384 εἰ
1202 2352 1266 2397 γάρ
1285 2353 1351 2390 πᾶς
1373 2354 1389 2384 ὀ
1409 2352 1472 2398 ἀήρ
1491 2353 1547 2386 τό·

552 2409 627 2439 πος,
647 2398 705 2430 οὐκ
732 2397 770 2429 οἲν
795 2398 864 2434 ἴσος
889 2399 938 2434 εἴη
965 2396 1112 2431 ἑκάστου
1136 2398 1152 2429 ὀ
1170 2399 1275 2434 τόπος
1300 2398 1358 2428 καὶ
1385 2395 1545 2430 ἕκαστον·

551 2437 643 2474 δοκεῖ
667 2438 704 2473 δέ
727 2454 766 2487 γε
789 2443 859 2479 ἴσος
884 2438 981 2474 εἶναι.
1015 2442 1176 2479 Τοιοῦτος
1201 2437 1231 2473 δ’
1261 2442 1277 2473 ὁ
1303 2442 1436 2484 πρῶτος
1463 2442 1496 2474 ἐν
1523 2441 1546 2483 ᾤ

552 2485 655 2518 ἐστίν.

493 2532 584 2562 Οταν
611 2530 669 2574 μὲν
697 2528 752 2561 οὖν
778 2529 824 2573 μή
849 2525 1047 2573 διῃρημένον
1075 2527 1096 2572 ᾗ
1121 2529 1162 2560 τό
1188 2528 1342 2573 περιέχον
1370 2529 1459 2562 omni
1475 2541 1549 2561 συν-

551 2574 638 2619 εχές,
666 2575 729 2619 οὐχ
753 2575 794 2611 ὠς
820 2574 853 2605 ἐν
879 2573 974 2614 τόπῳ
998 2573 1141 2619 λέγεται
1159 2570 1244 2605 εἶναι
1270 2574 1303 2606 ἐν
1325 2573 1448 2614 ἐκείνῳ,
1470 2574 1544 2606 ἀλλ’

551 2622 590 2656 ὡς
617 2618 713 2663 μέρος
739 2619 771 2650 ἐν
799 2617 875 2659 ὅλῳ·
912 2617 995 2650 ὅταν
1021 2613 1059 2651 δὲ
1083 2614 1281 2662 διῃρημένον
1308 2615 1331 2660 ᾖ
1353 2619 1411 2649 καὶ
1441 2617 1551 2650 ἀπτό-

551 2675 661 2707 μενον,
689 2663 721 2695 ἑν
747 2662 866 2707 πρώτῳ
892 2662 965 2694 ἐστὶ
992 2663 1039 2703 τῷ
1066 2661 1201 2706 ἐσχάτῳ
1226 2662 1289 2694 τοῦ
1315 2660 1546 2706 περιέχοντος,

553 2709 569 2739 ὃ
594 2707 666 2739 οὔτ’
696 2708 767 2739 ἐστὶ
793 2706 890 2751 μέρος
916 2707 978 2738 τοῦ
1005 2706 1036 2738 ἑν
1063 2707 1158 2747 αὐτῷ
1184 2706 1300 2746 ὄντος,
1329 2706 1407 2738 οὔτε
1436 2706 1548 2748 μεῖζον

551 2753 613 2785 τοῦ
646 2748 906 2794 διαστήματος,
942 2750 1014 2782 ἀλλ’
1043 2753 1127 2782 ἴσον·
1154 2750 1186 2782 ἐν
1211 2750 1276 2796 γάρ
1303 2750 1350 2791 τῷ
1382 2749 1476 2791 αὐτῷ
1502 2750 1550 2782 τοὶ

552 2797 687 2841 ἔσχατα
713 2796 779 2827 τῶν
806 2794 1019 2838 ἁπτομένων.

483 2842 549 2872 Καὶ
574 2841 707 2886 συνεχὲς
732 2839 790 2884 μὲν
826 2838 859 2871 ὃν
886 2839 944 2871 οὐκ
971 2839 1003 2871 ἑν
1029 2839 1140 2879 ἐκείνῳ
1165 2841 1330 2878 κινεῖται,
1358 2836 1448 2869 ἀλλά
1471 2836 1545 2881 μετ’

552 2885 690 2926 ἐκείνου,
709 2883 907 2927 διῃρημένον
933 2878 970 2915 δὲ
989 2883 1021 2915 ἐν
1040 2883 1163 2923 ἐκείνῳ.
1191 2882 1256 2913 Καὶ
1278 2881 1335 2914 ἐάν
1355 2893 1392 2914 τε
1408 2883 1548 2918 κινῆται

551 2929 592 2961 τὸ
619 2928 772 2972 περιέχον
799 2928 856 2960 ἐάν
882 2940 921 2960 τε
946 2927 1008 2970 μή,
1035 2922 1131 2959 οὐδὲν
1157 2925 1278 2962 ἦττον.

478 2973 554 3005 ”En
580 2973 664 3005 ὅταν
690 2974 736 3016 μή
761 2969 958 3016 διῃρημένον
987 2971 1024 3012 ᾖ,
1052 2972 1096 3009 ὠς
1122 2970 1218 3014 μέρος
1245 2970 1277 3002 ἐν
1305 2968 1368 3011 ὅλῳ
1392 2968 1547 3014 λέγεται,

551 3018 618 3049 οἷον
645 3018 677 3049 ἐν
704 3018 750 3058 τῷ
778 3016 936 3062 ὀφθαλμῷ
955 3017 975 3052 ἦ
996 3015 1065 3059 ὄψις
1093 3014 1113 3052 ἦ
1139 3014 1171 3046 ἐν
1197 3015 1244 3054 τῷ
1271 3013 1404 3057 σώματι
1423 3016 1444 3051 ἡ
1462 3016 1546 3058 χείρ·

553 3060 637 3093 ὅταν
662 3057 699 3093 δέ
724 3057 936 3106 διῃρημένον,
964 3061 1032 3092 οἷον
1059 3061 1091 3091 ἐν
1117 3060 1164 3100 τῷ
1188 3053 1281 3099 κάδῳ
1307 3058 1348 3090 τό
1372 3053 1457 3103 ὕδωρ
1475 3057 1496 3095 ἦ
1515 3059 1547 3090 ἐν

553 3107 600 3147 τῷ
624 3109 767 3150 κεραμίῳ
794 3107 810 3137 ὁ
836 3102 934 3142 οἶνος·
961 3106 981 3140 ἡ
1008 3104 1067 3146 μέν
1092 3104 1156 3150 γάρ
1184 3105 1255 3147 χεὶρ
1280 3102 1376 3134 κατοὶ
1400 3103 1462 3135 τοῦ
1487 3102 1551 3134 σώ-

553 3161 660 3193 ματος
685 3154 842 3190 κινεῖται,
870 3149 911 3181 τό
936 3144 973 3180 δὲ
998 3143 1083 3191 ὕδωρ
1110 3145 1142 3179 ἐν
1169 3149 1215 3187 τῷ
1241 3142 1346 3188 κάδῳ.

546 3255 695 3282 ὃγκορεῐς.
713 3271 747 3275 -
769 3264 792 3281 1.
809 3254 1020 3290 Argumentum
1043 3258 1070 3280 et
1091 3251 1192 3280 divisio
1214 3257 1314 3279 textus,
1331 3267 1350 3272 -
1369 3258 1396 3279 2.
1418 3251 1549 3285 Quatuor

487 3293 699 3330 suppositiones
725 3295 760 3321 de
787 3294 868 3321 loco:
897 3295 925 3328 α)
953 3292 1040 3327 Quod
1065 3291 1146 3320 locus
1174 3290 1319 3319 contiueat
1346 3290 1375 3318 id
1401 3290 1481 3319 cuius
1507 3297 1550 3318 est

488 3333 576 3367 locus,
599 3333 637 3361 ita
651 3340 748 3361 tamen
770 3333 850 3370 quod
864 3332 945 3360 locus
965 3341 1025 3360 non
1040 3331 1075 3359 sit
1090 3330 1197 3368 aliquid
1211 3330 1305 3359 locati.
1329 3331 1356 3366 b)
1379 3330 1467 3365 Quod
1491 3330 1547 3366 pri-

488 3381 552 3399 mus
573 3373 666 3407 locus,
689 3372 706 3400 i.
729 3382 752 3400 e.
776 3372 804 3400 in
826 3381 886 3409 quo
908 3371 1016 3409 aliquid
1038 3371 1132 3408 primo
1155 3377 1210 3406 est,
1232 3370 1268 3398 sit
1288 3370 1415 3407 aequalis
1437 3370 1548 3405 locato,

489 3419 548 3437 non
577 3412 668 3439 maior
696 3421 789 3448 neque
818 3412 921 3440 minor.
944 3414 970 3447 c)
993 3411 1081 3446 Quod
1108 3411 1189 3439 locus
1220 3409 1323 3447 aliquis
1349 3411 1425 3446 (non
1452 3416 1549 3438 tamen

489 3458 563 3477 unus
584 3456 611 3478 et
637 3450 727 3485 idem)
748 3461 897 3488 nunquam
919 3451 1014 3479 deficit
1041 3450 1196 3487 unicuique
1226 3449 1330 3478 locato.
1360 3449 1389 3485 d)
1411 3449 1497 3484 Quod
1519 3448 1548 3477 in

490 3488 569 3515 omni
603 3490 668 3517 loco
703 3490 844 3518 invenitur
874 3500 987 3518 sursum
1015 3497 1042 3518 et
1074 3491 1228 3524 deorsum,
1258 3489 1338 3526 quod
1363 3489 1549 3525 unumquod—

491 3536 546 3563 que
568 3537 671 3563 corpus
693 3529 855 3557 naturaliter
876 3530 963 3558 fertur
983 3530 1012 3558 in
1034 3530 1182 3566 proprium
1204 3529 1310 3564 locum,
1327 3534 1354 3557 et
1375 3537 1441 3557 cum
1463 3528 1492 3556 in
1513 3538 1548 3557 eo

491 3572 541 3600 est,
558 3573 653 3594 manet
675 3567 703 3594 in
725 3568 795 3603 ipso,
817 3576 844 3596 et
866 3570 944 3605 quod
964 3570 1034 3598 haec
1054 3569 1171 3606 propria
1191 3569 1255 3597 loca
1270 3574 1399 3605 respectu
1420 3567 1548 3605 gravium

491 3611 519 3632 et
533 3605 636 3633 levium
652 3613 716 3634 sunt
731 3616 843 3635 sursum
859 3615 885 3636 et
900 3609 1044 3637 deorsum.
1054 3624 1070 3629 —
1084 3609 1108 3637 3.
1122 3610 1152 3637 In
1167 3608 1331 3637 definiendo
1346 3607 1441 3636 locum
1462 3617 1548 3645 opor-

1598 807 1617 828 *
1633 808 1720 846 Quid
1743 815 1849 839 autem
1872 809 1953 840 forte
1976 809 2016 841 sit
2037 810 2128 841 locus
2141 833 2150 849 ,
2169 810 2213 841 sic
2236 809 2290 842 fiet
2313 810 2422 852 utique
2446 811 2659 844 manifestum.
2687 822 2700 831 ⁵
2714 821 2771 849 cap.
2786 827 2818 844 ιν.
2831 821 2887 851 seq.
2906 823 2907 826 ¹

1666 852 1868 893 Accipiamus
1891 859 1998 884 autem
2021 853 2059 884 de
2083 853 2153 895 ipso
2177 864 2398 898 quaecumque
2421 855 2568 887 videntur
2588 866 2661 888 vere
2687 851 2744 870 ¹²¹¹·
2757 853 2796 876 ³⁰·
2830 893 2832 895 ‚
2856 850 2912 899 JK,

1667 897 1843 942 secundum
1858 906 1892 928 se
1905 897 2007 928 inesse
2029 897 2100 938 ipsi.
2123 898 2266 938 Dignum
2286 905 2332 930 est
2353 899 2448 940 igitur
2469 900 2580 931 locum
2594 909 2662 932 esse

1667 940 1808 981 primum
1830 941 1920 982 quod
1943 941 2082 973 continet
2108 941 2188 973 illud
2211 942 2301 974 cuius
2323 942 2414 974 locus
2437 950 2502 982 est,
2529 950 2562 976 et
2584 944 2662 975 nihil

1669 994 1735 1015 esse
1758 985 1811 1016 rei.
1838 984 1995 1025 Amplius,
2018 985 2160 1026 primum
2181 986 2291 1017 locum
2313 996 2416 1028 neque
2432 988 2587 1019 maiorem
2608 999 2662 1020 ne-

1668 1039 1731 1070 que
1753 1028 1912 1059 minorem
1939 1039 2015 1060 esse.
2039 1029 2154 1060 Adhuc
2176 1037 2283 1061 autem
2310 1041 2414 1072 neque
2437 1031 2567 1063 deficere
2592 1032 2662 1064 uni-

1669 1073 1794 1115 cuique,
1809 1079 1840 1103 et
1855 1073 2060 1113 separabilem
2075 1083 2152 1104 esse.
2175 1074 2290 1104 Adhuc
2309 1081 2427 1114 autem,
2442 1085 2539 1106 omne
2553 1076 2662 1107 locum

1668 1117 1782 1147 habere
1805 1126 1932 1147 sursum
1955 1123 1986 1148 et
2008 1117 2175 1148 deorsum:
2201 1123 2231 1147 et
2254 1117 2325 1148 ferri
2349 1125 2460 1149 natura
2483 1125 2515 1150 et
2537 1128 2663 1151 manere

1668 1161 1926 1201 unumquodque
1948 1170 2122 1200 corporum
2143 1161 2176 1190 in
2199 1161 2334 1201 propriis
2356 1161 2452 1192 locis:
2476 1162 2539 1193 hoc
2557 1169 2664 1195 autem

1669 1205 1769 1235 facere
1792 1211 1846 1235 aut
1869 1214 1995 1234 sursum
2014 1211 2069 1235 aut
2085 1205 2243 1235 deorsum.
2261 1202 2466 1246 *Suppositis
2481 1213 2590 1238 autem
2603 1206 2663 1247 his,

1669 1248 1790 1289 reliqua·
1812 1248 2047 1278 consideranda.

1603 1291 1739 1332 Oportet
1762 1298 1868 1322 autem
1892 1298 2009 1322 tentare
2032 1290 2242 1322 intentionem
2265 1291 2308 1323 sic
2331 1292 2442 1333 facere,
2466 1300 2502 1325 ut
2524 1293 2602 1335 quid
2625 1294 2666 1327 sit

1669 1335 1826 1372 reddatur,
1851 1341 1881 1365 et
1904 1344 2064 1377 quaeque*
2081 1335 2229 1375 opposita
2259 1336 2432 1377 solvantur,
2456 1344 2487 1370 et
2539 1348 2598 1370 uae
2619 1338 2665 1370 vi·-

1670 1379 1783 1410 dentur
1804 1378 1877 1409 loco
1899 1378 2020 1417 inesse,
2043 1378 2149 1409 insint.
2178 1379 2219 1410 Et
2240 1380 2392 1421 amplius,
2416 1380 2481 1413 diffi
2534 1382 2605 1414 tatis
2635 1389 2666 1414 et

1670 1422 1894 1463 oppositorum
1909 1432 2001 1454 causa
2019 1422 2098 1454 circa
2113 1423 2222 1454 locum
2244 1424 2410 1456 manifesta
2429 1426 2494 1457 erit.
2510 1426 2561 1458 Sic
2580 1427 2666 1459 enim

1670 1466 1780 1509 utique
1802 1466 2013 1507 pulcherrime
2037 1466 2270 1499 demonstratur
2292 1470 2558 1513 unumquodque.

1602 1553 1618 1570 *
1632 1554 1776 1585 Primum
1795 1554 1925 1596 quidem
1938 1555 2033 1595 igitur
2048 1561 2174 1596 oportet
2187 1555 2359 1597 intelligere
2378 1558 2467 1599 quod
2485 1568 2551 1590 non
2570 1555 2665 1600 quae-J

1670 1605 1788 1630 reretur
1802 1599 1903 1638 locus,
1923 1599 1983 1630 nisi
2002 1605 2110 1630 motus
2129 1598 2242 1641 aliquis
2257 1607 2338 1632 esset
2352 1602 2530 1634 secundum
2544 1603 2663 1635 locumss

1669 1643 1800 1684 Propter
1822 1642 1884 1674 hoc
1912 1643 1998 1674 enim
2030 1643 2153 1674 caelum
2185 1644 2320 1676 maxime
2342 1645 2375 1676 in
2398 1646 2471 1677 loco
2504 1656 2570 1678 esse
2596 1646 2665 1688 opi·

1669 1694 1794 1726 nantur,
1818 1687 1908 1730 quod
1939 1697 2063 1728 semper
2084 1687 2118 1718 in
2140 1694 2232 1719 motu
2256 1695 2312 1720 est.
2335 1689 2531 1721 Huiusmodi
2557 1697 2666 1722 autem

1670 1731 1755 1762 aliud
1778 1731 1909 1772 quidem
1932 1738 1978 1762 est
1999 1732 2063 1762 loci
2085 1732 2232 1770 mutatio,
2254 1733 2341 1774 aliud
2363 1744 2438 1765 vero
2457 1741 2666 1775 augmentum

1670 1782 1701 1806 et
1716 1775 1960 1807 decrementum.
1974 1776 2015 1807 Et
2029 1786 2168 1817 namque
2181 1776 2215 1807 in
2231 1784 2402 1818 augmento
2421 1785 2452 1810 et
2465 1779 2665 1811 decremento

1670 1825 1912 1859 transmutatum
1937 1826 1967 1850 et
1990 1820 2079 1861 quod
2101 1821 2188 1861 prius
2212 1828 2277 1852 erat
2298 1821 2360 1861 hic,
2379 1821 2494 1853 iterum
2510 1829 2666 1855 transmu-

1669 1870 1772 1894 tatum
1795 1870 1841 1894 est
1863 1863 1896 1894 in
1919 1863 2022 1894 maius
2045 1870 2100 1895 aut
2122 1864 2238 1896 minus.

1603 1908 1660 1939 Est
1683 1914 1790 1938 autem
1813 1908 1902 1949 quod
1920 1914 2077 1948 movetur,
2096 1908 2183 1939 aliud
2205 1909 2336 1950 quidem
2351 1920 2407 1950 per
2427 1910 2567 1951 seipsum
2583 1917 2666 1950 actu,

1670 1951 1756 1982 aliud
1778 1961 1853 1982 vero
1877 1952 2053 1982 secundum
2076 1952 2227 1984 accidens.
2256 1953 2358 1994 Ipsius
2381 1961 2488 1986 autem
2510 1955 2599 1996 quod
2621 1964 2667 1986 se-

1671 1996 1812 2027 cundum
1836 1996 1989 2034 accidens,
2014 1996 2074 2027 alia
2097 1996 2228 2039 quidem
2250 1998 2413 2038 possibilia
2443 2006 2517 2030 sunt
2545 1998 2667 2030 moveri

1669 2050 1725 2081 per
1748 2050 1792 2079 se,
1816 2047 1852 2071 ut
1874 2047 1976 2080 partes
2003 2039 2143 2081 corporis
2167 2047 2197 2072 et
2218 2041 2252 2072 in
2274 2042 2346 2073 navi
2369 2042 2490 2082 clavus;
2509 2043 2570 2074 alia
2590 2051 2666 2074 vero

1669 2094 1736 2114 non
1755 2091 1900 2125 possunt,
1925 2085 1979 2115 sed
1995 2094 2118 2126 semper
2133 2086 2310 2116 secundum
2333 2086 2486 2126 accidens,
2503 2094 2539 2119 ut
2553 2087 2666 2118 albedo

1670 2135 1701 2159 et
1723 2128 1861 2159 scientia.
1885 2129 1972 2159 Haec
1995 2128 2081 2159 enim
2103 2129 2147 2160 sic
2170 2135 2380 2171 transmutant
2400 2130 2521 2170 locum,
2542 2131 2618 2172 quia
2634 2130 2668 2162 id

1668 2172 1701 2202 in
1725 2182 1791 2214 quo
1815 2179 1889 2203 sunt
1907 2179 2142 2203 transmutatur.

1602 2214 1792 2254 *Quoniam
1815 2223 1922 2247 autem
1939 2216 2073 2248 dicimus
2092 2226 2158 2247 esse
2180 2217 2213 2247 in
2233 2218 2320 2249 caelo
2339 2218 2420 2249 sicut
2441 2218 2474 2249 in
2486 2219 2578 2259 loco,
2593 2219 2668 2261 quia

1669 2261 1702 2290 in
1725 2270 1805 2299 aere,
1822 2260 1873 2291 hic
1891 2267 1999 2291 autem
2020 2261 2054 2291 in
2077 2261 2164 2292 caelo
2184 2268 2248 2300 est;
2273 2268 2304 2293 et
2324 2262 2357 2292 in
2376 2273 2445 2294 aere
2469 2269 2576 2294 autem
2599 2273 2667 2295 non

1667 2298 1770 2343 omni,
1791 2305 1846 2335 sed
1868 2311 1998 2345 propter
2020 2305 2171 2336 ultimum
2193 2305 2292 2346 ipsius
2308 2313 2338 2337 et
2353 2307 2518 2338 continens
2539 2307 2574 2338 in
2597 2317 2667 2339 aere

1669 2359 1736 2379 esse
1755 2349 1876 2380 dicitur.
1900 2349 1933 2380 Si
1956 2348 2041 2379 enim
2064 2349 2168 2379 omnis
2187 2359 2239 2380 aer
2261 2349 2301 2380 sit
2322 2350 2424 2389 locus,
2439 2361 2506 2382 non
2528 2350 2668 2392 aequalis

1669 2393 1726 2423 erit
1757 2392 2008 2433 uniuscuiusque
2039 2393 2130 2423 locus
2163 2400 2193 2425 et
2224 2395 2480 2436 unumquodque
2513 2394 2665 2427 locatum.

1669 2436 1802 2467 Videtur
1825 2443 1932 2467 autem
1954 2436 2139 2467 huiusmodi
2162 2436 2303 2477 primum
2325 2438 2359 2468 in
2381 2448 2448 2479 quo
2472 2446 2527 2470 est.

1602 2528 1714 2561 *Cum
1737 2530 1867 2571 quidem
1889 2530 1984 2570 igitur
2002 2540 2068 2561 non
2085 2530 2222 2561 divisum
2245 2531 2284 2562 sit
2307 2532 2471 2563 continens
2494 2533 2550 2563 sed
2567 2533 2666 2565 conti-

1669 2584 1783 2612 nuum,
1807 2584 1873 2604 non
1897 2574 2009 2605 dicitur
2030 2585 2096 2605 esse
2115 2574 2147 2605 in
2170 2575 2225 2605 illo
2249 2575 2330 2606 sicut
2350 2576 2384 2606 in
2399 2576 2482 2615 loco,
2506 2577 2561 2608 sed
2583 2577 2665 2609 sicut

1669 2628 1739 2658 pars
1762 2618 1794 2648 in
1818 2625 1897 2649 toto.
1928 2618 2014 2649 Cum
2035 2629 2111 2649 vero
2134 2619 2270 2657 divisum
2293 2620 2332 2650 sit
2355 2626 2385 2651 et
2408 2627 2610 2661 contactum,
2633 2621 2667 2655 in

1670 2662 1774 2702 primo
1790 2662 1932 2703 quodam
1956 2669 2002 2693 est
2020 2662 2134 2694 ultimo
2151 2663 2349 2702 continentis,
2369 2665 2458 2705 quod
2476 2675 2579 2706 neque
2594 2675 2667 2706 pars

1669 2713 1716 2737 est
1731 2706 1829 2746 ipsius
1853 2706 1941 2747 quod
1961 2713 2007 2737 est
2029 2707 2061 2737 in
2084 2707 2174 2747 ipso,
2191 2717 2293 2748 neque
2308 2708 2410 2739 maius
2434 2708 2588 2748 distantia,
2612 2709 2668 2741 sed

1671 2750 1810 2791 aequale.
1835 2751 1870 2780 In
1895 2751 2008 2781 eodem
2032 2751 2117 2781 enim
2141 2758 2214 2782 sunt
2234 2752 2346 2783 ultima
2369 2762 2401 2783 se
2424 2753 2632 2793 tangentium.

1603 2794 1645 2833 Et
1667 2804 1742 2825 cum
1770 2794 1959 2826 continuum
1987 2795 2118 2835 quidem
2141 2795 2195 2834 sit,
2219 2805 2285 2826 non
2307 2796 2341 2826 in
2364 2796 2420 2827 ino
2444 2803 2590 2828 movetur
2611 2797 2667 2829 sed

1671 2848 1745 2869 cum
1768 2838 1843 2870 illo:
1867 2838 2004 2870 divisum
2020 2846 2127 2870 autem
2145 2839 2178 2870 in
2193 2839 2267 2879 illo*
2279 2847 2310 2871 et
2325 2840 2390 2871 sive
2413 2848 2579 2872 moveatur
2594 2851 2667 2873 con-

1669 2882 1771 2913 tinens
1795 2882 1859 2913 sive
1882 2893 1960 2922 non,
1985 2883 2063 2913 nihil
2086 2883 2202 2915 minus.
2649 2913 2661 2922 ,

1603 2927 1762 2967 Amplius,
1787 2937 1861 2957 cum
1882 2937 1947 2957 non
1971 2927 2107 2958 divisum
2130 2927 2180 2966 sit,
2204 2927 2285 2958 sicut
2307 2938 2378 2968 pars
2396 2928 2429 2959 in
2451 2934 2519 2959 toto
2542 2928 2665 2968 dicitur,

1670 2978 1706 3002 ut
1736 2970 1816 3001 sicut
1843 2971 1875 3001 in
1906 2971 2002 3002 oculo
2030 2971 2116 3002 visus
2146 2979 2177 3003 et
2198 2971 2237 3013 Kin
2267 2982 2398 3013 corpore
2426 2979 2562 3003 manus:
2591 2982 2666 3004 cum

1670 3021 1777 3045 autem
1801 3014 1938 3045 divisum
1961 3022 2016 3054 est,
2041 3022 2077 3046 ut
2099 3015 2131 3045 in
2156 3016 2234 3047 cado
2262 3026 2345 3058 aqua
2367 3023 2397 3047 et
2419 3016 2452 3046 in
2476 3016 2596 3058 scypho
2622 3017 2675 3048 vi-'

1670 3066 1767 3089 num:
1793 3069 1906 3089 manus
1930 3059 2015 3089 enim
2039 3069 2113 3090 cum
2129 3069 2261 3101 corpore
2283 3067 2440 3099 movetur,
2457 3070 2539 3102 aqua
2559 3067 2666 3092 autem

1670 3102 1703 3132 in
1727 3102 1816 3133 cado.

1603 3257 1643 3279 tet
1663 3251 1810 3280 attendere
1831 3251 1867 3279 ad
1896 3257 2032 3287 quatuor:
2059 3251 2091 3288 a)
2112 3257 2143 3279 ut
2164 3252 2332 3280 ostendatur
2357 3251 2426 3290 quid
2455 3252 2490 3281 sit
2516 3253 2606 3288 locus,
2635 3253 2665 3289 b)

1602 3297 1634 3319 ut
1660 3291 1806 3319 solvantur
1832 3300 2021 3328 quaecunque
2049 3290 2183 3328 opposita
2213 3297 2280 3319 sunt
2301 3291 2375 3320 circa
2396 3292 2509 3329 ipsum,
2531 3294 2557 3328 c)
2578 3298 2610 3320 ut
2630 3300 2665 3320 ex

1603 3329 1770 3359 definitione
1791 3331 1859 3359 data
1873 3330 2091 3359 manifestentur
2111 3330 2299 3368 proprietates
2318 3331 2383 3367 loci,
2399 3332 2429 3367 d)
2448 3338 2479 3360 ut
2500 3341 2586 3360 causa
2607 3331 2664 3360 dis·

1603 3369 1744 3398 sensionis
1765 3370 1951 3407 antiquorum
1973 3377 2000 3399 et
2014 3369 2147 3399 omnium
2168 3370 2371 3408 oppositorum
2392 3371 2466 3400 circa
2484 3371 2581 3400 locum
2602 3380 2663 3400 ma-

1603 3409 1704 3438 nifesta
1729 3409 1786 3438 fiat.
1807 3419 1866 3445 -4.
1889 3410 2052 3438 Subdivisio
2074 3417 2175 3439 textus.
2197 3426 2216 3431 —
2240 3411 2265 3439 5.
2289 3411 2421 3446 Quatuor
2446 3410 2663 3448 praenotamina

1602 3450 1639 3478 ad
1660 3449 1885 3487 investigandam
1913 3450 2112 3478 definitionem
2133 3449 2202 3478 loci:
2225 3452 2252 3486 a)
2276 3451 2364 3485 Quod
2385 3459 2534 3487 nunquam
2564 3449 2662 3478 fuisset

1603 3489 1770 3526 inquisitum
1792 3490 1827 3518 de
1849 3490 1932 3525 loco,
1955 3489 2009 3518 nisi
2034 3496 2108 3518 esset
2129 3489 2231 3526 aliquis
2252 3496 2349 3518 motus
2376 3490 2535 3518 seeundum
2555 3489 2661 3517 locum.

1603 3528 1680 3564 Quia
1700 3529 1777 3558 enim
1792 3529 1966 3557 succcessive
1980 3529 2164 3557 inveniuntur
2178 3529 2237 3557 duo
2252 3538 2376 3566 corpora
2389 3529 2418 3557 in
2432 3529 2536 3558 eodem
2550 3528 2616 3556 loco
2634 3534 2662 3556 et

1603 3569 1678 3596 idem
1700 3578 1805 3605 corpus
1826 3568 1855 3596 in
1876 3569 1991 3597 duobus
2012 3568 2098 3604 locis,
2120 3577 2235 3597 necesse
2255 3568 2308 3597 fuit
2328 3577 2436 3606 ponere
2463 3568 2559 3596 locum
2584 3566 2662 3596 aliud

1603 3617 1619 3636 a
1640 3609 1744 3637 locato.
1767 3624 1786 3630 -
1805 3607 1918 3645 Aliquis
1939 3614 2036 3636 motus
2057 3613 2098 3636 est
2119 3608 2276 3636 secundum
2300 3608 2396 3636 locum
2417 3615 2469 3644 per
2488 3615 2534 3642 se,
2556 3605 2662 3635 scilicet

2690 1212 2702 1224 ⁸
2715 1211 2784 1235 Tm.
2796 1195 2827 1241 ξι.

2692 1565 2702 1574 ·
2715 1562 2784 1586 Text.
2798 1569 2834 1592 3².

2695 2226 2839 2256 'Texta

2693 2539 2703 2548 ·
2717 2537 2786 2560 Text.
2799 2543 2849 2567 34>
