2898 3996
479 290 553 339 342

523 379 574 413 μις
608 367 629 403 η’
660 377 684 398 π
707 364 740 402 ὂς
774 365 837 400 τῆν
874 364 935 400 τῆς
975 361 1163 406 ἐπιστήμης

523 414 650 457 χρείαν.
699 409 830 441 οιοῦτον
848 403 892 444 δή
909 419 943 439 τι
960 408 1091 453 γίνεται
1106 407 1163 436 καὶ

525 456 565 487 τὸ
584 454 618 495 ἐξ
641 453 744 499 ἀρχῆς
766 454 798 485 ἒν
817 453 862 493 τῇ
888 451 949 488 τῆς
975 449 1165 493 ἐπιστήμης

525 499 676 544 ὑπαρχῇ·
697 498 758 534 τῆς
779 496 843 541 γοίρ
861 495 1017 539 ταραχῆς
1042 494 1164 537 ἠρεμία.

526 555 575 580 τις
599 545 656 574 καὶ
682 539 911 576 κατάστασις.
940 533 1025 570 Οὐδὲ
1049 534 1091 574 δή
1118 537 1165 569 τοὶ

525 582 647 619 παιδία
672 581 819 616 δύναται
844 582 960 626 μαθεῖν
993 577 1070 613 οὐδὲ
1100 583 1165 624 κρί-

525 642 589 661 νειν
625 633 700 666 ταῖς
732 626 923 663 αἰσθήσεσιν
950 627 1068 667 ὁμοίως
1093 628 1163 662 τοῖς

525 673 767 718 πρεςβυτέροις.
794 670 904 706 Πολλή
923 670 987 715 γάρ
1013 670 1033 705 ή
1060 680 1165 711 ταρα-

524 718 569 764 χή
593 719 664 761 περὶ
690 715 784 748 αὐταὶ
806 717 863 747 καὶ
889 715 909 751 ή
933 715 1070 750 κίνησις.
1098 714 1165 743 Κα-

524 764 688 794 θίσταται
713 756 750 792 δὲ
773 761 830 791 καὶ
856 757 1005 791 παύεται
1025 757 1087 794 τῆς
1105 767 1166 788 τα-

525 806 631 851 ραχῆς
657 804 740 837 τοτὲ
791 803 822 835 ἐν
849 802 914 834 ὑπὸ
941 802 1002 839 τῆς
1024 800 1163 844 φύσεως,

526 850 608 883 τοτὲ
624 844 654 880 δ’
675 849 729 880 ὁπ’
752 849 872 880 αλλων.
891 847 947 877 Ἐν
967 843 1166 888 ἀμφοτέροις

1262 365 1294 394 ἰη
1325 365 1470 395 scientiae
1498 364 1680 395 existentia:
1716 364 1903 395 turbationis

1263 408 1347 439 enim
1371 408 1460 449 quies
1484 408 1639 448 quaedam
1668 414 1698 438 et
1725 408 1901 439 residentia.

1261 453 1372 493 Neque
1395 452 1490 492 igitur
1512 451 1644 481 infantes
1668 459 1802 490 possunt
1818 452 1903 483 addi-

1262 507 1346 528 scere
1365 505 1469 536 neque
1488 495 1624 525 iudicare
1646 495 1800 534 sensibus,
1816 496 1902 527 simi-

1260 541 1330 572 liter
1353 547 1388 571 ut
1410 538 1594 579 presbyteri:
1615 538 1716 574 multa
1734 539 1819 570 enim
1834 550 1902 580 per-

1262 583 1397 616 turbatio
1418 582 1496 614 circa
1514 582 1601 622 ipsos
1617 589 1647 613 et
1663 590 1779 614 motuS.
1799 584 1904 615 statur

1262 635 1369 659 autern
1379 634 1409 657 et
1419 626 1561 667 pulsatur
1574 626 1722 665 turbatio,
1733 627 1903 668 aliquando

1262 672 1391 713 quidem
1415 681 1431 700 a
1455 676 1579 707 natura,
1603 669 1773 710 aliquando
1797 679 1904 703 autem

1262 717 1301 746 ab
1311 715 1391 745 aliis:
1409 714 1440 744 in
1452 713 1592 754 utrisque
1602 720 1708 744 autem
1719 714 1768 745 his
1783 715 1904 747 alterari

1263 758 1381 799 aliquid
1404 757 1525 794 accidit,
1550 757 1630 787 sicut
1649 767 1723 788 cum
1746 767 1851 799 surgat
1873 767 1904 792 et

1261 803 1316 833 fiat
1344 801 1474 841 vigilans
1498 801 1537 830 ad
1561 807 1675 831 actum.
1699 803 1903 834 Manifestum

1262 846 1356 886 igitur
1389 844 1477 885 quod
1506 844 1613 884 ipsum
1650 845 1839 877 alterationis
1870 847 1901 878 in

1093 284 1436 322 PHYSICORUM
1463 284 1809 322 ARISTOTELIS
1838 284 1933 320 LIB.
1961 284 2031 321 VII

2005 359 2053 399 τῷ
2072 359 2136 405 γσὶρ
2156 359 2387 394 καθίστασθαι
2404 362 2468 399 τὴν
2485 362 2593 408 ψυχήν
2612 363 2648 395 ἐκ

2004 404 2066 440 τῆς
2091 405 2229 447 φυσικῆς
2253 406 2409 450 ταραχῆς
2433 406 2588 451 φρόνιμόν
2613 419 2648 440 τι

2003 448 2137 492 γίνεται
2152 450 2210 480 καὶ
2231 449 2432 493 ἐπιστῆμον.
2455 451 2511 483 Διά
2527 453 2584 483 καὶ
2601 451 2650 484 τοὶ

2005 486 2127 524 παιδία
2167 491 2246 524 οὔτε
2283 492 2463 538 μανθάνειν
2498 490 2648 527 δύναται

2004 534 2082 568 οὔτε
2106 536 2202 568 κατα
2233 537 2295 574 τοὶς
2326 536 2495 576 αἰσθήσεις
2527 539 2647 583 ὁμοίως

2002 581 2120 623 κρίνειν
2153 584 2223 618 τοῖς
2256 579 2504 626 πρεσβυτέροις·
2536 582 2648 620 πολλῆ

2029 624 2066 667 οὶρ
2092 625 2113 660 ή
2136 625 2275 668 ταραγή
2299 627 2357 658 καὶ
2379 626 2399 662 ή
2417 627 2554 664 κίνησις.
2581 627 2651 658 Κα-

2002 634 2167 701 θίσταται
2198 661 2321 703 &emt
2346 669 2542 722 ἠρεμίζεται
2567 670 2647 712 πρὸς

2004 713 2076 745 ἐ’νια
2101 711 2159 755 μὲν
2191 713 2256 744 ὑπὸ
2282 714 2344 752 τῆς
2369 724 2494 757 φυσεως
2524 713 2648 754 αὐτῆς,

2004 756 2084 801 πρὸς
2109 755 2182 788 ἔνια.
2206 751 2235 788 δ’
2257 758 2312 789 ὑπ’
2335 757 2457 790 ἄλλων·
2485 757 2517 790 ἐν
2545 758 2651 802 ἀμφο-

2004 800 2111 844 τέροις
2137 795 2174 832 δὲ
2196 798 2440 845 ἀλλοιουμένων
2459 802 2556 835 τινῶν
2581 803 2648 834 τῶν

2004 843 2038 876 ἐν
2063 846 2111 885 τῷ
2136 843 2287 889 σώματι,
2314 844 2469 891 καθάπερ
2501 846 2556 879 ἐπὶ
2586 847 2649 884 τῆς

488 910 490 913 ’
525 891 562 927 δὲ
582 892 716 929 τούτοις
737 889 954 924 ἀλλοιοῦσθαί
974 900 1007 920 τι
1025 888 1165 931 συμβαί-

525 950 586 979 νει,
603 936 756 978 καθάπερ
783 934 866 968 ὅταν
892 932 1011 980 ἐγερθῇ
1035 933 1094 964 καὶ
1113 930 1166 977 γέ-

525 993 627 1019 νηται
654 980 762 1023 νήφων
789 978 868 1023 πρὸς
893 977 956 1014 τήν
983 975 1162 1021 ἐνέργειαν.

524 1024 670 1069 Φανερὸν
701 1023 757 1056 οὖν
791 1022 844 1054 ὅτι
869 1022 909 1054 τὸ
934 1022 995 1058 τῆς
1029 1019 1169 1052 ἀλλοιώ-

526 1082 606 1106 σεως
627 1070 659 1100 ἑν
685 1073 754 1104 τοῖς
781 1066 953 1103 αἰσθητοῖς
977 1066 1035 1096 καὶ
1061 1064 1093 1096 ὲν
1118 1065 1166 1104 τῷ

527 1112 708 1154 αἰσθητικῷ
745 1110 834 1155 μέρει
867 1110 928 1147 τῆς
964 1108 1094 1154 ψυχῆς,
1134 1109 1166 1140 ὲν

529 1158 616 1197 ἄλλῳ
647 1151 675 1187 δ’
707 1154 813 1188 οὐθενὶ
845 1154 934 1190 πλήν
966 1153 1062 1185 κατα
1089 1163 1169 1196 συμ-

527 1199 678 1241 βεβηκός.

535 1306 674 1333 SYNoPsrs
690 1321 724 1325 —
740 1313 763 1332 1.
785 1304 995 1340 Argumentum
1016 1308 1044 1330 et
1061 1301 1162 1329 divisio
1177 1307 1277 1328 textus.
1293 1317 1312 1322 -
1324 1307 1350 1328 2.
1372 1299 1455 1327 Circa
1475 1299 1536 1327 ani-

483 1354 548 1373 mae
567 1344 683 1372 virtutes
697 1350 725 1372 et
738 1343 813 1378 vitia,
835 1351 908 1379 quae
929 1341 1071 1379 pertinent
1085 1341 1121 1368 ad
1136 1347 1246 1377 partem
1266 1339 1457 1376 appetitivam,
1477 1348 1538 1367 non

484 1391 526 1412 est
546 1383 640 1420 primo
662 1390 689 1411 et
709 1392 759 1420 per
780 1391 810 1410 se
830 1382 968 1410 alteratio.
990 1380 1086 1410 Virtus
1108 1380 1185 1408 enim
1203 1386 1244 1407 est
1264 1378 1409 1415 perfectio,
1432 1378 1539 1406 malitia

483 1433 551 1451 vero
573 1422 718 1459 corruptio
739 1428 767 1450 et
787 1421 910 1450 remotio
929 1419 1126 1457 perfectionis;
1148 1420 1198 1447 sed
1219 1418 1289 1446 nihil
1303 1418 1405 1446 dicitur
1425 1417 1538 1446 alterari

484 1463 601 1499 quando
622 1461 773 1498 perficitur,
795 1467 822 1488 et
843 1461 942 1488 eadem
957 1459 1068 1488 ratione
1085 1468 1178 1495 neque
1199 1458 1316 1494 quando
1329 1457 1538 1494 corrumpitur,

484 1511 551 1538 ergo
566 1502 723 1529 secundum
737 1501 868 1529 virtutem
883 1506 911 1527 et
925 1499 1061 1527 malitiam
1076 1507 1135 1526 non
1150 1504 1192 1526 est
1205 1497 1343 1532 alteratio,
1359 1496 1431 1525 sicut
1444 1505 1539 1533 neque

484 1541 642 1569 secundum
662 1541 769 1568 formas
791 1546 818 1567 et
838 1538 953 1575 figuras.
975 1555 993 1559 -
1016 1538 1041 1565 3.
1062 1538 1198 1565 Attamen
1216 1537 1345 1573 acceptio
1367 1543 1395 1564 et
1415 1535 1539 1564 remotio

483 1580 592 1608 virtutis
608 1586 635 1607 et
656 1579 778 1607 malitiae
798 1579 835 1606 ad
856 1578 974 1606 alicuius
994 1576 1192 1611 alterationem
1215 1576 1407 1613 consequitur.
1434 1576 1538 1604 Osten-

484 1620 559 1647 ditur
580 1618 736 1654 dupliciter.
759 1620 787 1653 a)
808 1617 904 1644 Virtus
924 1616 1040 1645 moralis
1054 1617 1098 1644 vel
1119 1622 1161 1644 est
1176 1616 1398 1654 impassibilitas,
1419 1625 1469 1643 seu
1490 1625 1539 1644 va-

483 1659 572 1687 cuitas
593 1657 705 1686 animae
726 1667 744 1685 a
764 1656 953 1693 passionibus,
975 1655 1051 1684 iuxta
1072 1655 1201 1691 Stoicos;
1223 1655 1268 1684 vel
1289 1654 1418 1683 consistit
1438 1654 1468 1683 in
1489 1655 1538 1683 de-

482 1697 633 1726 terminata
644 1696 840 1725 moderatione
854 1695 1031 1732 passionum,
1045 1696 1203 1723 secundum
1213 1694 1407 1723 Aristotelem.
1422 1695 1539 1722 Utrum-

483 1737 551 1765 libet
571 1743 666 1764 autem
682 1736 799 1771 dicatur,
821 1741 935 1772 oportet
955 1735 992 1762 ad
1013 1734 1218 1772 acquirendam
1234 1734 1377 1769 virtutem,
1396 1735 1475 1771 quod
1490 1734 1540 1762 fiat

483 1776 611 1805 alteratio
632 1775 728 1812 aliqua
749 1775 778 1802 in
798 1781 878 1811 parte
899 1774 1033 1802 sensitiva
1054 1774 1182 1809 animae,
1211 1783 1262 1810 per
1282 1782 1370 1810 quam
1391 1773 1540 1809 passiones

482 1816 527 1844 vel
547 1815 671 1844 totaliter
695 1821 912 1848 removeantur,
933 1814 977 1842 vel
999 1814 1036 1842 ad
1062 1813 1290 1842 mediocritatem
1317 1813 1498 1841 reducantur.
1520 1828 1539 1833 —

482 1865 510 1890 4.
533 1856 560 1890 b)
582 1856 657 1883 Cum
671 1854 766 1882 omnis
787 1853 956 1890 appetitivae
974 1853 1084 1881 virtutis
1106 1853 1235 1889 operatio
1256 1852 1424 1880 terminetur
1438 1853 1476 1880 ad
1490 1853 1540 1880 de-

483 1894 664 1922 lectationem
686 1900 713 1921 et
731 1893 888 1928 tristitiam,
914 1892 1002 1921 virtus
1024 1893 1141 1921 moralis
1162 1891 1292 1920 consistit
1313 1891 1342 1919 in
1363 1893 1428 1927 hoc,
1443 1898 1475 1919 ut
1489 1901 1540 1928 per

483 1943 547 1962 eam
575 1933 747 1962 delectemur
761 1939 788 1961 et
808 1933 953 1960 tristemur
972 1933 1044 1964 sicut
1065 1938 1194 1968 oportet:
1217 1931 1366 1959 delectatio
1395 1937 1491 1959 autem
1513 1937 1541 1959 et

482 1973 602 2008 tristitia,
618 1973 675 2000 sive
690 1972 746 2000 sint
760 1973 796 2000 de
810 1981 840 2000 re
854 1972 1004 2008 praesenti,
1026 1971 1085 2000 sive
1103 1973 1138 1999 de
1153 1981 1183 1999 re
1202 1970 1354 2007 praeterita
1374 1971 1418 2005 vel
1437 1971 1540 2006 futura,

482 2013 642 2049 procedunt
656 2021 689 2040 ex
703 2011 871 2048 operatione
891 2020 1006 2047 sensus,
1029 2018 1057 2039 et
1070 2011 1136 2039 ideo
1151 2019 1212 2039 non
1233 2016 1299 2038 sunt
1313 2009 1374 2038 sine
1390 2009 1486 2047 aliqua
1500 2010 1540 2038 al-

482 2052 621 2080 teratione
641 2051 729 2088 partis
750 2050 908 2079 sensitivae.
927 2067 943 2072 -
957 2052 1021 2079 Hoc
1035 2057 1131 2079 autem
1153 2050 1255 2078 dicitur
1269 2050 1305 2078 de
1318 2050 1421 2078 virtute
1438 2049 1540 2078 morali

483 2093 520 2119 ad
536 2091 723 2119 differentiam
739 2090 935 2118 intellectualis
950 2090 1069 2125 virtutis,
1092 2099 1166 2127 quae
1180 2089 1266 2118 etiam
1287 2090 1373 2118 habet
1394 2098 1476 2117 suam
1491 2090 1540 2117 de-

482 2131 677 2165 lectationem,
706 2131 757 2158 sed
778 2139 839 2158 non
860 2131 1019 2158 secundum
1040 2139 1165 2158 sensum.
1190 2146 1209 2150 -
1233 2129 1260 2157 5.
1289 2130 1389 2166 Neque
1410 2128 1440 2156 in
1461 2135 1541 2165 parte

482 2170 651 2198 intellectiva
664 2169 777 2198 animae
791 2175 834 2197 est
847 2169 986 2198 alteratio.
1008 2170 1149 2197 Probatur
1163 2168 1257 2205 primo
1276 2168 1306 2196 in
1319 2167 1453 2205 generali.
1475 2169 1541 2196 Non

483 2210 565 2238 datur
586 2218 636 2246 per
657 2218 687 2237 se
708 2209 838 2237 alteratio
852 2209 881 2236 in
895 2208 938 2236 his
953 2218 1026 2246 quae
1041 2215 1107 2236 sunt
1122 2209 1160 2236 ad
1176 2208 1285 2245 aliquid
1299 2208 1344 2244 (cf.
1362 2207 1411 2236 lib.
1427 2208 1462 2242 V,
1477 2207 1540 2235 lect.

481 2257 522 2284 111,
537 2259 564 2277 n.
581 2251 618 2285 7):
633 2248 751 2276 scientia
764 2255 869 2284 autem,
881 2257 954 2284 quae
971 2254 1013 2276 est
1026 2248 1114 2276 virtus
1129 2247 1306 2283 intellectiva,
1317 2254 1359 2275 est
1372 2247 1409 2275 ad
1423 2246 1540 2284 aliquid.

482 2290 556 2317 Nam
577 2288 692 2316 nonnisi
707 2287 736 2316 in
751 2297 854 2325 genere
874 2287 1020 2316 relationis
1041 2287 1155 2315 advenit
1176 2287 1283 2323 aliquid
1302 2287 1337 2314 de
1358 2295 1436 2314 novo
1457 2285 1541 2315 alicui

483 2329 590 2364 absque
612 2328 672 2356 eius
686 2327 857 2355 mutatione:
881 2327 931 2355 sed
952 2327 1070 2355 scientia
1090 2327 1121 2355 fit
1142 2327 1219 2354 nulla
1241 2325 1400 2354 mutatione
1416 2326 1490 2354 facta
1510 2325 1540 2353 in

481 2374 561 2403 parte
579 2367 762 2401 intellectiva;
784 2376 817 2395 ex
838 2366 1011 2403 experientia
1029 2365 1104 2394 enim
1119 2365 1341 2403 particularium,
1362 2374 1436 2402 quae
1454 2365 1539 2401 perti-

482 2413 552 2434 nent
572 2407 608 2434 ad
629 2416 749 2441 sensus,⁸
760 2405 916 2442 accipimus
937 2406 1084 2434 scientiam
1110 2405 1276 2434 universalis
1297 2405 1327 2433 in
1347 2405 1501 2433 intellectu.
1522 2421 1542 2427 -

483 2447 510 2474 6.
522 2447 662 2474 Probatur
676 2446 705 2474 in
720 2445 849 2482 speciali;
865 2452 892 2473 et
906 2445 1000 2482 primo
1016 2451 1156 2482 quantum
1171 2445 1208 2473 ad
1222 2445 1362 2473 actualem
1377 2444 1541 2472 considera-

482 2485 600 2521 tionem,
616 2495 689 2523 quae
710 2492 752 2513 est
765 2495 834 2513 usus
853 2485 987 2513 scientiae
1008 2485 1065 2513 iam
1080 2485 1202 2513 habitae.
1223 2485 1314 2512 Actus
1333 2483 1475 2520 scientiae,
1490 2493 1541 2512 seu

621 2678 634 2725 ζ’,
651 2714 659 2720 »
685 2694 701 2741 J
742 2691 851 2728 litatis
879 2699 1063 2740 quantum
1083 2691 1131 2728 ad
1161 2690 1426 2739 dispositiones
1455 2703 1536 2727 cor-

633 2775 639 2787 „
676 2742 728 2754 ¹
742 2745 855 2793 poris,
875 2745 936 2781 hic
956 2744 1119 2781 ostendit
1146 2744 1249 2780 idem
1270 2743 1316 2780 de
1345 2743 1534 2780 habitibus

482 2795 641 2833 animae.
672 2797 720 2832 Et
745 2797 869 2846 primo
898 2804 1083 2845 quantum
1111 2797 1159 2833 ad
1190 2803 1338 2845 partem
1367 2796 1535 2845 appetiti-

1263 889 1460 920 sensibilibus
1481 894 1537 926 est,
1558 895 1588 919 et
1609 888 1642 919 in
1666 889 1802 920 sensibili
1817 898 1904 931 parte

1264 933 1402 964 animae:
1428 932 1461 962 in
1485 931 1548 962 alio
1576 939 1683 964 autem
1705 933 1812 972 nullo,
1844 934 1903 965 nisi

1264 977 1439 1008 secundum
1463 975 1614 1007 accidens.

2005 887 2163 935 ἑγέρσεως
2185 891 2244 921 καὶ
2270 890 2332 927 τῆς
2358 888 2538 935 ἐνεργείας,
2565 888 2648 923 ὅταν

2003 931 2113 977 νήφων
2133 932 2277 978 γένηται
2300 936 2358 966 καὶ
2383 932 2516 980 ἐγερθῇ.
2542 935 2650 966 Φανε-

2004 976 2059 1020 ρόν
2085 974 2142 1008 οὖν
2168 977 2204 1009 ἐκ
2229 979 2295 1009 τῶν
2315 978 2506 1022 εἰρημένων,
2529 977 2583 1012 ὅτι
2607 978 2649 1011 τὸ

2007 1019 2225 1053 ἀλλοιοῦσθαι
2245 1023 2303 1055 καὶ
2320 1022 2341 1059 ἡ
2361 1019 2536 1060 ἀλλοίωσις
2556 1022 2589 1055 ἔν
2607 1034 2647 1054 τε

2006 1068 2077 1102 τοῖς
2103 1063 2277 1103 αὶσθητοϊς
2301 1068 2434 1112 γίνεται
2460 1067 2517 1098 καὶ
2544 1066 2576 1098 ἓν
2602 1067 2650 1108 τῷ

2006 1107 2190 1149 αἰσθητικῷ
2208 1108 2297 1154 μέρει
2314 1110 2378 1147 τῆς
2399 1108 2520 1154 ψυχῆς,
2541 1109 2573 1142 ὲν
2591 1110 2650 1142 ἄλ-

2004 1153 2050 1236 t73sp
2073 1147 2110 1229 όδ’
2142 1148 2249 1185 οὐδενὶ
2283 1153 2373 1190 πλήν
2405 1153 2501 1186 κατὰ
2531 1154 2651 1198 συμβε-

2027 1207 2070 1233 ηκ
2092 1208 2119 1234 ς.

1592 1299 1686 1336 ipsum
1704 1299 1868 1337 intelligere,
1883 1309 1944 1328 non
1958 1307 2001 1328 est
2021 1301 2169 1338 generatio
2192 1301 2238 1330 vel
2251 1301 2393 1331 alteratio:
2415 1311 2483 1331 nam
2497 1309 2577 1332 actus
2590 1312 2653 1332 non

1592 1339 1660 1367 dicit
1673 1339 1887 1376 generationem
1901 1339 2021 1368 alicuius
2034 1340 2176 1378 principii,
2191 1341 2242 1369 sed
2256 1341 2347 1378 magis
2359 1351 2528 1378 processum
2542 1349 2560 1371 a
2573 1341 2652 1380 prin-

1592 1378 1668 1415 cipio
1682 1379 1784 1407 activo.
1799 1395 1819 1401 -
1832 1379 1908 1407 Nihil
1921 1385 2019 1408 tamen
2040 1380 2174 1417 prohibet
2187 1380 2314 1417 aliquem
2335 1387 2430 1410 actum
2451 1381 2590 1420 consequi
2603 1390 2651 1419 ge-

1592 1418 1771 1446 nerationem
1791 1419 1836 1446 vel
1856 1419 2064 1448 alterationem.
2086 1436 2105 1441 —
2126 1429 2153 1456 7.
2177 1420 2320 1448 Probatur
2339 1421 2419 1457 quod
2439 1428 2534 1458 neque
2554 1421 2585 1450 in
2604 1430 2653 1450 ao-

1592 1457 1724 1494 ceptione
1739 1457 1872 1487 scientiae
1887 1465 1929 1487 est
1943 1459 2090 1495 generatio
2104 1460 2149 1487 vel
2162 1459 2301 1488 alteratio.
2323 1459 2448 1489 Scientia
2461 1469 2513 1489 seu
2525 1460 2652 1498 cognitio

1592 1497 1780 1534 speculativa,
1809 1504 1837 1526 et
1863 1498 2015 1535 prudentia
2041 1508 2093 1527 seu
2112 1498 2186 1527 ratio
2206 1499 2339 1535 practica,
2360 1499 2516 1528 adveniunt
2538 1500 2653 1529 animae

1591 1546 1644 1573 per
1670 1537 1763 1565 solam
1785 1537 1991 1574 quietationem
2013 1544 2041 1566 et
2060 1538 2244 1567 residentiam
2265 1538 2459 1575 corporalium
2487 1539 2652 1568 motionum

1592 1583 1620 1604 et
1641 1576 1818 1604 sensibilium
1846 1577 2029 1614 passionum:
2057 1587 2118 1606 non
2146 1586 2215 1615 ergo
2243 1577 2430 1615 acquiruntur
2454 1587 2506 1616 per
2525 1578 2653 1616 aliquam

1592 1617 1806 1653 generationem
1820 1617 1866 1645 vel
1879 1616 2087 1645 alterationem.
2108 1617 2304 1646 Manifestatur
2317 1618 2390 1647 ratio
2410 1626 2462 1654 per
2479 1618 2618 1656 exempla.
2632 1634 2652 1640 —

1594 1655 1669 1690 Quia
1690 1655 1758 1684 vero
1780 1655 1810 1683 in
1831 1656 1887 1684 hoc
1912 1657 1993 1693 quod
2012 1656 2138 1685 turbatio
2158 1656 2328 1694 passionum
2347 1657 2475 1694 quiescit,
2496 1657 2653 1687 attenditur

1593 1695 1736 1732 quaedam
1749 1695 1880 1724 alteratio
1895 1696 2053 1724 secundum
2067 1702 2178 1733 partem
2193 1696 2365 1733 sensitivam,
2376 1703 2456 1733 patet
2469 1697 2550 1735 quod
2563 1697 2652 1726 etiam

1593 1734 1720 1770 acceptio
1742 1733 1875 1763 scientiae
1897 1735 2083 1772 consequitur
2103 1736 2141 1764 ad
2161 1735 2288 1773 aliquam
2309 1736 2517 1765 alterationem.
2535 1753 2555 1759 -
2570 1737 2651 1765 Con-

1593 1773 1683 1802 clusio
1697 1773 1848 1810 generalis,
1870 1775 1951 1811 quod
1971 1784 2076 1811 nempe
2090 1775 2219 1804 alteratio
2241 1782 2283 1803 est
2303 1775 2334 1804 in
2355 1775 2550 1812 sensibilibus,
2574 1782 2602 1804 et
2622 1775 2654 1804 in

1593 1819 1673 1849 parte
1695 1813 1829 1842 sensitiva
1849 1813 1976 1849 animae;
1998 1815 2048 1842 sed
2069 1814 2099 1842 in
2120 1821 2202 1851 parte
2214 1815 2384 1843 intellectiva
2397 1815 2514 1844 nonnisi
2533 1825 2585 1853 per
2604 1824 2653 1845 ac-

1594 1852 1701 1881 cidens.
1717 1869 1736 1874 -
1751 1853 1779 1881 8.
1800 1853 1996 1881 Manifestatur
2017 1855 2168 1890 quomodo
2183 1863 2217 1882 ea
2235 1863 2310 1891 quae
2330 1854 2406 1883 dicta
2426 1861 2493 1884 sunt
2512 1864 2542 1884 n.
2556 1862 2654 1892 praee.

1594 1898 1622 1920 et
1636 1901 1716 1920 num.
1734 1892 1760 1927 5,
1775 1899 1988 1929 consequantur
2001 1893 2161 1921 secundum
2179 1893 2348 1930 opinionem
2363 1893 2503 1930 Platonis,
2517 1893 2653 1932 ponentis

1593 1931 1701 1960 formas
1715 1938 1860 1968 separatas
1874 1941 1991 1960 causare
2012 1932 2160 1961 scientiam
2177 1932 2207 1961 in
2225 1933 2310 1961 nobis
2324 1942 2376 1970 per
2389 1933 2446 1962 hoc
2459 1934 2540 1970 quod
2554 1932 2654 1964 anima

1594 1979 1642 1999 eas
1656 1970 1815 2008 aliqualiter
1834 1971 1993 2008 participat,
2008 1971 2048 2000 ita
2061 1973 2141 2009 quod
2161 1972 2224 2009 ipsa
2244 1972 2423 2009 participatio
2442 1973 2601 2002 formarum
2621 1973 2655 2002 in

1594 2010 1691 2038 anima
1711 2010 1747 2038 sit
1769 2010 1895 2039 scientia.
1922 2011 1986 2039 Sed·
1999 2011 2160 2040 Aristotelis
2189 2011 2288 2048 opinio
2313 2018 2357 2040 est
2377 2013 2457 2049 quod
2484 2011 2602 2045 scientia
2621 2012 2656 2041 fit

1594 2049 1624 2078 in
1638 2049 1736 2078 anima
1748 2059 1800 2086 per
1813 2051 1869 2078 hoc
1883 2051 1964 2087 quod
1984 2051 2092 2087 species
2113 2050 2312 2088 intelligibiles,
2328 2052 2486 2080 abstractae
2505 2060 2557 2088 per
2569 2051 2655 2086 intel-

1594 2089 1699 2118 lectum
1713 2095 1854 2126 agentem,
1869 2089 2044 2126 recipiuntur
2057 2090 2087 2118 in
2102 2089 2246 2119 intellectu
2260 2090 2404 2127 possibili:
2425 2091 2504 2119 unde
2517 2097 2546 2120 et
2557 2090 2654 2128 ipsum

1594 2129 1748 2166 intelligere
1763 2129 1866 2157 dicitur
1879 2130 1915 2157 ab
1929 2129 2083 2158 Aristotele
2097 2130 2246 2167 quoddam
2267 2130 2335 2166 pati,
2356 2129 2421 2158 licet
2440 2130 2496 2159 alia
2509 2129 2546 2159 sit
2631 2131 2657 2153 ὀ

1594 2168 1687 2196 bilitas
1702 2177 1802 2196 sensus
1823 2174 1851 2197 et
1871 2168 2038 2197 intellectus.
2053 2185 2073 2190 —
2087 2178 2115 2205 9.
2138 2170 2290 2198 Salvantur
2310 2176 2408 2198 tamen
2426 2138 2656 2206 praedietssarii-

1594 2207 1687 2236 tiones
1708 2207 1795 2236 etiam
1822 2208 1980 2236 secundum
2001 2208 2170 2244 opinionem
2194 2208 2365 2237 Aristotelis.
2396 2210 2470 2238 Nam
2494 2209 2655 2242 intellectus

1593 2246 1738 2284 possibilis
1765 2248 1925 2275 secundum
1953 2257 1983 2276 se
2011 2257 2124 2284 semper
2151 2255 2194 2276 est
2217 2248 2246 2276 in
2271 2248 2373 2277 ultima
2400 2248 2595 2286 dispositione
2615 2249 2655 2278 ad

1594 2286 1787 2323 recipiendam
1809 2287 1932 2315 formam
1954 2287 2175 2324 intelligibilem:
2197 2288 2275 2316 unde
2296 2287 2320 2316 si
2334 2297 2395 2316 non
2409 2288 2445 2316 sit
2459 2297 2493 2317 ex
2505 2288 2563 2317 alia
2573 2294 2655 2325 parte

1594 2326 1843 2362 impedimentum,
1858 2326 1953 2362 statim
1974 2327 2011 2354 ad
2032 2327 2223 2363 praesentiam
2245 2327 2349 2356 obiecti
2363 2336 2414 2364 per
2428 2327 2655 2364 experimentum

1593 2365 1692 2401 habiti,
1714 2365 1829 2394 advenit
1842 2366 1868 2394 ei
1882 2365 1990 2402 species
2011 2366 2202 2404 intelligibilis.
2224 2366 2253 2394 Si
2268 2376 2336 2395 vero
2355 2367 2391 2395 sit
2404 2366 2653 2404 impedimentum,

1594 2405 1652 2433 sive
1671 2414 1705 2433 ex
1720 2411 1800 2442 parte
1821 2405 1951 2442 corporis
1978 2405 2036 2434 sive
2057 2415 2091 2434 ex
2110 2412 2191 2443 parte
2221 2414 2374 2442 sensuum,
2400 2412 2514 2443 oportet
2533 2403 2655 2444 impe&-

1594 2450 1724 2472 mentum
1744 2444 1861 2480 auferri,
1883 2445 1921 2473 ad
1942 2445 1998 2473 hoc
2019 2445 2099 2482 quod
2119 2445 2228 2482 species
2253 2445 2438 2483 intelligibilis
2459 2445 2489 2475 in
2503 2445 2655 2483 ⁴intellectu

1593 2484 1725 2512 resultet:
1747 2490 1775 2512 et
1795 2484 1836 2512 sic
1855 2493 1908 2521 per
1929 2484 2062 2513 accidens
2083 2485 2244 2514 necessaria
2265 2492 2307 2513 est
2327 2485 2467 2514 alteratio.

1588 2585 1676 2633 quia
1710 2585 1853 2623 eisdem
1882 2585 2089 2623 rationibus
2115 2585 2381 2635 procedit‘ad
2408 2586 2652 2635 probandum

1588 2637 1794 2687 sequentia,
1820 2638 1956 2687 quibus
1986 2646 2022 2675 et
2047 2638 2187 2687 priora.
2217 2639 2278 2676 Ad
2309 2639 2385 2676 hoc
2416 2645 2544 2676 autem
2562 2649 2652 2688 pro·

1589 2690 1759 2728 bandum
1778 2691 1936 2728 assumit
1967 2691 2162 2740 quandam
2179 2691 2493 2741 propositionem,
2515 2690 2654 2729 scilicet

1589 2743 1693 2792 quod
1711 2743 1830 2781 virtus
1855 2744 1901 2780 sit
1923 2744 2103 2792 perfectio
2129 2745 2332 2792 quaedam.
2358 2744 2476 2792 Quod
2494 2744 2651 2794 quidem
2701 2770 2704 2772 >

1589 2796 1641 2833 sic
1655 2797 1807 2845 probat:
1828 2796 1917 2844 quia
1930 2797 2236 2846 unumquodque
2250 2805 2339 2834 tunc
2359 2803 2414 2835 est
2427 2797 2649 2850 perfectum,

480 2860 588 2895 vam3
618 2850 784 2886 secundo
805 2857 988 2898 quantum
1017 2842 1231 2898 ad‘partem
1255 2849 1533 2897 intellectivam,
1589 2849 1743 2898 quando
1769 2849 1983 2898 pertingere
2010 2857 2136 2899 potest
2160 2849 2210 2887 ad
2235 2849 2429 2899 propriam
2453 2850 2650 2897 virtutem,

247 2904 255 2911 '
270 2902 339 2924 Num·
353 2909 373 2931 ⁵·
481 2900 549 2937 ibi:
569 2902 619 2937 At
644 2913 733 2938 vero
753 2914 870 2950 neque
889 2903 925 2939 in
946 2902 1163 2939 intellectiva
1176 2907 1287 2950 parte
1303 2902 1323 2923 *
1337 2909 1405 2939 etc.
1427 2902 1536 2939 Circa
1589 2901 1682 2939 sicut
1700 2902 1868 2939 naturale
1889 2915 2027 2951 corpus
2041 2910 2131 2939 tunc
2146 2903 2166 2924 ³*
2180 2903 2389 2952 perfectum
2409 2909 2476 2950 est,
2492 2902 2648 2951 quando
2677 2907 2701 2955 ζ,
2713 2932 2751 2956 ⁴,

482 2953 647 3001 primum
677 2953 753 2990 duo
782 2955 883 2991 facit:
912 2955 1036 3004 primo
1061 2955 1224 2992 ostendit
1251 2955 1355 3003 quod
1383 2967 1461 2991 non
1482 2962 1536 2992 est
1587 2962 1712 3004 potest
1740 2954 1840 2992 aliud
1860 2955 1880 2976 ²²
1901 2954 1971 2992 sibi
2000 2954 2120 2992 simile
2147 2956 2287 3002 facere,
2316 2955 2420 3003 quod
2449 2962 2506 2992 est
2530 2954 2649 2993 virtus

483 3005 647 3042 alteratio
675 3006 798 3054 primo
828 3015 863 3044 et
889 3020 957 3056 per
985 3020 1025 3044 se
1052 3008 1091 3045 in
1123 3007 1434 3045 transmutatione
1461 3007 1535 3045 vir·
1589 3014 1744 3044 naturae
1763 3005 1790 3044 Ρ.
1814 3007 1931 3054 Quod
1959 3007 2071 3044 etiam
2099 3008 2236 3056 probat
2253 3019 2321 3057 per
2345 3008 2431 3055 hoc,
2451 3007 2541 3056 quia
2558 3015 2650 3046 tunc
2709 3005 2717 3012 '
2781 3011 2809 3064 3.

482 3057 567 3094 tutis
588 3065 623 3095 et
650 3059 828 3105 malitiae;
849 3060 1016 3097 secundo
1046 3060 1149 3109 quod
1172 3060 1433 3097 transmutatio
1460 3060 1535 3098 vir-
1590 3067 1645 3097 est
1671 3059 1812 3108 aliquid
1839 3059 2005 3097 maxime
2033 3060 2245 3098 secundum
2273 3067 2465 3109 naturam,
2493 3059 2648 3110 quando
2807 3062 2811 3063 ⁷

482 3110 568 3147 tutis
597 3118 632 3147 et
660 3110 822 3148 malitiae
851 3113 1092 3161 consequitur
1115 3113 1164 3150 ad
1188 3113 1380 3162 quandam
1405 3113 1534 3150 altera·
1589 3120 1743 3150 naturae
1768 3112 1946 3150 virtutem
1969 3111 2102 3159 habet;
2130 3113 2250 3150 virtus
2279 3113 2381 3151 enim
2409 3120 2566 3151 naturae
2593 3121 2650 3151 est

247 3168 255 3176 ·
272 3166 340 3188 Num·
356 3173 375 3195 3-
482 3162 635 3209 tionem,
656 3163 726 3200 ibi:
754 3164 817 3201 Fit
833 3165 978 3212 quidem
1000 3166 1116 3215 igitur
1131 3167 1151 3187 *
1165 3173 1234 3203 etc.

249 3218 257 3226 ²
264 3217 325 3239 Lect.
332 3224 453 3246 praec.n.4.

536 3227 573 3252 2.
598 3215 797 3253 Concludit
817 3229 904 3265 ergo
932 3218 1055 3266 primo
1076 3230 1121 3255 ex
1146 3217 1361 3267 praemissis
1383 3218 1403 3240 '¹‘
1431 3218 1536 3266 quod

483 3267 581 3304 circa
609 3268 755 3305 animae
784 3269 938 3307 virtutes
967 3277 1002 3307 et
1029 3271 1198 3318 malitias,
1226 3283 1322 3320 quae
1350 3271 1537 3319 pertinent

483 3319 531 3355 ad
550 3328 694 3368 partem
715 3322 970 3370 appetitivam,
1000 3335 1077 3360 non
1106 3331 1161 3360 est
1187 3323 1312 3372 primo
1341 3331 1377 3360 et
1404 3335 1472 3372 per
1496 3336 1536 3361 se

484 3371 660 3409 alteratio.
696 3373 785 3410 Ideo
820 3382 946 3412 autem
980 3375 1054 3412 hoc
1083 3374 1345 3413 concludendo
1374 3375 1534 3424 inducit,

540 3525 565 3554 α)
585 3526 679 3551 eisdem
700 3527 844 3553 rationibus
858 3530 1016 3561 procedit.—
1029 3531 1126 3556 et'sdem
1145 3531 1292 3557 nominibus
1311 3531 1397 3557 utitur
1414 3532 1536 3558 D.-1bi:

487 3560 578 3591 quibus
592 3563 616 3585 et
624 3561 727 3592 priora,
741 3563 832 3594 quibus
843 3563 938 3595 priora
951 3565 990 3589 ed.
1001 3573 1018 3590 a
1033 3570 1057 3590 et
1070 3566 1144 3591 codd.
1154 3574 1206 3591 exc.
1216 3566 1236 3591 F
1250 3571 1276 3591 et
1287 3565 1311 3591 Ο
1327 3566 1370 3599 qui
1384 3566 1443 3592 hab.
1453 3567 1500 3593 lac.

541 3593 566 3628 β)
587 3595 670 3620 virtus
685 3599 804 3622 naturae.
814 3612 831 3617 -
846 3601 931 3623 motus
951 3603 1062 3625 naturae
1081 3600 1224 3633 DEGpH.-
1238 3601 1289 3626 Pro
1303 3601 1366 3634 quta
1380 3604 1448 3632 tunc,
1464 3602 1535 3635 quod

1590 3165 1739 3214 signum
1759 3164 2022 3214 completionis
2050 3172 2228 3203 naturae:
2253 3177 2341 3203 cum
2361 3173 2489 3203 autem
2508 3165 2648 3216 aliquid

1589 3219 1704 3255 habet
1731 3219 1917 3267 complete
1946 3230 2055 3256 suam
2074 3226 2262 3265 naturam,
2289 3225 2378 3256 tunc
2406 3218 2540 3256 dicitur
2566 3231 2648 3256 esse

1589 3271 1810 3320 perfectum.
1831 3270 1948 3318 Quod
1976 3283 2055 3308 non
2078 3271 2202 3308 solum
2230 3271 2269 3308 in
2287 3272 2399 3309 rebus
2417 3271 2648 3309 naturalibus

1589 3335 1725 3361 verum
1753 3331 1824 3371 est,
1854 3323 1921 3361 secl
1950 3323 2061 3362 etiam
2090 3323 2129 3361 in
2152 3324 2439 3371 mathematicis,
2454 3331 2496 3362 ut
2513 3336 2647 3362 eorum
2672 3366 2677 3371 ,

1591 3377 1714 3414 forma
1741 3375 1944 3426 accipiatur
1970 3388 2041 3426 pro
2071 3388 2204 3414 eorum
2241 3384 2390 3415 natura:
2419 3383 2508 3415 tunc
2545 3375 2647 3414 enim

1590 3536 1652 3559 runc
1669 3533 1902 3565 ADIKLMNQST.
1920 3547 1939 3553 -
1957 3534 2009 3560 Pro
2025 3534 2222 3567 completionis,
2241 3534 2432 3567 complexionis
2449 3532 2646 3563 ACEtKMst

1584 3568 1773 3635 ἕιῗῗέἶιῖςΧΝοι
1790 3576 1821 3600 α,
1839 3569 1952 3604 9p1'om's
1970 3569 2028 3601 FR,
2046 3569 2242 3602 compIecer'om's
2261 3569 2291 3600 Y,
2308 3568 2500 3602 complexionis
2518 3567 2559 3594 nl
2574 3574 2647 3594 com-
