2898 3996
75 646 84 655 '¹
95 651 157 673 prop
161 645 217 667 ositi
229 651 252 667 υ.

73 699 82 707 “
97 697 167 719 Num.
182 703 230 725 seq.

74 1011 84 1019 ·
92 1009 214 1030 secundum
223 1015 270 1031 om.

73 1041 270 1062 Amuoqrvxvz

74 1380 85 1391 ⁸
99 1379 169 1402 Num.
181 1386 257 1407 praec.

73 1535 83 1544 ⁸·
92 1533 284 1555 immutationem

75 1565 274 1585 cimuqnsrxvz.

77 2278 86 2285 '
107 2275 136 2296 ab
159 2281 186 2296 eo
211 2275 274 2303 quod

73 2302 141 2328 prfus
155 2301 206 2323 pah.

75 2432 84 2442 ⁴
100 2431 259 2454 subversionis

78 3062 194 3087 'pecccal
204 3062 227 3081 et
234 3060 286 3082 add.

89 3114 154 3140 'per
163 3118 188 3134 se
203 3119 249 3134 om.
264 3119 287 3134 u.

1188 297 1298 333 CAP.
1330 298 1360 343 1,
1391 297 1541 333 LECT.
1572 298 1610 333 11

316 378 505 427 quiescere
525 382 562 412 et
579 374 809 424 quandoque
829 375 986 421 moveri,
1008 375 1151 423 absque
1170 375 1244 411 hoc
1263 374 1367 422 quod

312 428 560 479 praeextiterit
588 427 710 475 aliqua
739 439 852 464 causa
881 427 1024 475 quietis,
1046 440 1143 476 quae
1172 438 1368 463 removea-

75 489 85 498 '
99 488 284 509 *mmmm*
311 491 371 519 tur
392 483 421 518 *.
442 480 552 519 Unde
572 481 646 516 hoc
664 480 745 516 vult
773 480 982 516 excludere.
1004 481 1052 516 Et
1081 480 1177 516 circa
1195 480 1269 515 hoc
1290 479 1366 515 duo

75 520 156 536 usura
159 530 165 535 .

311 535 417 572 facit:
441 533 565 582 primo
584 532 787 582 praemittit
813 532 1009 581 quoddam
1030 533 1134 580 quod
1158 539 1212 568 est
1239 543 1367 568 neces-

312 588 451 624 sarium
479 586 529 623 ad
555 585 812 634 propositum;
842 585 1009 621 secundo
1029 584 1169 621 inducit
1195 584 1367 632 proposi-

311 647 391 677 tam
411 642 430 659 *
458 637 741 687 probationem,
770 637 840 674 ibi:
871 637 945 673 Sed
972 637 1087 686 igitur
1114 648 1369 685 quaecumque

306 691 498 741 possibilia
511 689 597 728 sunt
611 690 631 710 '¹‘
653 697 720 727 etc.
742 690 841 726 Dicit
860 701 949 737 ergo
964 690 1088 737 primo
1108 689 1212 738 quod
1233 701 1367 725 eorum

312 757 410 794 quae
428 750 597 789 movent,
618 742 807 791 quaedam
826 749 984 778 movent
1001 742 1254 791 singulariter,
1274 741 1369 778 idest

311 810 389 846 uno
422 796 540 833 modo
577 803 740 841 tantum;
770 795 959 843 quaedam
993 806 1086 831 vero
1125 801 1284 831 movent
1311 806 1367 830 se-

313 849 479 887 cundum
504 848 710 884 contrarios
739 854 876 884 motus.
898 847 1008 893 Quae
1037 854 1195 883 movent
1221 854 1367 883 tantum

311 914 389 939 uno
409 900 541 948 modo,
557 908 642 937 sunt
665 899 845 936 naturalia
862 897 890 944 ⁶;
912 899 1006 935 sicut
1025 900 1118 947 ignis
1139 912 1290 948 semper
1309 911 1368 935 ca-

310 954 433 991 lefacit
453 961 488 990 et
515 964 711 1001 nunquam
735 952 922 1000 frigefacit.
946 952 1022 989 Sed
1050 953 1196 1000 agentia
1223 964 1292 1000 per
1314 952 1368 988 in-

311 1007 500 1043 tellectum
529 1012 687 1043 movent
715 1004 925 1042 secundum
945 1004 965 1024 ³¹⁸
986 1005 1190 1041 contrarios
1219 1011 1367 1051 motus,

311 1059 400 1108 quia
418 1071 495 1096 una
514 1058 667 1095 scientia
689 1057 838 1094 videtur
858 1069 939 1094 esse
968 1057 1255 1102 contrariorum,
1277 1057 1370 1093 sicut

311 1111 500 1148 medicina
520 1119 573 1148 est
601 1110 754 1147 scientia
781 1110 861 1146 sani
881 1117 917 1146 et
945 1110 1061 1158 aegri:
1090 1109 1194 1146 unde
1220 1109 1370 1146 videtur

312 1164 416 1213 quod
444 1164 615 1200 medicus
634 1175 702 1211 per
729 1175 836 1199 suam
858 1161 1051 1199 scientiam
1077 1162 1194 1211 possit
1212 1173 1369 1198 movere

312 1217 524 1253 secundum
553 1215 756 1252 contrarios
789 1222 926 1251 motus.
951 1214 1084 1252 Posuit
1111 1222 1239 1251 autem
1272 1215 1370 1251 hanc

278 1277 286 1282 ²
312 1269 590 1306 distinctionem
618 1267 872 1314 moventium,
894 1268 982 1316 quia
1001 1268 1039 1304 in
1067 1267 1110 1304 iis
1133 1279 1231 1315 quae
1255 1274 1370 1315 agunt

310 1334 380 1380 per
407 1322 655 1367 intellectum,
684 1321 835 1358 videtur
862 1332 940 1356 non
979 1332 1059 1357 esse
1092 1332 1229 1357 verum
1266 1320 1370 1368 quod

311 1374 391 1423 ipse
406 1374 548 1411 dixerat
559 1375 590 1419 ³⁶,
607 1373 744 1410 scilicet
759 1372 862 1421 quod
877 1373 907 1409 si
927 1373 1066 1421 aliquid
1085 1380 1263 1409 movetur
1282 1384 1369 1409 cum

311 1426 414 1475 prius
444 1426 637 1475 quieverit,
668 1433 839 1474 oporteat
865 1425 968 1473 prius
997 1425 1186 1462 removeri
1215 1437 1369 1462 causam

313 1479 457 1528 quietis.
478 1479 637 1526 Agentia
661 1478 762 1514 enim
780 1490 849 1526 per
867 1478 1107 1525 intellectum,
1135 1478 1312 1515 videntur
1331 1490 1370 1515 se

312 1531 361 1568 ad
380 1532 554 1579 opposita
569 1531 708 1567 habere
729 1531 872 1579 absque
893 1530 1016 1579 aliqua
1035 1530 1092 1566 sui
1106 1530 1314 1567 mutatione
1331 1533 1368 1567 *ε

310 1583 413 1620 unde
427 1584 577 1620 videtur
591 1582 695 1631 quod
710 1582 855 1630 possint
873 1595 1030 1619 movere
1052 1591 1087 1619 et
1101 1596 1179 1619 non
1199 1595 1368 1631 movere,

312 1636 454 1684 absque
475 1636 598 1683 aliqua
618 1635 837 1672 mutatione.
859 1636 920 1671 Ne
941 1647 1028 1682 ergo
1048 1647 1116 1683 per
1134 1636 1208 1672 hoc
1227 1648 1294 1672 sua
1315 1648 1370 1672 ra-

311 1688 363 1724 tio
391 1688 629 1736 impediatur,
655 1687 844 1735 subiungit
871 1689 975 1736 quod
1003 1688 1096 1724 ratio
1118 1700 1185 1724 sua
1204 1688 1371 1725 similiter

310 1748 412 1777 tenet
440 1741 478 1777 in
505 1741 548 1777 iis
577 1752 673 1789 quae
703 1747 816 1787 agunt
842 1752 911 1788 per
929 1740 1168 1787 intellectum,
1199 1748 1235 1776 et
1262 1741 1300 1778 in
1327 1741 1370 1777 iis

312 1805 409 1842 quae
429 1801 544 1841 agunt
561 1805 630 1841 per
653 1800 837 1829 naturam.
863 1792 964 1839 Quia
988 1805 1032 1828 ea
1051 1804 1148 1840 quae
1168 1800 1283 1839 agunt
1300 1805 1369 1841 per

311 1853 497 1893 naturam,
512 1858 582 1894 per
596 1858 635 1882 se
651 1845 806 1894 quidem
826 1857 978 1892 semper
996 1852 1154 1881 movent
1168 1845 1216 1882 ad
1235 1858 1368 1892 unum,

311 1899 379 1935 sed
405 1910 474 1947 per
501 1898 675 1935 accidens
704 1897 933 1946 quandoque
962 1905 1120 1934 movent
1148 1897 1196 1934 ad
1225 1906 1370 1935 contra-

312 1951 426 1996 rium;
448 1958 484 1987 et
511 1951 559 1988 ad
587 1951 662 1987 hoc
690 1950 793 1998 quod
821 1950 911 1987 illud
930 1950 1104 1987 accidens
1124 1950 1284 1998 eveniat,
1305 1964 1370 1987 ne-

314 2015 418 2040 66336
437 2010 493 2039 631
512 2016 594 2040 6336
614 2003 778 2050 aliquam
799 2002 1064 2049 mutationem;
1081 2003 1175 2039 sicut
1193 2003 1369 2052 frigidum

312 2068 381 2104 per
408 2067 448 2092 se
476 2067 628 2104 semper
655 2055 852 2102 frigefacit,
883 2055 949 2092 sed
977 2068 1046 2103 per
1073 2056 1246 2092 accidens
1276 2057 1370 2093 cale—

313 2108 409 2144 facit.
440 2108 516 2144 Sed
544 2108 649 2156 quod
675 2119 744 2155 per
776 2107 950 2144 accidens
979 2108 1183 2154 calefaciat,
1214 2109 1288 2145 hoc
1316 2116 1371 2145 est

312 2173 382 2209 per
419 2159 586 2208 aliquam
625 2160 703 2196 eius
740 2159 988 2196 mutationem
1006 2173 1014 2196 :
1051 2161 1113 2197 vel
1146 2161 1370 2208 inquantum

312 2213 469 2250 vertitur
488 2212 536 2249 ad
556 2212 671 2249 alium
692 2212 815 2258 situm,
835 2219 877 2247 ut
904 2212 976 2248 alio
997 2212 1115 2249 modo
1142 2213 1314 2261 respiciat
1332 2211 1371 2250 id

314 2265 418 2314 quod
438 2278 538 2302 nunc
558 2265 680 2301 calefit
698 2265 745 2300 ab
767 2277 824 2310 eo,
845 2264 948 2312 prius
967 2272 1095 2301 autem
1141 2266 1369 2312 frigefiebat3

312 2319 374 2355 vel
393 2319 617 2367 inquantum
632 2317 791 2354 totaliter
810 2317 986 2354 abscedit.
1004 2317 1174 2354 Dicimus
1190 2318 1291 2354 enim
1311 2319 1370 2354 fri-

313 2383 381 2418 gus
410 2383 491 2407 esse
512 2382 666 2406 causam
691 2369 824 2406 caloris
844 2370 1102 2417 abscedendo,
1124 2370 1217 2407 sicut
1236 2372 1370 2418 guber-

313 2430 422 2460 nator
447 2435 516 2471 per
534 2423 591 2459 sui
611 2422 820 2458 absentiam
847 2429 902 2458 est
926 2435 1038 2459 causa
1059 2423 1330 2460 submersionis
1351 2424 1370 2444 ’¹‘

312 2475 435 2512 navis:
457 2475 624 2511 similiter
643 2474 755 2511 etiam
776 2474 888 2522 frigus
910 2487 979 2523 per
1004 2475 1178 2512 accidens
1196 2477 1239 2512 fit
1259 2489 1371 2513 causa

314 2528 458 2574 caloris,
478 2529 539 2564 vel
557 2540 626 2576 per
644 2527 830 2564 maiorem
860 2527 1153 2575 elongationem,
1174 2529 1235 2565 vel
1257 2529 1369 2565 etiam

312 2593 381 2629 per
400 2581 584 2617 maiorem
605 2580 1031 2628 appropinquationem;
1062 2581 1156 2617 sicut
1175 2581 1213 2617 in
1231 2582 1370 2629 hyeme

314 2633 491 2669 interiora
518 2632 738 2669 animalium
767 2639 853 2668 sunt
881 2632 1075 2680 calidiora,
1106 2634 1229 2670 calore
1250 2634 1299 2671 ad
1317 2634 1371 2670 in-

313 2685 426 2721 terius
455 2692 667 2721 recurrente
693 2691 848 2733 propter
876 2685 988 2732 frigus
1018 2686 1274 2723 circumstans.
1310 2687 1371 2723 Sic

315 2737 427 2774 etiam
445 2744 500 2774 est
514 2737 551 2773 in
571 2744 702 2784 agente
718 2737 930 2773 secundum
950 2738 1190 2775 intellectum.
1209 2739 1371 2776 Scientia

315 2789 433 2836 enim,
463 2789 548 2826 licet
576 2789 621 2825 sit
643 2801 720 2825 una
740 2789 1030 2836 contrariorum,
1059 2797 1187 2827 tamen
1207 2803 1285 2828 non
1311 2804 1372 2828 ae-

314 2842 471 2890 qualiter
489 2850 749 2890 utrorumque,
770 2841 837 2878 sed
855 2841 968 2877 unius
987 2842 1257 2891 principaliter3
1278 2844 1373 2880 sicut

314 2895 502 2931 medicina
525 2894 574 2930 ad
597 2895 671 2930 hoc
690 2901 744 2930 est
762 2906 830 2942 per
853 2905 893 2929 se
922 2894 1104 2941 ordinata,
1131 2896 1234 2943 quod
1263 2896 1372 2933 faciat

314 2947 524 2984 sanitatem.
552 2946 591 2983 Si
620 2958 708 3002 ergo
729 2946 918 2994 contingat
936 2947 1041 2994 quod
1061 2948 1230 2984 medicus
1249 2955 1373 2985 utatur

315 3012 383 3036 sua
411 3000 564 3036 scientia
591 2999 629 3035 in
658 2998 887 3058 cqntrarium
908 2999 955 3035 ad
980 2999 1235 3037 inducendum
1256 3002 1372 3049 aegri-

313 3052 497 3098 tudinem,
517 3053 536 3072 *
556 3052 629 3088 1106
649 3063 726 3096 non
755 3052 823 3088 erit
849 3064 893 3087 ex
912 3052 1064 3089 scientia
1082 3065 1150 3100 per
1169 3065 1208 3089 se
1230 3055 1284 3101 *ἦ
1306 3054 1372 3090 sed

315 3116 384 3152 per
416 3103 609 3150 accidens,
642 3111 796 3152 propter
829 3104 968 3152 aliquid
996 3105 1107 3141 aliud.
1142 3107 1190 3142 Et
1222 3107 1270 3143 ad
1298 3107 1372 3143 hoc

316 3156 420 3204 quod
443 3156 534 3193 illud
561 3156 662 3193 aliud
690 3156 866 3193 adveniat
895 3169 981 3193 cum
1009 3158 1112 3205 prius
1142 3170 1220 3195 non
1258 3166 1370 3206 esset,

316 3221 470 3245 necesse
499 3216 553 3245 est
581 3222 663 3246 esse
692 3209 855 3257 aliquam
884 3210 1145 3246 mutationem.

371 3260 562 3297 8.Deinde
580 3274 667 3298 cum
683 3261 784 3298 dicit:
806 3262 879 3297 Sed
892 3262 1007 3310 igitur
1021 3274 1275 3310 quaecumque
1289 3271 1370 3310 ete„

316 3313 457 3351 inducit
475 3313 740 3362 probationem
760 3314 807 3350 ad
822 3313 1059 3362 propositum
1081 3315 1370 3352 ostendendum.

2406 298 2479 344 369

1423 375 1522 411 Dicit
1542 388 1629 423 ergo
1659 375 1764 424 quod
1783 388 1828 412 ex
1857 388 1933 424 quo
1954 375 2003 411 ita
2025 382 2089 422 est,
2111 375 2214 423 quod
2234 374 2343 411 simili
2362 376 2480 412 modo

1424 440 1464 464 se
1493 428 1605 464 habet
1625 428 1662 464 in
1683 428 1725 464 iis
1745 440 1843 476 quae
1872 435 1986 475 agunt
2014 427 2226 464 secundum
2254 435 2425 463 naturam
2447 435 2483 463 et

1423 480 1633 517 secundum
1663 480 1903 527 intellectum,
1925 492 2129 528 possumus
2157 479 2415 516 universaliter
2434 479 2482 516 de

1423 533 1603 569 omnibus
1622 534 1817 580 loquentes
1839 533 1975 579 dicere,
1992 533 2096 581 quod
2111 544 2376 580 quaecumque
2396 538 2483 568 sunt

1422 585 1614 634 possibilia
1641 586 1763 622 facere
1793 593 1856 621 aut
1874 585 1950 634 pati
1970 592 2034 621 aut
2053 597 2209 622 movere
2233 586 2295 621 vel
2321 584 2480 630 moveri,

1423 650 1497 674 non
1513 639 1660 687 penitus
1672 638 1863 685 possibilia
1886 643 1981 683 sunt,
2004 638 2098 674 idest
2116 650 2194 674 non
2213 644 2372 686 possunt
2399 649 2482 674 mo-

1422 702 1512 727 vere
1533 697 1597 727 aut
1616 690 1763 727 moveri
1782 690 1820 726 in
1839 702 2081 749 quacumque
2102 687 2345 738 dispositione
2362 701 2402 725 se
2418 690 2482 725 ha-

1424 744 1557 789 beant;
1587 744 1653 779 sed
1681 750 1794 791 prout
1814 755 1852 779 se
1872 743 2043 779 habent'
2035 755 2072 779 111
2092 742 2216 801 aliqua
2237 741 2483 779 determinata

1423 796 1641 833 habitudine
1673 803 1710 832 et
1735 796 2013 844 propinquitate
2043 795 2090 832 ad
2119 795 2296 832 invicem.
2326 795 2374 830 Et
2408 794 2482 830 hoc

1425 848 1613 885 concludit
1640 860 1686 884 ex
1712 848 1946 896 praemissis·
1976 847 2065 896 quia
2092 847 2167 884 iam
2198 847 2339 883 dictum
2370 855 2424 883 est
2444 848 2480 893 ⁷¹²,

1424 901 1528 950 quod
1552 909 1629 937 tam
1653 900 1691 937 in
1715 900 1911 948 agentibus
1931 901 2139 937 secundum
2160 907 2345 946 naturam,
2367 876 2482 947 quatri

1424 954 1462 990 in
1482 953 1676 1001 agentibus
1692 953 1902 989 secundum
1917 953 2164 998 voluntatem,
2181 965 2260 988 non
2276 959 2330 988 est
2344 951 2483 1000 aliquid

1425 1018 1538 1042 causa
1558 1006 1808 1051 diversorum,
1825 1005 1894 1041 nisi
1916 1005 1954 1042 in
1974 1005 2098 1053 aliqua
2117 1005 2188 1041 alia
2207 1004 2426 1041 habitudine
2443 1016 2482 1040 se

1424 1059 1581 1094 habens.
1594 1059 1643 1094 Et
1658 1058 1710 1094 316
1728 1065 1876 1105 oportet
1890 1059 1993 1106 quod
2010 1058 2162 1106 quando
2179 1057 2484 1116 appropinquant

1425 1111 1473 1148 ad
1501 1110 1667 1147 invicem
1695 1122 1858 1146 movens
1887 1118 1923 1146 et
1950 1118 2098 1146 motum
2129 1109 2368 1146 convenienti
2395 1122 2483 1157 pro-

1423 1162 1643 1212 pinquitate,
1671 1169 1707 1198 et
1730 1162 1895 1198 similiter
1920 1175 2007 1198 cum
2036 1171 2123 1199 sunt
2143 1164 2162 1183 ’ᾖ
2182 1163 2220 1199 111
2242 1174 2483 1210 quacumque
2512 1169 2723 1220 ᾆῃξζῐΛΒωΗΗ-Νο

1425 1215 1669 1265 dispositione
1698 1227 1795 1263 quae
1829 1215 2026 1263 requiritur
2053 1215 2100 1251 ad
2129 1216 2202 1251 hoc
2230 1215 2335 1263 quod
2363 1227 2483 1251 unum
2577 1211 2582 1216 ’

1425 1275 1581 1305 moveat
1596 1275 1631 1304 et
1646 1267 1747 1304 aliud
1762 1274 1975 1315 moveatur,
1991 1279 2145 1303 necesse
2166 1268 2210 1303 sit
2228 1268 2302 1303 hoc
2322 1267 2482 1314 moveri,

1426 1329 1461 1358 et
1480 1321 1581 1358 aliud
1600 1332 1770 1357 movere.
1793 1319 1832 1356 Si
1854 1332 1941 1367 ergo
1962 1332 2040 1356 non
2060 1332 2210 1368 semper
2238 1327 2316 1356 erat
2344 1327 2482 1367 motus,

1425 1374 1666 1410 manifestum
1697 1379 1751 1409 est
1779 1373 1883 1421 quod
1907 1385 1985 1409 non
2005 1385 2045 1408 se
2065 1373 2256 1408 habebant
2274 1372 2312 1408 in
2332 1372 2401 1408 ista
2419 1373 2484 1408 ha-

1425 1427 1593 1464 bitudine
1613 1433 1654 1462 ut
1675 1431 1764 1461 tunc
1782 1437 1905 1462 unum
1925 1433 2099 1462 moveret
2119 1432 2154 1461 et
2181 1425 2282 1461 aliud
2311 1437 2484 1461 movere-

1424 1487 1500 1524 tur;
1522 1479 1588 1516 sed
1609 1490 1648 1514 se
1668 1478 1860 1514 habebant
1878 1478 1971 1514 sicut
1990 1490 2068 1514 non
2086 1477 2279 1526 possibilia
2298 1484 2387 1513 tunc
2402 1489 2485 1513 mo-

1424 1544 1515 1569 vere
1541 1539 1577 1568 et
1596 1531 1761 1576 moveri3
1786 1530 2035 1579 postmodum
2064 1538 2191 1566 autem
2221 1542 2260 1566 se
2288 1530 2429 1566 habent
2448 1530 2486 1566 in

1426 1585 1494 1621 ista
1510 1583 1728 1620 habitudine
1743 1590 1785 1619 ut
1798 1595 1919 1619 unum
1935 1589 2090 1619 moveat
2106 1590 2141 1619 et
2155 1582 2255 1619 aliud
2272 1590 2482 1619 moveatur.

1426 1638 1527 1685 Ergo
1557 1649 1711 1673 necesse
1741 1643 1795 1672 est
1822 1635 1925 1684 quod
1955 1636 2114 1671 alterum
2144 1647 2278 1671 eorum
2307 1642 2483 1671 mutetur.

1427 1691 1512 1726 Hoc
1546 1689 1647 1725 enim
1681 1688 1856 1725 videmus
1895 1688 2066 1725 accidere
2100 1688 2138 1724 in
2173 1687 2350 1724 omnibus
2387 1700 2485 1736 quae

1426 1742 1599 1779 dicuntur
1618 1741 1667 1778 ad
1686 1740 1836 1789 aliquid,
1859 1741 1962 1789 quod
1992 1753 2188 1789 nunquam
2211 1739 2363 1777 advenit
2383 1752 2486 1777 nova

1425 1794 1619 1840 habitudo,
1650 1793 1719 1830 nisi
1743 1805 1811 1841 per
1830 1793 2080 1829 mutationem
2099 1793 2292 1841 utriusque
2316 1793 2378 1829 vel
2398 1793 2485 1828 alte-

1426 1847 1519 1892 rius;
1541 1846 1634 1882 sicut
1653 1846 1683 1882 si
1703 1845 1854 1894 aliquid,
1873 1858 1960 1882 cum
1979 1846 2082 1894 prius
2102 1858 2180 1882 non
2196 1853 2293 1882 esset
2313 1845 2484 1893 duplum,

1425 1912 1526 1936 nunc
1545 1899 1685 1935 factum
1707 1905 1762 1934 est
1781 1899 1951 1946 duplum⁷
1974 1899 2040 1934 etsi
2059 1911 2139 1934 non
2158 1905 2323 1934 mutetur
2341 1905 2486 1934 utrum-

1426 1964 1498 2001 que
1533 1959 1808 1998 extremorum,
1846 1952 1977 1987 saltem
2012 1958 2161 1999 oportet
2193 1951 2298 1999 quod
2327 1951 2485 1986 alterum

1425 2012 1602 2041 mutetur.
1630 2005 1678 2040 Et
1712 2004 1764 2040 316
1793 2004 1822 2040 31
1843 2004 1862 2024 *
1892 2004 1938 2040 de
1968 2016 2071 2040 novo
2101 2003 2277 2040 adveniat
2304 2003 2485 2040 habitudo

1424 2070 1493 2106 per
1521 2069 1636 2106 quam
1665 2056 1805 2105 aliquid
1828 2057 1848 2077 ’¹²'
1873 2064 2029 2093 moveat
2062 2064 2098 2092 et
2131 2056 2231 2092 aliud
2265 2064 2484 2102 moveatur,

1426 2117 1574 2158 oportet
1600 2110 1662 2145 vel
1689 2116 1892 2157 utrumque
1920 2110 1982 2145 vel
2011 2109 2169 2145 alterum
2197 2109 2347 2145 moveri
2370 2109 2485 2157 prius.

1425 2163 1474 2198 Et
1493 2162 1546 2198 sic
1565 2162 1732 2211 sequitur
1760 2162 1865 2210 quod
1884 2161 1930 2198 sit
1957 2161 2114 2198 mutatio
2137 2162 2156 2182 ‘³‘
2175 2162 2365 2209 quaedam
2384 2162 2488 2210 prior

1426 2215 1648 2262 mutatione,
1669 2227 1767 2262 quae
1797 2214 1991 2251 dicebatur
2020 2227 2101 2250 esse
2129 2214 2270 2262 prima.

2510 847 2605 868 ⁸Num.
2620 853 2695 874 praec.

2514 2009 2523 2017 '
2535 2007 2557 2028 si
2566 2013 2613 2028 om.
2623 2013 2726 2028 asinium

2515 2040 2638 2061 QTvxvpco
2651 2037 2672 2055 ct
2681 2040 2695 2054 a
2705 2033 2726 2054 h.

2516 2074 2523 2082 ·
2541 2073 2607 2094 aliud
2619 2079 2640 2094 r.

2515 2166 2524 2174 “
2552 2165 2650 2185 mutatio
2677 2171 2726 2186 om.

2515 2191 2583 2212 codd.
2599 2197 2647 2212 exc.
2662 2197 2727 2216 nni-Q

2515 2223 2626 2238 ursei-im.

1480 2279 1514 2314 9.
1544 2267 1693 2303 Deinde
1729 2278 1817 2302 cum
1847 2266 1950 2303 dicit:
1984 2267 2119 2303 Adhuc
2154 2272 2278 2303 autem
2310 2267 2418 2315 prius
2455 2273 2490 2303 et

1420 2319 1604 2367 posterius
1632 2326 1714 2367 etc.,
1742 2319 1903 2355 ostendit
1930 2319 2181 2367 propositum,
2213 2319 2356 2355 ratione
2385 2332 2486 2355 sum-

1425 2379 1489 2420 pta
1518 2384 1563 2408 ex
1590 2379 1696 2420 parte
1725 2371 1918 2418 temporis.
1949 2372 1998 2407 Et
2024 2371 2149 2419 primo
2178 2371 2381 2419 praemittit
2410 2372 2485 2408 duo

1427 2437 1523 2472 quae
1543 2431 1629 2460 sunt
1648 2423 1859 2460 necessaria
1887 2423 1935 2460 ad
1959 2430 2182 2471 sequentem
2205 2424 2484 2472 probationem.

1427 2478 1603 2523 Quorum
1622 2477 1790 2525 primum
1811 2483 1877 2522 est,
1895 2477 1999 2524 quod
2019 2476 2122 2524 prius
2143 2483 2178 2512 et
2196 2476 2383 2524 posterius
2405 2489 2485 2513 esse

1426 2542 1504 2566 non
1523 2536 1682 2578 possunt
1701 2528 1770 2564 nisi
1799 2535 1950 2576 tempus
1970 2528 2026 2575 sit,
2049 2541 2135 2564 cum
2160 2535 2311 2576 tempus
2330 2529 2420 2565 nihil
2441 2529 2486 2564 sit

1426 2582 1527 2618 aliud
1556 2594 1672 2630 quam
1709 2581 1812 2629 prius
1842 2588 1877 2616 et
1913 2581 2099 2629 posterius
2132 2581 2343 2617 secundum
2381 2581 2486 2629 quod

1426 2642 1513 2671 sunt
1540 2641 1748 2670 numerata.
1772 2634 1992 2670 Secundum
2014 2641 2079 2680 est,
2101 2633 2205 2681 quod
2233 2641 2383 2681 tempus
2407 2646 2486 2670 non

1425 2694 1549 2735 potest
1578 2699 1658 2723 esse
1687 2686 1758 2722 nisi
1778 2686 1823 2722 sit
1846 2693 1988 2731 motus;
2020 2693 2056 2722 et
2083 2687 2157 2722 hoc
2177 2685 2289 2722 etiam
2317 2693 2419 2734 patet
2439 2698 2483 2722 ex

1427 2739 1644 2776 definitione
1674 2739 1867 2787 temporis,
1889 2751 2005 2786 quam
2025 2750 2138 2786 supra
2166 2739 2203 2775 in
2223 2746 2356 2787 quarto
2378 2739 2397 2759 ’⁸
2416 2751 2484 2787 po-

1427 2792 1509 2838 suit,
1540 2792 1668 2829 dicens
1689 2791 1794 2840 quod
1817 2798 1968 2840 tempus
1998 2798 2053 2828 est
2071 2803 2253 2827 numerus
2282 2799 2408 2827 motus
2428 2804 2484 2827 se-

1427 2844 1595 2881 cundum
1622 2845 1727 2893 prius
1756 2851 1792 2880 et
1818 2844 2016 2892 posterius.
2530 2884 2531 2887 Ἴ

1485 2909 1541 2933 10.
1564 2897 1741 2933 Secundo
1770 2897 1836 2933 ibi:
1858 2897 1900 2932 Si
1926 2897 2041 2945 igitur
2069 2902 2210 2944 tempus
2230 2903 2312 2943 etc.,
2334 2896 2484 2932 conclu—

1428 2948 1480 2986 dit
1498 2949 1691 2997 quandam
1707 2949 2000 2986 conditionalem
2025 2962 2070 2985 ex
2085 2949 2127 2985 iis
2148 2961 2244 2997 quae
2263 2949 2301 2984 in
2317 2956 2448 2997 quarto
2466 2951 2485 2970 ²³
2514 2957 2522 2964 ·
2538 2955 2597 2976 Ibid-

1428 3002 1525 3038 dicta
1554 3010 1649 3038 sunt.
1671 3002 1803 3039 Posuit
1823 3002 1923 3038 enim
1952 3002 2002 3038 ibi
2026 3002 2237 3038 seeundum
2266 3014 2373 3037 suam
2403 3014 2485 3038 sen-

1427 3054 1592 3101 tentiam,
1614 3055 1719 3103 quod
1738 3061 1889 3103 tempus
1911 3062 1965 3091 est
1988 3066 2168 3090 numerus
2188 3062 2330 3090 motus:
2353 3066 2483 3090 secun-

1429 3107 1521 3143 dum
1555 3119 1648 3144 vero
1687 3107 1848 3144 aliorum
1884 3107 2201 3155 philosophorum
2240 3107 2483 3152 sententiam,

1427 3166 1577 3208 tempus
1594 3167 1648 3196 est
1663 3167 1788 3196 motus
1803 3160 1971 3208 quidam,
1987 3167 2029 3196 ut
2047 3159 2188 3196 ibidem
2205 3160 2223 3179 ²³⁴
2241 3159 2340 3195 dixit.
2354 3158 2484 3204 Quod-

1429 3224 1592 3260 cumque
1621 3219 1749 3249 autem
1772 3213 1910 3248 horum
1940 3212 1985 3248 sit
2006 3224 2164 3256 verum,
2194 3211 2360 3258 sequitur
2387 3211 2485 3246 hanc

1429 3264 1721 3301 conditionalem
1742 3277 1823 3300 esse
1851 3276 2000 3300 veram:
2022 3263 2051 3299 si
2079 3271 2228 3310 tempus
2249 3275 2399 3311 semper
2418 3270 2482 3310 est,

1428 3329 1582 3354 necesse
1611 3325 1666 3354 est
1695 3324 1843 3353 motum
1874 3318 1893 3336 ’²'
1923 3328 2004 3352 esse
2032 3322 2270 3363 perpetuum.

2514 2746 2523 2755 ¹
2533 2745 2594 2767 Lect.
2604 2752 2657 2773 xvn,
2667 2752 2726 2767 n-w.

2515 3162 2592 3183 'Lech
2601 3168 2647 3189 xvi,
2656 3168 2693 3183 nn.
2699 3169 2724 3190 4,

2512 3195 2552 3216 5.-
2542 3189 2594 3209 -ibi
2606 3178 2707 3210 Pizsrab.

2514 3299 2522 3306 '¹
2538 3303 2628 3323 semper
2642 3297 2694 3318 add.
2709 3303 2723 3318 A

2514 3323 2716 3348 nixmqsrvxrab.

369 3459 393 3492 0)
416 3460 489 3490 Quae
508 3463 614 3485 movent
632 3463 735 3485 tantum
756 3468 807 3485 uno
827 3461 913 3490 modo,
927 3465 990 3486 sunt
1004 3462 1148 3486 naturalia.
1160 3476 1179 3480 -
1196 3462 1247 3491 Pb,-
1265 3462 1375 3488 Movent

317 3498 420 3520 tantum
443 3503 494 3519 uno
513 3498 616 3520 tantum
636 3496 772 3520 naturalia
790 3496 910 3527 AIKXY,
933 3496 1042 3521 Movent
1061 3504 1112 3521 uno
1132 3496 1210 3521 modo
1229 3497 1375 3522 irrationa-

316 3531 353 3555 lia
373 3531 402 3560 D,
422 3530 531 3555 Movent
555 3533 658 3555 tantum
680 3538 731 3555 uno
751 3531 828 3555 modo
847 3534 950 3556 tantum
971 3532 1105 3556 naturalia
1124 3531 1247 3563 FLVpO,
1266 3532 1374 3557 Movent

317 3569 420 3590 tantum
441 3573 492 3590 uno
512 3569 583 3590 motu
603 3569 707 3590 tantum
726 3566 862 3590 naturalia
880 3566 911 3596 N,
925 3566 1034 3591 Movent
1051 3570 1139 3591 autem
1155 3574 1206 3591 uno
1222 3567 1299 3592 modo
1314 3571 1373 3592 tan-

1429 3470 1491 3488 vero
1510 3467 1614 3488 movent
1628 3467 1731 3488 tantum
1747 3471 1798 3488 uno
1814 3463 1891 3487 modo
1906 3466 1968 3487 sunt
1981 3463 2115 3487 naturalia
2130 3463 2177 3493 sQ,
2192 3463 2255 3495 (om.
2268 3465 2409 3489 secundum
2423 3472 2484 3490 con-

1428 3496 1528 3523 trarios
1547 3502 1642 3523 motus.
1664 3499 1737 3528 Quae
1756 3497 1870 3530 movent)
1885 3501 1988 3522 tantum
2003 3505 2054 3522 uno
2070 3498 2147 3522 modo
2162 3499 2268 3529 quando
2283 3500 2418 3524 naturalia
2432 3500 2484 3532 pQ,

1427 3533 1537 3558 Movent
1562 3537 1664 3558 tantum
1691 3540 1743 3557 uno
1768 3533 1846 3557 modo
1872 3533 2008 3557 naturalia
2032 3533 2208 3557 BGHLMSsO
2230 3539 2257 3558 et
2273 3541 2305 3564 a;
2330 3535 2485 3559 conveniunt

1427 3575 1488 3600 ergo
1501 3575 1518 3592 a
1532 3573 1557 3592 et
1569 3569 1670 3593 codices
1685 3566 1749 3601 (exc.
1764 3567 1813 3599 sQ)
1829 3568 1853 3591 in
1868 3568 2009 3592 omissione
2026 3568 2163 3592 verborum
2180 3568 2253 3598 Quae
2268 3574 2293 3593 et
2306 3573 2376 3594 sunt.
2398 3570 2484 3600 Quare

318 3604 372 3625 tum
393 3601 528 3625 naturalia
542 3601 578 3630 R,
598 3601 707 3625 Movent
725 3601 793 3626 enim
809 3609 860 3626 uno
876 3601 954 3626 modo
974 3605 1076 3626 tantum
1096 3602 1231 3626 naturalia
1246 3602 1277 3633 T,
1299 3603 1373 3633 Quae
1426 3610 1488 3627 vero
1502 3603 1516 3627 b
1531 3603 1593 3627 haec
1608 3604 1659 3627 duo
1674 3603 1752 3627 verba
1766 3603 1901 3627 inseruerit
1914 3611 1964 3627 non
1979 3608 2046 3635 patet
2052 3611 2059 3634 ς
2075 3611 2134 3627 nam
2148 3603 2247 3628 lectioni
2260 3611 2276 3628 a
2290 3604 2350 3629 nihil
2366 3604 2456 3629 deficit.

458 3654 527 3686 Opp.
542 3654 572 3678 D.
592 3654 704 3678 'summu
723 3654 754 3678 T.
774 3655 802 3678 II.

2273 3664 2306 3688 47
