2898 3996
1152 249 1262 286 CAP.
1293 249 1343 295 X,
1374 248 1524 284 LECT.
1555 248 1643 284 XXI

902 473 1202 530 LECTIO
1240 473 1914 528 VIGESIMAPRIMAV

713 625 990 657 OSTENDITUR
1013 623 1135 661 QUOD
1159 623 1334 667 MOVENS
1357 623 1538 654 FINITUM
1563 623 1799 666 SECUNDUM
1823 624 2087 662 POTENTIAM,

459 683 552 715 NON
575 683 742 714 POTEST
765 682 944 714 MOVERE
967 681 1050 712 PER
1073 680 1243 711 TEMPUS
1267 681 1492 711 INFINITUM
1506 698 1523 703 -
1542 681 1648 711 ITEM
1672 681 1794 718 QUOD
1820 682 1861 711 1N
1885 681 2187 712 MAGNITUDINE
2211 681 2355 711 FINITA

369 740 461 772 NON
483 740 652 772 POTEST
675 739 774 771 ESSE
797 737 1019 770 POTENTIA
1042 737 1242 776 INFINITA,
1265 737 1413 774 NEQUE
1437 737 1480 767 IN
1508 737 1811 768 MAGNITUDINE
1837 738 2026 768 1NF1N1TA
2048 738 2268 769 POTENTIA
2291 738 2435 768 FINITA

309 872 386 910 ἿὍτι
409 871 447 908 δέ
471 876 567 908 τοῦτ’
591 867 713 919 ’ἀμερές
739 873 924 921 ἀναγκαῖον
960 871 1045 906 εἶναι
1076 869 1261 926 καὶημηδέν
1289 873 1375 918 ἔχειν
1433 877 1450 895 *
1473 877 1571 914 Quod
1594 884 1701 908 autem
1723 878 1784 909 hoc
1804 889 1928 910 necesse
1953 887 1998 910 est
2020 880 2207 920 impartibile
2231 890 2296 910 esse
2320 887 2350 911 et
2370 881 2490 911 nullam
2518 889 2526 897 ·
2542 886 2598 914 Cap.
2609 893 2631 908 x.
2646 886 2715 908 Text.

383 918 542 965 μέγεθος,
569 920 624 950 νῦν
649 918 819 964 λέγωμεν,
850 920 984 961 πρῶτον
1011 920 1085 961 περὶ
1109 930 1175 949 των
1206 920 1375 963 προτέρων

383 961 492 996 αὐτοῦ
516 960 739 1008 διορίσαντες.

316 1006 452 1040 Τούτων
477 1003 506 1038 δ’
536 1008 568 1040 ἓν
594 1007 652 1051 μέν
679 1007 770 1040 ἐστιν
796 1005 849 1039 ὅτι
874 1005 937 1051 οὐχ
969 1006 1078 1038 οἷόντε
1104 1001 1200 1036 οὐδέν
1231 1017 1379 1050 πεπερα-

382 1051 501 1096 σμένον
517 1055 626 1094 ,κινεῖν
655 1050 789 1095 ἄπειρον
814 1049 945 1095 χρόνον.
973 1052 1054 1092 Τρία
1078 1048 1142 1095 γάρ
1162 1049 1247 1088 ἐστι,
1268 1051 1308 1082 τό
1330 1061 1378 1080 κι-

382 1097 480 1136 νοῦν,
512 1096 553 1129 τό
582 1093 796 1139 κινούμενον,
829 1094 870 1127 τό
902 1095 934 1127 ἐν
966 1094 990 1136 ᾧ
1022 1096 1159 1139 τρίτον,
1195 1094 1210 1124 ὁ
1245 1094 1374 1138 χρόνος.

382 1140 506 1172 Ταῦτα
534 1135 572 1172 δέ
597 1138 626 1176 ἦ,
643 1138 762 1171 πάντα
795 1138 919 1181 ἀπειρα
943 1136 964 1175 ἦ
990 1137 1109 1170 πάντα
1138 1137 1377 1183 πεπερασμένα

383 1183 405 1220 ἦ
431 1183 524 1226 ἔνια,
553 1184 619 1216 οἷον
645 1184 692 1215 τοὶ
715 1178 777 1214 δύο
808 1181 828 1219 ἦ
860 1183 901 1215 τό
927 1181 971 1214 ἕν.
1003 1182 1116 1214 Ἔστω
1141 1176 1184 1217 δή
1210 1183 1251 1215 τό
1277 1185 1301 1214 Α
1329 1194 1377 1214 κι-

382 1229 473 1267 νοῦν,
500 1229 541 1260 τό
566 1223 603 1260 δέ
626 1226 818 1271 κινούμενον
842 1227 880 1268 Β,
905 1225 1022 1271 χρόνος
1049 1226 1184 1279 ἄπειρος
1210 1226 1256 1270 ἐφ’
1280 1227 1316 1259 οὗ
1341 1228 1376 1258 Γ.

383 1272 428 1303 Τό
452 1268 495 1309 δή
521 1273 545 1303 Δ
567 1274 700 1304 κινείτω
725 1282 759 1304 τι
783 1270 881 1314 μέρος
906 1272 968 1308 τῆς
992 1272 1036 1312 Β,
1063 1270 1104 1303 τό
1130 1269 1177 1312 εφ’
1208 1272 1244 1303 οὗ
1269 1273 1305 1303 Ε.
1332 1272 1377 1302 Οὐ

384 1312 427 1352 δή
453 1318 485 1349 ἐν
509 1318 567 1357 ἴσῳ
600 1316 647 1356 τῷ
673 1317 708 1346 Γ·
735 1315 768 1347 ἐν
795 1317 923 1347 πλείονι
953 1315 1018 1361 γάρ
1049 1315 1090 1346 τὸ
1123 1315 1248 1357 μεῖζον.
1277 1313 1374 1347 “Ὠστ’

386 1361 446 1392 οὐκ
472 1360 606 1404 ἄπειρος
633 1361 648 1391 ὀ
672 1358 788 1404 χρόνος
816 1360 831 1390 ὀ
856 1360 918 1392 τοῦ
936 1361 970 1390 Ζ.
997 1357 1094 1392 Οὕτω
1112 1356 1155 1395 δή
1173 1361 1219 1402 τῇ
1238 1360 1262 1389 Δ
1279 1371 1380 1402 προσ-

384 1403 486 1442 τιθεὶς
519 1403 755 1436 καταναλώσω
780 1402 821 1435 τό
847 1404 888 1442 Α,
913 1405 970 1435 καὶ
997 1404 1041 1445 τῇ
1067 1405 1090 1433 Ε
1116 1403 1157 1436 τὸ
1185 1406 1223 1435 Β·
1250 1404 1309 1435 τόν
1341 1399 1379 1435 δέ

385 1448 503 1492 χρόνον
533 1446 571 1480 οὐ
602 1446 839 1479 καταναλωσω
867 1446 916 1479 ἀεὶ
949 1448 1095 1491 ἀφαιρῶν
1126 1449 1210 1479 ἴσον·
1244 1448 1379 1490 ἄπειρος

383 1492 462 1538 γάρ·
489 1491 576 1524 ὥστε
607 1492 628 1528 ή
653 1493 750 1524 πᾶσα
774 1493 799 1522 Α
823 1492 886 1527 τήν
913 1490 992 1528 ὅλην
1017 1493 1041 1522 Β
1065 1491 1192 1528 κινήσει
1218 1492 1250 1524 ἐν
1279 1504 1379 1524 πεπε-

385 1535 535 1581 ρασμένῳ
566 1534 672 1581 χρόνῳ
706 1536 767 1568 τοῦ
793 1537 826 1567 Γ.
859 1535 927 1567 Οὐκ
954 1536 1019 1580 ἄρα
1045 1535 1155 1568 οἷόντε
1182 1535 1247 1568 ύπό
1278 1548 1379 1568 πεπε-

385 1580 550 1625 ρασμένου
574 1579 735 1611 κινεῖσθαι
761 1575 857 1612 οὐδέν
885 1580 1020 1623 ἄπειρον
1049 1583 1187 1617 κίνησιν.
1219 1579 1296 1612 ’Ὀτι
1321 1580 1379 1624 μέν

386 1623 442 1656 οὖν
469 1624 528 1656 οὐκ
559 1620 738 1668 ἐνδέχεται
763 1624 804 1656 τό
830 1622 1081 1668 πεπερασμένον
1116 1624 1251 1668 ἄπειρον
1279 1629 1378 1655 κινεῖν

385 1668 519 1713 χρόνον,
544 1668 697 1711 φανερόν·

321 1754 376 1788 ὅτι
392 1749 420 1785 δ’
443 1752 525 1791 ὅλως
543 1754 603 1785 οὐκ
622 1749 800 1799 ἐνδέχεται
818 1754 850 1785 ἑν
872 1753 1111 1797 πεπερασμένῳ
1133 1753 1265 1799 μεγέθει
1287 1755 1382 1786 ἀπει-

387 1809 442 1842 ρον
471 1796 556 1829 εἶναι
587 1794 749 1842 δύναμιν,
777 1798 813 1829 ἐκ
836 1792 948 1839 ιτῶνδε
979 1794 1094 1834 δῆλον.
1122 1797 1234 1831 Ἔστω
1263 1799 1327 1844 γάρ
1360 1799 1380 1835 ’ἡ

388 1843 509 1875 πλείων
542 1838 681 1885 δύναμις
715 1841 768 1874 ἀεὶ
793 1842 814 1878 ’ἠ
840 1840 881 1872 τό
911 1842 982 1872 ’ίσον
1016 1842 1048 1873 ἐν
1081 1842 1244 1874 ἐλαττονι
1276 1841 1380 1887 χρόνῳ

387 1887 546 1926 ποιοῦσα,
567 1886 633 1918 οἷον
654 1885 876 1930 θερμαίνουσα
901 1884 922 1921 ἦ
947 1887 1175 1931 γλυκαίνουσα
1201 1886 1222 1924 ἦ
1245 1888 1384 1931 ῥίπτου-

386 1942 444 1972 σα,
461 1931 520 1962 καὶ
539 1928 622 1967 ὅλως
641 1931 793 1965 κινοῦσα.
814 1928 963 1975 Ἀνάγκη
993 1930 1056 1974 ἄρα
1074 1932 1132 1963 καὶ
1158 1931 1223 1963 ὐπὸ
1245 1932 1306 1963 τοῦ
1326 1943 1382 1963 πε-

387 1974 598 2019 περασμένου
615 1974 673 2019 μὲν
704 1974 840 2017 ἄπειρον
865 1967 894 2004 δ’
917 1973 1054 2018 ἔχοντος
1075 1971 1216 2019 δύναμιν
1238 1975 1381 2020 πάσχειν
1420 1997 1423 2000 ⁴

481 2017 488 2028 ι
1353 2019 1359 2027 .

388 2029 423 2050 τι
448 2030 489 2051 το
515 2018 662 2062 πάσχον,
686 2021 744 2050 καὶ
769 2018 872 2050 πλείω
899 2017 919 2054 ἦ
946 2019 1000 2049 ὑπ’
1027 2018 1142 2051 ἄλλου·
1171 2021 1291 2052 πλείων
1316 2032 1379 2065 γαρ

388 2063 409 2098 ἡ
437 2062 570 2104 ἄπειρος
595 2060 748 2105 δύναμις.
776 2062 885 2092 Ἀλλά
909 2061 974 2105 μήν
998 2062 1116 2107 χρόνον
1141 2076 1179 2109 γε
1205 2064 1264 2096 οὐκ
1295 2059 1383 2095 ἐνδέ-

387 2118 490 2150 χεται
514 2104 599 2139 εἶναι
621 2104 756 2139 οὐδένα.
783 2105 820 2136 Εἰ
837 2104 901 2150 γάρ
925 2106 1016 2137 ἐστιν
1043 2107 1059 2138 ὀ
1084 2104 1130 2149 ἐφ’
1153 2107 1176 2148 ᾧ
1202 2111 1226 2138 Α
1250 2107 1380 2152 χρόνος,

388 2152 421 2183 ἐν
448 2151 472 2192 ᾤ
497 2151 518 2187 ’ἡ
545 2151 679 2195 ἄπειρος
708 2149 802 2195 ἰσχύς
832 2148 1029 2194 ἐθέρμανεν,
1056 2149 1077 2186 ἦ
1103 2150 1216 2191 ἔωσεν,
1242 2151 1274 2183 ὲν
1301 2151 1324 2192 ᾧ
1349 2148 1376 2183 δ’

390 2196 406 2227 ὁ
430 2196 494 2236 ΑΒ,
515 2194 750 2239 πεπερασμένη
769 2205 832 2234 τις,
852 2195 932 2238 πρὸς
956 2192 1090 2231 ταύτην
1108 2195 1208 2238 μείζω
1229 2196 1280 2227 ἀεὶ
1296 2196 1383 2238 λαμ-

387 2239 497 2280 βάνων
515 2238 783 2285 πεπερασμένην,
803 2237 871 2278 ἥξω
890 2237 977 2271 ποτὲ
995 2238 1038 2275 εὶς
1057 2239 1098 2271 τό
1116 2239 1148 2270 ἐν
1168 2240 1214 2279 τῷ
1233 2241 1257 2270 Α
1276 2238 1382 2283 χρόνῳ

387 2283 609 2320 κεκινηκέναι·
637 2283 716 2326 πρὸς
742 2282 995 2327 πεπερασμένον
1020 2283 1084 2327 γάρ
1112 2281 1163 2314 ἀεὶ
1192 2282 1382 2325 προστιθεὶς

389 2327 568 2372 ὑπερβαλῶ
599 2327 728 2364 παντὸς
761 2327 958 2370 ὡρισμένου,
988 2329 1046 2358 καὶ
1074 2324 1218 2371 ἀφαιρῶν
1245 2326 1381 2370 ἐλλείψω

388 2370 563 2410 ὡσαύτως.
584 2373 641 2403 Ἐν
665 2373 723 2412 ἴσῳ
742 2371 764 2403 ἀ
786 2383 807 2403 α
832 2371 936 2448 χρόνῳ
958 2371 1087 2407 κινήσει
1105 2372 1125 2407 ἠ
1145 2371 1380 2416 πεπερασμένη

389 2417 434 2458 τῇ
461 2417 597 2461 ἀπείρῳ·
624 2416 730 2447 τοῦτο
776 2416 784 2427 ’
815 2415 836 2449 ἀ
862 2425 999 2447 υνατον.

321 2455 426 2492 Οὐδὲν
462 2460 526 2504 ἄρα
562 2459 814 2504 πεπερασμένον
851 2455 1029 2503 ἐνδέχεται
1069 2458 1205 2500 ἄπειρον
1241 2453 1381 2502 δύναμιν

390 2504 489 2549 ἐ’χειν.
516 2505 562 2536 Οὐ
587 2506 698 2537 τοίνυν
724 2499 793 2535 οὐδ’
823 2505 855 2536 ἐν
883 2502 1005 2547 ἀπείρῳ
1031 2502 1303 2546 πεπερασμένην·

322 2551 438 2582 καίτοι
469 2544 647 2593 ἐνδέχεται
681 2547 714 2580 ἐν
747 2547 909 2582 ἐλάττονι
941 2545 1072 2592 μεγέθει
1106 2548 1208 2579 πλείω
1240 2542 1382 2590 δύναμιν

391 2589 492 2632 εἶναι,
521 2593 594 2624 ἀλλ’
623 2591 674 2624 ἔτι
698 2593 827 2636 μᾶλλον
854 2592 889 2624 ἐν
914 2591 1038 2635 μείζονι
1064 2592 1181 2623 πλείω.

316 2637 428 2669 Ἔστω
453 2633 496 2672 δή
522 2636 564 2668 τὸ
590 2634 635 2678 ἐφ’
663 2635 701 2667 οὗ
726 2637 776 2666 AB
802 2636 950 2679 ἄπειρον.
979 2635 1023 2666 Τὸ
1047 2630 1089 2671 δή
1114 2637 1162 2665 ΒΓ
1189 2635 1258 2678 ἔχει
1282 2629 1385 2665 δόνα-

391 2682 444 2723 μίν
475 2691 572 2720 τινα,
603 2681 624 2716 ἦ
656 2679 689 2711 ’έν
715 2691 780 2711 τινι
810 2679 915 2725 χρόνῳ
951 2679 1078 2715 ἐκίνησε
1111 2679 1174 2715 τήν
1200 2681 1242 2718 Δ,
1277 2676 1309 2709 ἐν
1335 2679 1382 2719 τῷ

390 2723 496 2768 χρόνῳ
529 2722 574 2767 ἐφ’
605 2723 642 2755 οὗ
668 2725 728 2755 ΕΖ.
757 2722 818 2754 *Αν
844 2719 887 2759 δή
920 2723 982 2759 τῆς
1013 2724 1060 2753 ΒΓ
1085 2717 1265 2754 διπλάσιον
1294 2724 1383 2764 λαμ-

386 2768 498 2809 βάνω,
525 2766 557 2799 ἐν
584 2770 695 2811 ἡμίσει
720 2767 824 2811 χρόνῳ
850 2768 912 2800 τοῦ
937 2768 998 2796 ΕΖ·
1027 2766 1128 2807 (ἔστω
1153 2767 1217 2811 γάρ
1247 2764 1335 2802 αὕτη
1363 2767 1383 2802 ἡ

395 2813 606 2858 ἀναλογία),
633 2811 712 2843 ὥστ’
742 2812 774 2843 ἐν
807 2812 855 2852 τῷ
885 2812 934 2842 ΖΘ
965 2810 1104 2846 κινήσει.
1137 2808 1263 2842 Οὐκοῦν
1296 2809 1383 2842 οὕτω

390 2856 574 2901 λαμβάνων
603 2856 653 2888 ἀεὶ
679 2855 741 2892 τήν
766 2855 824 2899 μὲν
850 2857 900 2886 ΑΒ
926 2850 1092 2886 οὐδέποτε
1125 2850 1283 2896 διέξειμι,
1309 2853 1387 2898 χρό-

393 2912 448 2933 νου
473 2896 511 2932 δέ
536 2901 598 2933 τοῦ
622 2895 778 2937 δοθέντος
806 2900 856 2931 ἀεὶ
882 2898 1018 2931 ἐλάττω
1041 2896 1205 2942 λήψομαι.
1232 2898 1384 2942 Ἀπειρος

396 2945 460 2990 ἄρα
477 2946 498 2981 η’
515 2940 655 2987 δύναμις
674 2944 786 2976 ἔσται·
805 2943 915 2980 πάσης
933 2942 997 2989 γάρ
1015 2941 1269 2986 πεπερασμένης
1289 2943 1386 2986 ύπερ-

393 2988 512 3029 βάλλει
535 2984 718 3032 δυνάμεως.
744 2987 855 3025 Πάσης
880 2982 918 3018 δέ
942 2985 1197 3030 πεπερασμένης
1213 2980 1385 3030 δυνάμεως

396 3032 526 3078 ἀνάγκη
553 3031 806 3075 πεπερασμένον
832 3029 918 3064 εἶναι
941 3032 1000 3062 καὶ
1025 3030 1084 3062 τόν
1109 3030 1241 3075 χρόνον·
1268 3031 1296 3061 εἰ
1319 3029 1384 3074 γάρ

395 3076 428 3108 ἔν
452 3088 518 3109 τινι
551 3077 571 3113 ἡ
604 3072 745 3117 τοσηδί,
781 3076 802 3112 ή
832 3076 950 3119 μείζων
977 3073 1008 3106 ἐν
1034 3073 1194 3107 ἐλάττονι
1225 3073 1283 3117 μέν
1316 3075 1387 3118 ὠρι-

393 3119 499 3165 σμένῳ
530 3115 568 3152 δὲ
604 3119 732 3156 κινήσει
767 3118 894 3165 χρόνῳ,
930 3119 1026 3151 κατά
1056 3118 1120 3154 τήν
1160 3118 1385 3162 ἀντιστροφην

395 3165 456 3202 τῆς
491 3164 687 3210 ἀναλογίας.
707 3164 860 3206 Ἀπειρος
894 3159 931 3194 δὲ
962 3163 1058 3194 πᾶσα
1089 3158 1249 3206 δύναμις,
1276 3161 1384 3206 ὥσπερ

393 3210 450 3240 καὶ
469 3207 596 3245 πλῆθος
619 3209 677 3239 καὶ
702 3207 838 3253 μέγεθος
865 3207 906 3239 τό
931 3205 1141 3250 ὑπερβάλλον
1167 3205 1296 3243 παντὸς
1314 3207 1387 3249 ὠρι-

395 3251 528 3295 σμένου.

320 3295 419 3329 Ἔστι
443 3290 480 3327 δὲ
503 3297 560 3326 καὶ
585 3289 650 3325 ὦδε
675 3289 783 3334 δεῖξαι
807 3294 926 3326 τοῦτο·
951 3291 1126 3336 ληψόμεθα
1150 3293 1214 3338 γάρ
1238 3288 1385 3329 δήτινα

394 3335 535 3382 δύναμιν
561 3337 625 3374 τὴν
651 3338 761 3374 αὐτήν
787 3339 834 3379 τῷ
859 3337 948 3383 γε’νει
973 3338 1018 3380 τῇ
1044 3337 1077 3368 ὲν
1103 3337 1150 3377 τῷ
1184 3337 1305 3381 ἀπείρῳ
1330 3348 1385 3380 με-

395 3382 498 3430 γέθει,
517 3383 550 3415 ἑν
572 3381 812 3426 πεπερασμένῳ
837 3380 968 3427 μεγέθει
993 3378 1109 3421 οὖσαν,
1129 3381 1150 3416 ἦ
1166 3380 1388 3424 καταμετρή-

394 3439 444 3460 σει
468 3427 533 3463 τήν
559 3427 591 3458 ἐν
617 3427 665 3465 τῷ
692 3426 814 3469 ἀπείρῳ
845 3423 1100 3469 πεπερασμένην
1130 3419 1283 3467 δύναμιν.
1308 3424 1385 3456 ’Ότι

386 3472 454 3515 ’μὲν
480 3469 536 3503 οὖν
563 3469 622 3502 οὐκ
647 3465 823 3514 ἐνδέχεται
850 3469 986 3512 ἄπειρον
1012 3466 1096 3500 εἶναι
1118 3463 1259 3512 δύναμιν
1279 3468 1310 3500 ἑν
1329 3481 1386 3500 πε-

396 3513 591 3559 περασμένῳ
647 3512 772 3560 εγέθει,
802 3508 881 3545 οὐδὲ
907 3511 1162 3557 πεπερασμένην
1189 3514 1220 3544 ἐν
1249 3512 1383 3556 ἀπείρῳ,

396 3558 432 3591 ἐκ
458 3558 590 3592 τούτων
615 3525 731 3596 διῆλον.

1500 921 1613 951 habere
1629 922 1890 961 magnitudinem,
1908 933 1992 954 nunc
2007 924 2159 962 dicamus,
2175 924 2415 955 determinantes
2430 925 2490 965 pri-

1501 975 1593 994 mum
1617 966 1654 995 de
1678 966 1835 1005 prioribus
1858 967 1939 1007 ipso.

1433 1009 1561 1038 Horum
1591 1016 1697 1039 autem
1729 1020 1831 1040 unum
1864 1011 1993 1051 quidem
2018 1018 2081 1049 est,
2112 1012 2200 1052 quod
2229 1011 2422 1052 impossibile
2447 1019 2492 1043 est

1501 1052 1627 1082 nullum
1657 1052 1782 1083 finitum
1815 1064 1942 1085 movere
1966 1056 2140 1085 secundum
2163 1055 2322 1086 infinitum
2354 1063 2489 1097 tempus.

1500 1095 1576 1125 Tria
1600 1096 1684 1125 enim
1708 1104 1796 1135 sunt,
1821 1099 1907 1138 quod
1932 1106 2091 1137 movetur,
2117 1109 2263 1137 movens,
2287 1100 2319 1130 in
2343 1111 2408 1141 quo
2433 1107 2491 1131 ter-

1500 1138 1581 1169 tium
1597 1146 1739 1179 tempus:
1763 1141 1839 1172 haec
1855 1148 1961 1172 autem
1977 1150 2031 1173 aut
2048 1142 2168 1173 infinita
2184 1144 2302 1182 omnia,
2319 1143 2373 1174 aut
2385 1144 2492 1174 omnia

1500 1182 1588 1213 finita
1611 1190 1695 1221 sunt,
1720 1191 1774 1214 aut
1804 1186 1970 1225 quaedam,
1995 1193 2049 1217 aut
2076 1187 2140 1217 duo
2170 1195 2224 1218 aut
2247 1198 2359 1218 unum.
2376 1188 2421 1219 Sit
2437 1188 2492 1227 igi-

1501 1233 1552 1257 tur
1575 1229 1605 1257 A
1632 1237 1783 1266 movens,
1808 1230 1896 1269 quod
1928 1237 2034 1260 autem
2062 1238 2206 1261 movetur
2230 1232 2274 1269 B,
2298 1238 2424 1271 tempus
2444 1232 2492 1261 in-

1500 1270 1626 1301 finitum
1642 1271 1674 1301 in
1689 1282 1754 1312 quo
1775 1272 1811 1303 C.
1834 1273 1942 1312 Ipsum
1958 1274 1986 1303 D
2009 1274 2103 1313 igitur
2125 1283 2252 1306 moveat
2270 1275 2408 1315 aliquam
2424 1286 2492 1315 par-

1501 1321 1566 1345 tem
1581 1314 1680 1354 ipsius
1699 1316 1735 1354 B,
1756 1326 1836 1356 quae
1861 1324 1906 1347 est
1924 1316 1957 1347 in
1977 1327 2041 1357 quo
2058 1318 2100 1348 E:
2124 1329 2189 1348 non
2213 1319 2306 1358 igitur
2323 1319 2356 1349 in
2371 1319 2493 1360 aequali

1500 1358 1561 1398 ipsi
1581 1358 1625 1396 C;
1650 1360 1682 1389 in
1706 1360 1789 1400 pluri
1808 1360 1892 1391 enim
1916 1361 2028 1392 maius.
2053 1362 2158 1399 Quare
2181 1373 2246 1392 non
2267 1369 2312 1392 est
2334 1363 2493 1393 infinitum

1501 1409 1627 1442 tempus
1644 1404 1732 1443 quod
1755 1411 1802 1434 est
1823 1404 1922 1444 ipsius
1941 1406 1975 1436 Z.
2000 1405 2050 1436 Sic
2066 1406 2171 1446 itaque
2194 1406 2254 1446 ipsi
2270 1407 2298 1436 D
2318 1417 2492 1446 apponens,

1502 1446 1642 1477 auferam
1665 1447 1772 1487 ipsum
1796 1450 1842 1486 A,
1867 1456 1898 1480 et
1920 1449 1980 1489 ipsi
2003 1449 2029 1479 E
2054 1449 2160 1490 ipsum
2177 1450 2219 1480 B:
2243 1457 2369 1490 tempus
2388 1458 2494 1480 autem

1502 1500 1568 1521 non
1581 1491 1731 1529 auferam,
1748 1502 1871 1532 semper
1886 1502 2052 1528 removens
2071 1494 2216 1534 aequale;
2231 1493 2390 1524 infinitum
2410 1494 2495 1524 enim

1502 1541 1558 1565 est.
1583 1535 1688 1572 Quare
1707 1546 1803 1566 omne
1818 1539 1848 1567 A
1863 1544 1968 1567 totum
1987 1537 2012 1567 B
2032 1538 2172 1568 movebit
2194 1538 2227 1568 in
2247 1538 2336 1568 finito
2353 1545 2494 1578 tempore

1501 1578 1601 1618 ipsius
1625 1579 1662 1610 C.
1686 1580 1760 1610 Non
1784 1590 1857 1620 ergo
1881 1581 2029 1621 possibile
2052 1588 2098 1612 est
2123 1592 2140 1611 a
2162 1581 2251 1613 finito
2275 1582 2395 1612 moveri
2418 1582 2495 1612 nihil

1503 1623 1679 1653 secundum
1702 1623 1862 1655 infinitum
1884 1631 2020 1655 motum.
2046 1625 2143 1662 Quod
2159 1626 2289 1666 quidem
2312 1626 2405 1665 igitur
2428 1636 2493 1656 non

1504 1667 1657 1706 contingit
1679 1666 1805 1698 finitum
1823 1668 1856 1698 in
1878 1668 2003 1699 infinito
2026 1675 2169 1709 tempore
2195 1679 2341 1708 movere,
2365 1670 2494 1700 manife—

1505 1717 1590 1740 stum
1613 1718 1668 1742 est.

1436 1755 1454 1772 ὓ
1471 1755 1570 1792 Quod
1592 1761 1699 1785 autem
1722 1755 1855 1785 omnino
1872 1755 1904 1785 in
1920 1755 2007 1786 finita
2025 1756 2241 1796 magnitudine
2260 1767 2326 1787 non
2343 1757 2496 1797 contingit

1503 1798 1659 1829 infinitam
1682 1809 1748 1829 esse
1776 1799 1968 1839 potentiam,
2001 1810 2036 1830 ex
2064 1800 2112 1830 his
2135 1800 2338 1831 manifestum
2362 1808 2417 1832 est.
2451 1802 2496 1832 Sit

1504 1842 1589 1873 enim
1612 1843 1684 1883 plus
1707 1843 1848 1883 potentia
1876 1853 1999 1884 semper
2021 1845 2150 1885 aequale
2178 1844 2211 1874 in
2234 1844 2349 1875 minori
2380 1845 2495 1876 faciens

1504 1893 1657 1927 tempore,
1675 1894 1710 1917 ut
1731 1887 1912 1918 calefaciens
1938 1895 1992 1918 aut
2014 1888 2221 1919 dulcefaciens
2244 1896 2298 1919 aut
2318 1890 2496 1929 proiicienS,

1504 1938 1534 1961 et
1558 1931 1690 1961 omnino
1713 1942 1854 1962 movens.
1884 1932 2017 1962 Necesse
2041 1943 2114 1972 ergo
2139 1940 2168 1963 et
2196 1943 2213 1963 a
2235 1932 2325 1964 finito
2349 1934 2495 1974 quidem,

1503 1974 1659 2006 infinitam
1675 1982 1782 2006 autem
1801 1976 1934 2007 habente
1950 1976 2135 2016 potentiam,
2147 1977 2211 2016 pati
2232 1977 2350 2018 aliquid
2366 1978 2496 2018 patiens,

1505 2026 1535 2052 et
1558 2020 1630 2059 plus
1654 2030 1751 2060 quarn
1774 2021 1812 2050 ab
1836 2020 1912 2050 alio:
1937 2021 2008 2060 plus
2032 2021 2117 2051 enim
2132 2028 2178 2052 est
2200 2020 2321 2053 infinita
2343 2022 2493 2061 potentia.

1504 2066 1547 2094 At
1569 2073 1643 2094 vero
1667 2071 1793 2104 tempus
1824 2074 1889 2094 non
1921 2065 2072 2105 contingit
2101 2075 2166 2095 esse
2196 2065 2331 2099 nullum.
2357 2066 2388 2096 Si
2412 2066 2497 2097 enim

1505 2114 1551 2138 est
1572 2107 1605 2137 in
1629 2118 1694 2148 quo
1718 2111 1747 2138 A
1770 2115 1896 2148 tempus
1921 2106 2043 2149 inquo
2066 2108 2187 2139 infinita
2213 2109 2260 2139 vis
2283 2110 2421 2141 calefacit
2444 2117 2498 2140 aut

1506 2151 1648 2190 depellit,
1678 2152 1710 2181 in
1733 2162 1799 2192 quo
1823 2160 1930 2183 autern
1957 2153 2012 2183 AB
2035 2152 2122 2183 finita
2150 2154 2325 2194 quaedam;
2353 2155 2392 2184 ad
2417 2154 2498 2184 hanc

1504 2195 1657 2225 maiorem
1681 2205 1804 2235 semper
1831 2196 1984 2235 accipiens
2007 2196 2146 2234 finitam,
2174 2197 2298 2227 veniam
2326 2198 2496 2238 aliquando

1505 2239 1544 2269 ad
1572 2239 1604 2268 id
1641 2240 1729 2279 quod
1759 2239 1791 2269 in
1821 2243 1851 2270 A
1877 2247 2021 2280 tempore
2056 2248 2183 2271 motum
2211 2248 2266 2271 est.
2294 2242 2345 2272 Ad
2372 2242 2498 2273 finitum

1504 2282 1589 2313 enim
1612 2293 1735 2322 semper
1758 2284 1886 2322 addens,
1902 2284 2050 2314 excellarn
2073 2295 2168 2315 omne
2188 2285 2444 2324 determinatum
2469 2294 2499 2317 et

1505 2326 1647 2357 auferens
1659 2327 1788 2358 deficere
1801 2327 1913 2358 faciam
1925 2327 2073 2359 similiter.
2088 2329 2123 2359 In
2135 2329 2258 2369 aequali
2268 2340 2342 2369 ergo
2355 2337 2497 2369 tempore

1505 2371 1645 2413 movebit
1660 2370 1747 2402 finita
1766 2372 1826 2412 ipsi
1842 2371 1994 2403 infinitae:
2014 2372 2075 2403 hoc
2091 2379 2198 2403 autem
2214 2380 2260 2404 est
2274 2373 2479 2413 impossibile.

1437 2459 1571 2488 Nullum
1598 2459 1704 2498 itaque
1733 2458 1859 2490 finitum
1890 2459 2042 2499 contingit
2063 2458 2218 2490 infinitam
2245 2461 2421 2500 potentiam
2442 2462 2496 2492 ha-

1504 2503 1590 2533 bere:
1608 2503 1625 2522 *
1644 2513 1708 2532 non
1727 2503 1822 2542 igitur
1844 2513 1946 2543 neque
1969 2503 2002 2533 in
2025 2502 2147 2534 infinito
2167 2503 2329 2538 infinitam.

1437 2547 1478 2577 Et
1499 2553 1606 2577 tamen
1630 2546 1783 2586 contingit
1805 2547 1837 2577 in
1861 2546 1977 2577 minori
2000 2547 2215 2587 magnitudine
2234 2546 2421 2588 ampliorem
2437 2560 2494 2590 po-

1504 2591 1634 2621 tentiam
1653 2598 1732 2620 esse:
1754 2591 1807 2621 sed
1826 2591 1928 2622 adhuc
1947 2591 2046 2631 magis
2064 2591 2097 2621 in
2116 2592 2228 2622 maiori
2247 2592 2394 2632 plurima.

1439 2634 1485 2665 Sit
1502 2635 1595 2674 igitur
1618 2635 1650 2665 in
1674 2644 1740 2674 quo
1765 2642 1810 2665 est
1832 2636 1886 2665 AB
1910 2634 2084 2673 infinitum;
2115 2636 2169 2665 sed
2191 2635 2245 2666 BC
2273 2636 2367 2667 habet
2386 2643 2496 2676 poten-

1504 2679 1580 2709 tiam
1597 2679 1767 2719 quandam,
1781 2689 1861 2719 quae
1878 2679 1910 2709 in
1927 2679 2034 2719 aliquo
2050 2685 2191 2719 tempore
2208 2687 2314 2711 movet
2329 2681 2435 2720 ipsum
2450 2681 2495 2719 D,

1505 2723 1537 2753 in
1560 2730 1702 2763 tempore
1725 2722 1757 2752 in
1781 2733 1847 2763 quo
1871 2729 1916 2753 est
1939 2723 2000 2753 EZ.
2017 2723 2049 2753 Si
2067 2723 2161 2762 igitur
2183 2723 2280 2763 ipsius
2296 2724 2349 2755 BC
2367 2724 2497 2764 duplam

1505 2767 1649 2806 accipio,
1685 2766 1718 2796 in
1748 2767 1853 2797 medio
1885 2766 2024 2797 movebit
2052 2774 2194 2806 tempore
2227 2768 2326 2807 ipsius
2356 2769 2426 2798 EZ:
2459 2768 2498 2799 sit

1507 2811 1591 2841 enim
1614 2811 1690 2842 haec
1716 2811 1890 2851 proportiO.
1916 2812 2021 2848 Quare
2043 2811 2076 2841 in
2097 2812 2152 2841 ZT
2175 2812 2325 2843 movebit.
2349 2813 2432 2852 Ergo
2454 2812 2497 2842 sic

1507 2855 1661 2895 accipiens
1694 2865 1836 2894 semper,
1865 2856 1919 2885 AB
1952 2855 2080 2895 quidem
2112 2863 2314 2896 nequaquam
2337 2856 2495 2894 transibo;

1506 2905 1649 2938 tempore
1678 2905 1784 2929 autem
1812 2899 1885 2930 dato
1910 2908 2032 2938 semper
2060 2898 2164 2930 minus
2187 2899 2349 2940 accipiam.
2374 2900 2497 2930 Infinita

1507 2953 1580 2982 ergo
1613 2942 1753 2983 poten'tia
1785 2943 1861 2973 erit:
1899 2953 2029 2973 omnem
2060 2943 2144 2973 enim
2174 2943 2295 2975 finitam
2323 2944 2497 2984 potentiam

1507 2987 1636 3017 excellit.
1666 2986 1779 3018 Omnis
1810 2986 1894 3017 enim
1922 2986 2025 3017 finitae
2049 2987 2207 3026 potentiae
2234 2997 2358 3018 necesse
2388 2994 2433 3018 est
2461 2987 2496 3017 fi-

1506 3031 1610 3062 nitum
1633 3041 1699 3061 esse
1716 3037 1746 3062 et
1762 3037 1898 3070 tempus.
1915 3031 1947 3061 Si
1971 3031 2055 3061 enirn
2073 3031 2106 3061 in
2130 3032 2270 3071 quodam
2285 3038 2379 3069 tanta,
2395 3031 2496 3062 maior

1507 3075 1539 3105 in
1555 3075 1670 3105 minori
1687 3074 1827 3116 quidem,
1839 3075 2044 3106 determinato
2058 3082 2174 3113 autem,
2187 3075 2327 3106 movebit
2342 3082 2494 3115 ternpore,

1508 3119 1683 3150 secundum
1719 3118 1955 3150 conversionem
1990 3119 2214 3158 proportionis.
2244 3118 2366 3148 Infinita
2388 3125 2495 3149 autem

1507 3163 1611 3193 omnis
1627 3163 1778 3203 potentia,
1799 3162 1878 3193 sicut
1891 3162 2062 3192 multitudo
2081 3169 2111 3193 et
2129 3162 2324 3202 magnitudo,
2345 3162 2494 3192 excellens

1467 3242 1473 3247 ι
1507 3216 1602 3237 omne
1626 3206 1760 3237 finitum.

1439 3293 1456 3312 *
1471 3294 1528 3324 Est
1543 3301 1649 3325 autem
1664 3294 1725 3324 hoc
1741 3294 1954 3323 demonstrare
1970 3299 2000 3323 et
2015 3292 2067 3323 sic.
2081 3292 2280 3332 Accipiemus
2296 3292 2380 3323 enim
2396 3302 2495 3333 quan—

1507 3337 1581 3368 dam
1604 3337 1777 3378 potentiam
1801 3337 1933 3366 eandem
1955 3346 2067 3376 genere
2095 3336 2122 3366 ei
2146 3346 2226 3377 quae
2251 3343 2297 3366 est
2319 3336 2352 3366 in
2374 3336 2495 3367 infinita

1507 3382 1740 3421 magnitudine,
1772 3381 1804 3410 in
1828 3379 1914 3411 finita
1937 3379 2152 3419 magnitudine
2182 3380 2382 3418 existentem3
2414 3390 2495 3421 quae

1507 3425 1700 3456 mensurabit
1725 3434 1793 3454 eam
1813 3434 1893 3464 quae
1917 3431 1963 3454 est
1990 3424 2023 3454 in
2044 3423 2164 3454 infinita
2187 3423 2401 3463 magnitudine
2426 3423 2495 3454 fini-

1473 3497 1477 3499 .
1507 3476 1573 3500 tam
1595 3468 1778 3509 potentiam.
1804 3468 1901 3504 Quod
1924 3467 2054 3508 quidem
2077 3467 2170 3507 igitur
2192 3477 2258 3497 non
2282 3467 2434 3507 contingit
2448 3468 2494 3498 in-

1507 3512 1629 3543 finitam
1656 3522 1722 3542 esse
1752 3511 1926 3551 potentiam
1951 3511 1984 3541 in
2012 3511 2098 3542 finita
2127 3511 2360 3552 magnitudine,
2391 3521 2494 3553 neque

1507 3556 1629 3587 finitam
1651 3556 1684 3587 in
1706 3555 1843 3595 infinita,
1868 3565 1904 3586 ex
1926 3555 1974 3585 his
1996 3555 2102 3595 palam
2125 3562 2179 3587 est.

2516 914 2553 941 78.

2522 1765 2531 1773 ·
2546 1762 2614 1784 Text.
2629 1768 2666 1790 79.

2522 2512 2531 2521 '¹
2546 2511 2613 2533 Text.
2628 2512 2666 2534 80.

2522 3302 2531 3311 ·
2545 3300 2612 3322 Text.
2627 3301 2658 3323 81.
