2898 3996
289 443 331 463 it..
339 447 407 463 .ma—

193 475 236 497 gm
195 445 345 490 tuifini's
359 474 408 490 om.

197 601 206 609 ·
226 600 368 627 accipiamus

197 625 266 647 codd.
281 630 302 647 ct
316 632 332 647 a
343 626 363 647 b.

199 1178 260 1203 po
246 1176 333 1197 oitenta
362 1182 410 1197 om.

200 1396 208 1403 ·
231 1394 254 1414 ιή
275 1399 322 1414 om.
343 1399 411 1414 Λεικι.

199 1425 315 1441 uuarvxv.

202 1549 209 1556 ·
226 1546 256 1567 si!
272 1552 319 1567 om.
335 1545 403 1567 codd.

207 2178 261 2198 ‘eL
251 2182 292 2199 cct.
330 2184 380 2205 ,τι-φ]

215 2206 270 2225 'sse
272 2184 346 2225 edm.
361 2210 415 2225 acue

203 2237 276 2252 auosr
278 2236 330 2251 vxv.

204 2387 290 2409 Leon
300 2394 385 2413 1111

205 2414 367 2462 SThlpt
342 2447 414 2468 xsqq.

208 2767 216 2774 ⁹
237 2765 342 2791 Lect.1x,
355 2771 377 2786 n.
387 2771 414 2792 ¹3·

207 2920 214 2928 ·
232 2918 293 2940 Lect.
303 2925 334 2943 vt.
346 2925 368 2940 n.
378 2925 402 2940 ιι,

431 251 507 298 446

433 336 561 365 motus
589 328 769 377 accipitur
788 327 998 364 secundum
1017 332 1142 373 partes
1171 322 1334 368 mobilis;
1356 329 1393 359 et
1415 334 1494 359 non

434 381 645 418 secundum
674 380 778 429 quod
807 379 985 428 accipitur
1021 377 1232 414 secundum
1260 383 1386 424 partes
1414 387 1494 411 ma-

434 433 647 481 gnitudinis.
668 432 848 481 Accipit*
863 432 964 468 enim
989 430 1027 466 in
1048 442 1117 466 sua
1150 427 1493 486 demonstratione,

435 486 540 534 quod
567 497 653 534 pars
690 485 880 522 moventis
907 490 1063 520 moveat
1098 489 1245 530 partem
1278 480 1430 517 mobilis
1457 479 1495 516 in

435 538 573 575 minori
587 546 760 586 tempore
784 549 899 596 quarn
918 543 1039 572 totum
1061 542 1216 571 moveat
1234 541 1374 570 totum·
1391 533 1495 581 quod

436 602 514 627 non
544 598 642 627 esset
663 602 800 627 verum
821 590 851 626 si
871 589 1129 637 acciperemus
1150 587 1170 608 *
1189 595 1341 635 tempus
1368 593 1496 622 motus

436 643 647 680 secundum
684 650 809 691 partes
843 641 1110 689 magnitudinis
1146 652 1244 689 quae
1277 646 1386 675 motu
1413 650 1496 687 per-

436 696 621 732 transitur.
647 695 795 732 Eadem
825 694 925 731 enim
955 701 1010 730 est
1045 692 1240 742 proportio
1270 691 1384 741 partis
1413 703 1496 728 mo-

435 748 525 785 toris
554 749 602 785 ad
629 755 754 797 partes
774 747 936 792 mobilis,
957 758 1054 795 quae
1084 753 1140 782 est
1159 744 1354 794 proportio
1384 743 1496 781 totius

437 801 594 837 motoris
613 801 662 837 ad
681 808 802 837 totum
830 799 983 836 mobile.
1005 799 1114 836 Unde
1135 797 1281 847 aequali
1299 797 1497 834 velocitate

436 865 588 902 semper
603 851 617 875 ὃ
630 866 718 902 pars
747 852 918 889 movebit
939 859 1099 901 partem,
1114 863 1189 899 qua
1216 858 1340 887 totum
1365 856 1498 887 movet

437 914 577 943 totum:
599 914 634 942 et
653 906 706 942 sic
725 906 763 942 in
791 905 937 954 aequali
958 912 1130 954 tempore
1154 902 1392 952 pertransibit
1410 915 1498 951 pars

437 959 588 995 mobilis
608 959 772 1007 aliquam
795 957 1105 1005 magnitudinem,
1127 964 1231 993 mota
1251 969 1272 993 a
1291 963 1396 1005 parte
1415 967 1498 992 mo-

437 1011 539 1058 toris,
562 1019 597 1048 et
615 1019 736 1048 toturn
757 1011 899 1047 mobile
918 1018 1068 1047 motum
1096 1022 1119 1046 a
1146 1017 1226 1046 toto
1246 1017 1407 1046 motore.
1427 1009 1498 1046 Vel

438 1064 532 1100 forte
560 1064 598 1100 in
626 1064 762 1101 minori
792 1071 964 1112 tempore
984 1062 1203 1100 movebitur
1230 1069 1352 1099 totum
1381 1074 1497 1112 quam

436 1129 542 1165 pars:
563 1117 651 1165 quia
678 1117 846 1165 potentia
864 1117 969 1153 unita
996 1116 1120 1153 maior
1138 1123 1194 1152 est
1221 1127 1337 1164 quarn
1366 1122 1499 1163 poten-

437 1169 486 1206 tia
503 1171 522 1190 ²³·
538 1169 676 1216 divisa,
707 1177 742 1206 et
765 1177 907 1218 quanto
936 1168 1059 1206 maior
1079 1176 1133 1205 est
1151 1168 1319 1217 potentia
1337 1179 1498 1204 moven-

437 1222 494 1269 tis,
513 1222 682 1259 velocior
701 1230 756 1259 est
784 1230 922 1269 motus,
945 1229 981 1258 et
999 1229 1150 1270 tempus
1178 1221 1315 1258 minus.
1338 1221 1500 1269 Oportet

439 1287 527 1322 ergo
557 1274 661 1323 quod
680 1275 755 1312 hoc
782 1274 1004 1323 intelligatur
1029 1274 1240 1311 secundum
1269 1273 1375 1322 quod
1403 1272 1497 1309 acci-

436 1327 536 1376 pitur
567 1336 718 1377 tempus
755 1335 882 1364 motus
919 1328 1129 1364 secundum
1165 1334 1291 1375 partes
1328 1325 1496 1362 mobilis:

438 1380 527 1429 quia
554 1393 631 1417 una
658 1393 745 1429 pars
773 1380 924 1417 mobilis
952 1380 990 1416 in
1011 1382 1030 1401 ³⁴
1048 1379 1185 1416 minori
1213 1387 1387 1427 tempore
1414 1391 1498 1428 per-

438 1433 567 1469 transit
593 1433 747 1482 aliquod
776 1433 941 1481 signum,
972 1445 1088 1481 quam
1116 1440 1239 1468 toturn
1268 1431 1420 1468 mobile.
1451 1432 1500 1468 Et

439 1486 650 1523 secundum
673 1486 748 1522 hoc
771 1493 826 1522 est
844 1485 1076 1534 impossibile
1097 1485 1200 1533 quod
1224 1486 1397 1532 ternpore
1417 1483 1499 1520 infi-

439 1539 516 1575 nito
546 1546 757 1584 moveatur,
778 1538 848 1575 nisi
868 1539 912 1575 sit
929 1540 947 1559 ²³‘
963 1538 1105 1575 mobile
1129 1538 1331 1574 infinitum.
1353 1539 1498 1586 Impos-

439 1591 544 1628 sibile
564 1598 619 1627 est
647 1599 772 1627 autern
792 1591 897 1639 quod
925 1591 1068 1628 mobile
1087 1590 1276 1627 infinitum
1298 1597 1500 1627 moveatur

439 1657 461 1680 a
489 1651 638 1680 motore
666 1644 791 1680 finito:
821 1644 911 1692 quia
941 1656 1093 1692 semper
1110 1643 1229 1680 virtus
1257 1643 1416 1680 motoris
1445 1651 1501 1680 est

438 1697 560 1733 maior
596 1709 712 1745 quarn
748 1696 868 1733 virtus
905 1697 1067 1734 mobilis.
1102 1697 1214 1734 Unde
1251 1708 1407 1733 necesse
1446 1704 1501 1733 est

439 1750 544 1798 quod
573 1748 714 1786 mobile
742 1749 930 1786 infinitum
960 1757 1161 1786 moveatur
1189 1762 1210 1786 a
1239 1757 1388 1786 motore
1416 1749 1499 1785 infi-

440 1802 530 1839 nito.
547 1803 595 1838 Et
609 1802 671 1849 sic,
684 1802 779 1838 sicut
797 1802 1031 1850 impossibile
1050 1802 1218 1850 sequitur
1237 1814 1282 1838 ex
1301 1802 1375 1838 hoc
1395 1802 1500 1850 quod

438 1855 592 1904 ponitur
619 1855 723 1903 quod
757 1862 883 1891 motor
910 1855 1037 1892 finitus
1066 1862 1222 1892 moveat
1246 1850 1388 1891 mobile
1415 1855 1498 1891 fini-

439 1916 533 1955 tum,
554 1914 662 1944 motu
683 1907 746 1956 qui
775 1908 820 1944 sit
847 1908 1014 1944 infinitus
1034 1908 1245 1945 secundum
1273 1915 1398 1956 partes
1418 1919 1500 1944 mo—

439 1961 543 2007 bilis;
577 1961 642 2007 ita,
664 1967 812 1997 remoto
840 1961 914 1997 hoc
942 1961 1235 2008 inconvenienti,
1270 1967 1419 2009 oportet
1445 1961 1500 1997 ul-

440 2013 555 2050 terius
582 2014 658 2050 hoc
695 2013 939 2059 concludere,
967 2014 1072 2062 quod
1100 2021 1228 2050 motus
1255 2013 1422 2050 infinitus
1457 2014 1502 2050 sit

441 2066 591 2103 mobilis
619 2065 753 2102 infiniti
781 2078 804 2102 a
833 2073 981 2102 motore
1009 2066 1167 2103 infinito.

499 2120 531 2156 5.
562 2118 639 2155 Sed
669 2126 798 2155 contra
817 2119 890 2155 hoc
909 2126 1033 2167 potest
1052 2119 1184 2167 aliquis
1204 2118 1378 2165 obiicere,
1396 2118 1502 2166 quod

441 2172 660 2208 Aristoteles
680 2173 912 2220 suprassnon
931 2172 1108 2219 probavit
1127 2179 1275 2208 motum
1300 2183 1382 2207 esse
1394 2171 1501 2207 *ἥτι-

441 2225 591 2261 finitum
611 2225 822 2261 secundum
842 2231 966 2272 partes
986 2225 1148 2271 mobilis,
1161 2224 1255 2260 sicut
1274 2230 1400 2261 motus
1422 2236 1502 2261 cor-

440 2278 543 2326 poris
567 2276 701 2314 infiniti
730 2277 863 2314 dicitur
890 2277 1073 2314 infinitus:
1103 2277 1192 2325 quia
1210 2284 1333 2313 totum
1352 2276 1502 2314 univer-

441 2342 526 2367 sum
555 2341 783 2378 corporeum
811 2330 960 2366 finitum
986 2338 1055 2376 est,
1079 2338 1122 2366 ut
1148 2330 1352 2378 probatum
1382 2337 1438 2366 est
1465 2330 1502 2367 in

441 2383 547 2419 tertio
569 2383 679 2419 huius
693 2384 724 2430 ³³,
742 2390 777 2419 et
790 2383 1012 2431 probabitur
1030 2383 1068 2419 in
1087 2382 1105 2419 I
1120 2383 1165 2419 de
1184 2382 1296 2419 Caelo
1314 2383 1368 2419 ²¹⁸⁵.
1389 2383 1501 2420 Unde

441 2449 519 2473 non
538 2435 688 2472 videtur
708 2448 789 2472 esse
814 2435 1084 2472 demonstratio
1107 2435 1316 2472 Aristotelis
1335 2435 1389 2472 sic
1406 2435 1502 2472 veri-

440 2489 552 2525 ficata
579 2488 628 2525 ad
656 2488 894 2536 propositum
929 2488 1257 2535 concludendum,
1291 2496 1333 2525 ut
1365 2488 1503 2525 scilicet

440 2541 585 2590 primus
613 2548 740 2577 motor
776 2541 839 2589 qui
875 2549 1007 2578 movet
1035 2548 1184 2578 motum
1217 2541 1428 2588 infinitum,
1459 2541 1504 2578 sit

440 2594 617 2631 infinitus.
630 2615 653 2621 -
671 2594 747 2630 Sed
771 2594 974 2631 dicendum
995 2594 1100 2643 quod
1123 2594 1162 2630 id
1182 2594 1287 2642 quod
1307 2602 1362 2631 est
1379 2594 1503 2642 prima

443 2659 555 2684 causa
575 2654 700 2683 motus
721 2646 865 2694 infiniti,
887 2654 1036 2696 oportet
1055 2647 1160 2695 quod
1179 2647 1224 2683 sit
1241 2659 1310 2695 per
1329 2659 1369 2683 se
1390 2659 1504 2683 causa

441 2699 630 2736 infinitatis
659 2707 805 2736 motus:
827 2700 915 2747 quia
934 2712 1087 2748 semper
1110 2711 1224 2736 causa
1243 2700 1417 2747 quaeest
1434 2711 1503 2747 per

442 2765 494 2799 se,
516 2760 570 2789 est
597 2752 700 2800 prior
720 2765 762 2789 ea
782 2765 879 2801 quae
901 2760 956 2789 est
977 2765 1047 2801 per
1075 2752 1188 2799 aliud,
1208 2759 1249 2788 ut
1277 2764 1391 2800 supra
1412 2753 1431 2773 *
1451 2752 1503 2789 di-

444 2813 545 2842 ctum
567 2813 631 2842 est.
643 2805 769 2842 Virtus
789 2813 916 2842 autem
937 2818 1073 2842 causae
1089 2818 1158 2853 per
1173 2817 1212 2842 se
1233 2805 1503 2842 determinatur

443 2858 491 2895 ad
520 2858 697 2894 effectum
725 2870 793 2907 per
812 2871 863 2905 se,
886 2866 921 2895 et
940 2871 1018 2895 non
1038 2858 1087 2895 ad
1116 2857 1292 2894 effectum
1320 2870 1389 2906 per
1407 2858 1502 2894 acci-

445 2911 558 2947 dens:
581 2910 633 2947 sic
655 2911 763 2947 enimv
780 2923 893 2959 supra
921 2911 959 2948 in
982 2911 1150 2948 secundo
1171 2911 1191 2931 '¹‘
1211 2910 1339 2947 docuit
1362 2910 1503 2947 Aristo-

443 2964 535 3000 teles
564 2975 784 3011 comparare
822 2976 954 3000 causas
993 2963 1199 3000 effectibus.
1240 2963 1340 3000 Cum
1375 2971 1502 3000 autern

445 3015 633 3063 contingat
664 3023 813 3053 motum
842 3029 923 3053 esse
952 3016 1140 3053 infinitum
1170 3015 1379 3064 dupliciter,
1410 3016 1504 3052 sicut

297 3107 305 3121 ι
347 3082 417 3122 ,cm
445 3068 585 3105 dictum
606 3075 660 3104 est
675 3068 707 3113 *,
733 3069 871 3106 scilicet
900 3069 1110 3106 secundum
1135 3077 1260 3118 partes
1285 3068 1446 3115 mobilis,
1469 3076 1504 3105 et
2645 3110 2654 3121 .

329 3128 350 3148 ⁵¹¹
363 3134 393 3148 r..
443 3120 655 3158 secundum
674 3129 799 3170 partes
818 3122 1090 3170 longitudinis*
1098 3134 1211 3171 supra
1235 3134 1351 3170 quam
1375 3122 1504 3159 transit
1529 3119 1533 3172 Ι
1557 3134 1661 3170 pore.
1683 3121 1895 3170 Utrumque
1916 3121 2018 3158 enim
2036 3128 2160 3170 potest
2187 3121 2338 3169 intelligi
2357 3121 2396 3159 in
2416 3134 2463 3159 eo
2477 3122 2498 3143 '⁸
2512 3121 2618 3171 quod
2674 3152 2682 3160 .

496 3295 520 3327 ὃ)
540 3303 650 3327 semper.
663 3309 682 3316 -ι
696 3297 751 3321 Hoc
770 3296 879 3321 verbum
897 3304 951 3322 om.
966 3297 1039 3321 codd.
1055 3301 1080 3321 et
1098 3303 1124 3320 α.
1137 3309 1156 3315 -
1168 3295 1225 3320 Lin.
1243 3302 1299 3327 seq.
1314 3302 1361 3327 pro
1376 3298 1502 3327 pertran-

443 3331 510 3359 sibit,
522 3331 711 3362 pertransierit
730 3332 758 3362 E,
770 3332 934 3363 pertransiet
952 3337 999 3356 cet.
1013 3346 1031 3350 -
1051 3331 1102 3356 Pro
1122 3333 1193 3356 mota
1211 3338 1229 3355 α
1248 3333 1342 3362 parte,
1363 3333 1461 3355 motam
1485 3338 1502 3355 a

441 3368 521 3396 parte
539 3366 580 3390 ed.
599 3373 616 3390 α
635 3371 660 3390 et
674 3366 748 3391 codd.
764 3374 816 3391 exc.
832 3366 1024 3397 BDliNORsH3
1048 3371 1117 3399 patet
1137 3366 1275 3399 legendum
1293 3373 1352 3390 esse
1371 3369 1456 3394 mota,
1476 3371 1501 3390 et

444 3400 605 3425 referendum
626 3401 656 3425 ad
678 3408 744 3432 pars
767 3401 877 3426 mobilis.
895 3415 911 3419 -—
931 3402 980 3426 Pro
1003 3405 1029 3426 et
1053 3404 1136 3426 totum
1163 3401 1255 3426 mobile
1274 3403 1387 3430 motum,
1407 3407 1458 3433 quo
1477 3405 1502 3426 et

445 3437 528 3459 totum
549 3435 640 3460 mobile
660 3439 778 3461 movetur
796 3436 825 3465 L,
839 3439 864 3461 et
883 3439 966 3461 totum
987 3437 1080 3461 mobile
1099 3439 1185 3462 movet
1202 3435 1403 3465 AlMSTVXYa,
1422 3439 1448 3461 et
1462 3439 1501 3461 to-

447 3472 501 3493 tum
522 3470 613 3494 mobile
633 3473 752 3495 movetur
771 3470 876 3496 BCKO:
895 3478 946 3503 quo
965 3474 991 3496 et
1009 3471 1086 3496 habet
1104 3471 1181 3496 etiam
1200 3471 1244 3496 sc.

499 3506 520 3535 t)
539 3511 605 3536 quae
623 3505 778 3537 accipitur...
796 3506 926 3537 accipitur
944 3506 1094 3531 secundum.
1111 3520 1129 3525 -·
1147 3506 1198 3531 Pro
1216 3512 1290 3539 quae,
1309 3505 1356 3538 qui
1373 3506 1485 3531 BCDFH
1496 3524 1502 3535 ‚

447 3545 498 3563 non
523 3538 705 3569 PMTvxvab,
725 3548 778 3564 om.
800 3541 887 3572 Alpl(;
907 3548 954 3572 pro
973 3541 1052 3565 altero
1070 3541 1213 3573 accipitur,
1232 3541 1280 3566 sed
1298 3541 1359 3566 Pab.
1379 3541 1502 3573 Legimus

448 3581 506 3597 cum
523 3573 747 3604 EGLNORSZsK,
761 3575 820 3607 quia
833 3575 911 3600 talem
926 3575 1060 3600 lectionem
1076 3576 1150 3609 exigit
1160 3577 1215 3609 ipsa
1226 3576 1420 3608 argumentatio,
1435 3583 1502 3609 quae

1543 1906 1659 1954 finita
1692 1913 1784 1952 etc.,

1043 244 1385 282 PHYSICORUM
1415 244 1764 280 ARISTOTELIS
1793 244 1887 281 LIB.
1916 244 2003 281 VIII

1548 328 1693 367 motus3
1717 333 1786 370 per
1810 334 1851 358 se
1878 321 2068 358 infinitum
2088 329 2144 358 est
2171 321 2210 359 in
2234 329 2343 359 motu
2372 333 2416 359 ex
2442 323 2611 372 partibus

1548 373 1711 423 mobilis,
1727 386 1796 423 per
1814 374 1989 411 accidens
2009 381 2137 411 autern
2156 375 2368 412 secundum
2386 382 2511 424 partes
2530 376 2611 412 lon-

1549 426 1740 474 gitudinis:
1761 427 1850 475 quia
1869 427 2056 476 quantitas
2075 434 2202 464 motus
2222 439 2320 476 quae
2339 428 2540 465 attenditur
2553 440 2611 466 se-

1550 479 1720 516 cundum
1737 487 1864 528 partes
1883 479 2046 527 mobilis,
2056 479 2237 528 competit
2251 480 2285 516 ei
2299 480 2511 530 secundum
2524 493 2612 530 pro-

1548 532 1675 580 prium
1695 532 1920 579 subiectum,
1942 539 1978 569 et
1995 533 2046 569 ita
2064 532 2160 569 inest
2172 533 2192 554 ³²
2207 532 2242 570 ei
2260 544 2402 581 perse,
2424 533 2611 582 quantitas

1550 592 1678 622 autem
1718 593 1846 622 motus
1890 598 1988 634 quae
2025 585 2206 634 accipitur
2241 585 2454 622 secundum
2487 593 2612 635 partes

1549 637 1813 686 longitudinis,
1851 638 2032 687 accipitur
2062 638 2275 675 secundum
2297 643 2310 658 ³
2334 638 2612 676 reiterationem

1550 698 1678 727 motus
1705 691 1821 739 ipsius
1841 691 2002 738 mobilis,
2022 698 2136 740 prout
2154 690 2293 728 scilicet
2315 691 2458 733 mobile
2477 699 2611 739 totum,

1551 743 1656 792 quod
1676 744 1883 792 complevit
1910 752 2059 781 motum
2081 756 2194 781 suum
2222 756 2337 793 super
2353 745 2372 766 *
2386 756 2505 781 unam
2527 756 2613 793 par-

1550 803 1628 832 tem
1659 796 1925 844 longitudinis,
1964 797 2095 834 iterato
2127 797 2328 845 pertransit
2363 797 2488 834 aliam.
2519 798 2614 835 Illud

1552 860 1640 896 ergo
1670 849 1775 897 quod
1804 856 1859 886 est
1880 849 2004 898 prima
2028 862 2142 886 causa
2168 849 2359 887 infinitatis
2388 857 2527 898 motus,
2547 850 2614 887 ha-

1552 902 1616 938 bet
1645 901 1825 939 virtutem
1860 914 1975 951 super
2005 902 2229 940 infinitatem
2261 909 2389 940 motus
2421 915 2520 951 quae
2559 910 2615 940 est

1550 967 1620 1003 per
1647 966 1709 1002 se,
1741 962 1784 991 ut
1811 954 1948 992 scilicet
1978 955 2097 1004 possit
2130 967 2291 992 movere
2322 955 2464 992 mobile
2491 955 2640 993 infini-v

1551 1015 1632 1044 tum
1661 1007 1691 1044 si
1725 1006 1934 1055 contingat:
1968 1015 2005 1044 et
2035 1008 2123 1045 ideo
2157 1019 2312 1044 necesse
2350 1014 2405 1044 est
2433 1008 2537 1057 quod
2569 1009 2616 1046 sit

1551 1060 1752 1098 infinitum.
1787 1061 1836 1097 Et
1872 1060 2047 1109 quamvis
2079 1060 2247 1108 primum
2285 1060 2428 1096 mobile
2456 1060 2502 1098 sit
2532 1061 2615 1099 fini-

1552 1121 1646 1161 tum,
1666 1122 1795 1150 tamen
1827 1113 1942 1150 habet
1983 1113 2177 1171 quandam
2210 1112 2494 1150 similitudinem
2527 1125 2615 1151 cum

1552 1166 1709 1213 infinito,
1738 1173 1780 1201 ut
1808 1165 1949 1202 dictum
1966 1172 2020 1201 est
2048 1165 2086 1202 in
2113 1165 2261 1202 tertio·
2256 1165 2357 1202 :Ad
2384 1166 2459 1202 hoc
2487 1174 2616 1204 autem
2643 1175 2654 1186 ·

1553 1219 1658 1267 quod
1686 1217 1826 1266 aliquid
1849 1218 1894 1254 sit
1914 1229 2028 1254 causa
2055 1225 2182 1255 motus
2207 1193 2341 1255 infiniti
2369 1230 2439 1267 per
2465 1218 2615 1258 reitera-

1551 1272 1695 1308 tionem
1716 1278 1843 1307 rnotus
1865 1271 1984 1319 (quod
2000 1270 2020 1291 *
2035 1279 2091 1307 est
2105 1283 2174 1319 per
2189 1270 2390 1319 accidens),
2406 1283 2484 1308 non
2503 1284 2617 1321 opor·
2644 1281 2654 1290 ·

1552 1331 1603 1361 tet
1630 1323 1736 1373 quod
1762 1323 1900 1360 habeat
1930 1323 2109 1360 virtutem
2143 1323 2351 1371 infinitam,
2386 1323 2454 1361 sed
2481 1325 2619 1363 sufficit

1553 1378 1583 1414 si
1602 1377 1717 1414 habet
1743 1375 1921 1413 virtutem
1948 1375 2188 1413 immobilem
2213 1377 2380 1414 finitam:
2409 1376 2499 1426 quia
2516 1389 2616 1416 sem-

1552 1442 1620 1479 per
1639 1436 1816 1466 manente
1837 1429 1973 1466 eadem
1992 1429 2141 1476 virtute,
2161 1429 2300 1478 poterit
2318 1429 2496 1467 reiterare
2525 1442 2616 1468 eun-
2659 1455 2662 1458 ·

1554 1483 1643 1520 dem
1673 1482 1867 1528 effectum3
1902 1481 1996 1518 sicut
2024 1482 2080 1519 sol
2107 1482 2233 1532 habet
2247 1482 2428 1520 virtutem
2455 1483 2616 1531 finitam,

1554 1544 1590 1573 et
1608 1544 1737 1572 tamen
1763 1541 1893 1584 posset
1919 1547 2079 1572 movere
2106 1534 2284 1572 inferiora
2311 1535 2499 1573 elementa
2521 1544 2616 1574 tem-

1552 1601 1647 1638 pore
1675 1588 1834 1636 infinito,
1855 1587 1886 1624 si
1909 1595 2037 1624 motus
2066 1594 2164 1625 esset
2186 1587 2454 1648 sempiternus,
2483 1601 2617 1627 secun·-

1555 1642 1648 1679 dum
1667 1641 1898 1690 positionem
1921 1640 2142 1678 Aristotelis.
2172 1641 2263 1678 Non
2284 1641 2386 1678 enim
2411 1648 2467 1678 est
2493 1641 2618 1691 prima

1555 1707 1668 1732 causa
1695 1693 1887 1731 infinitatis
1911 1701 2052 1741 motus,
2072 1694 2138 1731 sed
2156 1694 2175 1714 *
2195 1694 2303 1743 quasi
2331 1694 2379 1731 ab
2409 1694 2482 1731 alio
2510 1703 2617 1737 mota

1554 1748 1603 1784 ad
1636 1746 1875 1784 movendum
1907 1753 2080 1795 tempore
2108 1746 2271 1794 infinito,
2307 1747 2521 1785 secundum
2547 1760 2617 1798 po·-

1554 1800 1730 1837 sitionem
1757 1798 2004 1848 praedictam.

1608 1854 1644 1890 6.
1665 1852 1813 1890 Deinde
1842 1864 1930 1889 cum
1963 1851 2065 1889 dicit:
2101 1852 2210 1894 Quod
2234 1857 2360 1889 autem
2396 1853 2550 1891 omnino
2577 1853 2616 1891 in

1813 1904 1975 1942 ostendit
2012 1905 2116 1954 quod
2153 1917 2308 1942 necesse
2347 1912 2402 1942 est
2430 1905 2615 1943 virtutem

1555 1971 1653 2008 quae
1682 1966 1736 1995 est
1763 1958 1802 1995 in
1829 1957 2099 2006 magnitudine,
2124 1957 2403 2007 proportionari
2430 1958 2616 2006 magnitu-

1556 2011 1633 2052 dini
1648 2011 1686 2048 in
1701 2023 1777 2060 qua
1792 2018 1856 2047 est.
1878 2012 1927 2047 Et
1944 2011 2069 2060 primo
2090 2010 2253 2048 ostendit
2271 2010 2454 2059 quod*in
2473 2010 2616 2060 magni-

1536 2088 1537 2091 =
1555 2064 1683 2101 tudine
1698 2064 1804 2100 finita
1819 2075 1897 2100 non
1911 2071 2036 2112 potest
2050 2076 2132 2100 esse
2152 2064 2320 2112 potentia
2342 2063 2499 2111 infinita,
2509 2064 2615 2114 quod

1554 2117 1797 2166 principalius
1825 2116 1999 2163 intendit3
2028 2116 2198 2153 secundo
2235 2116 2340 2166 quod
2367 2129 2439 2154 nec
2465 2116 2504 2155 in
2535 2128 2617 2155 ma·

1556 2169 1749 2218 gnitudine
1777 2169 1922 2207 infinita
1949 2176 2074 2218 potest
2101 2181 2183 2206 esse
2209 2169 2378 2218 potentia
2404 2169 2522 2218 finita,
2541 2169 2614 2208 ibi:

1555 2223 1715 2260 Nullum
1730 2222 1846 2272 igitur
1853 2223 2010 2271 finitum
2022 2224 2041 2244 ἧς
2053 2229 2122 2259 etc.
2144 2222 2261 2269 Quod
2276 2231 2405 2260 autem
2420 2223 2458 2260 in
2472 2222 2617 2272 magni-

1555 2275 1685 2312 tudine
1713 2275 1819 2312 finita
1855 2287 1934 2312 non
1963 2275 2152 2323 contingat
2179 2287 2262 2312 esse
2295 2275 2504 2325 potentiam
2532 2276 2617 2315 infi-

1556 2329 1686 2376 nitam,
1707 2329 1871 2377 probat,
1890 2328 1985 2365 duas
2013 2328 2293 2377 suppositiones
2320 2328 2611 2377 praemittendo.

1557 2382 1741 2428 Quarum
1760 2381 1884 2430 prima
1911 2388 1977 2427 est,
2002 2381 2107 2430 quod
2134 2381 2257 2418 maior
2282 2381 2451 2430 potentia
2478 2393 2617 2431 aequa·

1555 2435 1632 2471 lem
1662 2434 1838 2471 effectum
1875 2434 2023 2482 perficit
2049 2434 2088 2470 in
2115 2433 2264 2471 minore
2291 2441 2464 2484 tempore
2499 2444 2616 2484 quam

1551 2488 1698 2536 minor:
1727 2486 1821 2523 sicut
1840 2486 1964 2523 maior
1985 2486 2154 2536 potentia
2173 2486 2391 2524 calefactiva
2409 2486 2459 2524 ad
2477 2499 2616 2536 aequa-

1556 2541 1632 2576 lem
1649 2539 1874 2576 caliditatem
1893 2539 2067 2588 perducit
2080 2539 2117 2577 id
2132 2539 2172 2576 in
2191 2551 2268 2588 quo
2284 2539 2369 2588 agit,
2390 2540 2428 2577 in
2442 2540 2462 2561 '¹‘
2476 2540 2616 2578 minori
2644 2546 2655 2556 ·
2687 2586 2694 2594 .

1555 2600 1746 2641 tempore3
1776 2600 1812 2629 et
1847 2592 1969 2629 simile
2006 2600 2062 2630 est
2099 2592 2146 2630 de
2172 2593 2350 2642 -potentia
2388 2592 2618 2637 dulcorantis

1555 2646 1618 2683 vel
1645 2645 1885 2694 proiicientis,
1905 2646 1968 2683 vel
1987 2645 2260 2695 cuiuscumque
2279 2645 2483 2684 moventis.
2503 2646 2553 2684 Et
2572 2658 2618 2684 ex

1556 2699 1628 2735 hac
1655 2698 1914 2747 suppositione
1953 2698 2162 2746 concludit,
2192 2699 2298 2748 quod
2327 2711 2414 2736 cum
2449 2699 2618 2748 potentia

1556 2751 1701 2788 infinita
1721 2751 1767 2788 sit
1785 2751 1908 2788 maior
1935 2763 2052 2799 quam
2088 2751 2257 2800 potentia
2283 2751 2401 2799 finita,
2421 2763 2577 2789 necesse
2597 2753 2618 2774 ⁸
2644 2757 2655 2767 ·

1557 2812 1612 2841 est
1641 2805 1745 2853 quod
1782 2804 1812 2841 si
1840 2804 1885 2841 sit
1913 2804 2038 2854 aliqua
2074 2804 2296 2853 magnitudo
2330 2805 2436 2842 finita
2452 2824 2454 2827 v
2472 2805 2618 2843 habens

1556 2857 1764 2906 potentiam
1784 2857 1982 2905 infinitam,
2003 2857 2108 2905 quod
2129 2870 2152 2894 a
2170 2857 2232 2894 tali
2252 2865 2385 2906 agente
2400 2857 2480 2894 sive
2495 2865 2625 2896 unum·

1556 2910 1702 2959 patiens
1730 2910 1810 2947 sive
1837 2910 1946 2959 plura
1979 2910 2168 2959 patiantur
2198 2910 2238 2948 in
2273 2911 2410 2948 eodem
2443 2917 2616 2959 tempore

1556 2963 1743 3000 maiorem
1763 2963 2014 3000 mutationem
2029 2963 2055 3010 ς,
2067 2975 2184 3012 quam
2203 2963 2251 3000 ab
2272 2962 2344 3000 alio
2364 2963 2527 3000 habente
2546 2973 2615 3012 po·

1556 3015 1711 3052 tentiam
1738 3015 1903 3052 finitam:
1932 3017 1994 3053 vel
2023 3028 2043 3052 e
2073 3028 2260 3053 converso
2285 3015 2390 3064 quod
2418 3016 2617 3064 aequalem

1557 3068 1807 3105 mutationem
1826 3068 1984 3117 patiens,
1996 3069 2044 3105 ab
2064 3081 2111 3105 eo
2132 3068 2294 3117 patiatur
2311 3069 2351 3106 in
2369 3068 2509 3106 minori
2522 3076 2617 3106 tem-

1556 3301 1595 3320 est
1614 3295 1690 3321 haec:
1709 3296 1838 3328 quantitas
1861 3301 1948 3321 motus
1967 3302 2070 3329 accepta
2095 3296 2239 3321 secundum
2259 3301 2345 3329 partes
2363 3297 2475 3328 mobilis,
2494 3297 2618 3330 competit

1556 3331 1636 3355 motui
1658 3332 1801 3356 secundum
1821 3332 1953 3364 proprium
1977 3332 2136 3363 subiectum,
2162 3337 2187 3357 et
2206 3331 2264 3357 ideo
2282 3340 2329 3365 per
2347 3339 2388 3362 se3
2414 3333 2541 3366 quantitas
2555 3339 2618 3358 vero

1555 3371 1642 3391 motus
1662 3371 1765 3399 accepta
1782 3367 1925 3392 secundum
1944 3372 2029 3399 partes
2048 3366 2212 3400 longitudinis
2231 3367 2350 3392 convenit
2368 3367 2449 3393 motui
2474 3368 2617 3392 secundum

1555 3401 1742 3426 reiterationem
1761 3406 1847 3427 motus
1860 3402 1940 3434 ipsius
1955 3401 2058 3427 mobilis
2063 3409 2071 3432 3
2087 3407 2112 3427 et
2131 3402 2189 3427 ideo
2202 3410 2253 3427 non
2268 3410 2314 3436 per
2327 3410 2357 3428 se
2370 3403 2416 3428 sed
2430 3410 2477 3436 per
2490 3402 2617 3428 accidens.

1555 3436 1625 3469 Ergo
1637 3444 1684 3470 per
1694 3444 1722 3462 se
1734 3436 1860 3462 infinitum
1874 3437 1901 3461 in
1915 3442 1988 3462 motu
2002 3437 2139 3462 attenditur
2152 3438 2294 3462 secundum
2309 3442 2395 3471 partes
2410 3438 2490 3471 ipsius
2505 3437 2617 3463 mobilis.

1609 3471 1633 3504 ζ)
1648 3471 1792 3504 patiantur
1811 3471 1837 3496 ι’νι
1856 3472 1947 3497 eodem
1967 3475 2084 3504 tempore
2102 3472 2229 3498 masor-em
2253 3473 2433 3498 mutationem.
2446 3472 2617 3505 -patiantur

1556 3512 1724 3539 corrumpunt
1742 3507 1939 3540 AlKSVYpMQ
1952 3506 1977 3531 in
1986 3507 2170 3541 perficiantur,
2185 3508 2227 3532 ed.
2241 3515 2258 3532 a
2271 3509 2297 3532 in
2310 3508 2466 3540 partiatur-5
2480 3507 2506 3532 in
2524 3507 2615 3532 eodem

1556 3544 1672 3574 tempore
1690 3550 1744 3567 om.
1758 3542 1780 3567 D
1788 3550 1795 3572 ;
1809 3549 1856 3574 pro
1875 3542 2056 3572 mutationem,
2071 3542 2279 3568 immutationem
2294 3543 2369 3568 codd.
2384 3550 2436 3568 exc.
2450 3541 2529 3572 ΠΕΟ,
2541 3541 2616 3567 item-

1556 3584 1607 3609 que
1626 3582 1685 3609 post
1703 3577 1805 3602 lineam.

2639 543 2648 552 '
2664 544 2700 565 est
2712 542 2782 565 codd.
2791 547 2814 566 et
2825 549 2858 570 a.

2641 752 2849 780 'perr-oua*

2645 1703 2655 1713 '¹
2669 1700 2759 1726 tellio&
2771 1709 2793 1725 ι’.

2719 2019 2808 2049 dpont
2844 2028 2864 2050 t„

2643 2231 2654 2241 ⁶
2667 2229 2738 2254 Nm
2753 2230 2785 2254 16.
