2898 3996
1163 334 1273 371 CAP.
1301 333 1369 379 vl,
1400 333 1548 369 LECT.
1578 334 1612 370 X

377 413 535 452 κινήσεως
563 416 620 446 καὶ
649 413 808 458 ἠρεμίας,
839 415 896 444 καὶ
922 413 990 450 πῶς
1016 410 1162 455 ἑκατέρα
1191 413 1274 454 μία,
1305 410 1363 440 καὶ

380 461 465 496 τίνες
492 459 643 491 ἐναντίαι
669 459 774 498 τίσιν,
799 458 943 499 εἴρηται.

2392 335 2465 371 263

1483 417 1533 440 tus
1548 411 1649 441 motui
1665 412 1836 442 contrarius
1856 419 1911 450 est,
1926 422 2023 452 quam
2037 413 2135 453 quies.
2147 411 2165 432 *
2179 412 2219 443 Et
2234 413 2273 443 de
2289 419 2380 443 motu
2395 412 2468 453 qui·
2497 416 2506 426 ·
2521 415 2588 437 Text.
2605 416 2640 444 ⁶3·

1484 453 1556 483 dem
1579 461 1610 484 et
1631 455 1744 494 quiete,
1769 456 1933 495 quomodo
1957 462 2088 496 utraque
2111 466 2213 487 unum
2235 463 2319 494 sunt,
2339 462 2369 487 et
2387 465 2468 497 quae

1484 497 1652 527 contrariae
1675 498 1799 538 quibus,
1825 499 1942 529 dictum
1966 506 2020 530 est.

307 545 506 588 Ἃπορήσειε
531 543 561 576 δ’
583 544 621 577 ἄν
647 556 696 582 τις
719 546 776 576 καὶ
803 546 874 588 περὶ
891 543 953 576 τοῦ
969 540 1146 580 ἵστασθαι,
1164 541 1191 571 εἰ
1210 532 1270 571 zat
1287 538 1364 572 ὅσαι
1418 537 1605 570 *Dubitabit
1614 547 1719 571 autem
1731 541 1801 581 quis
1814 548 1844 572 et
1854 543 1891 572 de
1904 549 1993 580 stare,
2005 543 2029 572 si
2043 550 2072 573 et
2088 542 2280 584 quicumque
2297 548 2370 572 sunt
2380 551 2467 583 prae·
2497 546 2506 555 ³
2521 544 2588 566 Text.
2602 544 2640 570 64-

379 590 473 634 παροὶ
496 588 590 632 φύσιν
613 587 772 628 κινήσεις,
799 585 946 624 ταύταις
971 586 1061 618 ἐστὶν
1082 585 1203 658 ἦρεέιία
1223 583 1366 615 ἀντικει-

405 633 472 670 ένη.
499 634 537 664 Et
561 632 620 674 μὲν
647 631 703 664 οὖν
727 631 774 676 μή
799 631 911 671 ἔσται,
934 629 1082 661 ἄτοπον·
1105 638 1127 670 μ
1148 638 1194 658 νει
1210 626 1288 672 γάρ,
1307 626 1364 667 βία

379 645 431 712 §est
456 675 543 709 ὥστε
569 676 712 719 ἠρεμοῦν
737 687 771 707 τι
797 675 894 707 ἔσται
918 670 978 704 οὐκ
1004 670 1055 704 ἀεὶ
1082 671 1158 704 ἄνευ
1183 672 1245 703 τοῦ
1276 670 1368 716 γενέ-

381 720 470 756 σθαι.
500 721 608 753 ’Δλλοὶ
635 717 738 757 δῆλον
770 717 823 750 ὅτι
848 717 959 749 ἔσται·
989 714 1096 760 ὥσπερ
1127 715 1191 759 γαρ
1222 718 1366 746 κινεῖται

381 776 431 799 πα
455 764 477 796 οὶ
499 763 610 806 φύσιν,
631 765 689 796 καὶ
714 760 893 806 ἧρεμοϊ“οἷν
919 771 952 791 τι
977 758 1071 812 παραὶ
1094 759 1199 803 φύσιν.

310 808 407 842 Ἐπεὶ
453 807 460 818 ’
484 807 576 839 ἐστὶν
601 807 696 844 ἐνίοις
725 807 851 842 κίνησις
874 803 969 835 κατοὶ
992 814 1086 844 φυσιν
1109 803 1166 834 καὶ
1193 802 1288 845 παραὶ
1312 800 1367 845 φύ-

326 860 329 862 ’
381 865 445 894 σιν,
472 851 538 883 οἷον
564 852 640 894 πυρὶ
663 851 684 886 ἡ
712 849 778 881 ἄνω
802 847 897 879 κατ-οὶ
920 846 1027 890 φύσιν,
1045 847 1066 883 ἡ
1092 843 1129 878 δὲ
1151 845 1247 878 κοίτω
1273 845 1368 887 παραὶ

380 896 496 940 φύσιν,
523 893 664 937 πότερον
698 891 786 928 αὕτη
819 892 958 923 ἐναντία
983 889 1004 926 ἦ
1029 892 1049 926 ’ἡ
1076 891 1137 928 τῆς
1169 890 1248 936 γῆς;
1277 888 1364 925 αὕτη

381 939 446 994 χεὶρ
470 936 606 982 φέρεται
628 936 724 968 κατ-οὶ
747 934 841 978 φύσιν
865 933 973 967 κάτω.
991 933 1038 965 ’Ὴ
1061 929 1164 970 δῆλον
1184 932 1236 965 ὅτι
1256 933 1364 976 ἄμφω,

383 982 456 1015 αλλ’
479 980 541 1035 οὐχ
564 979 737 1020 ὡσαύτως,
766 979 838 1011 ἀλλ’
860 979 880 1014 η’
906 977 964 1022 μέν
989 978 1083 1010 κατοὶ
1099 977 1193 1021 φύσιν
1210 978 1251 1014 ὥς
1274 975 1370 1009 κατοὶ

381 1024 474 1070 φύσιν
494 1035 591 1061 ουσης
609 1018 704 1059 τῆσδ’
729 1023 851 1056 αὑτοῦ·
870 1023 890 1058 ἡ
910 1021 975 1053 ἄνω
993 1023 1054 1054 τοῦ
1072 1021 1171 1064 πυρὸς
1189 1021 1233 1062 τῇ
1258 1019 1366 1059 κοί-τω,

325 1066 329 1069 ’
381 1070 422 1106 ὠς
444 1069 464 1105 ἡ
487 1067 583 1100 κατοὶ
606 1066 700 1112 φύσιν
726 1065 810 1098 οὖσα
827 1066 872 1108 τῇ
891 1065 985 1108 παραὶ
1001 1065 1094 1109 φύσιν
1113 1065 1207 1107 οὔσῃ.
1231 1065 1368 1107 Ὁμοίως

382 1108 419 1144 δὲ
442 1113 500 1143 καὶ
526 1115 601 1148 ταῖς
626 1114 755 1154 μοναΐς.
1331 1124 1334 1126 v

308 1230 406 1268 Ἴσως
429 1225 456 1261 δ’
485 1229 604 1274 ἠρεμίᾳ
628 1230 752 1266 κίνησίς
778 1241 825 1272 πῃ
852 1226 1056 1262 ἀντίκειται.

373 1711 520 1738 ΞΥΝοΡειε.
538 1725 572 1730 —-
593 1718 616 1737 1.
638 1710 847 1746 Argumentum
874 1715 901 1736 et
928 1708 1029 1736 divisio
1057 1714 1157 1736 textus.
1178 1724 1197 1728 -
1219 1715 1246 1735 2.
1270 1708 1371 1736 Prima

320 1745 466 1778 dubitatio.
486 1750 581 1783 Quare
595 1747 625 1776 in
639 1757 740 1785 genere
755 1754 850 1776 motus
865 1747 962 1775 localis
983 1747 1124 1775 invenitur
1138 1753 1234 1774 motus
1249 1754 1276 1774 et
1290 1747 1370 1783 quies

319 1796 381 1817 tum
403 1789 561 1816 secundum
582 1794 729 1822 naturam,
751 1793 812 1815 tum
834 1793 911 1815 extra
932 1792 1079 1821 naturam3
1101 1793 1129 1814 et
1149 1786 1179 1813 in
1202 1785 1263 1814 aliis
1286 1795 1370 1822 gene-

320 1828 398 1857 ribus
419 1828 475 1856 hoc
495 1836 556 1855 non
570 1826 727 1855 invenitur?
742 1842 762 1847 -
777 1826 802 1854 3.
825 1825 949 1854 Solvitur
963 1825 1087 1853 obiectio
1101 1831 1202 1853 contra
1215 1826 1271 1853 hoc
1292 1825 1371 1861 quod

320 1867 351 1895 in
371 1876 463 1903 praec.
474 1876 553 1894 num.
570 1866 710 1894 asseritur.
733 1865 835 1893 Omnis
856 1864 1001 1900 corruptio
1022 1870 1049 1892 et
1063 1864 1187 1892 defectus
1209 1871 1252 1892 est
1271 1870 1372 1892 contra

320 1912 451 1934 naturam
470 1905 697 1943 particularem.-
718 1913 778 1932 non
793 1909 888 1932 autem
903 1910 1003 1931 contra
1017 1910 1148 1931 naturam
1168 1903 1371 1937 universalem,

321 1944 388 1981 quia
415 1945 539 1972 defectus
560 1950 587 1972 et
607 1943 754 1980 corruptio
782 1949 809 1971 et
836 1942 1002 1970 huiusmodi
1028 1942 1201 1979 proveniunt
1222 1951 1255 1970 ex
1276 1942 1372 1979 aliquo

319 1983 461 2021 principio
488 1983 609 2012 naturali
636 1982 798 2011 intrinseco.
821 1998 840 2004 -
864 1991 892 2016 4.
919 1983 1026 2010 Textus
1054 1981 1219 2010 subdivisio.
1247 1981 1372 2010 Solvitur

321 2023 452 2060 quaestio
473 2025 519 2058 (n.
542 2024 588 2058 2).
610 2024 642 2050 In
663 2022 791 2059 quolibet
811 2030 913 2058 genere
928 2021 1093 2049 mutationis
1114 2021 1255 2049 invenitur
1273 2030 1373 2049 secun-

321 2063 390 2090 dum
412 2068 544 2090 naturam
566 2067 594 2089 et
614 2067 700 2089 extra
722 2066 871 2088 naturam:
893 2060 1012 2088 mutatio
1034 2059 1111 2088 enim
1132 2060 1271 2095 violenta,
1293 2060 1373 2088 cuius

321 2110 425 2137 nempe
452 2100 625 2137 principium
651 2107 692 2128 est
718 2106 810 2134 extra,
832 2099 974 2127 contraria
1001 2105 1043 2127 est
1063 2099 1215 2127 mutationi
1236 2099 1373 2134 naturali,

322 2140 402 2168 cuius
423 2139 595 2176 principium
616 2145 659 2166 est
679 2139 760 2167 intra.
782 2138 978 2166 Manifestatur
998 2138 1028 2167 in
1049 2138 1174 2174 qualibet
1194 2138 1286 2174 specie
1310 2147 1375 2166 mu-

322 2178 448 2208 tationis.
462 2194 482 2199 —
499 2178 523 2205 5.
539 2177 663 2206 Solvitur
683 2177 815 2206 obiectio.
844 2176 1029 2212 Corruptioni
1051 2177 1208 2213 opponitur
1229 2177 1374 2213 generatio

322 2224 351 2245 et
371 2217 456 2246 etiam
471 2217 626 2253 corruptio:
642 2217 691 2244 sed
705 2215 850 2252 generatio
865 2216 1021 2244 secundum
1036 2216 1176 2243 rationem
1192 2215 1235 2243 sui
1254 2215 1374 2252 generis,

324 2255 470 2292 corruptio
492 2262 587 2283 autern
609 2256 765 2284 secundum
784 2254 924 2283 rationem
945 2254 1078 2291 propriae
1099 2254 1210 2290 speciei.
1225 2271 1245 2275 —
1259 2256 1285 2282 6.
1307 2254 1377 2282 Uni-

323 2295 468 2324 versaliter
488 2304 589 2322 omnes
610 2301 706 2323 motus
728 2301 794 2322 sunt
814 2293 947 2322 contrarii
968 2303 1019 2330 per
1038 2294 1095 2321 hoc
1114 2295 1193 2330 quod
1213 2300 1256 2321 est
1276 2303 1374 2322 secun—

287 2353 289 2355 *
324 2335 392 2363 dum
419 2339 554 2364 naturam
575 2340 602 2361 et
626 2339 712 2362 extra
742 2338 892 2367 naturam;
918 2339 946 2360 et
972 2333 1099 2360 similiter
1125 2339 1191 2360 sunt
1218 2333 1376 2360 contrariae

323 2370 432 2410 quietes
452 2373 489 2400 ad
509 2372 630 2401 invicem
651 2379 679 2400 et
699 2373 736 2400 ad
753 2378 856 2400 motus.
871 2387 890 2392 -
906 2381 932 2408 7.
955 2372 1087 2399 Secunda
1105 2372 1251 2399 dubitatio.
1274 2373 1375 2399 Utrum

324 2412 419 2440 omnis
439 2411 551 2448 quietis,
567 2421 639 2448 quae
660 2421 720 2439 non
742 2418 854 2447 semper
868 2410 928 2445 fuit,
944 2410 979 2438 sit
999 2410 1095 2447 aliqua
1111 2411 1274 2447 generatio?
1296 2412 1376 2438 Duae

323 2451 449 2479 rationes
475 2460 529 2487 pro
549 2457 629 2487 parte
650 2450 788 2487 negativa.
811 2451 845 2485 a)
867 2450 955 2484 Quies
983 2459 1044 2477 non
1069 2456 1219 2486 generatur
1245 2449 1299 2477 nisi
1326 2459 1377 2486 per

323 2497 436 2521 motum
457 2491 683 2526 praecedentem,
706 2490 755 2526 qui
776 2496 856 2518 tanto
878 2495 920 2516 est
940 2489 1074 2523 velocior,
1092 2495 1200 2525 quanto
1222 2489 1312 2525 magis
1326 2498 1375 2525 ap-

323 2529 498 2566 propinquat
518 2530 555 2557 ad
577 2529 711 2566 quietem,
733 2535 834 2565 utpote
855 2537 928 2565 quae
950 2535 992 2556 est
1013 2528 1073 2556 eius
1087 2528 1232 2564 perfectio.
1255 2529 1375 2556 Contra-

527 2632 535 2639 ·
546 2634 561 2657 ,,
586 2618 759 2659 ostquam
775 2610 1027 2659 Philosophus
1047 2610 1309 2647 determinavit
1328 2611 1373 2647 de

512 2711 575 2765 Ἓξ
588 2722 717 2751 movet
758 2715 942 2762 quasdam
986 2714 1235 2750 dubitationes
1278 2714 1375 2751 circa

407 2802 410 2803 ⁷
534 2765 804 2814 νῬτειεηῑὶεεε.
843 2767 891 2802 Et
924 2766 1020 2802 circa
1050 2767 1124 2802 hoc
1162 2767 1237 2803 duo
1270 2767 1375 2803 facit:

325 2818 448 2867 primo
463 2818 569 2866 ponit
583 2818 832 2854 dubitationes
844 2825 880 2854 et
894 2818 1004 2854 solvit
1019 2830 1098 2863 eas;
1115 2819 1281 2854 secundo
1298 2831 1376 2855 ma-

327 2871 474 2907 nifestat
492 2870 696 2918 quaedam,
717 2882 814 2918 quae
834 2870 872 2906 in
894 2870 962 2906 illis
982 2870 1272 2906 dubitationibus
1291 2883 1378 2919 pos-

304 2930 409 2960 'sent
437 2933 518 2959 esse
547 2922 678 2968 dubia,
709 2922 776 2958 ibi:
804 2923 998 2958 Dubitabit
1018 2928 1141 2959 autem
1162 2923 1242 2970 quis
1263 2924 1282 2943 *¹
1308 2930 1376 2960 etc.

327 2975 453 3011 Prima
489 2986 575 3023 pars
613 2974 790 3011 dividitur
817 2974 855 3010 in
887 2982 960 3010 tres
989 2976 1030 3021 ²²,
1061 2974 1268 3011 secundum
1300 2983 1379 3012 tres

328 3027 576 3064 dubitationes
605 3039 697 3075 quas
725 3034 871 3072 movet;
902 3035 937 3063 et
954 3034 1083 3074 patent
1109 3034 1232 3074 partes
1260 3027 1298 3064 in
1325 3027 1379 3064 lit-

327 3087 406 3115 tera
425 3080 456 3115 *.
478 3078 588 3115 Circa
609 3079 775 3127 primum
797 3078 872 3115 duo
892 3079 996 3115 facit:
1016 3080 1140 3128 primo
1165 3087 1295 3116 movet
1314 3080 1379 3116 du-

328 3130 568 3175 bitationem3
598 3131 764 3167 secundo
794 3131 905 3168 solvit
917 3153 929 3178 ,-
956 3132 1028 3168 ibi:
1056 3133 1108 3168 At
1137 3131 1170 3167 si
1200 3137 1254 3167 est
1283 3133 1383 3180 quod

327 3182 499 3219 violentia
515 3184 569 3230 fit
591 3183 612 3204 ³²
641 3190 708 3220 etc.

383 3246 417 3271 2.
448 3235 582 3277 Movet
608 3247 696 3282 ergo
724 3235 847 3283 primo
883 3235 1170 3282 dubitationem,
1199 3247 1315 3283 quare
1343 3235 1381 3271 in

329 3298 465 3335 genere
493 3293 618 3322 motus
645 3287 773 3323 localis
802 3287 1040 3324 inveniuntur
1068 3289 1087 3308 ’¹‘
1116 3287 1270 3334 quidam
1299 3299 1380 3323 mo-

329 3347 387 3375 tus
417 3346 453 3374 et
480 3338 666 3386 quaedam
696 3339 837 3386 quietes
858 3340 877 3360 ²¹⁴
897 3338 1104 3375 secundum
1133 3346 1316 3385 naturam,
1347 3346 1382 3375 et

331 3391 518 3440 quaedam
539 3398 639 3426 extra
654 3398 838 3436 naturam,
855 3398 891 3426 et
906 3390 942 3426 in
962 3390 1040 3427 aliis
1059 3390 1256 3437 generibus
1275 3391 1348 3427 hoc
1362 3391 1383 3411 ³*

330 3456 409 3481 non
436 3442 635 3479 invenitur:
664 3450 754 3490 puta
777 3442 879 3490 quod
899 3454 974 3477 una
1002 3442 1167 3478 alteratio
1187 3442 1231 3478 sit
1250 3454 1383 3478 secun-

332 3495 423 3532 dum
451 3502 641 3542 naturam,
672 3501 708 3530 et
736 3494 806 3530 alia
834 3501 935 3530 extra
963 3501 1151 3539 naturam;
1190 3494 1276 3541 quia
1305 3506 1383 3530 non

330 3543 477 3585 videtur
496 3547 614 3594 magis
634 3559 714 3582 esse
739 3546 880 3582 sanatio
901 3545 1108 3582 secundum
1130 3553 1300 3582 naturam
1319 3546 1381 3582 vel

332 3606 433 3636 extra
447 3606 631 3647 naturam,
643 3610 756 3647 quam
769 3599 788 3620 '¹‘
797 3598 1013 3646 aegrotatio,
1028 3610 1113 3634 cum
1128 3605 1328 3646 utrumque
1339 3598 1382 3619 *²¹⁸

89 2930 186 2952 uum.
200 2936 226 2951 n.

87 2983 195 3030 ’agar-tes
204 2981 257 3003 add.
271 2989 284 3003 Ρ

89 3087 102 3098 ’
114 3086 151 3109 Εἰ,
166 3092 206 3108 un.
220 3092 246 3114 7,
259 3092 281 3114 9.

91 3191 100 3200 ·
114 3190 185 3212 Num.
199 3196 222 3216 4.

92 3297 223 3318 'invenitur
230 3301 302 3323 γρηῦ

90 3322 182 3376 εἲᾶιιιῗὲε
196 3348 248 3370 rab.

92 3401 105 3412 ³
117 3400 160 3423 Ιιοε
173 3406 221 3422 om.
232 3402 272 3422 tc.

95 3579 107 3590 ⁶
119 3579 158 3601 nl
168 3585 222 3602 aaa.

95 3605 119 3616 ⁸·
131 3607 229 3634 ueraque
242 3606 276 3628 rb.

1485 589 1530 613 ter
1552 590 1695 614 naturam
1725 591 1846 622 motus,
1870 585 1918 615 his
1935 592 1980 615 est
1995 585 2084 626 quies
2108 585 2263 625 opposita.
2289 585 2320 616 Si
2340 585 2470 626 quidem

1484 626 1578 665 igitur
1604 636 1669 656 non
1701 627 1777 665 erit,
1800 628 2031 660 inconveniens.
2065 630 2171 659 Manet
2199 628 2284 659 enim
2310 628 2468 659 violentia.

1485 670 1590 706 Quare
1613 670 1774 710 quiescens
1793 671 1910 711 aliquid
1927 672 1982 702 erit
1997 682 2062 702 non
2078 682 2211 712 semper,
2231 672 2296 702 sine
2314 671 2390 703 fieri.
2408 672 2470 702 Sed

1484 713 1590 753 palam
1605 714 1693 754 quod
1715 714 1787 744 erit:
1812 715 1891 745 sicut
1914 715 1998 745 enim
2017 722 2162 746 movetur
2180 722 2299 755 praeter
2314 722 2469 754 naturam,

1485 763 1516 786 et
1537 756 1668 797 quiescit
1690 757 1797 798 utique
1821 758 1938 798 aliquid
1961 765 2081 798 praeter
2102 765 2255 789 naturam.

1420 797 1435 814 *
1450 799 1611 836 Quoniam
1626 807 1730 831 autern
1746 809 1791 831 est
1805 801 1994 842 quibusdam
2014 809 2119 832 motus
2136 802 2310 832 secundum
2325 808 2469 832 naturam
2498 805 2508 814 ‘
2523 805 2590 827 Text.
2605 804 2639 830 65-

1486 850 1517 873 et
1528 850 1647 883 praeter
1662 851 1815 883 naturam,
1827 851 1902 884 puta
1919 845 1998 884 ignis
2015 845 2070 885 qui
2085 854 2209 875 sursum
2227 845 2401 875 secundum
2415 855 2470 876 na-

1486 894 1600 925 turam,
1617 887 1672 927 qui
1690 894 1795 918 autern
1811 889 1959 918 deorsum
1977 895 2096 928 praeter
2114 895 2274 919 naturam:
2298 895 2404 918 utrum
2420 888 2471 919 hic

1488 931 1669 969 contrarius,
1694 938 1748 961 aut
1770 931 1824 971 qui
1842 930 1959 962 terrae?
1983 932 2069 962 Haec
2083 932 2168 962 enim
2184 931 2279 962 fertur
2298 932 2472 962 secundum

1462 981 1631 1004 ,naturam
1659 975 1816 1005 deorsum.
1846 977 1912 1005 Aut
1943 975 2047 1015 palam
2078 975 2152 1015 quia
2184 975 2296 1013 ambo,
2329 975 2383 1005 sed
2406 985 2472 1005 non

1489 1017 1601 1047 eodem
1624 1018 1737 1048 modo:
1762 1018 1815 1048 sed
1839 1019 1893 1058 qui
1910 1018 2039 1058 quidem
2057 1018 2231 1049 secundum
2251 1025 2405 1057 naturam,
2426 1028 2471 1048 se-

1489 1060 1630 1090 cundum
1652 1067 1796 1091 naturam
1819 1062 1974 1099 existenti;
1999 1061 2064 1092 eius
2091 1068 2196 1092 autem
2218 1061 2272 1102 qui
2296 1061 2394 1101 ipsius
2415 1061 2470 1102 qui

1490 1113 1615 1133 sursum
1637 1103 1731 1143 ignis,
1756 1104 1822 1134 eius
1837 1105 1892 1144 qui
1908 1105 2066 1143 deorsum,
2084 1112 2119 1135 ut
2141 1105 2315 1135 secundum
2329 1112 2472 1135 naturam

1491 1146 1620 1176 existens
1650 1154 1769 1186 praeter
1798 1155 1941 1178 naturam
1964 1148 2114 1179 existenti.
2147 1148 2292 1179 Similiter
2314 1154 2420 1179 autem
2443 1154 2473 1179 et

1490 1189 1523 1219 in
1545 1189 1771 1220 mansionibus.

1424 1233 1518 1263 Forte
1529 1240 1636 1263 autem
1647 1233 1744 1273 quieti
1759 1239 1866 1263 motus
1885 1234 2078 1274 aliquatenus
2096 1236 2277 1275 opponitur.
2289 1235 2374 1266 Cum
2389 1236 2474 1266 enim

1490 1283 1654 1306 moveatur
1674 1286 1711 1306 ex
1726 1276 1788 1306 hoc
1811 1283 1841 1306 et
1855 1276 1987 1316 abiiciat,
2004 1278 2105 1308 adhuc
2120 1279 2241 1309 videtur
2255 1279 2367 1309 habere
2386 1279 2475 1320 quod

1491 1319 1641 1350 abiicitur.
1671 1320 1796 1358 Quare,
1825 1320 1850 1350 si
1877 1320 1945 1359 ipsa
1974 1321 2062 1361 quies
2091 1322 2241 1351 contraria
2265 1322 2292 1352 ei
2324 1322 2378 1362 qui
2402 1322 2475 1353 hinc

1492 1369 1538 1393 est
1560 1363 1593 1392 in
1616 1363 1806 1394 contrarium
1832 1364 1952 1403 motui,
1977 1364 2071 1394 simul
2094 1365 2229 1395 existunt
2256 1365 2426 1403 contraria,
2450 1365 2475 1395 si

1492 1406 1687 1446 aliquatenus
1710 1406 1843 1447 quiescit
1867 1414 1921 1437 aut
1943 1408 2045 1438 adhuc
2066 1415 2179 1438 manet.
2203 1408 2355 1438 Totaliter
2370 1415 2475 1439 autem

1491 1450 1520 1479 ei
1547 1450 1634 1490 quod
1656 1457 1812 1489 movetur,
1835 1450 1896 1480 hoc
1924 1451 2053 1491 quidem
2075 1451 2128 1490 ibi,
2144 1451 2204 1481 hoc
2220 1458 2325 1482 autem
2341 1452 2373 1482 in
2389 1452 2477 1492 quod

1490 1500 1638 1524 mutatur.
1661 1494 1792 1533 Propter
1814 1494 1902 1534 quod
1917 1494 2015 1534 magis
2034 1502 2140 1525 motus
2155 1495 2258 1525 motui
2274 1495 2475 1534 contrarium,

1490 1546 1588 1577 quam
1603 1536 1702 1577 quies.
1714 1537 1794 1573 Quis
1810 1537 1940 1578 quidem
1954 1537 2048 1577 igitur
2062 1545 2168 1568 motus
2185 1537 2366 1578 simpliciter
2381 1549 2474 1577 unus,

1491 1580 1610 1610 dictum
1638 1587 1702 1618 est;
1726 1587 1756 1610 et
1779 1580 1817 1610 de
1839 1587 1931 1611 motu
1959 1581 2089 1621 quidem
2112 1587 2142 1612 et
2164 1582 2286 1622 quiete,
2310 1582 2474 1623 quomodo

1490 1629 1622 1663 uterque
1645 1633 1739 1661 unus,
1763 1630 1793 1654 et
1815 1624 1870 1664 qui
1890 1623 2034 1654 contrarii
2049 1624 2175 1665 quibus,
2193 1625 2311 1655 dictum
2327 1632 2382 1655 est.

1424 1708 1499 1736 rium
1520 1716 1615 1737 autem
1629 1709 1731 1737 accidit
1751 1710 1781 1737 in
1802 1716 1883 1738 motu
1896 1710 2032 1745 violento,
2051 1711 2100 1747 qui
2114 1720 2217 1747 nempe
2230 1710 2375 1746 praecedit
2395 1710 2474 1747 quie·-

1425 1754 1483 1775 tem
1504 1747 1702 1776 innaturalem.
1725 1750 1803 1776 Haec
1828 1758 1895 1786 ergo
1909 1759 1970 1777 non
1984 1756 2148 1786 generatur:
2164 1756 2191 1777 et
2205 1749 2269 1777 ideo
2296 1759 2357 1777 non
2380 1749 2475 1777 omnis

1426 1786 1506 1822 quies
1526 1788 1613 1815 habet
1632 1787 1854 1823 generationem.
1870 1805 1889 1809 -
1903 1789 1930 1816 8.
1954 1789 1984 1823 b)
2006 1789 2101 1816 Motus
2129 1788 2262 1816 naturalis
2284 1795 2311 1816 et
2331 1788 2475 1825 generatio

1428 1825 1530 1861 quietis
1551 1833 1617 1854 sunt
1631 1826 1706 1854 idem
1721 1826 1849 1854 subiecto
1871 1833 1898 1854 et
1919 1827 2053 1854 differunt
2067 1827 2177 1855 ratione
2191 1834 2316 1863 tantum;
2330 1828 2382 1855 sed
2397 1827 2478 1864 quies

1426 1864 1552 1892 violenta
1578 1874 1638 1892 non
1666 1872 1816 1902 generatur
1836 1874 1887 1901 per
1913 1872 2025 1894 motum
2045 1867 2218 1902 naturalem3
2240 1876 2307 1903 ergo
2329 1866 2391 1902 ipsa
2416 1875 2477 1894 non

1427 1903 1512 1931 habet
1541 1904 1762 1940 generationem.
1790 1920 1808 1924 —
1837 1913 1863 1940 9.
1897 1905 1993 1932 Tertia
2014 1906 2159 1933 dubitatio.
2182 1907 2255 1934 Cum
2282 1905 2389 1934 mobile
2416 1914 2478 1933 non

1427 1942 1530 1978 statim,
1553 1944 1602 1970 sed
1624 1943 1780 1971 successive
1801 1944 1911 1971 deserat
1931 1944 2085 1972 terminum
2106 1954 2124 1972 a
2145 1953 2208 1981 quo,
2230 1945 2295 1972 ideo
2317 1946 2386 1972 dum
2414 1953 2477 1972 mo-

1427 1988 1525 2017 vetur,
1553 1989 1681 2010 remanet
1707 1983 1801 2010 adhuc
1820 1982 1923 2018 partim
1945 1983 1975 2010 in
1996 1983 2067 2019 ipso.
2090 1983 2120 2011 Si
2141 1993 2208 2020 ergo
2230 1984 2310 2020 quies
2330 1983 2360 2011 in
2381 1983 2478 2019 aliquo

1427 2021 1550 2049 termino
1565 2028 1607 2049 est
1621 2021 1763 2049 contraria
1783 2022 1874 2049 motui
1896 2031 1954 2058 quo
1975 2022 2114 2050 receditur
2129 2024 2164 2050 ab
2179 2023 2237 2057 illo,
2258 2024 2316 2051 duo
2338 2022 2479 2050 contraria

1429 2067 1511 2088 erunt
1532 2060 1625 2088 simul.
1649 2077 1668 2081 -
1700 2070 1743 2088 10.
1775 2062 1975 2096 Respondetur
2001 2071 2061 2089 non
2083 2071 2143 2089 esse
2171 2061 2374 2090 inconveniens
2400 2062 2479 2098 quod

1428 2109 1518 2127 unum
1533 2099 1744 2127 contrariorum
1759 2101 1914 2127 secundum
1929 2099 1995 2137 quid
2009 2101 2211 2136 permisceatur
2231 2101 2323 2129 alteri:
2345 2101 2384 2129 ita
2405 2110 2479 2128 sem-

1428 2148 1480 2174 per
1498 2147 1557 2166 una
1576 2148 1642 2175 pars
1662 2138 1777 2166 mobilis
1805 2145 1846 2166 est
1873 2139 1903 2166 in
1923 2139 2046 2167 termino
2075 2148 2092 2167 a
2112 2149 2184 2176 quo,
2215 2140 2269 2167 alia
2295 2140 2325 2167 in
2354 2139 2477 2167 termino

1429 2178 1467 2205 ad
1481 2186 1572 2214 quem.
1594 2179 1730 2205 Attamen
1750 2185 1867 2214 propter
1883 2179 1940 2206 hoc
1960 2179 2051 2206 motui
2066 2179 2155 2215 magis
2176 2179 2364 2207 contrariatur
2383 2185 2478 2207 motus

1430 2225 1517 2254 quam
1532 2216 1622 2252 quies.
1634 2217 1833 2253 —Epilogus.-
1845 2227 1853 2244 1
1865 2227 1886 2245 1.
1896 2219 2038 2245 Notamen
2052 2217 2126 2245 circa
2139 2225 2306 2254 sequentem
2321 2218 2450 2246 litteram.
2460 2234 2477 2238 -

1431 2255 1519 2289 Quies
1538 2255 1664 2283 violenta
1685 2256 1799 2290 (cf..nn.
1815 2265 1846 2292 7,
1869 2256 1903 2291 8)
1925 2265 1985 2284 non
2006 2257 2091 2284 habet
2111 2257 2323 2293 generationem
2342 2257 2478 2294 proprie,

1430 2294 1503 2322 idest
1517 2303 1534 2322 a
1548 2303 1633 2322 causa
1654 2303 1727 2330 quae
1748 2294 1784 2322 sit
1802 2303 1854 2330 per
1875 2304 1904 2322 se
1925 2295 2027 2323 factiva
2048 2295 2164 2332 quietis;
2187 2297 2236 2324 sed
2257 2297 2342 2324 habet
2362 2305 2479 2332 genera-

1430 2333 1538 2361 tionem
1549 2342 1607 2370 per
1619 2333 1760 2366 accidens,
1775 2342 1826 2369 per
1846 2334 1987 2362 defectum
2002 2343 2105 2370 nempe
2118 2335 2228 2363 virtutis
2240 2335 2367 2363 factivae.
2383 2351 2402 2356 -
2415 2335 2481 2363 Alia

1430 2378 1522 2400 textus
1536 2371 1675 2408 expositio
1690 2373 1846 2400 secundum
1862 2372 1946 2400 aliam
1961 2372 2116 2401 litteram.—
2135 2381 2177 2402 12.
2193 2374 2284 2402 Motui
2297 2374 2418 2402 naturali
2434 2374 2478 2409 (cf.
2523 2406 2526 2409 ,

1430 2420 1458 2438 n.
1475 2412 1503 2445 6)
1518 2410 1590 2447 ignis
1605 2421 1719 2438 sursum
1735 2411 1921 2439 contrariatur
1937 2418 2032 2440 motus
2047 2419 2138 2440 terrae
2152 2413 2296 2448 deorsum,
2312 2413 2384 2440 sicut
2397 2419 2480 2440 natu-

1431 2450 1496 2478 ralis
1510 2450 1644 2485 naturali3
1665 2450 1852 2478 contrariatur
1864 2457 1960 2478 autem
1975 2457 2070 2478 motus
2088 2451 2160 2488 ignis
2174 2452 2318 2487 deorsum,
2334 2452 2406 2480 sicut
2418 2452 2480 2480 vio—

1431 2490 1523 2517 lentus
1544 2489 1674 2517 naturali.
1697 2505 1716 2510 -
1736 2489 1844 2517 Eadem
1866 2490 1938 2517 ratio
1959 2497 2001 2518 est
2025 2491 2060 2518 de
2088 2491 2286 2519 contrarietate
2313 2491 2479 2528 quietum.-

1435 2529 1478 2556 13.
1500 2529 1658 2562 Quomodo
1680 2528 1767 2564 quieti
1789 2535 1951 2564 opponatur
1965 2536 2061 2556 motus
2081 2529 2130 2565 (cf.
2145 2539 2193 2557 nn.
2216 2539 2243 2566 9,
2261 2531 2327 2565 io).

1427 2610 1608 2658 procedat
1636 2622 1657 2646 a
1683 2610 1866 2658 principio
1895 2611 2051 2647 naturali
2073 2611 2282 2648 intrinseco.
2309 2612 2357 2647 Et
2379 2611 2478 2648 simi-

1427 2663 1507 2698 liter
1526 2670 1580 2699 est
1598 2663 1636 2699 in
1657 2663 1890 2699 dealbatione
1911 2670 1945 2699 et
1964 2663 2229 2710 denigratione,
2247 2670 2282 2700 et
2299 2663 2337 2700 in
2354 2665 2374 2684 *
2391 2675 2478 2711 aug·
2507 2673 2516 2683 ·
2531 2674 2553 2695 in
2569 2679 2616 2695 om·
2630 2679 2664 2694 ¹21³·

1430 2722 1558 2751 mento
1585 2722 1621 2750 et
1640 2715 1899 2751 decremento:
1920 2715 2007 2762 quia
2026 2728 2147 2763 neque
2177 2715 2233 2752 isti
2253 2715 2327 2752 duo
2354 2723 2479 2752 motus

1431 2767 1483 2803 sic
1502 2767 1772 2803 contrariantur
1787 2767 1835 2804 ad
1850 2767 2024 2814 invicem,
2040 2775 2080 2804 ut
2098 2779 2194 2804 unus
2213 2767 2258 2803 sit
2272 2767 2479 2804 secundum

1430 2826 1602 2855 naturam
1631 2826 1667 2855 et
1694 2820 1784 2855 alter
1813 2826 1910 2856 extra
1940 2827 2131 2865 naturam,
2162 2831 2247 2855 cum
2281 2827 2481 2867 utrumque

1431 2872 1645 2907 naturaliter
1670 2871 1879 2919 proveniat.
1905 2873 2039 2919 Neque
2059 2880 2301 2919 augmentum
2322 2871 2374 2908 sic
2394 2884 2482 2908 con-

1431 2923 1601 2959 trariatur
1620 2931 1835 2970 augmento,
1850 2931 1890 2959 ut
1910 2924 2102 2972 quoddam
2123 2924 2167 2960 sit
2191 2923 2397 2961 secundum
2418 2936 2482 2960 na-

1432 2982 1553 3011 turam
1579 2983 1614 3012 et
1637 2975 1830 3023 quoddam
1850 2984 1951 3012 extra
1970 2984 2152 3012 naturam.
2174 2976 2222 3012 Et
2237 2976 2370 3013 eadem
2390 2976 2482 3012 ratio

1435 3035 1490 3063 est
1509 3028 1555 3064 de
1574 3027 1813 3075 generatione
1842 3035 1878 3064 et
1905 3028 2161 3076 corruptione:
2195 3040 2272 3064 non
2293 3028 2393 3064 enim
2415 3040 2482 3076 po-

1434 3087 1505 3116 test
1533 3079 1604 3116 dici
1630 3078 1739 3130 {quod
1771 3081 1960 3127 generatio
1993 3081 2038 3116 sit
2069 3081 2276 3117 secundum
2313 3088 2483 3116 naturam

1436 3139 1472 3168 et
1491 3132 1678 3180 corruptio
1708 3139 1808 3167 extra
1827 3140 2019 3178 naturam3
2049 3133 2137 3180 quia
2155 3143 2360 3179 senescere,
2381 3131 2483 3178 quod

1436 3191 1491 3220 est
1517 3185 1580 3220 via
1608 3184 1646 3220 in
1666 3184 1960 3232 corruptionem,
1991 3184 2123 3220 accidit
2150 3183 2356 3220 secundum
2379 3190 2483 3218 natu-

1436 3248 1529 3272 ram.
1559 3237 1695 3283 Neque
1722 3236 1834 3272 etiam
1861 3236 2036 3272 videmus
2065 3235 2166 3283 quod
2193 3247 2268 3271 una
2296 3233 2484 3281 generatio

1436 3288 1480 3323 sit
1508 3288 1716 3324 secundum
1745 3295 1916 3324 naturam
1946 3295 1980 3323 et
2008 3288 2078 3323 alia
2106 3294 2206 3322 extra
2234 3294 2416 3323 naturam.

1491 3340 1524 3376 3.
1541 3339 1697 3376 Videtur
1716 3347 1840 3375 autem
1859 3340 1878 3360 *
1892 3340 1994 3386 quod
2013 3339 2073 3374 hic
2088 3338 2219 3374 dicitur
2241 3350 2320 3374 esse
2341 3345 2484 3374 contra·
2512 3347 2522 3358 ⁸
2536 3346 2567 3368 Et
2584 3346 2675 3367 videtur
2693 3352 2721 3367 to

1455 3391 1461 3398 ο
1586 3391 1592 3398 0
1787 3392 1792 3397 .
1821 3391 1827 3397 .
1917 3391 1922 3397 ι
2513 3379 2537 3394 α.
2552 3384 2562 3388 -
2578 3379 2629 3394 8888
2648 3379 2694 3394 om.
2709 3378 2722 3393 t·

1437 3403 1533 3427 rium
1563 3404 1607 3438 ei,
1628 3391 1731 3439 quod
1759 3392 1889 3427 dicitur
1915 3403 1953 3426 1n
1977 3392 2007 3426 II
2037 3391 2081 3426 de
2113 3389 2224 3426 Caelo
2243 3391 2273 3436 *,
2299 3390 2401 3437 quod
2429 3403 2486 3426 se·
2513 3398 2677 3446 &agag-3133·
2690 3431 2721 3449 m

1437 3443 1557 3490 nium,
1587 3450 1622 3479 et
1650 3443 1773 3479 omnis
1802 3443 1966 3479 defectus
1995 3449 2030 3478 et
2058 3441 2245 3489 corruptio
2275 3449 2329 3478 est
2357 3450 2486 3479 contra
2514 3451 2720 3478 Did-cursans-

1436 3502 1619 3531 naturam.
1642 3495 1718 3531 Sed
1737 3493 1938 3531 dicendum
1959 3500 2023 3540 est,
2044 3493 2147 3542 quod
2175 3493 2322 3530 senium
2342 3501 2378 3530 et
2405 3507 2484 3531 cor-

1437 3547 1557 3594 ruptio
1583 3554 1618 3582 et
1646 3547 1926 3583 decrementum
1957 3553 2010 3582 est
2042 3546 2329 3594 quodammodo
2359 3554 2486 3583 contra

1437 3606 1619 3645 naturam,
1642 3606 1677 3634 et
1691 3597 1976 3646 quodammodo
2006 3597 2213 3634 seeundum
2242 3605 2425 3635 naturam.
2447 3598 2486 3635 Si
