2898 3996
299 1107 332 1122 les

240 1128 350 1149 orvxrah

237 1363 247 1372 ·
270 1368 360 1389 smnper

237 1388 327 1410 codd.e
329 1394 366 1410 xc.
373 1394 423 1410 nos.

233 2027 319 2042 eeeeee

385 1368 432 1384 om.

481 285 554 323 318

479 363 601 409 brum,
628 361 767 398 scilicet
803 360 906 409 quod
934 360 980 397 sit
1006 360 1044 396 in
1072 360 1157 406 BC,
1186 359 1282 395 idest
1309 358 1347 394 in
1374 358 1536 394 termino

480 416 529 452 ad
557 427 688 473 quem:
713 413 803 461 quia
830 412 984 461 quando
1014 418 1068 448 est
1086 411 1124 447 in
1148 388 1314 448 ⁷termino
1335 410 1384 447 ad
1409 422 1536 459 quem,

479 475 569 504 tunc
587 467 663 503 iam
685 473 739 502 est
761 473 958 511 mutatum,
978 472 1020 500 ut
1039 476 1083 500 ex
1107 462 1399 512 superioribus*
1414 469 1535 511 patet;

383 534 412 550 »a
434 544 443 554 ‚
478 520 692 568 ponebatur
719 518 885 554 autem*
903 516 1034 566 quod
1025 529 1063 552 m
1083 517 1157 552 hoc
1177 523 1349 564 tempore
1373 522 1536 551 mutare-

391 587 426 602 ν-
480 579 550 609 tur.
571 571 807 618 Relinquitur
834 581 922 617 ergo
951 568 1055 617 quod
1082 568 1120 604 in
1150 569 1169 589 ²⁸*
1189 575 1268 604 toto
1297 575 1468 616 tempore
1497 566 1535 602 in

480 636 556 672 quo
589 630 753 659 mutatur
785 621 1031 668 indivisibile,
1065 620 1110 657 sit
1137 620 1175 656 in
1203 621 1290 666 AB,
1325 620 1420 656 idest
1450 620 1468 639 ss
1497 618 1535 655 in

481 676 640 712 termino
669 687 691 711 a
714 687 802 724 quo.
833 675 890 711 Ex
918 686 994 722 quo
1023 673 1191 721 sequitur
1218 672 1321 721 quod
1350 671 1533 720 quiescat.

479 727 578 764 nihil
597 728 699 764 enirn
732 735 788 764 est
815 726 915 763 aliud
948 725 1161 774 quiescere,
1191 737 1309 773 quam
1338 724 1441 773 quod
1470 723 1533 759 ali-

479 779 568 828 quid
596 781 616 801 '¹‘
643 780 689 816 sit
716 779 755 816 in
781 791 859 816 uno
889 786 924 814 et
952 778 1089 814 eodem
1122 789 1191 826 per
1222 784 1345 813 totum
1380 775 1533 835 aliquod

478 840 638 881 tempus.
669 832 768 868 Cum
802 831 902 868 enirn
922 830 959 867 in
979 830 1147 878 quolibet
1169 837 1340 877 tempore
1366 829 1411 865 sit
1430 828 1533 877 prius

479 892 515 921 et
547 884 754 933 posterius,
783 884 813 920 si
842 891 991 932 tempus
1025 889 1080 919 est
1113 881 1316 928 divisibile,
1347 881 1531 930 quidquid

476 949 545 986 per
572 937 727 986 aliquod
754 944 903 984 tempus
933 942 987 971 est
1013 934 1051 971 in
1079 947 1156 971 uno
1183 941 1218 971 et
1247 934 1401 981 eodem,
1431 933 1533 970 simi-

476 989 558 1026 liter
585 1002 626 1026 se
653 990 767 1025 habet
794 1001 894 1025 nunc
914 995 949 1024 et
975 987 1095 1036 prius;
1117 986 1221 1036 quod
1241 994 1296 1023 est
1324 987 1530 1035 quiescere.

478 1041 555 1078 Sed
582 1043 655 1078 hoc
684 1048 739 1077 est
767 1040 1010 1089 impossibile,
1031 1040 1135 1088 quod
1160 1039 1299 1087 aliquid
1329 1040 1421 1076 dum
1449 1052 1532 1076 mu-

475 1102 573 1130 tatur
600 1093 766 1142 quiescat
785 1095 815 1129 ⁴⁶.
839 1093 1073 1141 Relinquitur
1101 1105 1189 1140 ergo
1210 1092 1313 1140 quod
1337 1105 1415 1129 non
1444 1105 1532 1129 con-

475 1146 579 1194 tingit
614 1145 837 1194 impartibile
879 1145 1047 1193 moveri,
1087 1157 1212 1193 neque
1249 1145 1375 1194 aliquo
1413 1145 1532 1182 modo

475 1198 623 1236 mutari.

528 1252 614 1288 Hoc
634 1250 735 1287 enim
755 1251 837 1287 solo
858 1250 976 1287 modo
994 1257 1124 1299 posset
1153 1262 1233 1287 esse
1253 1249 1385 1298 aliquis
1404 1257 1531 1287 motus

475 1303 527 1340 rei
555 1303 799 1349 indivisibilis,
824 1302 854 1339 si
878 1310 1029 1351 tempus
1054 1310 1348 1351 componeretur
1372 1315 1416 1339 ex
1443 1302 1531 1351 ipsis

474 1368 590 1393 nunc:
612 1355 700 1404 quia
719 1356 757 1392 in
776 1367 876 1392 nunc
905 1367 1056 1404 semper
1077 1355 1096 1376 *
1115 1362 1170 1391 est
1197 1362 1346 1391 motum
1368 1367 1448 1391 esse
1468 1356 1530 1392 vel

474 1416 672 1445 mutatum.
703 1409 752 1445 Et
779 1407 867 1456 quia
895 1408 999 1456 quod
1023 1415 1172 1444 motum
1201 1415 1275 1455 est,
1305 1407 1530 1456 inquantum

472 1460 704 1508 huiusmodi,
733 1473 812 1497 non
839 1468 1027 1507 movetur,
1057 1459 1225 1508 sequitur
1249 1461 1352 1509 quod
1372 1460 1410 1496 in
1429 1473 1531 1497 nunc

472 1514 563 1550 nihil
591 1521 785 1560 movetur,
815 1514 882 1550 sed
910 1512 955 1549 sit
982 1519 1142 1549 motum.
1174 1512 1235 1549 Sic
1263 1513 1372 1560 igitur
1402 1521 1531 1561 posset

470 1566 563 1614 poni
598 1565 822 1602 indivisibile
861 1565 1009 1602 moveri
1045 1565 1083 1601 in
1120 1565 1246 1614 aliquo
1275 1573 1469 1614 tempore,
1500 1566 1530 1603 si

471 1626 621 1666 tempus
650 1630 694 1654 ex
722 1618 810 1666 ipsis
839 1629 940 1654 nunc
960 1625 1268 1666 componeretur:
1295 1618 1383 1667 quia
1401 1626 1531 1667 posset

471 1671 551 1707 dari
583 1670 687 1718 quod
720 1670 757 1707 in
786 1670 954 1719 quolibet
986 1670 1156 1719 ipsorum
1185 1683 1286 1707 nunc
1321 1683 1364 1707 ex
1392 1671 1530 1720 quibus

471 1723 711 1771 componitur
737 1730 899 1771 tempus,
921 1731 1019 1760 esset
1041 1722 1079 1759 in
1103 1735 1194 1770 uno,
1215 1731 1251 1760 et
1278 1723 1317 1760 in
1336 1731 1415 1760 toto
1435 1731 1529 1762 tem-

468 1788 573 1824 pore,
603 1775 699 1812 idest
725 1776 763 1812 in
792 1775 970 1812 omnibus
995 1788 1108 1823 nunc,
1130 1782 1227 1812 esset
1254 1775 1293 1813 in
1320 1776 1464 1823 multis;
1495 1784 1530 1814 et

469 1828 521 1865 sic
557 1828 596 1865 in
633 1835 711 1865 toto
749 1836 921 1877 tempore
950 1835 1190 1876 moveretur,
1220 1841 1298 1865 non
1335 1836 1464 1866 autem
1492 1829 1530 1866 in

469 1881 594 1930 aliquo
623 1893 734 1917 nunc.
757 1882 835 1918 Sed
862 1881 967 1929 quod
995 1882 1070 1917 hoc
1096 1881 1142 1918 sit
1169 1881 1414 1930 impossibile,
1435 1882 1529 1919 scili-

470 1941 528 1970 cet
546 1941 697 1982 tempus
717 1934 897 1982 componi
918 1946 962 1970 ex
980 1933 1070 1982 ipsis
1087 1935 1106 1955 *
1125 1947 1238 1980 nunc,
1260 1942 1455 1972 ostensum
1475 1943 1530 1972 est

386 2001 401 2016 o
435 2010 441 2017 -
469 1986 572 2035 prius
591 1987 621 2022 *.
644 1987 851 2023 Ostensum
878 1994 933 2023 est
957 1986 1058 2023 enim
1077 1999 1192 2035 supra
1211 1987 1253 2008 ”⁹²⁴
1274 1987 1379 2036 quod
1404 2000 1528 2036 neque

469 2046 619 2088 tempus
640 2039 880 2087 componitur
899 2051 944 2076 ex
963 2039 1051 2088 ipsis
1079 2052 1191 2087 nunc,
1213 2052 1338 2089 neque
1358 2040 1456 2077 linea
1484 2053 1529 2078 ex

468 2091 558 2140 ipsis
585 2092 753 2140 punctis,
782 2104 907 2140 neque
935 2099 1062 2129 motus
1100 2093 1341 2141 componitur
1374 2105 1418 2129 ex
1446 2106 1529 2130 mo-

469 2145 605 2181 mentis
633 2147 688 2191 (ut
709 2157 778 2193 per
796 2152 1038 2181 momentum
1063 2145 1311 2193 intelligamus
1329 2146 1404 2182 hoc
1423 2146 1528 2194 quod

470 2204 525 2234 est
551 2203 734 2234 mutatum
762 2199 874 2243 esse).
901 2197 976 2244 Qui
997 2197 1098 2234 enim
1123 2198 1198 2234 hoc
1222 2198 1319 2245 dicit,
1341 2199 1446 2247 quod
1474 2198 1527 2235 in-

469 2250 652 2287 divisibile
681 2257 869 2298 movetur,
890 2257 954 2286 aut
980 2250 1085 2299 quod
1118 2258 1246 2287 motus
1275 2258 1528 2299 componatur

393 2313 433 2334 act·
469 2315 514 2339 ex
541 2302 848 2349 indivisibilibus,
878 2302 968 2339 nihil
996 2302 1096 2340 aliud
1125 2303 1252 2340 facit*
1276 2316 1392 2352 quam
1421 2304 1526 2352 quod

467 2362 618 2404 tempus
647 2363 899 2403 componatur
925 2368 970 2392 ex
998 2368 1110 2403 nunc,
1138 2363 1202 2392 aut
1230 2356 1450 2404 magnitudo
1480 2369 1526 2394 ex

466 2409 632 2456 punctis;
662 2408 766 2456 quod
796 2416 850 2445 est
880 2408 1125 2457 impossibile.
1156 2409 1258 2457 Ergo
1289 2417 1324 2446 et
1351 2409 1525 2458 impossi-

467 2461 540 2497 bile
570 2469 624 2498 est
650 2460 875 2509 impartibile
903 2461 1062 2498 moveri.

520 2514 553 2550 6.
578 2513 794 2550 Secundam
809 2513 994 2550 rationem
1009 2513 1116 2563 ponit
1129 2513 1196 2551 ibi:
1214 2514 1386 2563 Amplius
1400 2521 1524 2552 autem

466 2578 515 2603 ex
541 2567 597 2603 his
626 2574 712 2603 etc.:
734 2574 770 2603 et
790 2566 877 2603 dicit
903 2567 1008 2616 quod
1028 2579 1074 2603 ex
1093 2566 1150 2603 his
1176 2579 1274 2616 quae
1302 2576 1522 2616 sequuntur,

465 2626 588 2667 potest
626 2631 707 2655 esse
740 2619 982 2656 manifestum
1020 2619 1126 2668 quod
1162 2632 1287 2668 neque
1319 2628 1522 2669 punctum,

414 2687 439 2702 ικ
466 2684 588 2720 neque
609 2672 709 2708 aliud
730 2673 749 2693 ²²*
766 2672 1037 2721 quodcumque
1056 2672 1280 2710 indivisibile
1298 2680 1423 2722 potest
1441 2686 1524 2710 mo-

361 2740 417 2755 ern-
464 2724 556 2762 veri.
586 2725 634 2761 Et
661 2725 730 2762 ista
758 2725 851 2762 ratio
880 2725 1050 2774 specialis
1070 2727 1089 2745 ἣ
1111 2733 1166 2763 est
1193 2725 1241 2763 de
1264 2733 1374 2763 motu
1401 2726 1521 2764 locali.

1102 280 1447 318 PHYSICORUM
1473 278 1821 316 ARISTOTELIS
1850 279 1943 314 LIB.
1975 278 2025 315 VI

1592 357 1719 393 Omne
1758 355 1860 392 enirn
1898 355 2003 404 quod
2040 362 2218 392 movetur
2254 357 2464 394 secundum
2501 357 2648 405 locum,

1590 407 1821 456 impossibile
1850 415 1906 444 est
1937 408 2042 456 quod
2068 407 2172 456 prius
2198 415 2430 456 pertranseat
2461 409 2648 447 maiorem

1589 459 1890 507 magnitudinem
1918 459 2001 508 ipso
2030 459 2179 506 mobili,
2214 472 2330 508 quam
2358 462 2557 509 aequalem
2585 462 2649 500 vel

1589 512 1790 558 minorem;
1811 512 1880 549 sed
1899 524 2051 560 semper
2069 512 2212 549 mobile
2231 513 2333 561 prius
2351 514 2551 562 pertransit
2567 526 2648 551 ma-

1588 564 1824 612 gnitudinem
1862 565 2061 613 aequalem
2090 564 2160 601 sibi
2192 572 2257 602 aut
2292 565 2502 614 minorem,
2531 578 2648 616 quam

1588 617 1786 654 maiorem.
1809 617 1849 654 Si
1865 629 1952 665 ergo
1973 618 2046 654 hoc
2065 617 2116 654 ita
2130 629 2171 654 se
2186 617 2311 665 habet,
2332 618 2574 656 manifestum
2594 626 2650 657 est

1588 670 1692 718 quod
1709 672 1728 691 ’³
1745 677 1780 706 et
1797 677 1995 718 punctum,
2017 669 2047 706 si
2066 677 2255 717 movetur,
2278 670 2383 719 prius
2409 671 2651 720 pertransibit
2678 675 2688 685 ·

1587 722 1727 771 aliquid
1747 722 1872 759 minus
1891 735 1931 759 se
1952 730 2016 759 aut
2034 723 2191 771 aequale
2211 722 2292 770 sibi,
2315 735 2431 772 quam
2451 724 2648 772 longitudi-

1588 786 1678 811 nem
1701 774 1888 811 maiorem
1917 786 1970 811 se.
2000 775 2078 812 Sed
2105 775 2337 824 impossibile
2366 784 2423 814 est
2441 777 2545 824 quod
2564 789 2648 826 per-

1587 834 1750 863 transeat
1768 827 1908 875 aliquid
1928 826 2053 864 minus
2071 839 2123 875 se,
2140 828 2228 876 quia
2243 836 2298 865 est
2315 828 2552 867 indivisibile.
2574 830 2649 867 Re-

1586 879 1765 928 linquitur
1787 891 1877 927 ergo
1902 880 2006 928 quod
2029 880 2268 928 pertransibit
2292 881 2433 930 aliquid
2453 883 2474 904 *
2490 883 2648 931 aequale

1587 931 1668 969 sibi.
1689 933 1738 969 Ετ
1764 931 1815 968 ita
1843 939 1992 981 oportet
2019 932 2124 980 quod
2148 941 2324 971 numeret
2350 934 2481 972 omnia
2508 942 2649 984 puncta

1587 997 1685 1033 quae
1714 992 1800 1022 sunt
1827 984 1865 1021 in
1894 984 2012 1021 linea·
2041 985 2131 1033 quia
2157 997 2310 1035 semper
2334 995 2532 1036 punctum,
2559 1000 2647 1026 cum

1586 1045 1788 1074 moveatur
1805 1044 1914 1074 motu
1942 1037 2090 1085 aequali
2108 1037 2240 1085 lineae,
2260 1046 2415 1087 propter
2441 1041 2516 1077 hoc
2543 1041 2648 1089 quod

1586 1098 1764 1127 movetur
1790 1102 1860 1139 per
1886 1098 2005 1127 totam
2029 1090 2180 1138 lineam,
2201 1090 2369 1140 sequitur
2396 1092 2501 1141 quod
2528 1100 2648 1130 totam

1586 1142 1724 1180 lineam
1762 1150 1972 1188 mensuret;
2010 1143 2085 1179 hoc
2121 1150 2248 1180 autern
2285 1143 2372 1181 facit
2407 1145 2647 1183 numerando

1586 1195 1716 1232 omnia
1751 1203 1902 1244 puncta.
1932 1196 2034 1243 Ergo
2064 1195 2231 1244 sequitur
2257 1196 2363 1245 quod
2398 1196 2497 1234 linea
2529 1197 2575 1235 sit
2601 1210 2648 1235 ex

1583 1248 1743 1297 punctis.
1765 1248 1806 1285 Si
1834 1260 1923 1296 ergo
1953 1249 2028 1285 hoc
2056 1255 2112 1285 est
2139 1248 2384 1298 impossibile,
2413 1249 2647 1299 impossibile

1586 1309 1641 1338 est
1668 1300 1772 1350 quod
1800 1300 2029 1338 indivisibile
2058 1308 2269 1338 moveatur.

1638 1366 1673 1402 7.
1696 1353 1865 1390 Tertiam
1894 1353 2080 1391 rationem
2099 1353 2207 1403 ponit
2234 1354 2302 1391 ibi:
2331 1355 2504 1403 Amplius
2521 1361 2647 1394 autem

1583 1406 1617 1442 si
1643 1418 1754 1443 omne
1781 1413 1869 1443 etc.:
1898 1419 1995 1455 quae
2024 1405 2106 1443 talis
2135 1414 2201 1444 est.
2223 1407 2351 1444 Omne
2380 1407 2484 1457 quod
2511 1420 2646 1446 move-

1584 1466 1655 1506 tur,
1676 1466 1854 1496 movetur
1872 1458 1910 1495 in
1929 1466 2115 1508 tempore,
2136 1466 2173 1496 et
2199 1459 2290 1497 nihil
2309 1468 2488 1498 movetur
2506 1460 2544 1498 in
2563 1460 2646 1511 ipso

1584 1524 1696 1559 nunc,
1711 1519 1754 1548 ut
1767 1513 1910 1560 supra‘2²
1920 1513 2124 1561 probatum
2141 1519 2206 1550 est.
2224 1513 2432 1551 Ostensum
2448 1521 2503 1551 est
2517 1521 2646 1552 autem
2673 1524 2683 1535 ”

1584 1577 1699 1613 supra
1717 1565 1737 1585 ’¹‘
1756 1565 1861 1613 quod
1881 1577 1997 1602 omne
2016 1572 2168 1614 tempus
2188 1572 2245 1603 est
2262 1565 2458 1604 divisibile.
2479 1567 2581 1615 Ergo
2606 1566 2646 1604 in
2672 1578 2682 1588 ·

1585 1617 1753 1666 quolibet
1789 1624 1962 1666 tempore
1990 1617 2029 1655 in
2057 1630 2134 1677 quo
2172 1618 2312 1668 aliquid
2349 1626 2549 1668 movetur,
2578 1619 2648 1658 erit

1585 1670 1755 1719 accipere
1783 1670 1910 1708 minus
1937 1678 2100 1720 tempus,
2121 1670 2159 1708 in
2178 1683 2256 1720 quo
2285 1679 2464 1710 movetur
2491 1672 2646 1721 aliquod

1584 1722 1710 1759 minus
1739 1722 1897 1760 mobile:
1927 1723 2015 1771 quia
2034 1723 2276 1762 manifestum
2297 1732 2352 1762 est
2379 1725 2484 1774 quod
2505 1737 2646 1775 suppo-

1585 1775 1653 1812 sita
1681 1776 1816 1812 eadem
1835 1776 2077 1823 velocitate,
2068 1789 2106 1813 1n
2125 1777 2263 1814 minori
2283 1772 2456 1827 ternpore
2475 1785 2646 1833 pertran-

1584 1828 1630 1865 sit
1650 1829 1669 1849 *
1689 1828 1814 1866 minus
1842 1828 1984 1866 mobile
2003 1829 2158 1888 aliquod
2185 1829 2335 1878 signum
2360 1830 2502 1879 datum,
2527 1842 2645 1880 quam
2673 1840 2683 1850 ·

1584 1881 1725 1918 mobile
1746 1881 1880 1929 maius,
1901 1881 1996 1918 sicut
2013 1881 2051 1918 in
2071 1882 2209 1919 minori
2228 1890 2402 1931 tempore
2419 1895 2508 1932 pars
2527 1895 2645 1933 quam

1583 1942 1718 1982 totum,
1738 1941 1780 1971 ut
1799 1947 1844 1971 ex
1859 1911 2146 1983 superioribus*
2154 1942 2267 1984 patet.
2290 1935 2330 1972 Si
2350 1948 2440 1984 ergo
2448 1943 2682 1995 p·unctum

1584 1994 1772 2035 movetur,
1790 1987 1858 2024 erit
1876 1987 2046 2036 accipere
2062 1987 2216 2037 aliquod
2234 1995 2386 2037 tempus
2405 1988 2531 2026 minus
2549 1996 2644 2041 tem-

1582 2052 1676 2088 pore
1700 2040 1738 2077 in
1762 2053 1838 2099 quo
1864 2039 1990 2088 ipsum
2019 2047 2208 2078 movetur.
2230 2041 2306 2078 Sed
2325 2041 2401 2078 hoc
2420 2049 2476 2078 est
2502 2041 2645 2091 impos-

1583 2092 1710 2129 sibile:
1740 2093 1828 2141 quia
1855 2100 2076 2141 sequeretur
2103 2093 2236 2142 quod
2227 2106 2265 2130 1n
2293 2093 2355 2130 illo
2385 2093 2524 2131 minori
2550 2102 2653 2149 tem-3

1581 2158 1675 2193 pore
1704 2153 1924 2182 moveretur
1960 2145 2101 2194 aliquid
2129 2146 2254 2183 minus
2291 2158 2408 2195 quam
2440 2154 2644 2195 punctum;

1583 2205 1619 2234 et
1647 2197 1699 2234 sic
1726 2197 1951 2235 indivisibile
1981 2205 2078 2235 esset
2106 2198 2292 2236 divisibile
2319 2199 2358 2236 in
2393 2199 2548 2249 aliquod
2574 2200 2653 2245 mi-‚

1582 2263 1664 2298 nus,
1685 2250 1781 2287 sicut
1800 2258 1952 2299 tempus
1980 2251 2158 2288 dividitur
2175 2251 2214 2288 in
2242 2259 2404 2301 tempus.
2426 2253 2513 2290 Hoc
2540 2252 2643 2291 enim

1581 2304 1663 2340 solo
1702 2303 1820 2341 modo
1856 2311 1986 2352 posset
2017 2304 2167 2342 moveri
2203 2303 2449 2353 indivisibile,
2478 2305 2510 2343 si
2547 2312 2646 2351 esset

1579 2356 1758 2404 possibile
1777 2356 1919 2405 aliquid
1947 2356 2096 2394 moveri
2115 2357 2154 2394 in
2182 2369 2284 2395 nunc
2301 2357 2534 2396 indivisibili:
2554 2357 2645 2409 quia

1580 2409 1676 2446 sicut
1702 2422 1781 2446 non
1801 2416 1898 2446 esset
1916 2409 2088 2458 accipere
2115 2409 2269 2459 aliquod
2288 2410 2414 2448 minus
2431 2410 2516 2460 ipso
2539 2423 2644 2451 nune

1579 2462 1618 2498 in
1646 2474 1723 2510 quo
1752 2469 1940 2509 movetur,
1965 2462 2016 2499 ita
2042 2475 2121 2499 non
2159 2470 2351 2512 oporteret
2377 2464 2550 2512 accipere
2577 2463 2642 2502 ali-

1579 2515 1684 2563 quod
1712 2515 1838 2552 minus
1867 2514 1998 2552 mobili
2016 2515 2048 2552 ³¹³.
2078 2516 2127 2552 Et
2146 2515 2199 2552 sic
2216 2523 2319 2565 patet
2345 2516 2452 2566 quod
2471 2516 2642 2554 eiusdem

1579 2567 1733 2604 rationis
1754 2575 1819 2615 est,
1840 2567 1946 2616 quod
1964 2568 2031 2604 fiat
2057 2575 2185 2605 motus
2213 2568 2252 2606 in
2270 2581 2383 2616 nunc,
2405 2576 2442 2606 et
2458 2569 2567 2618 ’quod
2585 2568 2641 2612 in·

1580 2620 1763 2658 divisibile
1793 2620 1946 2669 aliquod
1975 2628 2188 2659 moveatur.
2215 2622 2302 2659 Hoc
2328 2629 2458 2659 autem
2487 2629 2543 2660 est
2568 2621 2640 2660 im-

1577 2673 1768 2722 possibile,
1799 2673 1904 2723 quod
1931 2674 1951 2694 ²³
1978 2673 2017 2710 in
2045 2686 2146 2711 nunc
2173 2675 2240 2712 fiat
2267 2682 2406 2712 motus.
2439 2675 2542 2724 Ergo
2571 2674 2640 2729 irn-

1576 2726 1755 2775 possibile
1784 2733 1840 2763 est
1867 2726 1972 2775 quod
1999 2726 2225 2764 indivisibile
2253 2735 2466 2766 moveatur.

2671 2522 2853 2551 'must-noi

2669 2686 2784 2710 ‘lcffiflceff
2795 2693 2821 2711 Ρ.
2842 2670 2860 2710 ff
