2982 4022
485 304 537 340 40
1134 299 1481 336 PHYSICORUM
1506 300 1855 338 ARISTOTELIS
1885 302 1979 338 LIB.
2009 302 2024 338 I

1167 514 1467 572 LECTIO
1505 517 1989 575 DUODECIMA

801 666 845 697 IN
869 666 1090 704 Quonam*
1113 666 1225 697 FIERI
1248 666 1471 697 NATURALI
1501 667 1605 698 ‘rmA
1628 667 1816 700 INVENIRI
1839 669 2070 709 PRINCIPIA,
2094 670 2360 710 SUBIECTUM,

1314 727 1567 768 TERMINUM,
1599 729 1847 762 OPPOSITUM

481 875 552 911 Ὧδ’
581 875 637 910 οὖν
670 877 764 920 ἡμεῖς
794 875 937 922 λέγομεν
973 876 1105 920 πρῶτον
1141 877 1215 919 περὶ
1249 875 1360 913 παίσῃς
1393 874 1551 922 γενέσεως

556 920 769 959 ἐπελθόντες·
796 920 869 953 ἔστι
893 920 957 966 γάρ
982 920 1079 953 κατά
1106 920 1200 965 φύσιν
1227 920 1274 952 τά
1296 919 1394 952 κοινοὶ
1418 920 1552 964 πρῶτον

555 966 717 1004 εἰπόντας
744 964 832 998 οὕτω
858 966 905 999 τοὶ
929 966 1003 1008 περὶ
1027 964 1174 998 ἕκαστον
1198 960 1270 996 ἴδια
1295 964 1440 1008 θεωρεῖν.

486 1012 603 1057 Φαμὲν
627 1011 691 1057 γάρ
716 1010 867 1056 γίνεσθαι
893 1010 927 1051 ἐξ
948 1010 1051 1042 ἄλλου
1071 1010 1154 1042 ἄλλο
1174 1011 1233 1041 καὶ
1251 1009 1285 1050 ἐξ
1304 1009 1420 1053 ἑτέρου
1439 1007 1551 1051 ἕτερον

556 1056 576 1094 ἦ
591 1058 639 1089 τοὶ
654 1057 750 1088 ἀπλᾶ
764 1054 923 1101 λέγοντες
942 1054 963 1091 ἦ
981 1054 1029 1088 τά
1045 1056 1259 1100 συγκείμενα.
1279 1054 1376 1100 Λέγω
1393 1049 1430 1085 δὲ
1445 1054 1551 1087 τοῦτο

554 1096 626 1133 ὠδί·
654 1101 727 1134 ἔστι
751 1100 814 1146 γάρ
840 1098 991 1146 γίνεσθαι
1019 1097 1192 1142 ἄνθρωπον
1217 1098 1389 1143 μουσικόν·
1417 1098 1489 1131 ἔστι
1515 1093 1553 1129 δὲ

555 1146 596 1178 τὸ
622 1145 668 1190 μή
694 1143 851 1190 μουσικόν
878 1156 912 1177 τι
936 1143 1088 1191 γίνεσθαι
1113 1143 1270 1188 μουσικὸν
1291 1142 1313 1180 ἦ
1330 1143 1388 1176 τὸν
1409 1142 1456 1187 μὴ
1474 1153 1554 1186 μου-

554 1191 645 1223 σικὸν
665 1189 851 1234 ἄνθρωπον,
868 1188 1041 1234 ἄνθρωπον
1059 1187 1229 1233 μουσικόν.
1251 1188 1396 1220 Ἀπλοῦν
1415 1187 1474 1230 μὲν
1495 1185 1552 1219 οὖν

553 1235 642 1282 λέγω
668 1234 709 1266 τὸ
734 1234 946 1280 γιγνόμενον,
966 1234 1025 1266 τὸν
1049 1233 1220 1276 ἄνθρωπον
1239 1235 1296 1265 καὶ
1315 1233 1357 1265 τὸ
1375 1232 1422 1276 μή
1440 1243 1554 1276 μουσι-

552 1279 625 1322 κόν,
650 1282 708 1311 καὶ
726 1281 742 1313 ὃ
758 1281 890 1325 γίνεται
917 1279 1062 1319 ἁπλοῦν,
1082 1279 1123 1310 τὸ
1141 1276 1313 1322 μουσικόν·
1337 1278 1552 1323 συγκείμενον

554 1320 592 1357 δὲ
615 1326 674 1356 καὶ
701 1324 716 1356 ὃ
741 1327 774 1369 γί
800 1335 898 1357 νεται
921 1326 979 1356 καὶ
1006 1323 1047 1356 τὸ
1071 1321 1284 1369 γιγνόμενον,
1309 1321 1393 1354 ὅταν
1420 1321 1479 1354 τὸν
1505 1320 1552 1364 μή

581 1368 711 1401 ουσικόν
739 1337 911 1415 ἄνζρωπον
937 1369 1047 1414 φῶμεν
1072 1365 1246 1414 γίγνεσθαι
1271 1365 1293 1403 ἢ
1314 1366 1471 1410 μουσικὸν
1499 1367 1553 1399 ἄν-

553 1381 699 1458 ἕρωπον.

487 1458 625 1492 Τούτων
650 1454 688 1491 δὲ
713 1460 754 1492 τὸ
779 1459 838 1503 μὲν
864 1459 901 1489 οὐ
927 1456 1028 1501 μόνον
1051 1455 1193 1502 λέγεται
1214 1449 1294 1493 τόδε
1313 1466 1346 1486 τι
1362 1452 1550 1500 γίγνεσθαι,

556 1504 647 1536 ἀλλά
670 1507 727 1536 καὶ
754 1505 789 1536 ἑκ
815 1498 934 1542 τοῦδε,
966 1502 1034 1533 οἷον
1060 1501 1095 1532 ἐκ
1121 1499 1167 1543 μὴ
1193 1499 1352 1542 μουσικοῦ
1381 1497 1551 1541 μουσικός·

555 1547 596 1580 τό
619 1543 648 1579 δ’
679 1550 715 1581 οὐ
739 1548 880 1594 λέγεται
905 1547 960 1578 ἐπὶ
986 1544 1139 1577 πάντων·
1165 1544 1201 1575 οὐ
1226 1543 1291 1587 γάρ
1315 1542 1350 1584 ἐξ
1378 1542 1552 1586 ἀνθρώπου

554 1591 690 1638 ἐγένετο
716 1591 886 1637 μουσικός,
907 1590 976 1623 ἀλλ’
998 1591 1014 1622 ὁ
1034 1587 1204 1631 ἄνθρωπος
1227 1587 1362 1633 ἐγένετο
1380 1586 1549 1632 μουσικός.

487 1637 557 1669 Τῶν
583 1633 621 1669 δὲ
644 1636 848 1684 γιγνομένων
874 1636 915 1672 ὠς
941 1635 989 1666 τοὶ
1015 1634 1111 1666 ἀπλᾶ
1133 1633 1276 1678 λέγομεν
1301 1631 1487 1678 γίγνεσθαι,
1511 1631 1552 1664 τὸ

554 1682 612 1714 μὲν
639 1682 805 1726 ὑπομένον
830 1683 1006 1727 γίγνεται,
1033 1678 1074 1712 τὸ
1099 1673 1128 1710 δ’
1158 1679 1221 1724 οὐχ
1246 1677 1426 1722 ὑπομένον·
1452 1677 1468 1708 ὁ
1493 1676 1552 1721 μέν

553 1716 618 1773 ιγοίρ
645 1725 814 1771 ἄνθρωπος
841 1726 906 1757 ono
938 1723 1001 1755 ένει
1025 1723 1181 1766 μουσικὸς
1209 1721 1404 1769 γιγνόμενος
1431 1720 1554 1765 ἄνθρω-

554 1783 615 1808 πος
641 1773 698 1803 καὶ
725 1771 817 1811 ἔστι,
845 1770 885 1802 τό
935 1768 948 1801 ἑ
978 1767 1024 1812 μὴ
1054 1768 1212 1812 μουσικὸν
1241 1768 1299 1798 καὶ
1331 1768 1371 1800 τὸ
1405 1766 1550 1810 ἄμουσον

554 1815 633 1848 οὔτε
661 1816 773 1853 ἀπλῶς
800 1814 879 1847 οὔτε
904 1811 1138 1856 συντιθέμενον
1165 1810 1339 1855 ὑπομένει.

487 1859 713 1903 Διωρισμένων
738 1854 777 1892 δὲ
802 1858 956 1897 τούτων,
989 1856 1023 1897 ἐξ
1057 1857 1220 1889 ἀποίντων
1250 1857 1316 1888 τῶν
1345 1854 1550 1902 γιγνομένων

554 1905 660 1938 τοῦτο
687 1904 759 1937 ’ἐστι
782 1904 914 1944 λαβεῖν,
936 1902 974 1935 ἀν
993 1913 1043 1939 τις
1062 1899 1240 1945 ἐπιβλέψῃ,
1259 1899 1368 1945 ὥσπερ
1392 1898 1550 1944 λέγομεν,

555 1949 609 1982 ὅτι
634 1944 686 1981 δεῖ
709 1961 743 1981 τι
771 1949 822 1982 ἀεὶ
847 1945 1044 1980 ὑποκεῖσθαι
1069 1946 1111 1978 τὸ
1135 1944 1346 1991 γιγνόμενον·
1368 1946 1425 1975 καὶ
1444 1944 1551 1976 τοῦτο

554 1994 582 2026 εἰ
606 1995 664 2026 καὶ
692 1992 816 2036 ἀριθμῷ
844 1993 934 2025 ἐστὶν
961 1990 1007 2032 ἐ’ν,
1030 1988 1098 2022 ἀλλ’
1125 1986 1206 2023 εἴδει
1223 2002 1261 2035 γε
1282 1989 1344 2033 οὐχ
1362 1987 1407 2021 ἓν·
1427 1989 1468 2021 τὸ
1486 1987 1550 2034 γάρ

554 2033 634 2070 εἴδει
657 2038 747 2085 λέγω
768 2031 829 2069 ’καὶ
853 2036 942 2082 λόγῳ
967 2033 1112 2068 ταύτόν·
1133 2035 1170 2068 οὗ
1189 2037 1253 2083 γοίρ
1279 2034 1410 2067 ταύτὸν
1437 2033 1477 2065 τὸ
1497 2030 1551 2064 ἀν-

554 2083 671 2127 θρώπῳ
694 2084 753 2115 καὶ
778 2082 819 2116 τὸ
846 2080 980 2125 ἀμούσῳ
1006 2076 1103 2111 εἶναι·

486 2129 543 2159 καὶ
570 2129 611 2161 τὸ
636 2128 694 2172 μὲν
726 2125 903 2171 ὑπομένει,
936 2125 977 2157 τὸ
1002 2119 1029 2155 δ’
1061 2122 1124 2167 οὐχ
1149 2123 1321 2167 ὑπομένει·
1348 2121 1389 2153 τὸ
1420 2120 1478 2164 μὲν
1504 2119 1555 2164 μή

557 2174 784 2216 ἀντικείμενον
816 2169 975 2214 ὑπομένει
1002 2169 1037 2210 (ὁ
1061 2169 1125 2214 γάρ
1153 2166 1324 2210 ἅνθρωπος
1349 2164 1550 2207 ὑπομένει),

555 2218 596 2251 τὸ
621 2215 779 2261 μουσικὸν
804 2211 841 2248 δὲ
865 2217 923 2246 καὶ
949 2212 989 2246 τὸ
1017 2212 1161 2257 ἄμουσον
1189 2213 1252 2258 οὐχ
1280 2209 1453 2253 ὑπομένει,
1474 2207 1551 2242 οὐδὲ

556 2262 596 2295 τὸ
623 2261 657 2302 ἑξ
684 2261 804 2305 ἀμφοῖν
829 2261 1057 2306 συγκείμενον,
1079 2258 1145 2289 οἷον
1166 2257 1181 2288 ὁ
1202 2259 1347 2302 ἄμουσος
1367 2254 1549 2298 ἄνθρωπος.

487 2307 533 2338 Τὸ
558 2301 587 2338 δ’
617 2307 653 2338 ἔκ
678 2317 766 2342 τινος
799 2302 972 2351 γίγνεσθαί
1005 2313 1039 2332 τι
1063 2303 1121 2333 καὶ
1146 2301 1192 2346 μή
1224 2297 1306 2334 τόδε
1339 2297 1491 2354 γίνεσθαί
1517 2311 1551 2332 τι

554 2353 683 2395 μᾶλλον
709 2350 767 2392 μὲν
793 2350 935 2396 λέγεται
961 2348 1014 2380 ἐπὶ
1040 2348 1106 2378 τῶν
1132 2346 1178 2390 μή
1205 2349 1454 2390 ύπομενοντων,
1482 2345 1550 2376 οἷον

551 2396 586 2436 ἐξ
613 2394 762 2440 ἀμούσου
788 2393 944 2438 μουσικὸν
969 2391 1156 2438 γίγνεσθαι,
1177 2391 1210 2432 ἐξ
1239 2389 1412 2435 ἀνθρώπου
1437 2385 1474 2421 δὲ
1499 2389 1547 2420 οὔ.

553 2442 598 2473 Οὐ
624 2441 689 2484 μήν
717 2439 806 2471 ἀλλά
829 2440 888 2470 καὶ
914 2438 969 2469 ἐπὶ
997 2435 1063 2467 τῶν
1098 2435 1335 2481 ὑπομενόντων
1366 2435 1474 2468 ἐνίοτε
1497 2433 1552 2465 λε’-

554 2498 655 2533 γεται
679 2482 857 2521 ὡσαύτως·
877 2481 913 2514 ἐκ
930 2482 994 2527 γάρ
1019 2481 1150 2523 χαλκοῦ
1171 2476 1359 2524 ἀνδριάντα
1376 2477 1550 2525 γίγνεσθαί

555 2542 675 2575 φαμεν,
703 2526 740 2560 οὐ
767 2528 825 2560 τὸν
851 2526 978 2572 χαλκὸν
1007 2521 1206 2570 ἀνδριάντα.
1234 2525 1280 2556 Τὸ
1297 2523 1414 2568 μέντοι
1435 2521 1470 2555 ἐκ
1488 2523 1550 2554 τοῦ

557 2574 788 2618 ἀντικειμένου
815 2575 873 2603 καὶ
901 2571 948 2614 μγ)
978 2569 1206 2614 ὑπομένοντος
1235 2567 1429 2614 ἀμφοτέρως
1456 2566 1551 2613 λέγε-

554 2631 628 2660 ται,
654 2621 712 2650 καὶ
738 2618 774 2650 ἐκ.
799 2612 900 2649 ,τοῦδε
926 2612 1021 2659 τόδε,
1038 2617 1096 2648 καὶ
1123 2610 1203 2647 τόδε
1230 2609 1323 2646 τόδε·
1348 2613 1407 2643 καὶ
1431 2612 1496 2657 γάρ
1515 2610 1551 2651 ἐξ

556 2663 704 2696 ἀμούσου
729 2664 787 2693 καὶ
813 2663 828 2693 ὁ
857 2661 999 2704 ἄμουσος
1030 2663 1187 2706 γίγνεται
1211 2655 1379 2700 μουσικός.
1413 2656 1468 2686 Διὸ
1491 2657 1550 2686 καὶ

556 2699 609 2740 ἐπὶ
635 2708 698 2739 τοῦ
723 2705 938 2752 συγκειμένου
963 2704 1142 2741 ὡσαύτως·
1167 2705 1224 2735 καὶ
1249 2702 1313 2747 γάρ
1339 2698 1374 2740 ἐξ
1401 2698 1549 2752 ἀμούσου

557 2751 729 2796 ἀνθρώπου
754 2752 812 2782 καὶ
831 2751 846 2782 ὁ
866 2750 1010 2794 ἄμουσος
1029 2748 1199 2792 ἄνθρωπος
1217 2743 1392 2792 γίγνεσθαι
1407 2745 1550 2790 λεγεται

556 2795 724 2840 μουσικός.
1379 2833 1395 2841 ⁴
1468 2831 1474 2842 1
1539 2829 1547 2839 '

487 2840 671 2886 Πολλαχῶς
697 2835 734 2871 δέ
759 2837 942 2883 λεγομένου
967 2838 1030 2870 τοῦ
1054 2835 1241 2882 γίγνεσθαι,
1262 2834 1324 2864 καὶ
1349 2844 1415 2864 των
1435 2843 1494 2875 μεν
1513 2842 1550 2863 ου

554 2883 727 2931 γίγνεσθαι
754 2881 843 2915 ἀλλά
867 2877 946 2913 τόδε
973 2893 1006 2913 τι
1030 2879 1216 2926 γίγνεσθαι,
1241 2877 1354 2914 ἀπλῶς
1379 2872 1417 2908 δὲ
1441 2878 1550 2922 γίγνε-

556 2928 633 2961 σθαι
658 2929 724 2960 τῶν
751 2926 869 2959 οὐσιῶν
902 2925 1023 2970 μόνον,
1056 2925 1152 2957 κατα
1175 2924 1233 2968 μὲν
1262 2921 1377 2955 τᾶλλα
1408 2921 1549 2963 φανερὸν

557 2973 611 3005 ὅτι
637 2971 767 3018 ἀνάγκη
795 2969 992 3002 ύποκεῖσθαί
1025 2981 1058 3001 τι
1084 2969 1125 3002 τὸ
1149 2967 1358 3014 γιγνόμενον.
1394 2967 1459 2997 Καὶ
1485 2964 1549 3010 γάρ

557 3016 660 3049 ποσὸν
685 3018 743 3047 καὶ
770 3015 865 3047 ποιὸν
889 3017 946 3046 καὶ
972 3014 1052 3056 προς
1078 3013 1190 3057 ἕτερον
1214 3014 1271 3044 καὶ
1298 3009 1383 3043 ποτε
1408 3011 1465 3042 καὶ
1483 3011 1549 3041 ποῦ

555 3063 711 3107 γίγνεται
738 3058 955 3101 ὑποκειμένου
974 3058 1076 3099 τινός,
1095 3054 1154 3089 Sada
1171 3057 1211 3089 τὸ
1230 3055 1332 3100 μόνην
1350 3054 1414 3091 τήν
1434 3053 1549 3086 οὐσίαν

557 3105 694 3150 μηθενὸς
712 3101 787 3135 κατ’
806 3103 908 3135 ἄλλου
925 3102 1084 3149 λέγεσθαι
1102 3100 1333 3145 ὑποκειμένου,
1349 3098 1396 3131 τοὶ
1413 3094 1443 3129 δ’
1461 3098 1550 3130 ἄλλα

557 3149 676 3182 πάντα
699 3147 794 3180 κατά
818 3148 880 3185 τῆς
907 3146 1033 3185 οὐσίας.
1055 3146 1131 3179 ’Ὀτι
1155 3141 1192 3178 δὲ
1216 3146 1274 3177 καὶ
1300 3146 1334 3176 αἱ
1361 3141 1471 3175 οὐσίαι
1491 3145 1549 3174 καὶ

558 3193 621 3226 ὅσα
648 3194 737 3225 α”λλα
764 3193 878 3230 ἁπλῶς
909 3193 994 3225 ὄντα
1020 3190 1054 3232 ἐξ
1081 3189 1300 3234 ὑποκειμένου
1326 3187 1415 3225 τινὸς
1441 3190 1550 3234 γίγνε-

556 3250 629 3277 ται,
657 3236 900 3270 ἐπισκοποῦντι
924 3234 1044 3282 γένοιτ’
1068 3234 1105 3267 ἀν
1125 3234 1278 3278 φανερόν.
1300 3231 1368 3264 Ἀεὶ
1387 3231 1451 3278 γαρ
1475 3234 1548 3265 ἔστι

556 3294 590 3316 τι
617 3284 632 3314 ὃ
658 3282 855 3321 ὑπόκειται,
883 3279 917 3321 ἐξ
943 3281 981 3312 ού
1005 3283 1160 3326 γίγνεται
1186 3279 1226 3311 τὸ
1251 3276 1459 3324 γιγνόμενον,
1480 3278 1547 3309 οἷον

557 3327 603 3359 τοὶ
628 3327 719 3370 φυτά
742 3326 799 3357 καὶ
825 3326 872 3358 τα
895 3326 965 3368 ζῷα
991 3326 1027 3358 ἑκ
1052 3323 1260 3368 σπέρματος.

490 3373 644 3417 Γίγνεται
668 3366 704 3402 δὲ
730 3370 777 3402 τά
800 3369 983 3416 γιγνόμενα
1018 3369 1130 3405 ἁπλῶς
1162 3367 1208 3400 τα
1232 3366 1291 3410 μὲν
1323 3375 1549 3409 μετασχημα-

557 3418 656 3455 τίσει,
677 3415 743 3446 οἷον
772 3411 904 3459 ἀνδριάς
930 3413 966 3446 ἑκ
990 3413 1135 3459 χαλκοῦ,
1156 3412 1202 3445 τά
1217 3407 1254 3442 δὲ
1273 3408 1459 3453 προσθέσει,
1479 3410 1546 3441 οἷον

557 3459 605 3491 τοὶ
630 3456 855 3502 αὐξανόμενα,
883 3458 930 3491 τά
953 3454 982 3489 δ’
1013 3457 1197 3502 ἀφαιρέσει,
1217 3455 1284 3487 οἷον
1310 3452 1347 3486 ἑκ
1371 3454 1434 3486 τοῦ
1454 3453 1547 3485 λίθου

558 3503 574 3534 ὀ
595 3503 734 3546 Ἐρμῆς,
762 3503 808 3535 τοὶ
832 3499 869 3534 δὲ
893 3501 1059 3543 συνθέσει,
1088 3502 1154 3533 οἷον
1182 3500 1290 3540 οἰκία,
1317 3498 1364 3531 τοὶ
1383 3493 1412 3529 δ’
1435 3498 1550 3530 ἀλλοι-

558 3545 654 3586 ώσει,
682 3547 748 3578 οἷον
780 3547 826 3578 τοὶ
855 3546 1046 3590 τρεπόμενα
1078 3545 1173 3578 κατά
1200 3543 1264 3580 τήν
1298 3541 1390 3580 ὕλην.
1428 3541 1547 3574 Ποίντα

558 3585 595 3621 δὲ
621 3590 667 3621 τοὶ
692 3589 779 3622 οὕτω
804 3589 986 3635 γιγνόμενα
1012 3590 1151 3634 φανερὸν
1179 3587 1231 3621 ὅτι
1258 3585 1292 3628 ἐξ
1318 3585 1547 3630 ύποχειμένων

558 3636 724 3679 γίγνεται.

1605 876 1624 896 ⁴*
1640 877 1691 909 Sic
1709 877 1804 918 igitur
1827 889 1886 910 nos
1906 879 2058 920 dicamus,
2078 881 2219 922 primum
2235 883 2274 912 de
2293 882 2383 913 omni
2398 883 2598 923 generatione
2618 894 2671 925 ag·
2696 893 2709 905 ⁸
2725 893 2783 922 cnp.
2797 899 2838 917 vn.
2851 893 2913 925 seq.v

1672 922 1863 962 gredientes:
1879 931 1924 955 est
1936 925 2022 955 enirn
2035 926 2212 956 secundum
2226 933 2372 958 naturam
2386 928 2572 959 communia
2583 928 2671 969 prius

1673 966 1786 1005 dicere,
1810 974 1841 998 et
1864 967 1907 999 sic
1931 969 2010 1000 circa
2033 971 2290 1012 unumquodque
2313 971 2442 1012 propria
2464 972 2629 1012 speculari.

1605 1009 1624 1028 ⁴*
1639 1010 1783 1042 Dicimus
1807 1012 1892 1043 enim
1914 1012 1980 1043 fieri
2004 1023 2041 1044 ex
2064 1014 2126 1044 alio
2141 1014 2228 1045 aliud
2243 1021 2274 1046 et
2289 1025 2326 1046 ex
2342 1015 2439 1047 altero
2455 1017 2599 1055 alterum,
2616 1023 2671 1048 aut

1673 1055 1827 1096 simplicia
1851 1056 1989 1088 dicentes
2012 1064 2066 1088 aut
2089 1058 2276 1098 composita.
2299 1059 2380 1090 Dico
2400 1066 2508 1091 autem
2530 1061 2574 1092 sic
2596 1061 2670 1093 hoc.

1672 1099 1730 1130 Est
1753 1100 1838 1130 enim
1861 1100 1927 1131 fieri
1943 1101 2108 1133 hominem
2127 1102 2306 1142 musicum;
2326 1110 2373 1134 est
2391 1110 2498 1135 autem
2518 1115 2670 1137 non-mu-

1674 1143 1775 1174 sicum
1798 1143 1865 1175 fieri
1888 1145 2058 1184 musicum,
2083 1152 2138 1176 aut
2159 1146 2402 1177 non-musicum
2423 1147 2591 1179 hominem
2613 1149 2670 1180 ho-

1673 1188 1793 1219 minem
1818 1189 1987 1220 musicum.
2012 1189 2211 1229 Simpliciter?
2225 1189 2356 1230 quidem
2373 1190 2468 1230 igitur
2490 1192 2562 1223 dico
2581 1193 2671 1233 quod

1673 1231 1718 1270 fit,
1741 1232 1908 1263 hominem
1927 1239 1957 1264 et
1975 1233 2232 1272 non-musicum;
2253 1240 2283 1265 et
2305 1235 2395 1275 quod
2411 1235 2593 1276 simpliciter
2615 1235 2670 1276 fit,

1673 1272 1848 1307 musicum:
1874 1277 2092 1317 compositum
2114 1284 2222 1308 autem
2245 1284 2276 1308 et
2297 1279 2388 1319 quod
2409 1278 2445 1319 fit
2467 1286 2498 1310 et
2520 1281 2608 1321 quod
2625 1280 2670 1311 fa-

1675 1327 1762 1351 ctum
1785 1327 1846 1359 est,
1871 1331 1945 1351 cum
1976 1320 2221 1352 non-musicum
2249 1321 2416 1354 hominem
2438 1323 2581 1355 dicamus
2603 1323 2671 1355 fieri

1674 1371 1728 1395 aut
1751 1364 1911 1395 musicum
1934 1371 1990 1396 aut
2011 1364 2172 1396 musicum
2194 1365 2370 1397 hominem.

1607 1460 1735 1490 Horum
1758 1466 1865 1489 autem
1887 1459 1948 1489 hoc
1972 1459 2102 1500 quidem
2125 1469 2191 1490 non
2210 1460 2318 1491 solum
2338 1461 2450 1492 dicitur
2464 1462 2527 1493 hoc
2550 1461 2670 1504 aliquid

1673 1502 1751 1542 fieri,
1772 1503 1826 1533 sed
1842 1503 1937 1534 etiam
1953 1513 1990 1533 ex
2008 1503 2081 1542 hoc,
2096 1510 2133 1535 ut
2146 1513 2183 1534 ex
2201 1505 2407 1536 non-musico
2429 1506 2580 1543 musicus,
2595 1506 2669 1538 Hoc

1674 1554 1781 1578 autem
1811 1557 1878 1578 non
1906 1547 2019 1578 dicitur
2041 1547 2075 1578 in
2098 1548 2268 1587 omnibus,
2291 1555 2328 1580 ut
2350 1559 2387 1580 ex
2410 1549 2542 1581 homine
2569 1550 2670 1582 factus

1674 1598 1720 1623 est
1743 1591 1899 1630 musicus;
1924 1591 1979 1622 sed
2000 1591 2101 1622 homo
2123 1591 2224 1623 factus
2248 1599 2295 1624 est
2316 1594 2468 1625 musicus.
2643 1628 2646 1629 ⁷

1605 1634 1624 1653 ὓ
1639 1635 1763 1666 Eorum
1786 1642 1893 1666 autem
1916 1645 1998 1676 quae
2021 1635 2102 1667 fiunt
2128 1636 2209 1667 sicut
2237 1637 2391 1677 simplicia
2419 1638 2554 1670 dicimus
2580 1638 2668 1678 fieri,

1673 1679 1759 1710 aliud
1782 1679 1912 1720 quidem
1941 1689 2130 1720 permanens
2152 1679 2207 1720 fit,
2238 1680 2325 1711 aliud
2347 1691 2422 1712 vero
2453 1692 2519 1713 non
2543 1693 2668 1724 perma-

1673 1733 1761 1755 nens.
1782 1723 1893 1754 Homo
1907 1723 2038 1765 quidem
2061 1724 2147 1755 enim
2166 1731 2330 1765 permanet
2347 1725 2488 1757 musicus
2507 1726 2618 1765 factus,
2638 1734 2669 1759 et

1673 1768 1773 1798 homo
1790 1773 1853 1798 est:
1877 1768 1931 1798 sed
1950 1768 2190 1799 non-musicum
2207 1775 2238 1799 et
2252 1769 2459 1801 immusicum
2474 1780 2578 1812 neque
2594 1770 2668 1802 sim-

1672 1812 1793 1852 pliciter
1815 1821 1919 1853 neque
1942 1812 2158 1852 compositum
2180 1820 2354 1852 permanet.

1605 1855 1624 1874 ⁴*
1638 1856 1858 1887 Determinatis
1882 1863 1989 1887 autem
2011 1857 2076 1896 his,
2100 1867 2137 1887 ex
2161 1857 2310 1888 omnibus
2333 1867 2415 1898 quae
2434 1857 2515 1890 fiunt
2537 1858 2599 1890 hoc
2622 1865 2670 1890 est

1673 1900 1822 1941 accipere,
1847 1900 1872 1930 si
1895 1900 2008 1941 aliquis
2031 1900 2212 1940 intenderit,
2236 1901 2316 1932 sicut
2343 1902 2490 1942 diximus,
2514 1902 2670 1943 quoniam

1673 1951 1800 1986 oportet
1822 1944 1941 1986 aliquid
1965 1954 2089 1986 semper
2112 1945 2222 1976 subiici
2246 1945 2334 1986 quod
2358 1945 2406 1977 fit:
2425 1953 2455 1977 et
2472 1947 2546 1985 hoc,
2565 1947 2591 1977 si
2606 1957 2667 1979 nu-

1673 1999 1762 2020 mero
1787 1995 1833 2020 est
1854 1989 1968 2028 unum,
1985 1989 2039 2019 sed
2055 1989 2157 2029 specie
2176 1999 2242 2020 non
2266 1999 2368 2020 unum
2385 1997 2431 2021 est
2445 1988 2562 2033 (specie
2581 1991 2668 2022 enim

1673 2034 1744 2064 dico
1769 2040 1799 2064 et
1821 2033 1942 2064 ratione
1964 2031 2082 2076 idem);
2110 2043 2175 2064 non
2199 2033 2284 2064 enim
2314 2034 2399 2064 idem
2422 2041 2469 2065 est
2491 2034 2614 2066 homini
2637 2041 2670 2066 et

1673 2077 1842 2108 immusico
1868 2087 1945 2108 esse.
2080 2085 2085 2090 ·

1606 2123 1647 2153 Et
1669 2122 1732 2153 hoc
1754 2122 1885 2162 quidem
1909 2127 2083 2162 permanet,
2106 2121 2186 2151 illud
2207 2131 2283 2152 vero
2307 2131 2373 2152 non
2395 2129 2569 2163 permanet.
2593 2124 2668 2154 Non

1673 2166 1860 2206 oppositum
1883 2165 2014 2206 quidem
2037 2172 2219 2205 permanet,
2242 2165 2343 2196 homo
2372 2166 2457 2197 enim
2486 2173 2667 2208 permanet:

1673 2210 1833 2240 musicum
1856 2217 1963 2240 autem
1987 2216 2018 2239 et
2039 2209 2244 2240 immusicum
2268 2220 2334 2240 non
2357 2217 2540 2250 permanet;
2565 2221 2669 2253 neque

1674 2265 1710 2284 ex
1733 2254 1890 2284 ambobus
1913 2253 2141 2294 compositum,
2165 2260 2201 2284 ut
2223 2262 2289 2284 non
2308 2254 2448 2285 musicus
2467 2254 2579 2286 homo.

1606 2298 1696 2330 *Sed
1720 2309 1756 2329 ex
1779 2298 1887 2339 aliquo
1901 2297 1968 2328 fieri
1987 2297 2123 2338 aliquid,
2148 2303 2178 2328 et
2196 2307 2262 2328 non
2281 2298 2343 2328 hoc
2361 2297 2427 2329 fieri
2446 2298 2584 2340 aliquid,
2603 2308 2668 2330 tna-

1673 2342 1720 2383 gis
1743 2342 1874 2384 quidem
1897 2342 2010 2373 dicitur
2023 2342 2054 2372 in
2074 2351 2141 2372 non
2164 2342 2432 2381 permanentibus,
2449 2349 2485 2374 ut
2500 2353 2537 2374 ex
2552 2343 2669 2375 immu-

1674 2387 1739 2417 sico
1763 2385 2022 2424 musicum'fieri‚
2042 2396 2079 2416 ex
2101 2385 2232 2416 homine
2254 2392 2363 2416 autem
2385 2397 2462 2417 non.
2482 2389 2525 2418 At
2546 2396 2622 2418 vero
2636 2394 2670 2419 et

1672 2431 1705 2461 in
1729 2430 1986 2471 permanentibus
2015 2429 2186 2470 aliquando
2214 2429 2326 2460 dicitur
2355 2430 2514 2462 similiter:
2538 2441 2576 2462 ex
2598 2441 2668 2463 aere

1673 2474 1759 2505 enim
1772 2481 1908 2505 statuam
1924 2473 2058 2504 dicimus
2072 2472 2150 2511 fieri,
2166 2483 2232 2503 non
2246 2483 2296 2504 aes
2314 2480 2460 2505 statuam.
2475 2474 2548 2506 Hoc
2559 2481 2668 2506 autem

1673 2529 1710 2549 ex
1729 2517 1878 2558 opposito
1899 2524 1929 2548 et
1947 2527 2012 2548 non
2027 2516 2223 2557 permanenti
2239 2517 2389 2548 utrolibet
2407 2517 2530 2557 dicitur,
2549 2528 2587 2549 ex
2604 2517 2667 2550 hoc

1672 2563 1745 2600 hoc,
1759 2569 1789 2593 et
1806 2562 1868 2592 hoc
1883 2561 1956 2592 hoc:
1973 2567 2002 2591 et
2021 2570 2159 2601 namque
2175 2571 2212 2591 ex
2230 2561 2411 2599 immusico,
2430 2568 2460 2593 et
2479 2561 2667 2593 immusicus

1672 2606 1708 2637 fit
1722 2606 1872 2636 musicus.
1898 2606 1989 2636 Unde
2006 2612 2036 2636 et
2058 2605 2091 2635 in
2110 2605 2289 2645 composito
2309 2605 2450 2637 similiter
2465 2613 2525 2637 est:
2549 2606 2667 2638 etenim

1673 2661 1710 2680 ex
1725 2650 1894 2680 immusico
1913 2649 2055 2688 homine,
2079 2655 2110 2680 et
2131 2649 2319 2690 immusicus
2341 2650 2442 2680 homo
2466 2650 2578 2681 dicitur
2599 2649 2667 2681 fieri

1671 2704 1822 2726 mus1cuS.

1604 2838 1623 2856 ‘²‘
1639 2838 1853 2879 Multipliciter
1876 2845 1982 2868 autem
2006 2847 2080 2868 cum
2099 2837 2220 2868 dicatur
2241 2837 2319 2876 fieri,
2344 2844 2374 2868 et
2396 2837 2513 2868 horum
2536 2837 2667 2879 quidem

1672 2893 1738 2913 non
1763 2882 1944 2922 simpliciter
1971 2881 2037 2912 fieri
2065 2882 2120 2912 sed
2147 2881 2210 2912 hoc
2233 2881 2352 2922 aliquid
2374 2881 2462 2920 fieri,
2485 2881 2668 2922 simpliciter

1672 2933 1779 2958 autem
1801 2927 1867 2957 fieri
1890 2925 2135 2957 substantiarum
2163 2926 2270 2956 solum
2298 2933 2362 2964 est,
2385 2925 2560 2956 secundum
2588 2925 2667 2967 quid

1672 2971 1825 3009 aliorum;
1853 2970 2058 3001 manifestum
2080 2970 2170 3010 quod
2193 2979 2319 3001 necesse
2341 2975 2388 3000 est
2410 2969 2521 3000 subiici
2544 2969 2666 3010 aliquid

1672 3015 1761 3056 quod
1783 3014 1828 3046 fit.
1852 3014 1979 3045 Etenim
2009 3020 2167 3054 quantum
2190 3020 2220 3044 et
2243 3013 2336 3055 quale
2359 3019 2390 3044 et
2411 3013 2452 3044 ad
2475 3013 2610 3044 alterum
2635 3020 2666 3045 et

1672 3059 1800 3100 quando
1818 3065 1848 3089 et
1864 3058 1918 3089 ubi
1937 3057 2018 3088 fiunt
2039 3058 2071 3088 in
2091 3058 2232 3088 subiecto
2248 3057 2366 3098 aliquo,
2382 3063 2510 3097 propter
2527 3056 2560 3087 id
2576 3057 2665 3098 quod

1672 3103 1739 3133 sola
1763 3103 1935 3133 substantia
1958 3102 1996 3132 de
2020 3102 2109 3132 nullo
2134 3101 2195 3132 alio
2220 3101 2332 3132 dicitur
2355 3100 2507 3139 subiecto,
2527 3101 2582 3131 sed
2604 3101 2666 3132 alia

1672 3147 1780 3178 omnia
1793 3147 1830 3177 de
1846 3145 2027 3177 substantia.
2044 3145 2141 3183 Quod
2156 3152 2263 3176 autem
2279 3151 2309 3176 et
2321 3144 2510 3176 substantiae
2525 3152 2556 3176 et
2569 3155 2664 3186 quae-

1672 3200 1810 3232 cumque
1826 3191 1885 3221 alia
1902 3189 2084 3230 simpliciter
2102 3189 2185 3220 entia
2207 3199 2244 3220 ex
2263 3189 2404 3230 quodam
2420 3189 2560 3220 subiecto
2575 3188 2664 3228 fiant,

1672 3234 1879 3266 consideranti
1902 3233 1955 3265 fiet
1978 3234 2087 3275 utique
2115 3233 2334 3264 manifestum:
2359 3243 2483 3273 semper
2510 3233 2595 3264 enim
2618 3239 2667 3264 est

1670 3278 1789 3320 aliquid
1812 3279 1900 3319 quod
1923 3278 2086 3309 subiicitur
2108 3287 2144 3308 ex
2166 3287 2232 3318 quo
2252 3276 2287 3308 fit
2305 3277 2394 3318 quod
2412 3276 2457 3315 fit,
2481 3283 2517 3308 ut
2539 3277 2664 3318 plantae

1671 3330 1701 3354 et
1724 3323 1869 3353 animalia
1893 3333 1928 3353 ex
1952 3322 2081 3353 semine.

1603 3367 1620 3386 *
1635 3366 1730 3398 Fiunt
1744 3374 1850 3398 autem
1869 3376 1950 3407 quae
1970 3365 2050 3397 fiunt
2067 3365 2258 3406 simpliciter,
2275 3365 2334 3396 alia
2354 3364 2485 3405 quidem
2499 3363 2663 3406 transfigu-

1670 3411 1801 3449 ratione,
1826 3418 1861 3441 ut
1885 3417 2003 3448 statua;
2027 3410 2087 3440 alia
2110 3409 2327 3450 appositione,
2351 3416 2387 3440 ut
2410 3418 2491 3449 quae
2515 3418 2663 3449 augmen—

1669 3461 1793 3493 tantur;
1818 3455 1876 3485 alia
1899 3464 1973 3485 vero
1997 3453 2215 3491 abstractione,
2241 3460 2276 3485 ut
2292 3463 2328 3484 ex
2346 3453 2450 3493 lapide
2472 3451 2661 3490 Mercurius;

1670 3499 1901 3539 compositione
1925 3505 2046 3536 autem,
2071 3505 2107 3528 ut
2130 3497 2264 3535 domus;
2289 3497 2468 3528 alteratione
2499 3505 2594 3534 vero,
2626 3502 2662 3526 ut

1669 3553 1750 3584 quae
1774 3549 1999 3574 convertuntur
2021 3541 2195 3572 secundum
2220 3541 2391 3572 materiam.
2416 3538 2533 3572 Omnia
2555 3545 2662 3570 autem

1669 3597 1750 3627 quae
1774 3587 1817 3618 sic
1841 3586 1940 3625 fiunt,
1964 3585 2168 3616 manifestum
2196 3592 2242 3616 est
2269 3585 2423 3626 quoniam
2452 3593 2489 3614 ex
2516 3582 2661 3614 subiectis

1669 3631 1759 3662 fiunn

2696 923 2752 942 text.
2762 925 2797 948 57-

2697 1018 2715 1037 ⁴⁸
2722 1025 2790 1047 Text.
2805 1024 2841 1054 58.

2693 1649 2704 1660 ⁸
2718 1647 2787 1671 Text.
2795 1653 2834 1678 59.

2693 1868 2703 1877 ‘¹
2717 1867 2786 1891 Tezt.
2799 1867 2843 1891 60.

2695 2307 2704 2316 ·
2717 2305 2788 2330 Text.
2800 2294 2848 2330 δι’

2691 2847 2702 2860 “
2715 2846 2783 2870 Text.
2793 2846 2832 2870 σε.

2689 3373 2698 3385 “
2711 3371 2779 3394 Text.
2794 3371 2837 3400 ⁶3>
