2840 4004
2390 225 2449 250 XIII

281 329 374 357 cem
396 313 544 354 asserre
568 315 746 350 conatus
780 314 844 349 est
870 308 919 348 iis
952 306 1057 347 locis
1090 305 1132 344 in
1156 303 1312 357 quibus
1335 301 1588 342 Aristoteles
1614 305 1655 340 et
1686 313 1718 340 s.
1742 299 1935 339 Thomas
1958 297 2088 352 siglas
2111 294 2451 350 argumentando

281 377 497 418 inducunt.
531 374 637 413 Post
670 385 768 412 eum
802 370 916 410 idem
945 379 1094 408 omnes
1129 365 1313 405 editores
1347 367 1627 403 tentaverunt.

404 433 686 476 Recensionis
727 428 954 483 Theophili
988 440 1101 467 anno
1154 425 1267 466 1500
1310 425 1484 464 alteram
1519 422 1762 469 editionem,
1797 420 1943 475 paucis
1977 420 2165 467 mutatiS‚
2202 424 2243 458 et
2282 417 2452 458 omissis

279 497 547 540 Praefatione
581 501 622 535 et
654 490 958 546 marginalibus
991 493 1157 542 praeter
1190 486 1421 532 citationes,
1452 484 1569 524 dedit
1601 485 1750 523 Petrus
1785 482 2102 536 Bergomensis.
2136 482 2183 520 In
2216 480 2299 519 fine
2337 479 2451 518 idem

281 561 411 601 habet
433 557 552 612 quod
587 553 846 610 praecedens
878 550 1028 598 editio,
1064 554 1229 602 praeter
1261 548 1382 587 haec:
1414 563 1428 581 «
1455 559 1530 599 per
1562 546 1735 585 Petrum
1767 545 2106 598 Bergomensem
2139 542 2193 581 de
2227 540 2453 595 Quaregiis

282 635 395 662 anno
415 634 440 660 a
462 617 678 659 nativitate
709 612 870 653 domini
901 610 1014 651 1500
1049 610 1117 649 die
1139 622 1243 649 vero
1280 621 1334 648 22
1361 607 1575 660 Aprilis».
1610 607 1657 645 In
1690 605 1768 645 hac
1803 605 1988 645 editione
2021 610 2160 644 textus
2195 601 2453 642 Aristotelici

285 683 567 736 disponuntur
587 681 686 730 post
707 674 909 714 formulas
941 671 1109 711 Deinde
1131 683 1227 711 cum
1248 669 1352 709 dicit
1372 674 1461 716 etc,
1485 667 1725 721 suppressis
1758 666 1986 706 initialibus
2020 665 2185 713 verbis;
2210 663 2329 717 quod
2362 674 2450 702 ser-

282 745 491 783 vaverunt
511 731 770 792 posteriores
795 734 1015 781 editiones,
1040 746 1127 773 non
1155 731 1326 772 exclusa
1348 730 1491 778 Piana,
1516 729 1713 782 quamvis
1735 728 1840 768 haec
1863 727 1918 768 ad
1940 733 2080 767 textus
2104 727 2211 766 inter
2233 726 2453 765 columnas

283 806 535 857 segregatos
568 797 714 838 litteris
747 796 942 837 remittat.
2157 823 2160 825 .

228 862 230 865 ’
405 861 547 902 Prima
581 859 710 899 editio
744 857 901 898 saeculi
936 855 1088 895 decimi
1126 853 1234 894 sexti
1282 866 1411 906 quarn
1458 852 1691 899 habemus,
1727 856 1791 890 est
1823 850 1921 890 anni
1962 849 2099 900 1504;
2133 849 2287 903 legitur
2318 849 2342 888 f.
2383 861 2451 888 1a:

288 942 305 960 «
330 925 513 976 Emptor
546 926 588 961 et
622 921 756 960 lector
786 924 926 958 aveto.
951 917 1053 957 Divi
1087 915 1283 956 Thomae
1318 913 1546 967 Aquinatis
1580 912 1622 952 in
1645 913 1777 952 libros
1810 911 2091 965 Physicorum
2123 911 2367 951 Aristotelis
2390 910 2453 949 in-

282 984 526 1039 terpretatio
561 995 655 1022 sum
691 987 732 1021 et
770 979 1006 1034 expositio,
1044 992 1070 1018 a
1104 976 1340 1017 thimotheo
1374 976 1629 1015 Veronense
1679 974 1885 1013 canonico
1931 973 2112 1027 regulari
2156 972 2452 1026 philosophiae

285 1045 567 1087 scientissimo
594 1055 800 1097 perquam
835 1041 1059 1095 diligenter
1079 1039 1173 1079 visa
1205 1037 1426 1092 recognita
1459 1035 1760 1088 erroribusque
1782 1041 1983 1089 purgata:
2017 1040 2058 1074 et
2091 1039 2297 1087 quantum
2326 1033 2456 1073 anniti

286 1121 354 1148 ars
387 1106 526 1161 potuit
557 1104 736 1144 fideliter
757 1103 975 1157 impressa.
999 1100 1206 1141 Eiusdem
1239 1098 1485 1139 Thimothei
1519 1097 1573 1137 ad
1605 1097 1808 1136 lectorem
1838 1096 2146 1150 epigrammae:
2172 1114 2186 1131 »
2221 1100 2457 1148 sequuntur

288 1174 472 1223 quatuor
504 1165 692 1206 disticha.
730 1166 777 1204 In
810 1165 894 1204 fine
927 1161 1252 1203 Commentarii:
1297 1178 1311 1196 ‹<
1343 1159 1587 1213 Expliciunt
1632 1157 1940 1212 preclarissima
1979 1157 2331 1197 commentaria...
2369 1156 2455 1196 sin-

286 1229 487 1285 gulariter
522 1227 717 1267 ordinata
752 1239 828 1279 per
865 1225 1087 1265 dominum
1109 1222 1415 1263 Thimotheum
1448 1233 1734 1261 veronensem
1768 1219 2020 1259 canonicum
2050 1219 2288 1273 regularem
2321 1218 2454 1258 sancti

224 1306 233 1316 ¹
286 1289 539 1345 Augustini:
573 1287 876 1342 philosophum
905 1286 1184 1326 clarissimum
1207 1290 1335 1337 atque
1368 1283 1661 1337 Theologum:
1686 1280 1843 1335 patavii
1866 1280 1908 1320 in
1937 1286 2152 1320 conventu
2175 1279 2308 1319 sancti
2331 1280 2457 1319 Ioan-

287 1353 352 1392 nis
386 1351 439 1391 de
472 1349 685 1390 viridario.
722 1350 934 1402 Impressa
964 1360 1069 1387 vero
1104 1347 1146 1386 in
1179 1346 1320 1386 inclita
1352 1344 1630 1384 Venetiarum
1663 1342 1769 1382 urbe
1813 1355 1890 1395 per
1935 1342 2149 1393 Bonetum
2191 1341 2457 1381 Locatellum

286 1415 627 1467 Bergomensem
660 1410 969 1463 presbyterum,
993 1407 1194 1448 mandato
1230 1413 1272 1446 et
1302 1406 1544 1460 sumptibus
1566 1404 1773 1445 heredum
1805 1403 1975 1444 Nobilis
2009 1403 2099 1443 Viri
2131 1403 2293 1443 domini
2328 1403 2458 1442 Octa-

286 1474 400 1514 viani
424 1473 543 1513 Scoti
567 1471 685 1511 Civis
708 1470 1019 1510 Modoetiensis
1043 1470 1173 1509 Anno
1197 1482 1222 1508 a
1254 1468 1472 1508 nativitate
1506 1466 1667 1506 domini
1698 1471 1851 1518 quarto
1886 1478 2015 1519 supra
2037 1465 2307 1505 millesimum
2341 1464 2458 1518 quin-

289 1534 498 1588 quiesque
534 1532 822 1571 centesimum.
858 1531 992 1570 Sexto
1025 1530 1126 1569 Idus
1159 1529 1312 1582 aprilis.
1348 1548 1360 1564 ›
1402 1530 1470 1569 Ex
1502 1527 1768 1568 Praefatione
1801 1527 1826 1566 f.
1867 1526 1931 1574 1b,
1967 1526 2238 1567 reformando
2272 1526 2459 1579 ineptam

287 1593 681 1647 interpunctionem,
707 1590 1155 1645 depromimus›haec:
1187 1607 1201 1625 «
1225 1590 1402 1629 Dilectis
1425 1590 1467 1628 in
1491 1589 1646 1628 christo
1670 1589 1767 1628 Iesu
1790 1587 2073 1628 Auditoribus
2096 1594 2137 1628 et
2160 1587 2458 1628 concanonicis

287 1655 331 1695 in
354 1654 614 1694 monasterio
638 1652 770 1693 sancti
794 1652 964 1692 Ioannis
999 1651 1053 1691 de
1086 1650 1299 1690 Viridario
1333 1649 1734 1704 philosophantibus
1767 1649 2076 1689 Thimothaeus
2099 1649 2364 1689 Veronensis
2398 1648 2457 1687 le-

290 1722 380 1756 ctor
412 1715 456 1756 S.
489 1716 535 1755 P.
569 1716 651 1755 D...
682 1714 730 1767 (l.
761 1714 835 1767 13)
870 1713 959 1754 Sed
993 1713 1096 1766 quia
1129 1712 1371 1765 frequenter
1403 1711 1457 1751 ab
1492 1711 1583 1750 eius
1616 1710 1882 1750 sanctissima
1914 1710 2119 1759 lectione,
2163 1723 2274 1764 quae
2307 1709 2458 1750 merito

289 1777 397 1817 foret
430 1777 590 1829 ubique
622 1781 827 1815 terrarum
859 1780 946 1814 tam
979 1774 1147 1828 publice
1180 1787 1310 1827 quam
1343 1772 1541 1827 privatim
1575 1771 1775 1811 omnibus
1810 1771 1976 1811 charior
2007 1771 2313 1825 amplectenda,
2349 1784 2458 1810 non-

290 1838 391 1878 nulli
425 1851 478 1877 ex
512 1850 564 1877 eo
597 1836 791 1876 facillime
823 1836 1090 1876 retrahuntur
1121 1835 1241 1888 quod
1274 1841 1347 1875 aut
1378 1834 1521 1875 brevis
1555 1839 1628 1873 aut
1661 1833 1870 1873 obscurus
1903 1833 2211 1886 aliquantulum
2243 1831 2457 1880 videatur,

289 1898 465 1953 quidam
499 1904 641 1938 autem
675 1911 728 1938 ex
762 1910 813 1938 eo
849 1897 1070 1937 dumtaxat
1103 1896 1222 1949 quod
1256 1896 1357 1936 divo
1391 1896 1587 1936 Thomae
1628 1895 1723 1948 plus
1755 1894 1798 1934 in
1832 1894 1986 1934 divinis
2034 1908 2164 1948 quarn
2192 1894 2235 1934 in
2262 1894 2458 1934 humanis

287 1960 533 2008 attribuant;
558 1972 741 2013 quorum
765 1972 928 1999 errores
946 1958 1044 1998 inde
1067 1957 1324 2011 proveniunt
1347 1963 1388 1997 et
1410 1957 1529 2011 quod
1552 1956 1808 2010 exemplaria
1823 1969 1961 2009 usque
1984 1956 2026 1996 in
2041 1956 2296 1996 hodiernum
2319 1955 2458 1995 minus

288 2026 476 2061 correcta
500 2021 755 2068 habeantur,
780 2026 821 2060 et
844 2020 963 2073 quod
996 2019 1136 2060 eidem
1155 2019 1317 2059 auctori
1352 2017 1654 2059 caeleberrimo
1688 2017 1777 2057 suis
1800 2022 1963 2057 tantum
1987 2018 2118 2058 semel
2149 2018 2191 2057 in
2214 2017 2319 2058 locis
2354 2016 2459 2071 (stu-

288 2082 378 2122 duit
411 2082 523 2122 enim
552 2081 705 2121 mirum
727 2082 770 2121 in
793 2081 971 2121 modum
1005 2081 1219 2134 brevitati)
1244 2081 1413 2135 singula
1446 2080 1659 2120 declarare
1681 2079 1904 2133 placuerit;
1930 2079 2086 2119 diutius
2121 2079 2282 2133 (fateor)
2317 2091 2458 2132 aequo

288 2143 431 2183 animo
466 2143 646 2182 tolerare
680 2155 767 2181 non
805 2142 925 2195 potui
967 2147 1054 2181 tarn
1093 2142 1504 2194 praestantissimum
1538 2141 1707 2189 lumen,
1743 2140 1879 2194 qualis
1914 2147 1978 2180 est
2011 2140 2136 2181 divus
2169 2141 2379 2189 Thomas,
2414 2140 2457 2180 in

288 2203 359 2243 illa
390 2202 638 2256 praesertim
674 2202 939 2242 nobilissima
971 2202 1314 2255 interpretatione
1354 2216 1439 2255 qua
1472 2202 1715 2243 Aristotelis
1749 2202 1881 2242 libros
1916 2202 1969 2242 de
2002 2202 2180 2256 physico
2213 2202 2360 2242 auditu
2384 2214 2456 2241 cu-

291 2264 568 2304 mulatissime
601 2263 795 2316 exponit,
823 2264 866 2303 in
898 2263 1084 2303 tenebris
1119 2263 1439 2314 obsordescere.
1476 2265 1587 2304 Cum
1619 2264 1747 2318 igitur
1779 2277 1915 2303 annos
1949 2264 2032 2304 iam
2065 2277 2199 2318 prope
2232 2263 2383 2318 viginti
2415 2263 2458 2302 in

290 2324 369 2364 hac
401 2337 521 2364 sacra
542 2330 670 2377 atque
704 2324 1083 2364 observantissima
1105 2325 1408 2364 canonicorum
1432 2324 1689 2379 regularium
1722 2325 2021 2379 gloriosissimi
2044 2326 2173 2379 patris
2206 2325 2339 2365 nostri
2364 2325 2457 2364 Au-

289 2385 448 2440 gustini
495 2385 831 2439 congregatione
863 2385 1096 2438 habituque
1140 2386 1424 2439 pulcherrimo
1468 2386 1697 2426 canonicus
1736 2387 1962 2440 regularis,
1998 2400 2260 2440 quamquam
2302 2386 2458 2426 inutilis

289 2452 416 2499 atque
450 2446 611 2486 utinam
644 2459 731 2486 non
764 2446 1230 2501 indignus,'exegerim,
1261 2447 1417 2501 quibus
1452 2447 1708 2501 expositoris
1741 2447 1921 2502 angelici
1950 2447 1992 2487 in
2026 2448 2305 2488 Aristotelem
2339 2461 2458 2488 com-

289 2507 494 2547 mentaria
519 2507 755 2547 lectitamus
778 2505 903 2562 (nam
938 2513 979 2548 et
1011 2508 1143 2548 modo
1178 2521 1244 2548 res
1278 2508 1404 2548 nobis
1437 2509 1613 2561 physica
1646 2521 1746 2562 prae
1781 2509 1977 2549 manibus
2012 2509 2120 2563 est),
2157 2509 2381 2564 diligenter
2412 2514 2459 2549 ut

288 2568 408 2622 potui
452 2568 521 2608 illa
553 2574 652 2609 octo
685 2569 921 2617 volumina,
963 2582 1074 2622 quae
1107 2570 1237 2609 totius
1270 2569 1566 2623 philosophiae
1600 2583 1812 2610 summam
1845 2570 2075 2618 includunt,
2100 2570 2210 2611 idest
2244 2576 2341 2610 octo
2375 2583 2456 2610 vo-

289 2629 450 2669 lumina
480 2629 768 2682 physicorum,
790 2630 918 2670 vobis
941 2644 989 2670 ac
1013 2630 1356 2684 quibuscumque
1379 2631 1781 2684 philosophantibus
1805 2631 1951 2672 labore
1970 2631 2144 2685 quidem
2173 2645 2260 2672 non
2283 2631 2455 2671 modico

293 2689 531 2730 emendavi.
567 2690 665 2741 Qua
697 2690 739 2730 in
772 2703 816 2730 re
849 2691 946 2731 licet
977 2697 1102 2732 antea
1134 2692 1402 2733 Venerabilis
1437 2692 1612 2746 quidam
1645 2692 1909 2746 Theophilus
1950 2694 2252 2733 Cremonensis
2300 2706 2457 2746 magna

290 2763 368 2804 pro
402 2756 520 2803 parte
542 2751 856 2791 accuratissime
888 2752 1144 2801 satisfecerit,
1168 2759 1215 2793 ut
1238 2766 1290 2793 ex
1324 2754 1414 2794 eius
1436 2754 1581 2794 solerti
1606 2754 1885 2809 castigatione
1909 2760 1950 2794 et
1972 2755 2114 2795 studio
2144 2755 2267 2808 plane
2291 2754 2454 2808 colligi-

289 2817 367 2859 tur,
392 2811 523 2851 multa
556 2817 697 2852 tamen
730 2812 788 2852 ibi
821 2812 1021 2853 videbitis
1054 2827 1189 2867 nuper
1210 2828 1235 2854 a
1267 2815 1393 2855 nobis
1416 2815 1612 2869 apposita
1644 2816 1713 2856 vel
1747 2822 1933 2856 remota:
1958 2816 2114 2869 quibus
2149 2816 2218 2870 (ut
2251 2815 2452 2869 arbitror)

289 2872 538 2920 innotescet,
561 2878 679 2913 tanto
713 2873 886 2914 beatum
925 2874 1139 2915 Thomam
1178 2875 1220 2915 in
1252 2875 1335 2916 hoc
1370 2876 1536 2916 dicendi
1578 2890 1737 2931 genere
1776 2877 1995 2926 claruisse,
2030 2884 2147 2918 tanto
2189 2877 2454 2931 expositores

290 2933 505 2987 quoslibet
536 2939 635 2987 post
666 2940 786 2989 terga
818 2935 989 2990 longius
1024 2936 1246 2985 dimisisse,
1272 2944 1432 2991 quanto
1468 2944 1509 2978 et
1541 2938 1583 2978 in
1616 2939 1841 2991 superfluis
1864 2939 2041 2992 parcior,
2067 2945 2108 2979 et
2135 2939 2177 2979 in
2206 2939 2454 2979 necessariis

289 2994 528 3048 copiosior,
561 3001 602 3035 et
633 2995 676 3035 in
709 2996 964 3051 sublimibus
1003 2998 1138 3038 extitit
1170 2998 1473 3039 eminentior.»
1513 3000 1582 3039 De
1616 2999 1836 3040 codicibus
1869 3000 1924 3040 ad
1959 3000 2303 3041 emendationem
2336 3000 2454 3040 adhi-

287 3055 385 3095 bitis
408 3069 462 3096 ne
483 3056 664 3096 verbum
697 3054 871 3110 quidem
903 3058 1000 3098 facit
1032 3059 1284 3100 Timotheus
1317 3060 1592 3100 Veronensis.
1617 3061 1706 3100 Iam
1729 3061 1913 3101 diximus
1937 3061 2167 3102 editionem
2200 3061 2298 3102 anni
2328 3060 2454 3108 1500,

287 3117 592 3170 supprimendo
616 3117 787 3158 initialia
807 3124 1009 3167 textuum,
1028 3120 1083 3160 ab
1106 3121 1374 3176 autographo
1399 3122 1638 3162 recessisse.
1665 3122 1796 3174 Quod
1829 3123 1864 3162 si
1887 3123 2006 3176 parvi
2035 3123 2210 3163 forsitan
2244 3122 2454 3162 aestimari

287 3176 408 3224 licet,
442 3177 544 3218 illud
578 3184 688 3219 certe
721 3180 1081 3221 inconsideratum
1115 3188 1156 3222 et
1193 3183 1352 3222 malum
1387 3189 1476 3231 est,
1512 3183 1631 3236 quod
1665 3183 1919 3224 Timotheus
1959 3184 2208 3238 saepissime
2247 3184 2454 3223 formulae

288 3236 456 3277 Deinde
487 3251 582 3279 cum
615 3239 719 3280 dicit
747 3241 963 3281 substituit
995 3242 1188 3283 Secundo
1219 3244 1281 3283 ibi
1308 3244 1377 3284 vel
1419 3245 1557 3284 Tertio
1578 3244 1647 3291 ibi,
1673 3245 1799 3285 etiam
1833 3245 1882 3285 iis
1915 3245 1958 3285 in
1986 3246 2090 3285 locis
2125 3245 2197 3298 qui
2230 3245 2334 3284 tales
2367 3245 2453 3284 for-

290 3298 426 3338 mulas
459 3311 546 3339 non
578 3300 801 3352 patiuntur.
827 3302 990 3342 Omnes
1013 3310 1241 3357 sequentes
1265 3304 1462 3354 editores,
1488 3318 1586 3345 eum
1609 3306 1686 3346 hac
1720 3306 1846 3346 etiam
1877 3306 1918 3346 in
1948 3312 2066 3360 parte
2099 3306 2317 3353 imitando,
2341 3318 2454 3346 erra-

289 3365 453 3399 verunt.
487 3359 605 3400 Idem
639 3361 808 3414 saepius
842 3375 970 3415 quam
1000 3365 1169 3405 codices
1193 3372 1234 3406 et
1266 3366 1429 3419 priores
1463 3366 1671 3407 editiones
1705 3367 1960 3420 permittunt,
1985 3372 2146 3407 textum
2180 3381 2205 3407 a
2227 3381 2259 3407 s.
2283 3367 2454 3407 Thoma

291 3420 404 3460 citari
428 3420 534 3468 facit,
553 3422 798 3474 praesertim
820 3423 862 3462 in
885 3423 969 3463 fine
992 3425 1306 3477 expositionum
1336 3427 1390 3467 ad
1421 3428 1574 3468 verba:
1617 3428 1771 3468 Ultimo
1800 3427 2051 3481 epilogando
2079 3428 2296 3476 concludit,
2323 3434 2365 3469 et
2397 3429 2453 3468 si-

290 3481 414 3530 milia,
439 3482 511 3521 ubi
544 3482 647 3522 haec
682 3483 822 3531 editio,
846 3483 1032 3537 ideoque
1055 3493 1295 3539 sequentes,
1319 3488 1539 3529 habebunt
1560 3488 1793 3528 interdum:
1835 3488 1990 3529 Ultimo
2011 3489 2090 3530 ibi:
2111 3489 2333 3545 (sequitur
2355 3503 2453 3543 pars

291 3547 431 3583 textus
465 3543 818 3599 correspondens)
852 3545 1102 3598 epilogando
1134 3546 1354 3589 concludit.
1388 3550 1598 3602 Quamvis
1631 3550 1673 3589 in
1705 3549 1787 3590 hoc
1821 3550 1991 3591 codices
2025 3564 2112 3592 non
2145 3565 2315 3606 semper
2347 3551 2455 3592 inter

427 3620 496 3653 Opp.
515 3620 546 3645 D.
560 3620 673 3644 Tnomss
691 3620 723 3645 T.
742 3621 770 3645 11.
2232 3629 2246 3653 b
2261 3629 2274 3643 *
