2898 3996
1071 240 1413 279 PHYSICORUM
1440 240 1788 278 ARISTOTELIS
1818 241 1911 278 LIB.
1941 242 2025 279 VIII

1267 459 1564 516 LECTIO
1602 459 1824 515 NONA

581 623 856 668 OSTENDITUR
878 622 969 653 NON
992 621 1092 652 ESSE
1117 620 1328 651 POSSIBILE
1344 619 1475 658 ,QUOD
1500 619 1543 649 IN
1567 619 1792 650 INFINITUM
1814 619 1992 657 ALIQUID
2015 620 2263 665 MOVEATUR
2284 621 2340 652 ΑΒ
2362 622 2465 654 ALIO
2480 602 2508 647 *-

833 679 938 710 ITEM
961 678 1052 709 NON
1075 677 1175 708 ESSE
1199 676 1498 708 NECESSARIUM
1522 675 1645 713 QUOD
1665 676 1789 707 OMNE
1811 677 1988 708 MOVENS
2011 677 2256 709 MOVEATUR

458 823 568 854 Τοῦτο
594 816 631 853 δὲ
656 817 768 866 διχῶς·
797 819 817 856 ἦ
850 820 913 866 γάρ
941 820 977 850 οὐ
1002 814 1039 850 δι’
1074 819 1162 850 αὐτὸ
1194 818 1234 851 τὸ
1264 818 1396 858 κινοῦν,
1430 817 1519 849 ἀλλά

525 861 562 897 δι’
592 865 702 909 ἕτερον
730 865 744 896 ὃ
768 868 852 895 κινεῖ
876 863 916 895 τό
941 864 1064 903 κινοῦν,
1093 861 1114 898 ἦ
1139 858 1175 894 δι’
1207 861 1309 902 αὐτό,
1327 863 1392 893 καὶ]
1411 862 1516 894 τοῦτο

525 909 546 946 ἦ
572 910 702 954 πρῶτον
728 908 818 951 μετά
842 907 881 940 τὸ
908 907 1056 951 ἔσχατον
1083 905 1102 943 ἦ
1129 903 1187 938 διά
1211 906 1387 947 πλειόνων,
1408 906 1474 937 οἷον
1496 906 1516 941 ἡ

526 954 696 995 βακτηρία
720 956 804 983 κινεῖ
827 952 886 983 τὸν
910 952 1001 982 λίθον
1026 952 1085 982 καὶ
1109 955 1252 983 κινεῖται
1278 951 1343 982 ὑπὸ
1362 951 1424 987 τῆς
1448 961 1519 995 χει-

520 997 576 1040 ,ρός
602 997 793 1039 κινουμένης
819 994 884 1027 and
909 996 970 1027 τοῦ
1005 992 1192 1039 ἀνθρώπου,
1210 994 1318 1039 ,οὗτος
1342 990 1370 1025 δ’
1401 993 1517 1026 οὐκέτι

527 1042 573 1082 τῷ
600 1039 654 1072 ὑπ’
686 1041 786 1073 ἄλλου
811 1037 983 1070 κινεῖσθαι.

451 1086 565 1130 Ἀμφω
591 1081 632 1121 δή
657 1088 756 1115 κινεῖν
782 1083 903 1128 φαμέν,
922 1084 978 1114 καὶ
1000 1082 1041 1115 τό
1060 1084 1257 1115 τελευταῖον
1281 1083 1338 1113 καὶ
1365 1082 1405 1114 τό
1432 1082 1517 1126 πρῶ-

525 1139 583 1160 τον
609 1129 674 1160 τῶν
698 1128 892 1168 κινούντων,
914 1126 1004 1159 ἀλλὰ
1020 1128 1149 1171 μᾶλλον
1175 1126 1216 1158 τὸ
1242 1127 1387 1170 πρῶτον·
1412 1126 1516 1157 ἐκεῖνο

521 1172 587 1217 γάρ
612 1176 695 1203 κινεῖ
718 1173 759 1204 τὸ
783 1173 996 1212 τελευταῖον,
1018 1169 1090 1203 ἀλλ’
1113 1170 1151 1203 οὐ
1169 1171 1276 1203 τοῦτο
1301 1170 1342 1203 τό
1368 1171 1514 1212 πρῶτον,

472 1247 474 1249 .
521 1219 580 1247 καὶ
607 1217 683 1249 ἄνευ
708 1217 767 1260 μέν
793 1216 854 1248 τοῦ
880 1215 1014 1260 πρώτου
1040 1216 1079 1247 τὸ
1103 1217 1300 1247 τελευταῖον
1321 1212 1357 1246 οὐ
1374 1214 1515 1255 κινήσει,

444 1349 495 1380 -Ei

525 1260 630 1293 ἐκεῖνο
656 1257 684 1291 δ’
715 1260 790 1293 ἄνευ
816 1259 960 1300 τούτου,
987 1260 1055 1291 οἷον
1082 1260 1102 1296 ἡ
1129 1260 1298 1302 βακτηρία
1324 1258 1361 1290 οὗ
1389 1257 1516 1294 κινήσει

549 1305 570 1342 ἡ
595 1306 766 1342 κινοῦντος
790 1305 853 1336 τοῦ
881 1303 1067 1347 ἀνθρώπου.

543 1350 562 1386 η
591 1347 720 1395 ἀνάγκη
754 1349 821 1380 πᾶν
847 1349 886 1381 τό
911 1348 1102 1390 κινούμενον
1137 1345 1203 1378 ύπό
1236 1345 1324 1383 τινός
1351 1358 1388 1378 τε
1420 1349 1517 1377 κινεῖ-

525 1394 615 1433 σθαι,
641 1395 698 1424 καὶ
724 1391 744 1429 ἦ
771 1393 836 1425 ύπό
860 1391 1053 1436 κινουμένου
1076 1392 1130 1423 ὑπ’
1154 1391 1257 1423 ἄλλου
1283 1389 1304 1427 ἦ
1330 1388 1390 1434 μή,
1409 1391 1467 1422 καὶ
1489 1390 1516 1421 εἰ

525 1439 584 1482 μὲν
610 1438 664 1470 ὐπ’
696 1437 798 1469 ἄλλου
831 1436 1042 1480 κινουμένου,
1075 1435 1205 1481 ἀνάγκη
1232 1446 1266 1466 τι
1291 1431 1375 1466 εἶναι
1405 1435 1516 1466 κινοῦν

526 1484 541 1515 ὃ
568 1480 631 1526 οὐχ
655 1480 710 1512 ὑπ’
738 1482 839 1513 ἄλλου
865 1484 1011 1525 πρῶτον·
1038 1481 1066 1511 εἰ
1090 1475 1127 1511 δέ
1153 1480 1290 1512 τοιοῦτο
1309 1478 1516 1523 τὸπρῶτον,
1549 1486 1551 1489 ·

527 1527 584 1559 οὐκ
605 1527 734 1570 ἀνάγκη
754 1524 894 1568 θάτερον
918 1520 1109 1566 (ἀδύνατον
1130 1523 1193 1569 γάρ
1215 1523 1258 1560 εἰς
1278 1523 1414 1566 ἄπειρον
1431 1522 1518 1554 ἰε’ναι

525 1571 566 1603 τὸ
590 1572 700 1602 κινοῦν
731 1570 788 1600 καὶ
814 1569 854 1600 τὸ
884 1568 1076 1613 κινούμενον
1104 1568 1158 1600 ὑπ’
1189 1567 1291 1599 α”λλου
1319 1565 1424 1599 αὐτό·
1451 1567 1517 1599 τῶν

523 1615 587 1660 γάρ
614 1614 757 1656 ἀπείρων
784 1611 842 1645 οὐκ
868 1613 958 1646 ἔᾰτιν
986 1607 1080 1645 οὐδὲν
1107 1612 1273 1655 πρῶτον),
1299 1611 1328 1642 εἰ
1350 1610 1404 1643 οὖν
1425 1610 1517 1643 ἅπαν

525 1660 582 1703 μὲν
608 1659 648 1691 τὸ
674 1657 864 1700 κινούμενον
892 1657 958 1689 tin-0⁷
983 1668 1071 1694 τινος
1095 1660 1252 1695 κινεῖται,
1273 1656 1313 1687 τὸ
1330 1651 1367 1687 δὲ
1386 1656 1517 1697 πρῶτον

525 1704 634 1734 κινοῦν
659 1706 800 1734 κινεῖται
826 1700 898 1745 μέν,
920 1702 982 1746 οὐχ
1008 1700 1062 1733 ὑπ’
1087 1701 1188 1732 ἄλλου
1209 1695 1259 1740 δέ,
1281 1699 1411 1746 ἀνάγκη
1432 1698 1518 1732 αὐτὸ

527 1748 578 1789 ὐφ’
609 1747 716 1779 αὐτοῦ
741 1745 913 1777 κινεῖσθαι.

452 1790 529 1824 Ἔτι
557 1788 593 1823 δὲ
617 1793 673 1822 καὶ
699 1785 761 1821 ὦδε
787 1789 845 1821 τὸν
880 1787 984 1821 αὐτὸν
1020 1789 1142 1821 τοῦτον
1171 1787 1271 1833 λόγον
1308 1788 1396 1819 ἔστιν
1424 1788 1522 1819 ἐπελ-

527 1836 606 1868 θεῖν.
632 1836 699 1867 Πᾶν
724 1833 787 1880 γάρ
815 1833 855 1865 τὸ
880 1834 990 1865 κινοῦν
1012 1835 1045 1864 τί
1069 1844 1105 1863 τε
1123 1836 1207 1862 κινεῖ
1221 1833 1278 1863 καὶ
1296 1834 1373 1864 τινί.
1392 1831 1438 1862 ‘11
1455 1830 1518 1877 γάρ

528 1881 622 1920 αὐτῷ
647 1883 729 1910 κινεῖ
752 1878 792 1910 τό
818 1879 929 1909 κινοῦν
955 1876 975 1913 ἦ
1003 1876 1104 1916 ἄλλῳ,
1125 1877 1192 1907 οἷον
1220 1875 1389 1919 ἄνθρωπος
1415 1875 1436 1911 ἦ
1462 1875 1521 1907 αὐ-

528 1925 584 1962 τὸς
611 1922 631 1959 ἦ
658 1924 702 1965 τῇ
731 1923 912 1962 βακτηρίᾳ,
930 1924 987 1952 καὶ
1015 1922 1030 1952 ὁ
1058 1921 1176 1963 ἄνεμος
1198 1920 1389 1960 κατέβαλεν
1415 1919 1435 1956 ἦ
1463 1920 1520 1951 αὐ-

528 1969 586 2006 τὸς
611 1966 631 2004 ἦ
659 1968 673 1998 ὀ
698 1966 787 2004 λίθος
814 1967 848 1998 ὃν
879 1966 989 1997 ἔωσεν.
1024 1960 1212 1995 Ἀδύνατον
1243 1960 1279 1995 δὲ
1308 1968 1408 1995 κινεῖν
1445 1963 1520 1996 ἄνευ

530 2014 591 2044 τοῦ
619 2011 705 2043 αὐτὸ
737 2012 834 2051 αὐτῷ
862 2010 1032 2046 κινοῦντος
1066 2008 1107 2040 τὸ
1133 2008 1155 2049 ᾧ
1181 2012 1277 2039 κινεῖ·
1309 2006 1380 2040 ἀλλ’
1409 2009 1435 2039 εἰ
1461 2008 1520 2052 μὲν

531 2054 617 2088 αὐτὸ
644 2055 736 2095 αὐτῷ
768 2058 871 2095 κινεῖ,
901 2053 959 2085 οὐκ
994 2051 1123 2098 ἀνάγκη
1159 2051 1241 2084 ἄλλο
1267 2049 1351 2084 εἶναι
1378 2051 1401 2092 ᾧ
1425 2056 1519 2083 κινεῖ·

531 2100 569 2131 ἂν
595 2095 632 2131 δὲ
659 2098 680 2141 ’ᾖ
707 2098 817 2142 ἕτερον
845 2097 885 2129 τὸ
917 2097 939 2139 ᾦ
968 2101 1068 2137 κινεῖ,
1097 2096 1169 2128 ἔστι
1195 2108 1228 2127 τι
1263 2097 1278 2128 ὃ
1309 2096 1456 2136 κινήσει,
1485 2096 1520 2127 οὗ

531 2147 613 2184 τινί,
635 2143 713 2177 ,ἀλλ’
737 2143 843 2183 αὐτῷ·
870 2141 890 2177 ἦ
917 2142 959 2178 εἰς
988 2140 1122 2183 ἄπειρον
1148 2137 1240 2172 εἶσιν.
1272 2141 1308 2171 Εἰ
1334 2138 1389 2172 οὖν
1414 2139 1521 2172 κινού-

530 2188 627 2230 μενόν
653 2200 686 2220 τι
710 2190 810 2226 κινεῖ,
839 2185 969 2231 ἀνάγκη
996 2186 1120 2221 στῆναι
1153 2186 1210 2216 καὶ
1234 2183 1280 2227 μή
1307 2185 1350 2221 εἰς
1385 2183 1519 2228 ἄπειρον

529 2232 627 2264 ἱέναι·
654 2233 682 2263 εἱ
705 2231 769 2276 γάρ
795 2231 814 2266 ή
840 2231 1010 2273 βακτηρία
1027 2232 1111 2260 κινεῖ
1129 2229 1176 2269 τῷ
1197 2227 1357 2259 κινεῖσθαι
1375 2229 1440 2260 ὑπὸ
1459 2229 1520 2266 τῆς

529 2277 658 2321 χειρὸς,
686 2276 705 2311 ἦ
731 2276 800 2319 χεὶρ
831 2278 914 2305 κινεῖ
938 2274 1000 2310 την
1035 2273 1242 2316 βακτηρίαν·
1271 2273 1298 2304 εἰ
1323 2267 1360 2304 δὲ
1386 2272 1519 2310 ταύτην

533 2314 616 2353 άλλο
639 2323 734 2359 κινεῖ,
759 2321 815 2350 καὶ
842 2318 974 2355 ταύτην
1002 2316 1113 2361 ἕτερόν
1140 2329 1174 2348 τι
1198 2316 1239 2348 τὸ
1263 2317 1385 2348 κινοῦν.
1414 2316 1521 2350 ''Oa-(zv

529 2361 572 2400 δή
598 2375 664 2397 τινι
688 2364 763 2404 κινῇ
791 2363 840 2394 ἀεὶ
868 2362 997 2405 ἕτερον,
1027 2360 1157 2406 ἀνάγκη
1183 2358 1266 2392 εἶναι
1293 2361 1453 2405 πρότερον
1481 2361 1520 2393 τὸ

531 2409 617 2441 αὐτὸ
645 2408 737 2448 αὐτῷ
761 2407 883 2438 κινοῦν.
919 2407 954 2436 Εἰ
981 2405 1036 2437 οὖν
1066 2409 1209 2438 κινεῖται
1235 2405 1292 2448 μὲν
1319 2406 1446 2445 τοῦτο7
1473 2405 1520 2449 μή

532 2454 613 2485 ἄλλο
639 2447 675 2483 δὲ
702 2451 741 2482 τὸ
766 2452 875 2482 κινοῦν
902 2449 1003 2490 αὐτό,
1026 2449 1155 2495 ἀνάγκη
1181 2449 1268 2481 αὐτὸ
1294 2449 1382 2482 αὐτὸ
1405 2453 1519 2483 κινεῖν·

530 2496 618 2528 ὥστε
643 2499 698 2527 καὶ
723 2495 820 2527 κατά
843 2495 967 2527 τοῦτον
994 2494 1051 2526 τὸν
1076 2493 1176 2539 λόγον
1203 2493 1282 2537 ἦτοι
1304 2493 1399 2531 εὐθύς
1417 2494 1458 2526 τὸ
1473 2505 1524 2525 κι-

530 2539 686 2584 νούμενον
713 2540 777 2572 ὑπὸ
805 2540 865 2572 τοῦ
893 2537 981 2570 αὐτὸ
1008 2539 1108 2578 αὐτῷ,
1128 2539 1299 2575 κινοῦντος
1323 2542 1481 2579 κινεῖται,
1501 2536 1522 2574 ἦ

531 2585 666 2629 ἔρχεταί
693 2596 777 2616 ποτε
802 2585 846 2621 εἰς
872 2583 911 2616 τὸ
939 2584 1107 2615 τοιοῦτον.

464 2670 542 2715 Πρὸς
569 2666 605 2700 δὲ
632 2673 701 2706 τοῖς
728 2667 908 2712 εἰρημένοις
937 2670 993 2699 καὶ
1020 2663 1082 2699 ὦδε
1112 2668 1276 2698 σκοποῦσι
1303 2665 1420 2699 ταύτοὶ
1443 2678 1523 2720 συμῑ

531 2713 676 2753 βήσεται
702 2715 831 2744 ταῦτα.
861 2713 896 2743 Εἰ
921 2713 983 2758 γάρ
1011 2711 1076 2743 ὑπὸ
1101 2710 1295 2755 κινουμένου
1316 2714 1461 2742 κινεῖται
1480 2722 1520 2742 το

529 2756 719 2799 κινούμενον
747 2757 826 2796 πᾶν,
855 2756 932 2792 ἦτοι
960 2758 1064 2788 τοῦτο
1091 2755 1234 2800 ὑπάρχει
1258 2759 1328 2792 τοῖς
1347 2754 1522 2800 πράγμασι

530 2801 625 2833 κατά
656 2799 881 2843 συμβεβηκός,
917 2799 1002 2832 ὥστε
1035 2803 1118 2831 κινεῖ
1151 2802 1208 2843 μὲν
1240 2798 1452 2841 κινούμενον,
1484 2798 1521 2830 οὐ

531 2844 646 2888 μέντοι
671 2844 729 2876 διά
754 2844 794 2876 τὸ
818 2843 977 2876 κινεῖσθαι
1005 2842 1092 2876 αὐτό
1120 2842 1183 2886 ἀεί,
1211 2844 1231 2882 ἦ
1259 2843 1309 2884 οὔ,
1331 2843 1421 2876 ἀλλά
1444 2840 1521 2875 καθ’

533 2889 631 2920 αὐτό.

466 2934 596 2976 Πρῶτον
623 2931 680 2975 μὲν
708 2930 763 2963 οὖν
789 2932 815 2962 εἰ
839 2931 934 2963 κατά
962 2932 1188 2975 συμβεβηκός,
1226 2932 1284 2965 οὐκ
1320 2930 1449 2976 ἀνάγκη
1474 2943 1522 2962 κι-

533 2975 658 3007 νεῖσθαι
684 2975 724 3007 τὸ
748 2974 950 3019 κινούμενον.
980 2977 1014 3006 Εἰ
1040 2971 1076 3007 δὲ
1103 2978 1221 3017 τοῦτο,
1241 2974 1343 3013 ὃῆλον
1368 2978 1409 3013 ὠς
1435 2971 1523 3007 ἐνδέ-

533 3022 634 3064 χεταί
653 3031 736 3051 ποτε
755 3014 857 3061 μηδὲν
878 3018 1039 3050 κινεῖσθαι
1058 3021 1121 3052 τῶν
1141 3020 1260 3052 ὄντων·
1280 3020 1316 3052 οὐ
1333 3020 1379 3065 γά
1419 3019 1523 3065 ἀνάγ-

532 3069 626 3095 καῖον
661 3063 701 3094 τὸ
731 3063 958 3106 συμβείύηκός,
994 3061 1065 3095 ἀλλ’
1095 3060 1310 3109 ἐνδεχόμενον
1343 3076 1388 3107 μη
1422 3061 1517 3096 εἶναι.

527 3108 608 3139 Ἐάν
635 3106 689 3138 οὖν
716 3107 819 3150 θῶμεν
847 3106 886 3138 τὸ
918 3103 1063 3138 δυνατὸν
1097 3105 1200 3149 εἶναι,
1228 3103 1322 3140 οὐδὲν
1351 3103 1519 3140 ἀδύνατον

533 3151 764 3195 συμβήσεται,
799 3146 915 3194 ψεῦδος
940 3147 970 3181 δ’
997 3153 1084 3188 ἴσως.
1115 3152 1222 3184 Ἀλλά
1247 3152 1286 3184 τὸ
1316 3155 1441 3188 κίνησιν
1475 3151 1520 3195 μη

534 3193 617 3227 εἶναι
644 3190 827 3227 ἀδύνατον·
854 3190 1026 3227 δέδεικται
1050 3195 1113 3240 γάρ
1137 3195 1298 3240 πρότερον
1318 3195 1370 3228 ὅτι
1391 3195 1518 3242 ἀνάγκη

533 3242 657 3275 κίνησιν
686 3239 735 3271 ἀεὶ
762 3236 857 3270 εἶναι.

469 3284 531 3314 Καὶ
564 3283 707 3336 εὐλόγωΙς
740 3277 776 3314 δὲ
810 3283 915 3314 τοῦτο
948 3282 1148 3325 συμβέβηκε·
1184 3285 1260 3327 τρία
1291 3283 1354 3328 γάρ
1391 3283 1519 3338 ἀνάγκη

535 3323 631 3362 εἶναι,
653 3339 692 3359 το
719 3338 755 3358 τε
780 3326 970 3369 κινούμενον
995 3329 1051 3358 καὶ
1079 3328 1119 3359 τὸ
1144 3328 1254 3359 κινοῦν
1278 3329 1335 3358 καὶ
1361 3327 1401 3359 τὸ
1428 3340 1450 3368 ῳ
1475 3338 1519 3358 κι-

535 3374 591 3401 νεῖ.
619 3371 663 3401 Τὸ
689 3370 746 3412 μὲν
779 3369 832 3401 οὖν
864 3370 1054 3414 κινούμενον
1090 3371 1220 3416 ἀνάγκη
1252 3371 1310 3414 μὲν
1339 3370 1519 3410 κινεῖσθαι,

535 3417 632 3444 κινεῖν
658 3409 686 3444 8*
712 3414 770 3445 οὐκ
798 3412 939 3459 ἀνάγκη·
966 3414 1006 3446 τὸ
1032 3410 1062 3446 δ’
1091 3415 1113 3456 ᾦ
1138 3419 1232 3453 κινεῖ,
1259 3417 1316 3446 καὶ
1340 3418 1439 3446 κινεῖν
1463 3417 1520 3446 καὶ

535 3457 704 3488 κινεῖσθαι·
733 3457 1007 3501 συμμεταβάλλει
1032 3459 1095 3503 γάρ
1121 3460 1226 3491 τοῦτο
1256 3457 1326 3502 ἅμα
1350 3461 1406 3490 καὶ
1427 3458 1523 3490 κατά

537 3501 577 3531 τὸ
605 3501 690 3532 αὐτὸ
716 3502 762 3541 τῷ
787 3500 963 3545 κινουμένῳ
990 3502 1035 3533 ὅν.
1071 3504 1176 3539 Δῆλον
1202 3498 1232 3534 δ’
1260 3503 1315 3534 ἐπὶ
1340 3503 1405 3535 τῶν
1429 3502 1523 3535 κατά

538 3543 642 3574 τόπον
674 3544 870 3576 κινούντων·
899 3544 1066 3577 ἅπτεσθαι
1100 3547 1163 3592 γάρ
1202 3546 1356 3583 ἀλλήλων
1391 3544 1520 3592 ἀνάγκη

1571 818 1590 836 ⁴*
1607 819 1680 849 Hoc
1708 826 1815 850 autem
1843 820 2024 860 dupliciter:
2056 828 2111 853 aut
2133 821 2219 852 enim
2246 832 2313 852 non
2341 830 2470 863 propter
2492 815 2633 864 seipsum
2660 828 2734 857 *esp

1639 870 1685 893 est
1707 873 1850 902 movens,
1874 865 1929 895 sed
1952 872 2080 906 propter
2102 866 2235 896 alterum
2250 866 2338 908 quod
2353 873 2463 898 movet
2485 872 2638 906 movens;'

1637 913 1692 938 aut
1708 914 1837 947 propter
1852 907 1969 948 ipsum.
1994 908 2035 940 Et
2048 909 2109 940 hoc
2124 917 2179 940 aut
2201 919 2334 940 movens
2348 920 2386 941 ex
2401 920 2434 941 se
2450 911 2634 951 proaimum

1637 957 1711 990 post
1727 950 1892 990 ultimum;
1917 959 1971 983 aut
1993 962 2049 992 per
2071 953 2163 993 plura
2185 953 2300 992 media,
2323 961 2359 984 ut
2377 955 2508 986 baculus
2527 960 2638 986 movet*

1637 994 1793 1035 lapidem,
1818 1002 1849 1026 et
1871 1003 2018 1027 movetur
2047 1007 2065 1027 a
2093 1007 2189 1027 manu
2220 1004 2308 1028 mota
2338 997 2377 1028 ab
2403 998 2553 1038 homine,
2582 998 2636 1030 hie

1638 1045 1746 1069 autem
1769 1049 1834 1070 non
1858 1039 1994 1080 amplius
2018 1050 2056 1070 eo
2081 1041 2168 1081 quod
2187 1041 2225 1070 ab
2249 1041 2311 1071 alio
2335 1048 2512 1073 moveatur.

1572 1082 1712 1123 Utraque
1734 1082 1829 1123 igitur
1859 1093 1985 1115 movere
2015 1083 2168 1122 dicimus,
2199 1090 2230 1114 et
2246 1084 2400 1124 *primum
2427 1091 2458 1116 et
2486 1081 2636 1121 ulu'mu'rn

1639 1127 1848 1166 moventium,
1870 1128 1924 1158 sed
1940 1127 2039 1168 magis
2054 1127 2204 1168 primurn.
2230 1127 2311 1158 Illud
2331 1127 2416 1159 enim
2439 1136 2547 1160 movet
2566 1129 2637 1160 urti-

1638 1180 1740 1207 mum,
1765 1171 1820 1201 sed
1843 1181 1909 1202 non
1938 1171 2001 1202 hoc
2033 1171 2195 1212 primurm
2225 1178 2257 1202 et
2282 1171 2348 1202 sine
2376 1171 2480 1213 primo
2504 1169 2639 1214 ‘quideqx‘

1639 1213 1789 1245 ultimum
1803 1216 1869 1245 n'on
1885 1215 2036 1253 movebit,
2055 1215 2136 1246 illud
2150 1223 2257 1246 autern
2276 1215 2342 1246 sine
2357 1216 2429 1255 hoc,
2453 1223 2490 1248 ut
2504 1217 2597 1248 bscul

1638 1268 1704 1288 non
1728 1258 1870 1289 movebit
1891 1259 1951 1290 nisi
1975 1266 2139 1290 moveatur
2161 1260 2200 1290 ab
2223 1259 2363 1291 homine.
2453 1275 2456 1278 Δ
2479 1295 2482 1297 ,
2595 1273 2600 1277 ’
2619 1275 2622 1302 ῑ

1572 1346 1588 1365 *
1604 1346 1636 1377 Si
1652 1356 1727 1386 ergo
1743 1356 1868 1377 necesse
1885 1353 1931 1378 est
1946 1356 2042 1377 omne
2061 1347 2149 1388 quod
2165 1347 2312 1386 movetur
2327 1347 2366 1378 ab
2378 1346 2486 1388 aliquo
2502 1338 2639 1396 ωόῆξῇ,

1640 1397 1670 1421 et
1685 1397 1739 1421 aut
1754 1391 1791 1420 ab
1816 1400 1854 1421 eo
1879 1391 1967 1431 quod
1990 1398 2137 1422 movetur
2160 1391 2198 1422 ab
2222 1391 2295 1429 alio,
2319 1397 2374 1422 aut
2396 1399 2482 1423 non:
2496 1391 2537 1423 Et
2554 1389 2639 1424 siah

1639 1435 1702 1464 alio
1717 1434 1847 1475 quidem
1863 1435 1952 1476 quod
1968 1442 2125 1473 movetur,
2145 1445 2270 1468 necesse
2286 1434 2406 1476 aliquid
2417 1445 2488 1466 esse
2502 1432 2640 1467 mov-eiii

1641 1478 1781 1518 primum
1811 1479 1899 1520 quod
1923 1489 1989 1509 non
2017 1480 2055 1509 ab
2079 1479 2160 1510 alio:
2189 1478 2215 1509 si
2245 1485 2352 1510 autem
2381 1479 2567 1510 huiusmodi
2589 1486 2637 1511 eut

1640 1523 1790 1562 primum,
1808 1532 1873 1553 non
1890 1532 2014 1553 necesse
2031 1529 2077 1553 est
2093 1533 2159 1553 esse
2175 1523 2319 1554 alterum,
2337 1523 2534 1563 Impossibile
2550 1523 2636 1554 enim

1641 1573 1687 1597 est
1710 1566 1742 1596 in
1758 1566 1918 1597 infinitum
1937 1567 2020 1597 abire
2043 1577 2175 1597 movens
2199 1573 2229 1598 et
2251 1567 2340 1608 quod
2358 1574 2505 1599 movetur
2518 1568 2557 1598 ab
2573 1567 2636 1599 alio

1639 1611 1765 1650 ipsum:
1795 1609 1993 1641 infinitorum
2016 1611 2102 1641 enim
2125 1621 2191 1641 non
2220 1617 2265 1642 est
2288 1610 2407 1651 aliquid
2427 1611 2578 1651 primum.
2600 1611 2636 1643 si

1641 1664 1714 1694 ergo
1735 1665 1831 1685 omne
1855 1655 1943 1695 quod
1958 1662 2105 1685 movetur
2121 1655 2158 1685 ab
2175 1654 2288 1696 aliquo
2307 1661 2472 1694 movetur3
2496 1655 2638 1695 primum

1641 1705 1748 1728 autem
1770 1708 1903 1728 movens
1926 1705 2072 1729 movetur
2095 1699 2242 1740 quidem,
2272 1709 2336 1729 non
2361 1705 2468 1730 autem
2491 1699 2530 1730 ab
2553 1699 2635 1730 alio:

1641 1752 1766 1772 necesse
1790 1749 1836 1772 est
1858 1742 1965 1782 ipsum
1988 1752 2006 1772 a
2030 1742 2133 1782 seipso
2157 1742 2288 1774 moveri.
2376 1748 2378 1750 ’

1574 1786 1591 1805 *
1606 1785 1754 1825 Amplius
1777 1793 1884 1816 autem
1907 1793 1937 1816 et
1960 1786 2003 1816 sic
2030 1786 2132 1826 ipsam
2154 1787 2235 1816 hanc
2265 1786 2398 1816 eandem
2420 1786 2576 1818 rationem
2591 1793 2638 1819 est

1642 1829 1776 1870 aggredi.
1808 1829 1913 1860 Omne
1944 1830 2028 1860 enim
2058 1839 2190 1860 movens
2220 1830 2338 1871 aliquid
2368 1830 2499 1871 quidem
2529 1836 2638 1862 movet

1642 1881 1672 1904 et
1687 1874 1812 1914 aliquo:
1837 1881 1891 1904 aut
1914 1873 1998 1903 enim
2022 1873 2125 1913 seipso
2149 1878 2281 1904 movens
2305 1881 2412 1904 movet
2435 1880 2489 1904 aut
2511 1874 2585 1913 alio,
2601 1878 2638 1906 ut

1641 1918 1741 1948 homo
1766 1917 1869 1957 seipso
1893 1924 1947 1948 aut
1969 1917 2102 1955 baculo,
2129 1924 2183 1948 aut
2205 1924 2316 1948 ventus
2339 1917 2470 1957 proiecit
2493 1925 2548 1949 aut
2569 1917 2637 1959 ipse

1642 1969 1696 1992 aut
1718 1961 1797 2002 lapis
1820 1971 1917 2002 quem
1939 1961 2049 1991 movit.
2083 1961 2279 2001 Impossibile
2307 1968 2413 1992 autem
2441 1968 2487 1992 est
2509 1971 2638 1993 movere

1643 2006 1708 2036 sine
1731 2005 1837 2045 ipsum
1856 2012 2003 2035 movente
2022 2005 2054 2034 id
2070 2015 2135 2045 quo
2150 2012 2274 2036 movet:
2299 2005 2353 2035 sed
2369 2005 2394 2035 si
2410 2005 2517 2045 ipsum
2533 2005 2636 2046 seipso

1643 2057 1761 2086 movet,
1786 2059 1851 2079 non
1875 2059 1998 2079 necesse
2023 2056 2068 2079 est
2091 2049 2176 2079 aliud
2200 2059 2265 2079 esse
2289 2059 2355 2089 quo
2372 2056 2489 2079 movet.
2514 2049 2546 2080 Si
2562 2059 2637 2080 vero

1643 2093 1682 2124 sit
1705 2093 1837 2123 alterum
1861 2092 1893 2122 id
1917 2103 1982 2132 quo
2006 2099 2130 2130 movet,
2162 2099 2208 2123 est
2230 2092 2350 2133 aliquid
2380 2093 2468 2133 quod
2500 2093 2639 2125 movebit

1643 2147 1709 2167 non
1733 2137 1875 2177 quodam
1899 2136 1960 2166 alio
1985 2136 2038 2166 sed
2063 2136 2184 2176 seipso;
2215 2143 2269 2167 aut
2291 2136 2324 2166 in
2348 2135 2508 2167 infinitum
2531 2137 2636 2168 abibit.

1643 2181 1675 2212 Si
1700 2190 1773 2220 ergo
1798 2180 1887 2222 quod
1907 2187 2054 2210 movetur
2073 2180 2192 2220 aliquid
2215 2187 2333 2219 movet,
2357 2190 2481 2211 necesse
2497 2187 2544 2212 est
2558 2187 2639 2213 stare

1644 2231 1674 2255 et
1687 2235 1753 2254 non
1769 2224 1801 2254 in
1821 2223 1982 2254 infinitum
1998 2224 2051 2255 ire.
2076 2224 2108 2255 Si
2125 2224 2210 2254 enim
2226 2225 2357 2255 baculus
2373 2232 2481 2256 movet
2496 2235 2535 2255 eo
2549 2225 2639 2267 quod

1643 2275 1790 2299 movetur
1813 2279 1830 2298 a
1853 2278 1961 2306 manu,
1986 2275 2016 2299 et
2039 2278 2152 2298 manus
2176 2275 2284 2299 movet
2302 2269 2466 2307 baculum;
2490 2269 2516 2300 si
2531 2276 2639 2301 autem

1644 2319 1674 2343 et
1696 2312 1775 2342 hanc
1801 2312 1889 2346 aliud,
1910 2319 2028 2350 movet,
2049 2320 2078 2342 et
2094 2312 2174 2342 hanc
2197 2313 2330 2343 alterum
2353 2313 2483 2354 aliquod
2505 2323 2638 2344 movens

1643 2363 1698 2387 est.
1724 2356 1809 2387 Cum
1825 2356 1930 2396 itaque
1953 2356 2060 2397 aliquo
2084 2363 2250 2387 moveatur
2271 2366 2395 2396 semper
2417 2357 2561 2396 alterum,
2585 2367 2638 2388 ne-

1643 2410 1726 2431 cesse
1743 2407 1788 2430 est
1804 2400 1890 2440 prius
1906 2400 2011 2440 ipsum
2031 2410 2085 2440 per
2098 2400 2237 2440 seipsum
2253 2410 2385 2430 movens
2405 2410 2480 2432 esse.
2496 2401 2528 2432 Si
2543 2401 2639 2441 igitur

1643 2451 1790 2475 movetur
1806 2444 1937 2484 quidem
1956 2444 2028 2481 hoc,
2053 2454 2118 2474 non
2137 2444 2222 2474 aliud
2246 2451 2352 2474 autem
2367 2454 2500 2475 movens
2519 2445 2637 2485 ipsum,

1643 2498 1767 2519 necesse
1798 2488 1906 2528 ipsum
1937 2488 2076 2528 seipsum
2101 2498 2236 2518 movere.
2268 2488 2374 2525 Quare
2404 2496 2434 2519 et
2462 2489 2639 2522 secundum

1643 2532 1724 2562 hanc
1747 2532 1918 2569 rationem,
1943 2533 2031 2573 quod
2059 2538 2205 2562 movetur
2231 2539 2284 2562 aut
2313 2542 2389 2562 mox
2411 2534 2450 2563 ab
2473 2533 2544 2573 ipso
2567 2543 2637 2564 mo-

1642 2583 1734 2607 vente
1758 2577 1947 2615 movebitur,
1971 2583 2026 2607 aut
2048 2576 2133 2606 venit
2156 2576 2326 2618 aliquando
2350 2576 2383 2606 in
2405 2576 2601 2609 huiusmodi.

1576 2671 1593 2690 *
1608 2670 1658 2701 Ad
1683 2671 1764 2701 dicta
1789 2677 1896 2701 autem
1921 2677 1951 2700 et
1981 2666 2284 2701 sic‘intendentibus
2316 2670 2498 2711 contingent
2527 2670 2638 2703 eadem

1642 2715 1728 2745 haec.
1756 2714 1787 2745 Si
1817 2714 1901 2745 enim
1928 2715 1966 2744 ab
1997 2725 2035 2744 eo
2067 2714 2155 2755 quod
2183 2721 2329 2745 movetur
2365 2721 2511 2746 movetur
2541 2725 2638 2746 omne

1643 2759 1731 2799 quod
1747 2766 1903 2796 movetur,
1924 2766 1978 2789 aut
1992 2759 2053 2789 hoc
2068 2759 2160 2789 rebus
2177 2758 2277 2789 existit
2293 2759 2468 2789 secundum
2484 2759 2638 2799 accidens,

1643 2810 1679 2832 ut
1702 2810 1828 2833 moveat
1851 2803 1980 2843 quidem
2004 2803 2093 2843 quod
2114 2810 2271 2840 movetur,
2295 2813 2361 2833 non
2382 2810 2488 2833 tamen
2509 2810 2639 2844 propter

1643 2846 1675 2876 id
1699 2848 1787 2887 quod
1811 2853 1958 2877 movetur
1980 2846 2102 2887 ips'um;
2126 2853 2180 2877 aut
2203 2857 2280 2885 non,
2304 2847 2359 2877 sed
2382 2856 2438 2887 per
2460 2857 2503 2877 se.
2619 2843 2621 2848 ⁴

1576 2935 1719 2966 Primum
1743 2935 1873 2975 quidem
1890 2934 1993 2974 igitur,
2010 2934 2035 2965 si
2053 2934 2228 2965 secundum
2252 2933 2404 2972 accidens,
2417 2944 2487 2966 :non
2511 2943 2636 2966 necesse

1643 2986 1689 3009 est
1707 2979 1826 3009 moveri
1843 2979 1931 3019 quod
1947 2985 2101 3008 movetur.
2120 2978 2151 3009 Si
2168 2985 2274 3008 autem
2288 2977 2349 3008 hoc
2365 2985 2422 3016 est,
2433 2977 2637 3009 manifestum

1643 3030 1690 3053 est
1708 3023 1796 3063 quod
1820 3022 1972 3062 contingit
1995 3022 2164 3062 aliquando
2188 3021 2307 3052 moveri
2332 3021 2409 3052 nihil
2428 3031 2540 3052 eorum
2555 3031 2636 3063 quae

1643 3074 1730 3100 sunt:
1756 3076 1821 3097 non
1838 3066 1923 3096 enim
1940 3066 2149 3096 necessarium
2173 3073 2218 3096 est
2237 3065 2390 3104 accidens,
2414 3066 2469 3096 sed
2485 3065 2638 3106 contingit

1643 3121 1708 3141 non
1733 3120 1809 3140 esse.
1835 3110 1866 3141 Si
1883 3120 1956 3150 ergo
1981 3119 2138 3150 ponamus
2162 3109 2310 3150 possibile
2333 3119 2410 3147 esse,
2435 3110 2560 3140 nullum
2576 3110 2636 3141 im-

1642 3154 1790 3195 possibile
1806 3154 1934 3191 accidit;
1959 3153 2072 3184 falsum
2089 3160 2195 3184 autem
2212 3153 2363 3184 fortassis:
2388 3161 2514 3184 motum
2529 3161 2636 3185 autem

1642 3198 1836 3238 impossibile
1853 3204 1898 3228 est
1913 3207 1978 3228 non
2003 3208 2078 3228 esse.
2104 3197 2277 3229 Ostensum
2301 3196 2385 3227 enim
2399 3198 2486 3238 prius
2502 3204 2548 3228 est
2562 3198 2634 3237 hoc,

1643 3242 1797 3283 quoniam
1820 3251 1945 3272 necesse
1968 3249 2013 3272 est
2037 3249 2162 3272 motum
2181 3251 2305 3281 semper
2328 3251 2405 3272 esse.

1576 3286 1592 3305 *
1608 3286 1647 3317 Et
1672 3286 1896 3317 rationabiliter
1911 3285 1972 3316 hoc
1996 3285 2116 3316 accidit.
2141 3285 2216 3316 Tria
2232 3285 2317 3315 enim
2336 3292 2382 3316 est
2401 3295 2526 3316 necesse
2550 3292 2633 3316 esse:

1643 3330 1732 3371 quod
1755 3337 1910 3367 movetur,
1928 3337 1958 3360 et
1982 3339 2124 3367 movens,
2140 3336 2170 3359 et
2189 3339 2255 3370 quo
2278 3336 2396 3360 movet.
2421 3329 2518 3366 Quod
2541 3329 2636 3369 igitur

1643 3381 1804 3412 movetur,
1829 3383 1952 3404 necesse
1976 3373 2105 3414 quidem
2129 3373 2274 3411 moveris
2289 3382 2416 3404 movere
2440 3380 2546 3404 autem
2569 3382 2635 3403 non

1643 3428 1766 3448 necesse
1787 3425 1849 3455 est;
1867 3418 1919 3448 sed
1937 3427 2003 3458 quo
2020 3425 2136 3455 movet,
2153 3424 2183 3447 et
2198 3426 2324 3447 movere
2341 3423 2372 3447 et
2387 3416 2523 3447 moveri:
2548 3426 2634 3447 com-

1643 3461 1783 3492 municat
1807 3461 1891 3491 enirn
1915 3461 2010 3491 simul
2034 3461 2112 3498 hoc,
2144 3467 2174 3491 et
2197 3461 2372 3491 secundum
2395 3460 2479 3491 idem
2503 3460 2635 3491 existens

1643 3505 1670 3535 ei
1687 3506 1774 3545 quod
1789 3512 1942 3535 movetur.
1967 3503 2170 3535 Manifestum
2193 3511 2300 3535 autern
2323 3510 2369 3534 est
2383 3504 2415 3534 in
2434 3503 2634 3534 moventibus

1643 3549 1818 3579 secundum
1846 3548 1977 3578 locum:
2010 3555 2135 3588 tangere
2161 3548 2247 3578 enim
2277 3557 2401 3578 necesse
2429 3547 2469 3577 ad
2499 3546 2634 3577 invicem

2660 858 2717 877 text.
2727 834 2775 884 33.v
2789 828 2845 859 δη

2660 1357 2672 1367 ”
2685 1347 2804 1385 Tanu-

2662 1797 2673 1807 ·
2686 1783 2755 1818 Tm.
2767 1800 2802 1825 ³5-

2663 2681 2674 2691 ·
2687 2678 2756 2703 Tm.
2769 2680 2807 2710 ³⁶·

2661 3293 2671 3303 ·
2685 3291 2753 3314 Text.
2767 3297 2802 3321 37.
