2982 4022
7 589 15 616 ’ζ
49 591 61 604 ⁸
75 590 214 612 substantiis
227 596 256 612 m

8 621 26 649 f:
45 623 98 645 ψ-

45 853 56 864 ·
76 852 257 881 aggregatione

43 1009 56 1022 ⁶
64 1009 126 1031 laste
138 1015 162 1031 n.
171 1019 182 1026 ·
192 1008 254 1031 acci-

42 1036 82 1073 pit
93 1041 220 1057 mnenon.

71 1061 106 1083 ad
122 1066 254 1086 muoqsrv

45 1093 84 1116 xv,
97 1089 143 1110 aut
154 1093 175 1109 c.

1124 289 1235 324 CAP.
1266 288 1332 334 IV,
1363 288 1514 324 LECT.
1544 289 1608 325 IX.

283 379 392 416 gare:
419 367 523 416 quod
551 374 606 404 est
632 367 864 416 impossibile
894 374 929 403 et
956 366 1168 403 secundum
1197 365 1341 414 quanti-

283 428 409 468 tatem,
437 420 525 469 quia
543 432 623 457 non
652 427 706 456 est
733 420 890 456 minima
917 419 1148 466 magnitudo,
1172 425 1214 454 ut
1240 419 1341 454 Ana-

282 485 441 521 xagoras
469 473 647 522 ponebat,
672 473 739 510 sed
768 485 812 509 ex
841 471 1009 521 quolibet
1030 470 1190 507 minimo
1218 477 1342 519 potest

283 526 424 575 aliquid
439 526 591 572 auferri;
613 533 649 562 et
663 525 874 562 secundum
893 524 1122 572 qualitatem,
1139 523 1228 571 quia
1246 523 1340 559 acci-

284 579 411 616 dentia
428 591 507 615 non
526 585 612 615 sunt
639 577 861 626 separabilia
888 589 911 613 a
939 575 1114 613 subiectis
1142 577 1173 612 ⁴⁵.

342 633 398 668 16.
419 630 570 668 Deinde
599 643 686 667 cum
715 630 821 667 dicit:
849 629 940 665 Non
974 634 1072 665 recte
1098 634 1223 665 autem
1248 636 1339 676 etc.,

282 683 475 733 improbat
491 683 724 732 praedictam
741 681 970 730 positionem
990 688 1174 730 quantum
1190 682 1238 718 ad
1252 682 1338 728 hoc,

284 736 389 785 quod
408 749 486 774 non
503 735 667 772 habebat
685 734 875 771 sufficiens
894 734 1094 771 motivum.
1117 734 1218 780 Quia
1238 734 1339 770 enim

282 790 436 827 videbat
461 790 703 834 Anaxagoras
723 786 827 835 quod
855 786 995 835 aliquid
1021 787 1065 823 fit
1083 799 1265 834 magnum
1295 799 1340 823 ex

283 840 572 889 congregatione
601 841 621 861 *
641 840 845 876 multarum
872 839 1036 887 partium
1057 839 1235 876 similium
1254 852 1339 888 par-

281 905 429 940 varum,
450 892 545 929 sicut
562 899 708 929 torrens
729 904 773 929 ex
792 891 917 929 multis
949 892 1076 940 guttis,
1107 893 1263 929 credidit
1290 893 1340 930 ita

282 958 363 983 esse
391 945 430 982 in
457 945 646 982 omnibus.
676 945 725 981 Et
751 944 837 982 ideo
867 944 954 982 dicit
980 944 1196 982 Aristoteles
1234 945 1339 994 quod

280 1010 360 1036 non
387 1005 486 1035 recte
506 999 525 1020 *
545 997 689 1046 accepit
710 998 991 1048 generationem
1009 998 1185 1034 similium
1203 999 1338 1046 specie-

280 1063 378 1097 rum,
406 1051 503 1088 idest
530 1051 551 1072 *
579 1050 684 1099 quod
712 1063 863 1100 semper
891 1058 1082 1099 oporteret
1109 1051 1249 1099 aliquid
1277 1064 1339 1099 ge-

280 1103 403 1140 nerari
422 1115 467 1139 ex
495 1102 678 1140 similibus
701 1103 912 1140 secundum
935 1103 1113 1152 speciem.
1135 1103 1338 1150 Quaedam

282 1155 384 1204 enim
413 1168 459 1193 ex
486 1156 670 1193 similibus
698 1163 925 1204 generantur
951 1163 988 1192 et
1014 1156 1053 1193 in
1081 1156 1215 1193 similia
1240 1155 1256 1184 Ψ
1282 1168 1338 1193 re-

281 1209 495 1257 solvuntur,
527 1209 621 1245 sicut
647 1209 769 1246 lutum
799 1208 976 1246 dividitur
1002 1209 1042 1246 in
1069 1209 1165 1254 luta;
1194 1209 1232 1246 in
1257 1209 1338 1258 qui-

280 1261 444 1299 busdam
472 1268 601 1298 autem
628 1274 708 1299 non
736 1269 792 1299 est
818 1262 891 1310 sic,
916 1262 984 1299 sed
1009 1262 1198 1311 quaedam
1226 1274 1338 1310 gene-

333 1423 363 1459 ψ)
381 1428 546 1459 generantur
567 1428 594 1450 et
612 1425 638 1450 in
662 1425 768 1451 similia.
783 1439 803 1444 -
820 1429 985 1459 generantur·
1007 1434 1066 1452 cum
1091 1427 1117 1452 in
1141 1427 1239 1453 similia
1258 1428 1335 1459 CSX;

280 1460 375 1493 quibus
394 1461 519 1485 accedunt
536 1460 720 1491 AKOQTVY,
738 1464 903 1494 generantur
920 1469 979 1486 oum
997 1462 1095 1487 similia
1101 1469 1111 1491 ;
1129 1463 1169 1495 pL
1188 1463 1257 1488 idem
1280 1471 1336 1488 cor-

2404 291 2446 326 31

1397 373 1524 402 rantur
1558 378 1604 402 ex
1641 366 1892 403 dissimilibus.
1932 367 1981 403 Et
2013 366 2052 403 in
2079 366 2136 403 his
2171 366 2283 403 etiam
2322 368 2341 388 ²³²
2374 379 2452 403 non

1397 426 1452 454 est
1479 430 1577 455 unus
1605 419 1755 466 modus,
1785 419 1873 468 quia
1901 419 2090 468 quaedam
2119 420 2215 456 fiunt
2233 420 2253 440 ³²
2279 431 2323 456 ex
2349 419 2453 456 dissi-

1396 470 1548 507 milibus
1580 478 1649 520 per
1682 472 1960 519 alterationem,
1995 472 2090 508 sicut
2125 473 2258 509 lateres
2295 484 2373 509 non
2408 484 2453 508 ex

1395 523 1570 560 lateribus
1605 525 1672 561 sed
1701 537 1744 561 ex
1774 526 1872 570 luto;
1907 525 2096 573 quaedam
2123 537 2217 561 vero
2251 537 2320 573 per
2348 537 2452 561 com-

1394 576 1635 624 positionem,
1657 577 1751 613 sicut
1778 577 1916 614 domus
1944 590 2023 614 non
2042 590 2087 614 ex
2115 577 2293 614 domibus
2313 577 2380 614 sed
2408 589 2453 613 ex

1394 629 1582 666 lateribus.
1609 630 1658 665 Et
1674 642 1744 678 per
1762 630 1863 666 hunc
1882 630 2043 667 modum
2063 643 2128 666 aer
2147 638 2184 667 et
2202 642 2301 678 aqua
2320 630 2418 666 fiunt
2433 630 2452 651 *

1395 694 1440 718 ex
1469 682 1670 729 alterutris,
1704 682 1800 719 idest
1827 683 1847 703 ²¹⁸
1876 683 1971 720 sicut
2002 695 2048 719 ex
2081 682 2334 719 dissimilibus.
2368 682 2453 719 Alia

1394 734 1512 771 littera
1538 736 1653 771 habet
1679 735 1774 772 sicut
1798 736 1931 772 lateres
1958 748 2008 772 ex
2034 735 2168 772 domo.-
2197 743 2233 771 et
2260 735 2313 771 sic
2345 735 2454 783 ponit

1395 787 1584 836 duplicem
1613 788 1773 825 modum
1803 801 1879 837 quo
1900 788 2040 837 aliquid
2059 788 2102 824 fit
2131 800 2175 824 ex
2199 788 2451 834 dissimilibus,

1394 841 1532 877 scilicet
1564 853 1633 889 per
1666 842 2003 890 compositionem,
2038 841 2133 877 sicut
2165 840 2303 877 domus
2337 841 2380 877 fit
2408 852 2452 876 ex

1392 893 1581 941 lateribus,
1608 901 1644 930 et
1669 906 1739 942 per
1766 894 2056 942 resolutionem,
2083 894 2177 930 sicut
2195 894 2328 930 lateres
2356 893 2454 930 fiunt

1394 958 1439 982 ex
1468 946 1598 983 domo.

1453 1011 1510 1046 17.
1531 998 1679 1035 Deinde
1700 1011 1788 1035 cum
1809 999 1915 1035 dicit:
1943 999 2084 1046 Melius
2101 1004 2226 1035 autem
2243 999 2263 1020 ²³²
2279 1006 2361 1045 etc.,
2382 996 2451 1034 im·
2478 1013 2489 1023 ⁸

1391 1052 1529 1100 probat
1559 1051 1788 1100 positionem
1816 1053 2063 1099 Anaxagorae
2097 1064 2166 1100 per
2203 1050 2452 1099 comparatio-

1392 1117 1483 1141 nem
1503 1104 1552 1141 ad
1571 1104 1792 1152 opinionem
1808 1105 2069 1152 Empedoclis:
2091 1112 2127 1140 et
2146 1104 2234 1141 dicit
2247 1104 2352 1152 quod
2371 1116 2451 1140 me-

1392 1157 1463 1194 lius
1492 1164 1547 1194 est
1574 1158 1678 1205 quod
1698 1159 1716 1176 ⁴*
1736 1157 1830 1193 fiant
1856 1157 2039 1206 principia
2066 1157 2246 1206 pauciora
2270 1164 2306 1193 et
2332 1156 2450 1203 finita,

1393 1209 1497 1259 quod
1525 1210 1611 1246 fecit
1638 1209 1914 1258 Empedocles,
1945 1222 2061 1258 quam
2084 1211 2193 1258 plura
2221 1217 2258 1246 et
2283 1209 2449 1256 infinita,

1391 1262 1498 1312 quod
1525 1262 1611 1299 fecit
1636 1264 1893 1310 Anaxagoras.

1389 1433 1477 1460 rupte,
1496 1432 1661 1461 generantur
1679 1432 1766 1453 tamen
1790 1428 1896 1453 similia.
1909 1442 1928 1447 -
1941 1428 1992 1453 Pro
2015 1428 2196 1458 resolvuntur,
2216 1429 2384 1453 resolvantur
2402 1428 2447 1453 AC

1390 1462 1537 1488 KSTVXY.
1552 1477 1570 1482 -
1583 1463 1649 1488 Infm
1665 1463 1913 1498 ACIKOQSTVXY
1931 1471 1984 1488 om.
2004 1464 2040 1488 Et
2057 1464 2083 1488 in
2103 1464 2170 1489 his...
2189 1464 2367 1489 dissimilibus.

2479 378 2490 388 '⁸
2500 378 2569 399 etiam
2581 384 2629 400 om.
2639 385 2691 400 mez-

2480 430 2490 441 ⁸
2505 432 2561 451 sunt
2572 437 2624 452 unz.

2479 640 2490 650 ⁸
2505 641 2560 660 sunt
2573 645 2624 660 unz.

2479 692 2489 702 ⁸
2498 691 2587 712 scilicet
2598 697 2693 712 nrum.-

2480 718 2541 738 sicut
2559 724 2606 739 om.
2621 724 2692 739 Λωικ

2479 750 2609 769 Loqsrvxv:

2504 1013 2541 1034 vel
2553 1013 2651 1039 dignius

2479 1039 2532 1060 add.
2547 1045 2571 1060 N.

2481 1171 2489 1180 ·
2503 1172 2529 1192 ut
2541 1177 2576 1192 rz.
