2950 4004
34 753 133 784 “rerum
142 751 196 774 add.
210 757 247 773 mr.

28 809 33 827 ἴ
64 805 183 836 ponebant
204 804 248 826 vab

33 836 44 853 5*
80 831 147 854 codd.
157 837 206 853 exc.
221 837 249 852 se

36 1112 123 1141 mia.
135 1124 159 1140 n.
173 1118 196 1139 ⁶.

137 1382 152 1416 β

39 1857 52 1868 '
65 1856 135 1879 Num.
149 1862 171 1879 2.

32 1953 53 1973 ’ὓ
66 1962 132 1978 eumn
149 1962 183 1984 ns,
202 1962 251 1978 om.

46 1994 54 1998 ι-
78 1999 84 2005 .
98 1987 121 2005 et
134 1989 158 2004 a.

41 2044 43 2046 ³
64 2061 135 2084 Num.
150 2067 198 2090 seq.

137 2439 153 2464 Υ

40 2719 42 2723 ⁴
133 2696 231 2718 ilitatem
241 2702 254 2717 Ρ

44 2726 62 2749 ¹!
93 2726 115 2744 et
128 2722 196 2744 codd.
205 2728 254 2744 exc.

56 2760 60 2763 ’
78 2758 80 2761 ·
90 2755 184 2775 rme-iz.

5 2846 10 2854 ⁹
54 2839 57 2850 ³
70 2853 140 2876 ettam
149 2853 202 2874 add.
215 2859 257 2874 em

52 2882 55 2883 ’
96 2880 156 2901 enim
165 2879 217 2901 add.
233 2885 256 2900 a.

7 3038 9 3040 ’
48 3012 174 3070 once-egit
186 3051 258 3067 css-m

1111 303 1222 339 CAP.
1251 302 1302 349 V,
1332 302 1482 339 LECT.
1511 303 1597 340 VIII

272 382 461 431 corporis:
489 383 592 419 unde
627 382 826 430 oportebat
859 382 964 430 quod
999 381 1148 418 cuilibet
1186 380 1331 416 dimen-

272 435 369 473 sioni
411 435 580 483 corporis
622 434 869 483 responderet
905 433 1092 470 dimensio
1130 432 1258 480 spatii,
1298 439 1333 468 et

272 487 441 525 similiter
479 487 628 524 cuilibet
654 494 796 535 puncto
835 486 1015 535 corporis.
1045 483 1121 522 Sed
1157 486 1232 521 hoc
1255 496 1334 520 non

273 547 423 589 oportet
450 540 586 586 dicere,
607 540 637 576 si
660 551 850 588 ponamus
870 539 998 575 locum
1027 549 1109 574 esse
1128 536 1333 573 terminum

276 592 512 630 continentis.

327 657 364 692 4.
385 645 470 682 Alia
497 644 591 682 ratio
611 643 679 680 fuit
705 644 736 689 ³¹⁶,
766 642 871 691 quod
899 641 929 678 si
957 642 1064 678 locus
1093 647 1148 677 est
1176 640 1332 689 aliquid,

275 705 425 746 oportet
443 698 549 745 quod
572 697 618 733 sit
645 706 794 743 corPUS,
816 706 903 730 cum
931 694 1068 730 habeat
1086 701 1160 729 tres
1189 693 1334 730 dimen-

276 750 402 787 siones
432 751 476 795 *3
507 757 543 786 et
580 749 633 785 sic
660 753 839 795 sequetur
876 746 953 782 duo
991 757 1151 794 corpora
1178 757 1260 782 esse
1298 745 1336 781 in

276 802 416 839 eodem
453 803 550 839 loco.
581 800 659 837 Sed
695 798 908 836 secundum
943 811 1008 835 eos
1046 798 1110 846 qui
1142 806 1289 846 ponunt
1316 799 1336 818 ³⁸

275 856 403 891 locum
433 866 515 891 esse
544 852 749 890 terminum
785 850 953 899 corporis
982 850 1224 897 continentis,
1258 863 1336 888 non

277 913 426 955 oportet
455 906 594 951 dicere,
617 916 740 952 neque
761 903 865 952 quod
895 903 970 940 duo
1006 915 1167 951 corpora
1200 903 1272 939 sint
1298 903 1336 940 in

277 958 416 995 eodem
454 958 559 1004 loco,
595 968 718 1004 neque
757 956 861 1004 quod
898 955 943 992 sit
980 955 1135 1004 aliquod
1173 955 1336 1004 spatium

277 1022 504 1060 corporeum
541 1009 714 1046 medium
750 1008 846 1044 inter
883 1008 1131 1044 extremitates
1169 1008 1338 1056 corporis

277 1063 519 1100 continentis:
548 1062 617 1098 sed
649 1061 754 1109 quod
782 1060 828 1097 sit
855 1060 906 1096 ibi
935 1060 1130 1108 quoddam
1160 1073 1309 1109 corpus.

335 1117 367 1153 5.
398 1117 493 1152 Item
522 1114 592 1151 alia
621 1114 714 1150 ratio
743 1113 810 1149 fuit
829 1114 867 1159 ²³²,
898 1113 1002 1161 quod
1030 1112 1061 1148 si
1089 1125 1205 1149 omne
1234 1112 1338 1161 quod

279 1176 345 1215 est,
376 1175 432 1204 est
450 1168 488 1204 in
507 1168 605 1213 loco,
635 1173 814 1215 sequetur
833 1164 938 1213 quod
958 1165 1071 1201 etiam
1090 1165 1196 1201 locus
1228 1165 1273 1201 sit
1301 1165 1338 1201 in

277 1222 375 1258 loco.
406 1221 517 1267 Quae
545 1219 701 1268 quidem
731 1218 824 1255 ratio
853 1218 900 1255 de
931 1217 1028 1254 facili
1056 1217 1229 1264 solvitur,
1252 1230 1338 1266 sup-

277 1273 402 1322 posito
431 1272 536 1321 quod
563 1273 670 1308 locus
698 1271 744 1307 sit
776 1271 960 1308 terminus
991 1270 1225 1306 continentis.
1255 1271 1339 1306 Ma-

278 1326 456 1362 nifestum
486 1332 541 1361 est
560 1324 663 1360 enim
683 1323 893 1360 secundum
922 1323 1007 1369 hoc,
1034 1322 1139 1371 quod
1159 1323 1264 1359 locus
1285 1330 1340 1358 est

279 1378 318 1415 in
347 1379 472 1426 aliquo
500 1375 536 1423 β,
566 1376 704 1413 scilicet
731 1376 770 1412 in
799 1387 959 1424 corpore
995 1375 1231 1420 continente;
1261 1387 1340 1411 non

278 1437 409 1467 tamen
437 1430 532 1466 sicut
559 1429 597 1466 in
625 1430 710 1465 1000
731 1457 740 1475 ,
771 1428 839 1465 sed
867 1428 962 1464 sicut
1001 1427 1184 1464 terminus
1211 1427 1249 1464 in
1276 1428 1339 1464 ali-

280 1495 356 1532 qua
390 1495 430 1519 re
463 1482 588 1528 finita,
625 1489 668 1518 ut
699 1487 883 1529 punctum
919 1479 956 1516 in
992 1480 1090 1516 linea
1119 1487 1154 1516 et
1182 1481 1340 1528 superfi-

281 1535 356 1572 cies
384 1535 423 1572 in
452 1546 623 1582 corpore.
647 1534 739 1569 Non
760 1533 860 1569 enim
884 1533 1140 1569 necessarium
1162 1539 1216 1568 est
1236 1533 1341 1581 quod

280 1600 395 1624 omne
426 1588 530 1636 quod
559 1593 630 1632 est,
660 1585 705 1621 sit
732 1585 770 1621 in
798 1585 924 1633 aliquo
954 1585 1048 1621 sicut
1074 1585 1113 1621 in
1141 1585 1243 1630 loco;
1273 1585 1341 1622 sed

279 1641 354 1676 1100
385 1651 540 1676 necesse
570 1645 625 1674 est
649 1638 773 1673 solum
794 1638 840 1674 de
862 1649 1020 1686 corpore
1041 1637 1194 1674 mobili:
1215 1645 1341 1674 motus

281 1692 382 1728 enim
412 1690 556 1728 induxit
579 1690 628 1727 ad
657 1689 962 1737 distinguendum
990 1689 1085 1725 inter
1111 1690 1276 1726 locatum
1306 1697 1342 1726 et

279 1745 421 1780 locum.

332 1798 367 1833 6.
384 1795 533 1832 Deinde
552 1807 641 1831 cum
661 1794 763 1831 dicit:
778 1795 827 1830 Et
838 1794 969 1841 fertur
988 1793 1104 1842 igitur
1123 1794 1159 1830 in
1179 1794 1239 1830 sui
1257 1801 1360 1841 etc.,-

279 1849 440 1896 assignat
457 1861 502 1884 ex
511 1847 703 1897 praedicta
713 1848 733 1867 '²‘
745 1846 964 1883 definitione
976 1846 1161 1882 rationem
1172 1846 1340 1894 proprie-

277 1909 397 1938 tatum
412 1901 496 1937 loci.
514 1901 563 1936 Et
576 1899 699 1948 primo
716 1906 901 1947 quantum
916 1898 965 1935 ad
980 1899 1064 1944 hoe,
1077 1899 1182 1947 quod
1203 1911 1340 1947 corpus

278 1954 494 1991 naturaliter
521 1953 636 1989 fertur
663 1951 712 1988 ad
734 1951 933 2000 proprium
951 1952 970 1972 '¹‘
994 1952 1140 1997 locum;
1169 1951 1338 1988 secundo

279 2013 463 2055 quantum
484 2005 533 2042 ad
551 2006 636 2051 hoc,
667 2004 772 2053 quod
793 2016 930 2052 corpus
949 2003 1166 2040 naturaliter
1185 2004 1342 2053 quiescit

278 2059 318 2096 in
337 2071 407 2096 suo
423 2059 521 2105 loco,
537 2057 606 2094 ibi:
625 2058 676 2093 Et
692 2062 820 2094 manet
832 2057 948 2105 igitur
962 2062 1099 2093 natura
1114 2056 1134 2076 '¹‘
1157 2064 1226 2093 etc.
1243 2056 1342 2093 Dicit

280 2124 369 2159 ergo
389 2111 527 2160 primo,
557 2110 662 2158 quod
690 2109 720 2146 si
748 2117 912 2157 ponatur
931 2109 1036 2145 locus
1057 2121 1138 2145 esse
1157 2109 1341 2146 terminus

281 2163 519 2209 continentis,
550 2161 818 2198 rationabiliter
845 2161 1024 2208 assignari
1051 2168 1176 2209 potest
1204 2173 1339 2209 causa,

280 2229 397 2265 quare
415 2214 720 2264 unumquodque
750 2225 886 2262 corpus
915 2214 1054 2250 feratur
1076 2213 1125 2249 ad
1142 2214 1341 2262 proprium

279 2270 429 2306 locum:
454 2267 542 2316 quia
561 2268 651 2304 illud
671 2278 808 2314 corpus
829 2266 1035 2311 continens,
1057 2267 1106 2302 ad
1125 2267 1230 2313 quod
1252 2279 1340 2302 con-

279 2328 481 2370 sequenter
500 2333 540 2357 se
559 2320 674 2356 habet
703 2331 839 2367 corpus
867 2325 1087 2355 contentum
1108 2326 1144 2354 et
1162 2319 1340 2366 locatum,

280 2382 317 2411 et
332 2373 436 2422 quod
456 2374 504 2410 ab
521 2385 566 2409 eo
587 2372 748 2419 tangitur
767 2371 936 2407 terminis
956 2371 1067 2407 simul
1087 2371 1340 2418 existentibus,

279 2434 316 2463 et
335 2428 410 2463 hoc
429 2438 507 2463 non
535 2437 604 2474 per
630 2423 864 2470 violentiam,
887 2431 942 2460 est
964 2423 1183 2472 proximum
1204 2424 1238 2459 01
1252 2429 1266 2450 ⁷
1287 2436 1342 2460 se-

280 2479 449 2516 cundum
478 2485 664 2515 naturam.
705 2476 950 2514 Ordo‘enim
983 2476 1073 2512 situs
1107 2476 1144 2512 in
1176 2477 1344 2524 partibus

279 2531 447 2569 universi
480 2530 681 2568 attenditur
717 2529 929 2565 secundum
967 2529 1140 2565 ordinem
1176 2537 1343 2566 naturae.

280 2586 384 2622 Nam
415 2596 552 2632 corpus
581 2583 761 2629 caeleste,
796 2582 901 2630 quod
930 2589 985 2618 est
1012 2593 1256 2630 supremum,
1291 2589 1346 2618 est

281 2636 582 2674 nobilissimum:
616 2643 704 2683 post
736 2635 841 2683 quod
869 2635 964 2670 inter
995 2634 1066 2670 alia
1100 2647 1261 2682 corpora
1290 2647 1346 2670 se-

283 2689 452 2726 cundum
490 2688 725 2725 nobilitatem
760 2687 779 2708 *
807 2694 962 2723 naturae
997 2694 1052 2723 est
1087 2686 1199 2734 ignis;
1230 2694 1266 2723 et
1294 2686 1346 2723 sic

284 2742 463 2790 deinceps
490 2753 613 2789 usque
635 2741 684 2776 ad
702 2747 854 2776 terram.
884 2739 996 2776 Unde
1025 2739 1267 2775 manifestum
1293 2746 1347 2776 est

284 2794 389 2843 quod
410 2806 547 2842 corpus
566 2793 730 2838 inferius,
753 2792 857 2840 quod
877 2804 917 2828 se
937 2792 1053 2828 habet
1072 2799 1348 2839 consequenter

285 2846 495 2884 secundum
523 2845 634 2882 situm
665 2845 713 2882 ad
742 2857 880 2892 corpus
909 2844 1091 2892 superius,
1114 2845 1203 2880 est*
1223 2844 1347 2892 proxi-

284 2912 393 2937 mum
422 2899 491 2935 sibi
520 2899 558 2936 in
586 2897 719 2934 ordine
747 2905 915 2934 naturae.
949 2898 998 2933 Et
1025 2896 1111 2933 ideo
1140 2897 1244 2933 addit
1271 2909 1345 2933 non

283 2953 339 2999 vi,
366 2959 409 2988 ut
433 2951 608 2988 ostendat
635 2950 845 2986 naturalem
875 2949 1048 2986 ordinem
1077 2949 1179 2995 situs,
1210 2949 1269 2985 cui
1290 2962 1346 2986 re-

285 3004 449 3054 spondet
467 3005 563 3041 ordo
583 3010 803 3040 naturarum
832 3000 862 3048 ⁸,
885 3009 920 3038 et
940 3002 1111 3038 excludat
1131 3002 1150 3022 '¹‘
1171 3002 1345 3038 ordinem

285 3058 376 3094 situs
403 3057 631 3102 violentum,
667 3055 762 3092 sicut
794 3054 997 3103 aliquando
1031 3067 1100 3103 per
1126 3054 1345 3091 violentiam

286 3121 423 3158 corpus
450 3116 620 3146 terrestre
651 3115 706 3144 est
733 3120 847 3156 super
875 3119 1003 3144 aerem
1030 3108 1091 3143 vel
1116 3119 1268 3156 aquam.
1298 3108 1347 3143 Et

284 3161 504 3199 huiusmodi
534 3161 610 3198 duo
640 3173 801 3209 corpora
822 3173 863 3196 se
893 3160 1163 3208 consequentia
1182 3160 1220 3196 in
1240 3167 1345 3196 natu-

339 3289 364 3324 β)
385 3290 557 3323 Manifestum
575 3293 647 3315 est...
663 3290 689 3314 in
708 3290 806 3322 aliquo.
818 3303 838 3308 —
852 3289 892 3313 Sic
911 3289 1016 3319 PCLs13
1029 3289 1201 3322 Manifestum
1221 3293 1259 3314 est
1278 3290 1346 3314 enim

285 3326 356 3358 quod
373 3325 515 3350 secundum
534 3325 582 3350 hoc
600 3325 671 3357 quod
690 3325 762 3349 locus
785 3327 825 3348 est
843 3324 869 3348 in
888 3324 978 3356 aliquo
1001 3332 1053 3348 non
1076 3324 1142 3348 bene
1160 3324 1347 3349 ADKOSTVY

285 3361 337 3394 pIX
351 3365 376 3385 et
388 3367 412 3388 a,
428 3360 601 3393 Manifestum
621 3363 660 3384 est
677 3359 746 3383 enim
766 3359 837 3390 quod
849 3358 992 3383 secundum
1006 3359 1054 3383 hoc
1066 3359 1137 3383 Iocus
1153 3357 1235 3391 (loeus
1249 3367 1302 3383 om.
1313 3359 1346 3391 R)

285 3399 324 3421 est
343 3396 369 3420 in
389 3395 477 3427 aliquo
496 3394 693 3423 BEFGHMNR,
707 3401 774 3425 quae
793 3393 867 3417 lectio
885 3393 910 3417 in
929 3393 997 3417 idem
1015 3393 1080 3417 redit
1099 3401 1156 3417 cum
1177 3394 1253 3417 Pinna
1260 3402 1267 3424 ;
1287 3394 1348 3418 Ma-

286 3431 410 3463 nifestum
424 3433 463 3454 est
476 3430 544 3454 enim
560 3429 608 3454 hoc
621 3429 693 3461 quod
710 3428 852 3453 secundum
866 3428 913 3452 hoc
927 3428 998 3452 locus
1011 3431 1051 3452 est
1065 3428 1090 3452 in
1109 3428 1197 3459 aliquo
1216 3429 1244 3457 Z,
1258 3428 1347 3452 Mani-

279 3467 382 3499 festum
401 3468 441 3489 est
458 3465 527 3489 enim
546 3464 617 3496 quod
635 3463 778 3488 secundum
798 3463 845 3487 hoc
863 3462 982 3495 sequitur
997 3463 1067 3494 quod
1079 3463 1150 3487 locus
1163 3466 1202 3487 est
1217 3463 1243 3487 in
1258 3463 1346 3495 aliquo

286 3501 336 3531 sX,
356 3500 528 3533 Manifestum
547 3502 587 3523 est
604 3498 672 3523 enim
692 3498 740 3522 hoc
758 3497 829 3530 quod
847 3498 918 3522 locus
936 3501 976 3522 est
994 3497 1020 3521 in
1039 3497 1127 3529 aliquo
1147 3497 1178 3527 Q.

339 3536 365 3568 γ)
385 3538 424 3560 est
438 3534 597 3566 proximum
616 3534 676 3558 ei.-
689 3536 728 3558 est
746 3533 770 3557 ei
788 3533 947 3564 proximum
959 3532 995 3562 T;
1015 3537 1062 3556 cet.
1082 3537 1107 3556 et
1124 3539 1141 3556 a
1152 3532 1166 3556 12
1185 3539 1238 3556 om.
1251 3532 1283 3556 ei.
1296 3533 1346 3556 Le-

287 3571 385 3595 ctiones
404 3570 547 3601 singulares
566 3569 661 3593 habent
681 3568 717 3592 R:
732 3571 758 3592 et
771 3568 819 3593 hoc
838 3575 888 3592 non
899 3574 951 3599 per
965 3567 1115 3591 violentiam
1130 3570 1176 3596 est,
1191 3566 1237 3591 sed
1255 3574 1345 3591 secun-

288 3606 351 3630 dum
376 3609 515 3634 naturam,
535 3609 560 3629 et
580 3605 600 3628 L
623 3603 828 3635 transponendo:
854 3605 879 3627 et
903 3603 951 3627 hoc
981 3609 1031 3626 non
1056 3605 1095 3626 est
1117 3609 1168 3633 per
1193 3601 1344 3626 violentiam

2374 315 2438 351 171

1387 380 1451 416 rali
1480 381 1610 418 ordine
1640 382 1750 428 situs,
1786 389 1822 418 et
1848 382 1887 418 in
1916 381 2048 418 ordine
2080 389 2301 418 naturarum
2334 381 2446 418 simul

1387 439 1474 480 apta
1494 441 1580 470 nata
1599 447 1693 481 esse,
1715 442 1801 470 sunt
1821 434 2065 483 impassibilia
2078 440 2104 470 ¹:
2125 434 2232 481 idest,
2249 446 2336 470 cum
2358 445 2445 470 con-

1387 484 1578 522 tinuantur
1610 486 1658 523 ad
1691 487 1854 523 invicem
1888 494 1924 523 et
1954 487 2051 524 fiunt
2081 499 2222 533 unum,
2261 486 2310 523 ad
2342 485 2447 534 quod

1388 537 1635 585 aptitudinem
1667 540 1808 575 habent
1843 546 1997 587 propter
2027 539 2348 588 propinquitatem
2382 550 2446 574 na-

1388 597 1505 636 turae,
1535 598 1624 627 tunc
1643 599 1729 627 sunt
1748 591 2002 640 impassibilia.
2034 593 2110 628 Sed
2134 592 2226 628 dum
2246 598 2448 638 tanguntur

1390 642 1561 679 distincta
1589 643 1791 690 existentia,
1819 651 1975 692 propter
2003 644 2303 681 contrarietatem
2332 643 2447 692 quali-

1389 702 1508 731 tatum
1541 695 1750 732 activarum
1786 703 1822 732 et
1852 697 2110 744 passivamm,
2145 704 2230 733 sunt
2263 695 2384 732 activa
2413 703 2448 732 et

1389 747 1541 795 passiva
1560 748 1608 784 ad
1626 748 1802 785 invicem.
1825 749 1887 785 Sic
1910 749 2019 796 igitur
2041 749 2259 797 proximitas
2279 756 2446 795 naturae,

1391 812 1487 848 quae
1517 807 1572 836 est
1603 801 1698 837 inter
1732 813 1869 849 corpus
1903 801 2097 838 continens
2135 809 2170 837 et
2207 809 2446 847 contentum,

1391 859 1446 889 est
1475 865 1587 889 causa
1621 865 1737 902 quare
1772 866 1908 902 corpus
1944 854 2158 890 naturaliter
2191 861 2368 890 movetur
2399 854 2448 890 ad

1391 917 1503 941 suum
1532 905 1677 942 locum:
1712 905 1799 954 quia
1827 913 1976 954 oportet
2003 907 2106 955 quod
2134 906 2271 953 gradus
2299 914 2447 942 natura-

1391 957 1484 993 lium
1503 957 1674 994 locorum
1708 959 1934 1006 respondeat
1957 958 2088 1006 gradui
2115 966 2333 994 naturarum
2363 958 2387 1003 ζ,
2408 965 2449 994 ut

1393 1009 1535 1045 dictum
1551 1017 1616 1046 est.
1639 1010 1714 1046 Sed
1734 1011 1828 1046 haec
1847 1011 1939 1047 ratio
1968 1023 2045 1047 non
2064 1018 2187 1059 potest
2212 1011 2391 1057 assignari
2419 1010 2449 1046 si

1391 1068 1555 1109 ponatur
1582 1062 1686 1098 locus
1722 1075 1801 1098 esse
1831 1063 2013 1111 spatium:
2035 1063 2122 1111 quia
2141 1063 2178 1099 in
2207 1062 2449 1099 dimensioni-

1393 1114 1463 1149 bus
1488 1113 1594 1161 spatii
1615 1115 1793 1162 separatis
1822 1116 1944 1151 nullus
1973 1116 2067 1152 ordo
2097 1123 2251 1152 naturae
2280 1115 2449 1151 conside-

1393 1178 1466 1202 rari
1492 1173 1627 1214 potest.

1447 1230 1483 1266 7.
1500 1218 1648 1254 Deinde
1665 1230 1752 1254 curn
1769 1218 1870 1255 dicit:
1887 1220 1937 1255 Et
1949 1225 2075 1255 manet
2088 1220 2202 1268 igitur
2217 1224 2351 1255 natura
2368 1226 2448 1266 etc„

1394 1270 1556 1318 assignat
1585 1283 1738 1307 eausam
1772 1283 1888 1319 quare
1917 1283 2077 1319 corpora
2109 1271 2321 1308 naturaliter
2350 1271 2451 1320 quie-

1394 1330 1499 1359 scant
1526 1324 1565 1359 in
1593 1323 1668 1360 suis
1696 1323 1798 1359 locis.
1825 1324 1873 1359 Et
1901 1323 1988 1359 dicit
2015 1324 2118 1372 quod
2138 1324 2211 1359 hoc
2238 1323 2370 1360 accidit
2394 1336 2451 1359 ra-

1393 1375 1637 1423 tionabiliter,
1676 1375 1706 1412 si
1739 1388 1930 1423 ponamus
1964 1376 2092 1412 locum
2130 1388 2211 1412 esse
2248 1376 2451 1412 terminum

1395 1428 1563 1476 corporis
1592 1428 1835 1464 continentis:
1866 1428 1953 1476 quia
1981 1428 2192 1464 secundum
2220 1428 2294 1464 hoc
2314 1440 2451 1475 corpus

1395 1481 1561 1517 locatum
1581 1493 1621 1517 se
1640 1481 1754 1517 habet
1782 1480 1830 1517 ad
1855 1493 1992 1529 corpus
2013 1480 2207 1517 continens
2227 1481 2320 1516 sicut
2339 1492 2452 1528 quae-

1397 1533 1486 1569 dam
1513 1545 1600 1582 pars
1629 1533 1678 1569 ad
1705 1540 1849 1580 totum,
1879 1533 1999 1570 divisa
2026 1540 2165 1570 tamen.
2196 1533 2244 1569 Et
2271 1534 2345 1569 hoc
2373 1544 2452 1568 ma—

1395 1585 1561 1622 nifestius
1590 1593 1744 1634 apparet
1772 1585 1810 1621 in
1839 1585 2060 1634 corporibus
2089 1598 2186 1633 quae
2215 1593 2301 1621 sunt
2337 1584 2452 1621 facilis

1396 1638 1600 1684 divisionis,
1630 1638 1725 1674 sicut
1752 1646 1807 1674 est
1835 1650 1899 1674 aer
1921 1639 2021 1674 vel*
2045 1650 2162 1686 aqua:
2193 1638 2330 1674 horum
2352 1637 2452 1673 enim

1395 1698 1520 1738 partes
1538 1698 1696 1738 possunt
1723 1690 1871 1726 moveri
1891 1691 1938 1726 ab
1958 1690 2084 1738 aliquo
2113 1690 2151 1726 in
2170 1697 2262 1736 toto,
2284 1690 2378 1726 sicut
2398 1690 2452 1726 lo-

1397 1750 1523 1778 catum
1542 1750 1720 1779 movetur
1746 1742 1784 1778 in
1808 1743 1905 1779 1000.
1936 1743 1984 1778 Et
2002 1743 2076 1778 1100
2097 1742 2209 1778 etiam
2230 1754 2308 1778 non
2328 1743 2452 1778 solum

1395 1807 1531 1831 verum
1560 1801 1615 1830 est
1648 1795 1859 1831 secundum
1892 1795 2053 1842 figuram
2087 1795 2302 1831 continendi
2332 1806 2452 1831 unum

1398 1848 1467 1883 sub
1497 1846 1588 1893 alio,
1619 1847 1686 1883 sed
1714 1847 1827 1883 etiam
1856 1848 2065 1883 secundum
2093 1846 2360 1895 proprietatem
2388 1859 2452 1882 na-

1396 1906 1512 1936 turae.
1548 1901 1626 1935 Aer
1654 1899 1755 1935 enim
1785 1911 1824 1935 se
1852 1899 1966 1935 habet
1997 1900 2046 1935 ad
2078 1911 2216 1947 aquam
2243 1907 2285 1935 ut
2311 1906 2452 1944 totum,

1397 1952 1484 2001 quia
1512 1964 1611 1999 aqua
1640 1959 1694 1988 est
1721 1959 1762 1987 ut
1789 1951 1961 1998 materia,
1998 1964 2061 1987 aer
2089 1959 2216 1987 autern
2243 1959 2284 1987 ut
2311 1952 2454 1996 forma;

1397 2016 1488 2041 nam
1507 2016 1606 2052 aqua
1627 2011 1681 2040 est
1700 2004 1807 2052 quasi
1827 2004 1983 2040 materia
2003 2004 2110 2050 aeris,
2128 2011 2163 2039 et
2179 2016 2244 2039 aer
2259 2011 2312 2040 est
2332 2004 2455 2040 sicut*

1396 2057 1525 2101 forma*
1539 2057 1630 2093 eius.
1662 2057 1778 2103 Quod
1807 2069 1851 2092 ex
1879 2057 1953 2092 hoc
1980 2063 2146 2104 apparet,
2177 2056 2264 2104 quia
2285 2069 2383 2104 aqua
2402 2064 2457 2092 est

1396 2109 1434 2146 in
1461 2109 1630 2158 potentia
1657 2110 1706 2146 ad
1734 2121 1862 2145 aerem
1890 2109 2116 2157 simpliciter.
2148 2108 2225 2145 Sed
2243 2121 2379 2145 verum
2400 2117 2455 2145 est

1397 2162 1503 2210 quod
1531 2161 1644 2198 etiam
1672 2174 1736 2197 aer
1769 2169 1824 2198 est
1861 2162 2030 2209 quodam
2064 2161 2135 2197 alio
2171 2162 2289 2198 modo
2323 2161 2361 2197 in
2388 2174 2455 2209 po-

1396 2214 1511 2251 tentia
1539 2214 1589 2250 ad
1617 2226 1769 2262 aquam,
1798 2222 1839 2250 ut
1867 2214 2176 2250 determinabitur
2203 2214 2390 2262 posterius
2418 2214 2456 2250 in

1397 2267 1493 2303 libro
1522 2267 1567 2302 de
1599 2266 1846 2303 Generatione
1864 2268 1906 2302 *t
1937 2266 2004 2302 sed
2032 2266 2079 2303 ad
2099 2278 2277 2314 praesens
2306 2274 2455 2314 tempus

1398 2331 1553 2355 necesse
1574 2326 1629 2354 est
1643 2319 1717 2354 hoc
1736 2319 1906 2367 accipere
1922 2319 1970 2355 ad
1986 2318 2242 2355 ostensionem
2261 2319 2454 2367 propositi.

1400 2371 1476 2408 Sed
1503 2371 1564 2407 hic
1584 2383 1662 2407 non
1691 2371 1901 2407 declaratur
1927 2383 1996 2419 per
2026 2371 2298 2418 certitudinem,
2328 2371 2394 2408 sed
2418 2371 2456 2408 in

1399 2424 1494 2460 libro
1518 2423 1563 2459 de
1589 2424 1837 2460 Generatione
1856 2423 2103 2460 declarabitur
2127 2423 2273 2460 certius.
2286 2424 2340 2460 Ibi
2356 2424 2457 2460 enim

1401 2476 1544 2513 dicetur
1572 2476 1676 2523 quod
1696 2488 1783 2512 cum
1804 2488 1849 2512 ex
1869 2488 1967 2524 aqua
1985 2483 2182 2523 generatur
2201 2488 2277 2522 aer,
2303 2483 2357 2512 est
2377 2489 2456 2512 cor-

1401 2529 1522 2577 ruptio
1552 2528 1762 2565 secundum
1790 2528 1892 2576 quid,
1915 2535 1950 2564 et
1971 2529 1990 2549 ‘¹‘
2013 2528 2203 2575 generatio
2231 2528 2455 2576 simpliciter,

1399 2589 1555 2630 propter
1582 2582 1656 2617 hoc
1685 2580 1788 2629 quod
1814 2580 2016 2628 perfectior
2043 2581 2166 2616 forma
2193 2580 2454 2628 introducitur,

1402 2641 1438 2670 et
1465 2633 1719 2681 imperfectior
1747 2633 1927 2669 abiicitur.
1958 2633 2057 2669 Cum
2079 2640 2205 2669 autem
2226 2645 2270 2669 ex
2290 2645 2374 2669 aere
2394 2646 2455 2680 ge-

1401 2693 1552 2723 neratur
1580 2698 1698 2735 aqua,
1735 2693 1789 2722 est
1817 2685 2007 2733 corruptio
2036 2685 2251 2733 simpliciter
2284 2693 2319 2721 et
2346 2698 2456 2733 gene-

1401 2739 1494 2775 ratio
1520 2739 1731 2775 secundum
1760 2738 1860 2786 quid,
1892 2738 1979 2786 quia
2005 2738 2205 2786 perfectior
2224 2738 2347 2774 forma
2368 2738 2456 2774 abii-

1403 2792 1507 2838 citur,
1529 2799 1565 2827 et
1584 2791 1837 2840 imperfectior
1864 2790 2120 2827 introducitur.
2152 2790 2213 2826 Sic
2232 2790 2340 2838 igitur
2359 2803 2456 2839 aqua

1402 2844 1617 2892 simpliciter
1643 2852 1697 2880 est
1723 2843 1761 2880 in
1785 2843 1953 2891 potentia
1972 2843 2019 2880 ad
2039 2855 2179 2890 aerem,
2199 2843 2293 2879 sicut
2320 2843 2456 2891 imper-

1402 2897 1542 2933 fectum
1563 2896 1611 2933 ad
1633 2896 1865 2944 perfectum:
1895 2908 1959 2932 aer
1986 2902 2112 2932 autem
2142 2903 2195 2932 est
2222 2895 2259 2932 in
2287 2896 2455 2943 potentia

1403 2949 1451 2986 ad
1471 2961 1622 2998 aquam,
1644 2948 1738 2985 sicut
1755 2949 1964 2997 perfectum
1987 2948 2035 2985 ad
2050 2948 2324 2996 imperfectum.
2345 2949 2455 2985 Unde

1402 3014 1467 3038 aer
1494 3014 1534 3038 se
1560 3002 1675 3038 habet
1700 3009 1742 3037 ut
1769 3001 1891 3037 forma
1920 3008 1956 3037 et
1982 3009 2024 3037 ut
2050 3008 2183 3048 totum,
2213 3001 2317 3048 quod
2344 3001 2457 3037 habet

1402 3054 1585 3091 rationem
1614 3054 1779 3090 formae:
1809 3066 1908 3102 aqua
1935 3066 2027 3090 vero
2053 3066 2092 3089 se
2111 3054 2225 3089 habet
2242 3061 2282 3089 ut
2301 3053 2456 3090 materia

1402 3114 1438 3143 et
1464 3114 1506 3143 ut
1532 3119 1630 3155 pars,
1661 3119 1758 3155 quae
1786 3106 1947 3154 pertinet
1975 3106 2023 3142 ad
2051 3105 2235 3142 rationem
2264 3105 2452 3142 materiae.

1403 3159 1590 3205 Quamvis
1618 3158 1726 3206 igitur
1753 3159 1855 3195 idem
1875 3158 1920 3195 sit
1940 3166 1975 3194 et
1994 3158 2150 3194 materia
2178 3166 2214 3193 et
2232 3165 2346 3204 actus,
2367 3157 2454 3204 quia

1403 3293 1527 3319 naturae,
1547 3289 1613 3314 ordo
1637 3289 1706 3313 enim
1725 3289 1791 3313 situs
1815 3289 1841 3313 in
1857 3288 1980 3320 partibus
2005 3287 2120 3311 universi
2143 3286 2291 3311 attenditur
2312 3286 2453 3311 secundum

1402 3325 1522 3349 ordinem
1537 3323 1694 3356 proximum
1714 3323 1855 3348 secundum
1874 3327 2006 3347 naturam.

1455 3358 1478 3393 ὅ)
1498 3359 1541 3384 cui
1559 3359 1702 3390 respondet
1719 3359 1785 3382 ordo
1800 3361 1966 3382 naturarum.
1979 3371 1999 3375 -
2010 3356 2053 3381 cui
2066 3357 2132 3380 situs
2150 3356 2216 3380 ordo
2230 3355 2392 3380 naturalium
2405 3356 2453 3388 pE,

1401 3394 1444 3418 cui
1462 3394 1604 3426 respondet
1621 3394 1687 3418 situs
1706 3393 1771 3418 ordo
1791 3392 1951 3416 naturalium
1966 3392 2010 3421 sE,
2023 3391 2066 3416 cui
2084 3391 2223 3422 respondet
2242 3391 2308 3415 ordo
2326 3391 2392 3415 situs
2406 3398 2453 3415 na-

1402 3432 1479 3453 turae
1497 3429 1555 3454 edd.
1569 3436 1586 3453 a
1597 3429 1618 3458 b,
1638 3428 1681 3453 cui
1699 3427 1839 3459 respondet
1857 3427 1923 3451 ordo
1941 3426 2007 3451 situs
2027 3425 2156 3450 naturalis
2170 3426 2204 3450 P..
2217 3426 2304 3450 Lectio
2318 3433 2396 3458 quam
2410 3426 2453 3451 da-

1401 3471 1461 3487 mus
1481 3471 1510 3488 ex
1529 3463 1659 3487 codicibus
1679 3470 1731 3486 exc.
1744 3462 1765 3486 E
1784 3462 1858 3485 obvia
1878 3466 1929 3491 est,
1949 3466 1974 3485 et
1993 3469 2006 3485 a
2026 3465 2143 3485 contextu
2168 3461 2313 3493 requiritur.

1454 3497 1476 3530 ε)
1495 3498 1574 3523 simul
1587 3501 1650 3529 apta
1664 3500 1727 3521 nata
1741 3503 1802 3526 esse,
1818 3499 1880 3520 sunt
1893 3495 2072 3527 impassibilia.
2082 3509 2100 3515 -
2109 3495 2146 3519 Ita
2159 3495 2208 3526 Pb;
2220 3496 2299 3521 simul
2310 3499 2375 3527 apta
2390 3499 2454 3520 nata

1399 3536 1462 3557 sunt
1469 3533 1533 3565 fieri
1551 3532 1721 3564 impassibilia
1739 3532 1775 3561 D;
1796 3536 1841 3555 cet.
1862 3535 1886 3554 et
1903 3538 1920 3554 a
1939 3538 1991 3554 om.
2003 3537 2066 3555 esse.

1453 3567 1477 3599 ζ)
1498 3568 1655 3599 respondeat
1673 3566 1772 3599 gradui
1790 3569 1956 3590 naturarum.
1968 3578 1987 3584 —-
1998 3565 2048 3589 Pro
2063 3565 2228 3596 respondeat,
2242 3566 2417 3597 respondeant
2430 3567 2453 3590 A

1400 3602 1599 3630 CIKSVXYZa;
1613 3609 1660 3634 pro
1670 3604 1836 3630 naturarum,
1853 3601 2014 3625 naturalium
2028 3601 2174 3626 locatorum
2185 3601 2212 3625 Ρ.
2224 3599 2273 3634 (Cf.
2288 3606 2340 3626 not.
2348 3600 2383 3634 δ).

2479 1644 2488 1655 ⁴*
2503 1646 2526 1665 et
2538 1650 2589 1669 nnn,
2609 1646 2650 1664 aut
2663 1650 2691 1665 tir

2480 1676 2574 1697 onuasz,
2586 1676 2632 1692 om.
2646 1674 2690 1691 cet.

2484 2006 2492 2014 “
2512 2006 2581 2033 quasi
2593 2011 2692 2027 troium.

2484 2277 2492 2285 '¹
2512 2275 2536 2297 S.
2551 2275 2594 2297 Th.
2616 2276 2655 2297 lib.
2670 2276 2694 2302 I⁷

2484 2302 2534 2323 lect.
2555 2308 2601 2324 xiv.
2616 2314 2627 2318 ·-
2641 2302 2694 2323 Did.

2484 2328 2695 2356 1ib.1,cap.v‚n.10.

2485 2542 2493 2550 '¹
2508 2543 2531 2562 et
2544 2547 2591 2562 om.
2606 2547 2628 2562 Ρ.
