2898 3996
384 604 386 607 .
442 614 482 644 Ἤ
513 607 550 643 δὲ
581 606 704 647 δίνησις
735 609 912 655 σύγκειται
944 608 978 649 ἐξ
1001 607 1128 660 ’ἕλξεως

212 3018 219 3025 ·
235 3016 270 3037 hic
284 3015 335 3037 edd.
350 3015 385 3036 ab
397 3018 418 3035 et

210 3043 278 3063 codd.
294 3048 342 3063 exc.
353 3047 420 3063 nuzz.

214 3175 222 3182 '
238 3173 298 3194 Lect.
313 3179 334 3193 v.

219 3332 227 3338 '
242 3329 311 3351 Num.
327 3336 374 3356 seq.

447 275 520 311 330

490 353 608 384 πτικαὶ
630 351 705 390 εἱσι,
723 350 780 380 καὶ
797 349 816 384 ἦ
834 347 998 385 σπάθησις
1017 342 1054 379 δὲ
1069 349 1127 379 καὶ

489 396 510 431 ἣ
526 394 679 438 κέρκισις-
702 393 742 424 τὸ
760 392 818 436 μὲν
835 391 898 437 γοὶρ
922 391 1033 423 αὐτῶν
1051 392 1129 436 σῧγ-

488 450 589 481 κρισις
615 438 655 468 τὸ
679 432 716 467 δὲ
736 432 908 479 διάκρισις.
939 436 1004 466 Καὶ
1032 435 1128 466 πᾶσα

489 477 532 518 δή
549 484 672 517 κίνησις
691 481 712 516 ἦ
728 479 823 511 navat
840 478 944 511 τόπον
962 489 1126 523 συγκρισις

1227 349 1283 387 tio,
1294 349 1380 379 aliud
1396 348 1591 389 disgregatio.
1609 347 1649 377 Et
1658 346 1762 376 omnis
1778 346 1872 386 igitur

1228 399 1334 423 motus
1350 392 1406 432 qui
1425 398 1471 422 est
1486 391 1661 422 secundum
1678 390 1804 429 locum,
1820 400 1872 430 ag-

1227 435 1364 476 gregatio
1389 442 1418 466 et
1441 434 1626 475 disgregatio
1651 440 1705 464 est.

1058 268 1400 306 PHYSICORUM
1426 268 1773 306 ARISTOTELIS
1803 267 1896 303 LIB.
1925 266 1994 303 VII

1971 340 2153 395 ὀχούμενον
2177 345 2322 374 κινεῖται
2338 343 2435 376 navat
2455 343 2624 388 συμβεβη·

1969 397 2040 426 κος,
2060 385 2115 417 ὅτι
2140 385 2172 416 ἑν
2197 385 2378 430 κινουμένῳ
2405 385 2496 421 ἐστὶν
2523 386 2544 424 ἦ
2566 383 2622 420 ἐπὶ

1969 427 2163 472 κινουμένου
2189 428 2292 467 τινός·
2314 429 2355 463 τό
2372 426 2401 462 δ’
2424 431 2526 476 ὀχοῦν
2550 431 2625 477 ὄχεῖ

1971 472 1992 509 ἦ
2014 471 2193 515 ἑλκόμενον
2219 471 2240 509 ἦ
2265 471 2452 518 ὠθούμενον
2472 474 2494 512 ἦ
2511 470 2622 507 δινού-

488 527 545 557 καὶ
570 521 728 567 διάκρισίς
754 523 856 556 ἐστιν.

488 658 544 687 καὶ
576 654 696 691 ὤσεως.
734 654 778 685 Τὸ
808 653 866 697 μὲν
891 652 955 699 γαῖρ
986 650 1065 683 ωθεῖ
1087 651 1128 683 τὸ

488 699 615 739 κινοῦν,
643 698 682 729 τὸ
707 692 736 728 δ’
764 696 864 729 ἕλκει.

704 764 708 782 ι

443 828 589 872 Φανερόν
615 826 670 859 οὖν
695 828 735 864 ὦς
761 827 834 859 ἐπεὶ
857 825 928 869 ἅμα
954 825 994 857 τὸ
1023 824 1127 857 ὠθοῦν

487 873 545 904 καὶ
580 871 621 904 τό
654 870 748 903 ἐ’λκον
780 871 827 911 τῷ
863 868 1033 913 ὠθουμένῳ
1070 871 1126 901 καὶ

489 914 652 959 ἑλκομένῳ
668 915 781 955 ἐστίν,
801 911 893 946 οὐθὲν
917 913 1047 958 μεταξῦ
1066 913 1127 946 τοῦ

491 959 602 1001 [κατὰ
619 958 743 999 τόπον]
769 957 960 1001 κινουμένου
985 958 1043 989 καὶ
1065 957 1126 989 τοῦ

488 1004 659 1040 κινοῦντος
684 1003 787 1035 ἐστίν.

443 1134 552 1165 Τοῦτο
577 1128 614 1164 δὲ
637 1127 738 1168 δῆλον
760 1135 816 1164 καὶ
835 1133 870 1164 ἐκ
889 1133 954 1164 τῶν
974 1132 1125 1176 ὁρισμῶν·

487 1178 507 1214 ἡ
533 1177 590 1221 μὲν
618 1176 682 1222 γοὶρ
712 1175 788 1214 deig
819 1175 840 1213 ἦ
875 1176 926 1220 ἀφ’
956 1176 1082 1208 ἑαυτοῦ
1107 1173 1128 1212 ἦ

489 1221 546 1254 ἀπ’
569 1221 671 1253 ἄλλου
697 1221 776 1266 πρὸς
795 1221 877 1253 ἄλλο
901 1222 1040 1260 κίνησις,
1058 1220 1079 1256 ’ἠ
1097 1214 1124 1251 δ’

488 1264 572 1306 ἕλξις
592 1265 648 1297 ἀπ’
671 1263 772 1297 ἄλλου
797 1264 876 1310 πρὸς
904 1264 991 1296 αὐτὸ
1009 1262 1030 1300 ἦ
1048 1264 1127 1306 πρὸς

489 1310 584 1350 ἄλλο,
604 1309 654 1341 ἔτι
671 1310 692 1346 ἡ
713 1308 849 1346 σύνωσις
873 1309 932 1340 καὶ
957 1309 978 1344 ri
1003 1303 1125 1345 δίωσις.

441 1443 482 1473 'H
505 1436 542 1471 δέ
567 1439 648 1484 ῥῖψις
683 1439 766 1472 ὅταν
798 1438 934 1471 θάττων
960 1439 980 1474 ἡ
1004 1441 1128 1475 κίνησις

487 1486 631 1530 γένηται
655 1485 718 1521 τῆς
739 1483 834 1515 κατοὶ
849 1482 942 1525 φύσιν
961 1483 1022 1515 τοῦ
1039 1493 1129 1526 φερο-

488 1527 586 1572 μένου
615 1523 838 1571 σφοδροτέρας
862 1526 1040 1572 γενομένης
1066 1526 1127 1562 τῆς

487 1572 607 1611 ὥσεως,
633 1573 690 1602 καὶ
716 1571 811 1615 μέχρι
836 1570 962 1603 τούτου
987 1570 1127 1613 συμβαί-

487 1627 534 1646 νει
558 1614 712 1658 φέρεσθαι
742 1614 838 1659 μέχρι
866 1613 903 1645 ἄν
930 1613 967 1645 οὖ
993 1608 1128 1656 σφοδρο-

488 1658 569 1702 τέρα
599 1658 618 1700 ᾖ
644 1660 664 1694 ’ἡ
689 1661 812 1695 κίνησις
844 1659 905 1690 τοῦ
934 1656 1127 1701 φερομένου.

487 1703 626 1757 φανερὸν
651 1698 695 1738 δή
720 1702 774 1734 ὅτι
798 1701 839 1734 τὸ
868 1702 977 1742 [navae
1001 1701 1126 1742 τόπον]

486 1758 677 1790 κινουμενον
701 1747 758 1777 καὶ
779 1745 820 1778 τὸ
838 1746 948 1777 κινοῦν
969 1744 1054 1790 ἅμα,
1072 1747 1130 1777 καὶ

487 1790 579 1822 οὐθὲν
606 1791 719 1822 αὐτῶν
746 1791 817 1822 ἐστὶ
842 1789 987 1833 μεταξύ.

495 1888 641 1915 SYNOPsrs.
659 1903 692 1907 —
714 1896 737 1914 1.
759 1887 969 1923 Argumentum
992 1892 1020 1914 et
1040 1885 1142 1914 divisio
1163 1891 1264 1914 textus.
1285 1902 1304 1906 -
1326 1885 1449 1914 Movens
1469 1890 1497 1913 et

442 1933 547 1955 motum
569 1932 634 1954 sunt
661 1926 756 1954 simul.
780 1925 944 1962 Explicatur
970 1925 1073 1960 thesis,
1102 1934 1178 1962 quae
1202 1924 1346 1963 'generalis
1373 1931 1415 1953 est
1442 1934 1496 1961 pro

442 1966 566 2004 qualibet
579 1965 672 2002 specie
694 1972 799 1993 motus.
814 1982 834 1987 -
848 1972 874 1993 2.
896 1966 968 1993 Tres
990 1964 1098 2001 species
1112 1971 1217 1992 motus.
1233 1981 1252 1986 -
1267 1965 1320 1992 Per
1340 1965 1397 1993 hoc
1417 1965 1497 2001 quod

442 2006 600 2034 ostenditur
620 2005 800 2041 propositum
821 2004 851 2032 in
872 2004 1054 2039 alteratione,
1082 2005 1222 2041 probatur
1247 2004 1332 2032 etiam
1354 2005 1390 2032 de
1411 2013 1495 2041 gene-

442 2045 551 2074 ratione
572 2051 599 2073 et
619 2044 814 2081 corruptione.
838 2061 855 2065 -
879 2045 904 2072 3.
926 2043 1090 2072 Subdivisio
1111 2050 1211 2072 textus.
1241 2043 1409 2071 Ostenditur
1429 2053 1496 2080 pro-

442 2085 567 2122 positum
581 2084 611 2112 in
625 2091 707 2112 motu
721 2084 820 2112 locali:
843 2090 871 2111 et
885 2083 980 2120 primo
995 2084 1092 2120 quoad
1113 2093 1147 2111 ea
1167 2083 1197 2111 in
1219 2083 1323 2120 quibus
1344 2089 1386 2111 est
1407 2083 1497 2119 magis

442 2124 631 2152 manifestum.
654 2124 749 2151 Omne
770 2123 850 2160 quod
874 2123 1001 2151 localiter
1026 2129 1173 2158 movetur,
1194 2129 1243 2152 aut
1263 2129 1396 2151 movetur
1415 2132 1434 2150 a
1453 2131 1497 2151 se-

443 2164 504 2200 ipso
525 2170 574 2191 aut
594 2164 630 2191 ab
652 2163 718 2191 alio.
739 2164 766 2190 A
781 2162 875 2199 seipso
896 2169 992 2192 autern
1013 2163 1058 2190 vel
1078 2162 1190 2190 ratione
1206 2162 1340 2199 partium,
1357 2169 1498 2199 quatenus

442 2213 500 2231 una
514 2212 578 2239 pars
593 2209 689 2231 movet
710 2209 737 2230 et
757 2201 812 2230 alia
825 2208 970 2237 movetur;
991 2202 1036 2230 vel
1053 2202 1152 2239 primo
1167 2207 1194 2229 et
1209 2211 1268 2240 per
1282 2211 1322 2235 se,
1343 2208 1375 2229 ut
1393 2201 1498 2229 scilicet

443 2243 600 2270 secundum
627 2251 657 2270 se
684 2249 777 2270 totum
806 2248 920 2269 moveat
943 2251 973 2269 se
1000 2247 1103 2269 totum.
1132 2242 1261 2277 Utroque
1282 2247 1378 2269 autem
1406 2241 1497 2268 modo

443 2282 624 2310 manifestum
646 2288 688 2309 est
709 2282 788 2318 quod
814 2290 933 2309 movens
960 2280 1013 2309 erit
1038 2281 1068 2308 in
1089 2280 1152 2317 ipso
1175 2281 1254 2317 quod
1279 2287 1428 2315 movetur,
1455 2280 1498 2308 vel

443 2321 515 2350 sicut
529 2321 604 2349 idern
619 2327 660 2349 est
675 2321 704 2348 in
718 2321 822 2357 seipso,
836 2321 881 2348 vel
896 2320 968 2348 sicut
981 2329 1047 2356 pars
1069 2326 1111 2348 est
1125 2320 1154 2347 in
1169 2326 1245 2354 toto;
1267 2319 1392 2356 ideoque
1413 2319 1498 2348 simul

443 2361 496 2389 erit
517 2370 634 2389 movens
655 2367 682 2388 et
703 2366 824 2388 motum.
841 2377 858 2381 -
872 2369 900 2395 4.
928 2359 1096 2388 Ostenditur
1116 2360 1298 2396 propositum
1319 2359 1349 2387 in
1370 2359 1404 2387 iis
1425 2368 1498 2396 quae

443 2407 594 2428 moventur
621 2401 656 2428 ab
684 2400 756 2434 alio,
785 2400 820 2427 de
849 2399 953 2436 quibus
974 2406 1016 2427 est
1041 2399 1136 2427 minus
1164 2399 1356 2427 manifestum.
1378 2416 1397 2420 -
1418 2398 1498 2426 Modi

443 2439 546 2476 quibus
567 2439 672 2476 aliquid
694 2446 825 2468 movetur
847 2439 974 2467 localiter
994 2440 1030 2467 ab
1051 2438 1123 2467 alio:
1145 2448 1250 2475 nempe
1267 2439 1377 2476 pulsio,
1398 2438 1498 2473 vectio,

444 2479 554 2514 tractio,
577 2479 698 2518 vertigo.
711 2496 733 2517 >—¹
749 2479 774 2507 5.
790 2478 886 2507 Pulsio
902 2485 943 2507 est
958 2488 1015 2515 qua
1029 2487 1148 2506 rnovens
1162 2479 1241 2516 facit
1261 2478 1365 2506 mobile
1379 2487 1397 2505 a
1410 2487 1441 2506 se
1455 2478 1499 2506 di-

444 2524 521 2546 stare
542 2519 697 2546 movendo:
719 2524 746 2546 et
767 2517 900 2546 dividitur
920 2518 950 2546 in
971 2518 1171 2555 impulsionem
1196 2524 1223 2545 et
1247 2517 1457 2555 expulsionem.
1480 2534 1499 2538 -

445 2559 471 2586 6.
486 2558 585 2586 Vectio
601 2567 685 2594 super
698 2557 759 2586 aliis
774 2557 863 2586 tribus
878 2557 1003 2585 motibus
1018 2557 1160 2585 fundatur.
1178 2558 1266 2592 Quod
1280 2557 1357 2585 enim
1371 2557 1497 2592 vehitur,

444 2604 574 2625 movetur
593 2606 644 2634 per
665 2597 811 2632 accidens,
840 2604 980 2634 quatenus
1008 2603 1139 2625 movetur
1159 2597 1189 2624 id
1210 2597 1238 2624 in
1261 2605 1315 2633 quo
1341 2603 1390 2624 aut
1411 2605 1500 2634 super

444 2637 518 2674 quod
538 2637 656 2665 vehitur.
679 2654 697 2658 —
719 2646 744 2673 7.
767 2637 882 2665 Tractio
904 2637 997 2665 differt
1018 2645 1035 2664 a
1055 2636 1196 2672 pulsione,
1219 2636 1287 2672 quia
1309 2635 1338 2663 in
1359 2637 1413 2664 hac
1434 2645 1498 2663 mo-

443 2685 512 2704 vens
533 2686 562 2704 se
584 2678 668 2705 habet
691 2678 728 2704 ad
750 2677 856 2704 mobile
876 2683 908 2704 ut
928 2676 1066 2704 terminus
1087 2685 1105 2704 a
1126 2685 1180 2713 quo
1201 2682 1243 2704 est
1264 2682 1375 2711 motus,
1397 2675 1427 2703 in
1451 2675 1499 2703 illa

444 2722 539 2744 autern
556 2722 587 2744 ut
601 2715 738 2744 terminus
753 2716 790 2743 ad
804 2725 885 2753 quem
895 2727 904 2743 .·
924 2717 1001 2743 unde
1019 2715 1120 2743 tractio
1136 2722 1177 2743 est
1192 2722 1288 2743 motus
1310 2724 1369 2752 quo
1390 2714 1499 2751 aliquid

445 2761 537 2783 movet
551 2756 673 2784 alterum
689 2756 726 2783 ad
740 2756 873 2793 seipsum.
900 2756 986 2790 Quod
1000 2755 1146 2791 tripliciter
1160 2754 1311 2792 contingit:
1333 2763 1392 2782 uno
1408 2755 1498 2782 modo

555 2863 661 2909 ‚3:5⁶
684 2855 749 2892 *uia
796 2855 1048 2904 Philosophus
1096 2855 1134 2892 in
1180 2854 1500 2892 demonstratione

584 2908 591 2921 ¹
647 2946 657 2958 ,4
689 2908 927 2956 praecedenti
950 2915 1199 2956 supposuerat
1219 2908 1323 2956 quod
1338 2920 1500 2944 movens

577 2958 616 2998 r(
651 2967 653 2970 ⁴
676 2968 745 2997 est
773 2961 989 3008 contiguum
1013 2961 1074 2997 vel
1104 2961 1324 2997 continuum
1353 2960 1497 3007 mobili,

520 3043 522 3045 ,
590 3012 604 3053 »ζ
669 3013 762 3049 ·.Ιιοε
779 3013 966 3050 *intendit
986 3026 1086 3050 nunc
1105 3014 1277 3062 probare.
1308 3014 1356 3050 Et
1373 3014 1499 3061 primo

448 3065 607 3102 ostendit
634 3066 890 3114 propositum;
926 3066 1093 3103 secundo
1126 3067 1262 3115 probat
1290 3066 1497 3115 quoddam,

449 3118 551 3166 quod
566 3117 604 3154 in
619 3118 689 3154 hac
702 3118 924 3167 probatione
940 3119 1130 3167 supponit,
1143 3119 1205 3155 ibi:
1231 3119 1416 3161 Quoniam
1432 3130 1499 3155 au-

448 3176 518 3206 tem
535 3182 629 3218 quae
647 3171 853 3208 alterantur
868 3173 887 3192 '³‘
904 3178 971 3208 etc.
993 3171 1101 3208 Circa
1115 3171 1282 3220 primum
1298 3172 1374 3209 cluo
1395 3171 1498 3208 facit:

448 3222 571 3270 primo
590 3223 766 3272 proponit
791 3224 989 3270 intentum;
1011 3225 1178 3261 secundo
1198 3225 1333 3272 probat
1359 3236 1499 3273 propo-

450 3275 572 3322 situm,
593 3276 660 3312 ibi:
695 3277 877 3318 Quoniam
899 3282 1022 3314 autem
1050 3283 1122 3313 tres
1145 3283 1232 3313 sunt
1248 3283 1368 3313 motus
1389 3278 1408 3298 ss
1429 3284 1498 3313 etc.

503 3328 599 3363 Dicit
633 3341 720 3375 ergo
757 3329 900 3377 primo,
939 3329 1042 3378 quod
1079 3341 1241 3366 movens
1279 3336 1314 3365 et
1350 3337 1499 3366 motum

451 3388 535 3415 sunt
571 3380 690 3416 simul.
731 3382 805 3418 Sed
842 3381 980 3430 aliquid
1018 3381 1149 3418 dicitur
1186 3393 1342 3419 movere
1381 3382 1500 3430 dupli-

452 3431 550 3468 citer.
584 3432 668 3469 Uno
698 3434 814 3470 modo
843 3434 937 3470 sicut
964 3434 1048 3471 finis
1078 3442 1208 3471 movet
1240 3441 1435 3482 agentem;
1466 3442 1501 3471 et

506 3545 533 3575 α)
552 3545 584 3568 ab
602 3549 695 3577 agente
714 3553 787 3577 quem
808 3549 899 3571 mouet.
913 3559 931 3565 -
948 3546 980 3571 ab
999 3553 1029 3571 eo
1047 3547 1118 3578 quod
1137 3550 1257 3572 movetur
1275 3547 1323 3578 sZ;
1347 3554 1394 3579 pro
1412 3554 1502 3580 quem,

454 3579 524 3611 quod
542 3580 581 3603 cd.
600 3587 616 3603 α
635 3585 659 3604 ct
678 3585 704 3604 ut
723 3581 821 3605 videtur
840 3581 861 3610 1,
881 3588 946 3613 quae
966 3581 1160 3606 AKRSTVXY.

1184 609 1311 650 Vertigo
1335 615 1442 639 autern
1465 607 1668 648 componitur
1687 608 1818 648 quidem
1837 618 1873 639 ex

1228 660 1326 684 tractu
1344 660 1374 683 et
1389 652 1549 693 pulsione:
1565 652 1627 682 hoc
1641 651 1771 692 quidem
1786 652 1874 693 pellit

1228 707 1371 735 movens,
1394 696 1474 726 illud
1497 702 1603 726 autem
1625 695 1727 727 trahit.

1184 826 1387 858 Manifestum
1416 826 1510 867 igitur
1540 832 1586 856 est
1609 827 1698 867 quod
1725 826 1751 857 si
1778 826 1874 857 simul

1228 871 1346 911 pellens
1370 877 1400 901 et
1422 870 1546 901 trahens
1566 876 1612 900 est
1630 880 1704 900 cum
1723 880 1761 900 eo
1785 870 1874 910 quod

1227 914 1354 955 pellitur
1377 921 1407 945 et
1422 914 1563 952 trahitur,
1587 913 1712 944 nullum
1731 913 1874 944 medium

1227 958 1295 989 eius
1310 958 1399 999 quod
1415 964 1560 988 movetur
1575 964 1606 988 et
1621 957 1775 988 moventis
1791 963 1846 988 est.

1184 1134 1256 1164 Hoc
1278 1140 1384 1164 autem
1407 1132 1610 1163 manifestum
1629 1142 1665 1163 ex
1684 1132 1782 1163 dictis.
1799 1132 1874 1163 Pul-

1229 1178 1276 1208 sio
1300 1177 1430 1218 quidem
1453 1183 1507 1207 aut
1521 1187 1538 1207 a
1553 1176 1657 1217 seipso
1676 1183 1731 1207 aut
1754 1177 1791 1207 ab
1811 1176 1873 1207 alio

1229 1222 1267 1252 ad
1292 1221 1378 1251 aliud
1404 1227 1511 1251 motus
1538 1227 1600 1251 est:
1624 1227 1739 1251 tractus
1766 1226 1874 1251 autem

1230 1266 1267 1296 ab
1291 1265 1353 1295 alio
1375 1265 1413 1294 ad
1436 1264 1542 1304 ipsum
1565 1270 1620 1294 aut
1643 1264 1682 1294 ad
1705 1264 1791 1295 aliud
1817 1270 1872 1295 est.
1974 1261 2022 1295 τοὶ

1230 1309 1342 1340 Adhuc
1357 1315 1463 1339 autem
1478 1308 1601 1349 synosis
1617 1314 1647 1338 et
1662 1307 1767 1339 diosis.

1183 1439 1337 1470 Proiectio
1361 1445 1478 1478 autem,
1502 1439 1631 1480 quando
1649 1439 1790 1470 velocior
1804 1449 1872 1470 mo—

1227 1481 1347 1514 tus'fiat
1359 1493 1456 1524 quam
1468 1483 1523 1524 qui
1538 1483 1713 1514 secundum
1727 1489 1873 1514 naturam

1227 1527 1293 1565 lati,
1317 1527 1439 1557 fortiori
1465 1526 1545 1557 facta
1567 1527 1734 1567 pulsione:
1759 1534 1790 1558 et
1811 1527 1873 1559 hoc

1228 1571 1321 1609 facto,
1337 1570 1458 1601 tamdiu
1478 1570 1589 1601 accidit
1604 1571 1686 1610 ferri,
1703 1581 1873 1613 quousque

1230 1615 1340 1645 fortior
1365 1615 1404 1645 sit
1427 1621 1534 1645 motus
1560 1614 1627 1645 eius
1652 1616 1739 1656 quod
1765 1615 1871 1646 fertur.

1228 1659 1433 1689 Manifestum
1470 1658 1564 1698 igitur
1595 1659 1748 1700 quoniam
1786 1660 1875 1700 quod

1229 1709 1375 1733 movetur
1406 1709 1436 1733 et
1459 1713 1591 1740 movens
1615 1703 1709 1733 simul
1726 1710 1814 1743 sunt,
1844 1710 1874 1734 et

1228 1747 1353 1777 nullum
1376 1746 1519 1776 medium
1543 1754 1588 1778 est
1610 1747 1764 1787 ipsorum.

1970 527 2081 560 μενον·
2107 515 2195 548 ὥστε
2226 516 2323 553 κοινή
2356 518 2448 550 ἐστιν
2479 519 2620 552 ἀπασῶν

1971 561 2037 593 τῶν
2056 561 2153 602 τριῶν
2179 561 2200 596 ἦ
2226 559 2355 604 ὄχησις.
2378 562 2421 593 ‘H
2437 557 2475 594 δὲ
2495 557 2621 601 δίνησις

1971 603 2150 650 σύγκειται
2172 602 2206 645 ἐξ
2224 603 2342 645 ἐ’λξεώς
2361 617 2399 637 τε
2418 607 2477 637 καὶ
2498 605 2618 645 ὦσεως*

1973 649 2104 694 ἀνάγκη
2129 648 2194 694 γοὶρ
2218 647 2260 680 τὸ
2284 643 2396 681 δινοῦν
2421 649 2463 681 τὸ
2487 649 2546 694 μὲν
2569 648 2621 682 ἔλ-

1970 703 2053 733 κειν,
2076 689 2119 723 τὸ
2144 691 2172 723 δ’
2202 690 2310 723 ὠθεῖν·
2336 691 2378 725 τὸ
2395 693 2454 737 μὲν
2470 692 2535 739 γοὶρ
2562 691 2618 737 ἀφ’

1974 737 2109 776 αὐτοῦ,
2143 735 2184 768 τὸ
2216 731 2254 767 δὲ
2288 736 2367 780 πρὸς
2407 737 2496 769 αὐτὸ
2531 737 2618 783 ἄγει.

1964 778 2061 812 Ἵλατ’
2090 780 2119 811 εἰ
2147 779 2189 811 τό
2220 778 2325 812 ὠθοῦν
2357 782 2415 812 καὶ
2448 780 2491 813 vd
2525 780 2621 814 ἕλκον

1975 823 2046 868 ἅμα
2066 825 2113 865 τῷ
2132 822 2306 868 ὠθουμένῳ
2329 825 2388 857 >eat
2415 826 2462 866 τῷ
2483 823 2622 868 ἑλκομέ-

1973 868 2176 913 νῳ,φανερόν
2193 866 2245 901 ὅτι
2260 867 2322 900 τοῦ
2338 867 2436 901 κατὰ
2450 868 2558 902 τόπον
2573 879 2622 900 κι-

1972 911 2131 956 νουμένου
2152 913 2210 943 καὶ
2229 912 2402 951 κινοῦντος
2423 907 2520 945 οὐδ’ἐν
2546 910 2620 946 ἐστι

1973 954 2117 999 μεταξύ.
2147 953 2255 988 Ἀλλὰ
2283 955 2348 999 μὴν
2379 957 2486 989 τοῦτο
2515 951 2620 994 δῆλον

1972 1001 2030 1030 καὶ
2048 999 2084 1031 ἑκ
2101 999 2167 1032 τῶν
2186 1000 2339 1042 ὁρισμῶν.
2359 998 2450 1038 Ὧσις
2472 1000 2531 1044 μὲν
2581 1000 2620 1046 οίρ

1975 1039 2066 1075 ἐστιν
2099 1043 2120 1080 ἡ
2153 1043 2201 1085 ἐφ’
2232 1043 2341 1075 αὐτοῦ
2373 1042 2395 1080 ἥ
2429 1042 2486 1076 ἀπ’
2517 1044 2559 1076 ἄλ
2583 1057 2620 1077 ου

1974 1086 2054 1129 πρὸς
2081 1086 2163 1119 ἄλλο
2187 1088 2325 1128 κίνησις,
2345 1086 2431 1128 ἐ’λξις
2457 1083 2494 1120 δὲ
2515 1088 2535 1124 ἡ
2555 1087 2617 1121 ἀπ’

1976 1129 2080 1162 ἄλλου
2111 1129 2190 1174 πρὸς
2228 1130 2316 1163 αὐτὸ
2347 1129 2369 1167 ἥ
2401 1131 2480 1175 πρὸς
2515 1131 2619 1174 ἄλλο,

1976 1173 2060 1207 ὅταν
2085 1172 2215 1206 Θᾶττον
2242 1174 2262 1211 ἠ
2286 1176 2411 1213 κίνησις
2437 1174 2459 1218 ᾖ
2481 1176 2543 1208 τοῦ
2569 1175 2626 1208 ἕλι-ι

1972 1228 2107 1259 κοντος7
2127 1219 2148 1254 ἡ
2172 1218 2361 1263 χωρίζουσα
2383 1219 2441 1252 ἀπ’
2463 1218 2619 1257 ἀλλῆλων

2052 1264 2189 1308 συνεχῆ·
2225 1261 2315 1294 οὕτω
2339 1262 2404 1309 γὰρ
2428 1262 2622 1307 συνεφέλκε-

1974 1317 2034 1339 ται
2059 1305 2213 1350 θάτερον.
2241 1305 2342 1351 Τάχα
2366 1302 2403 1340 δὲ
2427 1301 2552 1349 δόξειεν
2579 1306 2619 1341 ἂν

1973 1347 2058 1382 εἶναί
2079 1361 2130 1388 τις
2156 1349 2241 1391 ἕλξις
2266 1352 2325 1382 καὶ
2352 1350 2474 1390 ἄλλως·
2494 1351 2535 1384 τὸ
2554 1351 2619 1398 γὰρ

1973 1392 2072 1435 ξύλον
2106 1393 2192 1426 ἕλκει
2229 1394 2270 1427 τὸ
2302 1395 2366 1439 πῦρ
2403 1396 2467 1442 οὐχ
2497 1394 2618 1435 οὕτως.

1973 1437 2018 1470 Τὰ
2051 1433 2080 1469 δ’
2111 1436 2205 1470 οὐθὲν
2241 1433 2390 1483 διαφέρει
2425 1439 2620 1483 κινουμένου

1973 1482 2036 1514 τοῦ
2068 1481 2224 1520 ἕλκοντος
2255 1481 2276 1519 ἦ
2301 1482 2462 1526 μένοντος
2498 1482 2619 1522 ἕλκειν·

1975 1525 2035 1559 ὁτὲ
2060 1526 2119 1569 μὲν
2139 1527 2204 1573 γοὶρ
2222 1524 2308 1558 ἕλκει
2327 1527 2365 1559 οὗ
2383 1525 2488 1567 ἐστιν,
2508 1527 2568 1561 ὁτὲ
2582 1522 2621 1560 δὲ

1973 1569 2011 1602 οὖ
2036 1567 2088 1607 ἦν.
2116 1565 2306 1603 Ἀδύνατον
2323 1566 2360 1603 δὲ
2386 1570 2407 1608 ἢ
2434 1572 2487 1615 ἀφ’
2509 1572 2619 1604 αὐτοῦ

1973 1614 2052 1659 πρὸς
2073 1614 2156 1647 ἄλλο
2174 1613 2196 1651 ἦ
2216 1614 2273 1647 ἄπ’
2297 1614 2399 1647 ἄλλου
2426 1615 2505 1660 πρὸς
2532 1615 2620 1648 αὐτὸ

1972 1662 2072 1690 κινεῖν
2098 1659 2144 1701 μὴ
2171 1659 2377 1702 ἀπτόμενον·
2407 1659 2495 1692 ὥστε
2521 1670 2619 1703 φανε-

1973 1702 2027 1746 ρόν
2054 1701 2107 1735 ὅτι
2132 1703 2194 1735 τοῦ
2219 1703 2315 1736 κατὰ
2338 1702 2446 1736 τόπον
2469 1702 2622 1747 κινουμέ-

1973 1758 2041 1831 νουξ
2054 1749 2111 1801 καὶ
2135 1748 2308 1785 κινοῦντος
2343 1743 2440 1780 οὐδέν
2466 1746 2539 1780 ἐστι
2563 1758 2620 1791 με’

1975 1801 2021 1822 τοι
2046 1803 2077 1823 υ.

1551 1885 1623 1914 sicut
1644 1885 1708 1914 finis
1722 1892 1819 1914 movet
1838 1887 1876 1914 ad
1897 1885 2039 1923 seipsum;
2068 1886 2126 1915 alio
2154 1887 2244 1915 modo
2272 1893 2414 1924 quatenus
2440 1887 2557 1917 trahens
2576 1887 2620 1916 el-

1550 1931 1622 1954 terat
1643 1925 1802 1962 aliqualiter
1822 1932 1954 1961 tractum,
1975 1935 2009 1954 ex
2030 1935 2089 1963 qua
2109 1926 2276 1955 alteratione
2297 1927 2353 1955 hoc
2374 1933 2508 1955 movetur
2528 1927 2566 1960 ad
2585 1926 2620 1955 il-

1550 1965 1619 1999 lud3
1647 1964 1731 1993 tertio
1759 1965 1850 1993 modo
1882 1971 2023 2002 quatenus
2049 1966 2165 1994 trahens
2193 1972 2289 1994 movet
2317 1967 2354 1994 ad
2381 1966 2508 2004 seipsum
2535 1972 2619 1995 motu

1550 2004 1634 2032 locali
1654 2011 1781 2033 tantum:
1800 2011 1828 2033 et
1846 2005 1902 2033 hoc
1923 2005 2013 2033 modo
2029 2005 2163 2033 definitur
2182 2005 2229 2034 hic
2249 2005 2360 2034 tractio.
2375 2022 2395 2027 -
2409 2006 2436 2034 8.
2458 2003 2620 2042 Exponitur

1551 2043 1679 2072 definitio
1700 2044 1847 2072 tractionis
1860 2051 1947 2080 prout
1961 2045 2081 2072 habetur
2099 2045 2129 2072 in
2142 2051 2234 2073 textu:
2257 2054 2361 2082 nempe
2374 2045 2476 2073 tractio
2490 2050 2534 2073 est
2552 2053 2618 2074 cum

1551 2089 1645 2111 motus
1673 2084 1813 2111 trahentis
1841 2084 1879 2111 ad
1905 2084 2030 2122 seipsum
2054 2084 2100 2112 vel
2120 2085 2158 2112 ad
2181 2085 2305 2112 alterum
2333 2084 2371 2112 sit
2398 2084 2539 2118 velocior,
2561 2093 2618 2113 non

1551 2128 1703 2160 separatus
1722 2123 1758 2150 ab
1787 2132 1820 2151 eo
1845 2123 1920 2160 quod
1947 2123 2081 2151 trahitur.
2103 2139 2122 2144 -
2147 2133 2176 2160 9.
2203 2124 2246 2152 De
2271 2123 2445 2160 quibusdam
2473 2122 2618 2160 motibus,

1551 2161 1581 2189 in
1602 2162 1706 2198 quibus
1727 2162 1800 2190 ratio
1827 2162 1974 2190 tractionis
1999 2163 2044 2190 vel
2065 2162 2206 2199 pulsionis
2227 2169 2271 2191 est
2301 2162 2397 2191 minus
2424 2163 2582 2193 manifesta.
2599 2179 2620 2185 -

1556 2210 1599 2229 10.
1616 2201 1733 2238 Vertigo
1748 2208 1790 2229 est
1803 2208 1900 2229 motus
1921 2202 2099 2238 compositus
2121 2211 2155 2230 ex
2168 2208 2260 2230 tractu
2277 2209 2305 2230 et
2321 2202 2415 2239 pulsu.
2431 2203 2520 2238 Quod
2539 2201 2618 2232 enim

1551 2240 1678 2276 vertitur,
1700 2250 1733 2268 ex
1753 2250 1812 2279 una
1832 2247 1912 2278 parte
1929 2241 2043 2278 pellitur
2057 2248 2084 2270 et
2098 2251 2132 2270 ex
2145 2241 2202 2270 alia
2219 2241 2349 2270 trahitur.
2359 2259 2378 2264 -
2389 2243 2522 2277 Quatuor
2533 2250 2617 2280 prae·

1553 2279 1619 2308 dicti
1641 2287 1738 2308 motus
1752 2281 1789 2308 ad
1806 2281 1921 2317 pulsum
1943 2287 1971 2308 et
1991 2287 2113 2309 tractum
2134 2281 2319 2310 reducuntur:
2347 2291 2416 2310 nam
2437 2280 2531 2312 vectio
2546 2290 2617 2311 con-

1551 2319 1658 2347 tinetur
1678 2319 1707 2347 in
1729 2319 1790 2347 aliis
1817 2320 1926 2356 tribus,
1954 2319 2063 2357 vertigo
2090 2327 2188 2349 autem
2211 2320 2397 2357 componitur
2424 2330 2458 2349 ex
2484 2321 2571 2358 pulsu
2590 2326 2620 2349 et

1551 2365 1652 2387 tractu.
1666 2375 1685 2380 —
1705 2369 1748 2387 ιι.
1764 2360 1906 2387 Probatur
1927 2369 1994 2397 ergo
2016 2359 2046 2388 in
2067 2359 2111 2388 his
2139 2361 2263 2396 duobus,
2285 2361 2365 2397 quod
2386 2370 2474 2389 omne
2494 2368 2617 2389 movens

1554 2398 1681 2427 localiter
1710 2405 1752 2427 est
1782 2399 1867 2426 simul
1888 2408 1954 2427 curn
1982 2408 2017 2427 eo
2046 2399 2125 2436 quod
2153 2406 2292 2428 movetur.
2322 2401 2350 2435 a)
2378 2401 2421 2428 Ex
2448 2399 2617 2433 definitione

1551 2437 1716 2475 utriusque:
1742 2447 1810 2466 nam
1831 2438 1926 2475 pulsio
1948 2445 1990 2466 est
2011 2445 2108 2467 motus
2127 2439 2163 2467 ab
2177 2438 2241 2475 ipso
2255 2445 2389 2467 movente
2409 2440 2454 2467 vel
2467 2440 2504 2468 ab
2518 2436 2617 2477 aliq-uo

1552 2477 1610 2506 alio
1635 2477 1664 2505 in
1691 2477 1800 2514 aliquid
1821 2477 1914 2513 aliud;
1942 2487 2011 2515 ergo
2039 2485 2154 2515 oportet
2180 2479 2261 2515 quod
2288 2478 2389 2507 saltem
2415 2478 2447 2506 in
2473 2475 2616 2516 principio

1553 2523 1650 2546 motus
1672 2517 1780 2554 pellens
1801 2517 1837 2545 sit
1858 2517 1943 2545 simul
1970 2527 2037 2546 cum
2064 2527 2100 2546 eo
2125 2518 2206 2555 quod
2225 2517 2347 2554 pellitur.
2374 2518 2492 2547 Tractio
2518 2524 2617 2547 autem

1552 2563 1595 2585 est
1615 2563 1712 2585 motus
1737 2557 1775 2585 ad
1795 2556 1922 2593 seipsum
1946 2557 1991 2585 vel
2018 2557 2056 2585 ad
2083 2557 2204 2585 alterum
2217 2579 2224 2592 ,
2246 2557 2286 2585 ita
2305 2557 2386 2594 quod
2412 2558 2528 2586 trahens
2555 2566 2618 2586 non

1552 2602 1700 2632 separatur
1720 2597 1756 2624 ab
1777 2605 1812 2624 eo
1834 2597 1914 2632 quod
1934 2596 2062 2625 trahitur.
2078 2597 2106 2632 b)
2127 2598 2169 2625 Ex
2185 2596 2407 2635 congregatione
2423 2603 2451 2625 et
2472 2596 2616 2635 disgrega-

1552 2635 1640 2664 tione.
1669 2635 1765 2664 Pulsio
1794 2635 1871 2664 enim
1902 2642 1944 2664 est
1972 2635 2142 2673 disgregatio
2158 2658 2165 2671 ,
2193 2635 2294 2664 tractio
2322 2645 2390 2665 vero
2423 2636 2618 2674 congregatio.

1553 2675 1630 2703 Nihil
1659 2682 1756 2703 autem
1782 2681 1879 2712 posset
1900 2684 2074 2713 congregare
2098 2676 2144 2704 vel
2165 2675 2325 2713 disgregare
2346 2675 2457 2713 aliqua,
2487 2675 2544 2704 nisi
2561 2675 2619 2710 iuis

1553 2715 1674 2743 adesset.
1689 2731 1708 2736 -
1734 2722 1776 2743 12.
1798 2714 1965 2743 Excluditur
1989 2714 2113 2743 obiectio
2135 2715 2210 2744 circa
2233 2715 2458 2754 profectionem,
2486 2724 2562 2754 quae
2575 2721 2618 2744 est

1553 2754 1661 2791 species
1684 2754 1866 2791 expulsionis.
1883 2771 1902 2776 -
1915 2754 2081 2783 Conclusio.

1554 2855 1626 2892 tale
1641 2867 1804 2892 movens
1823 2854 2185 2903 aliquando.distans
2205 2863 2261 2892 est
2279 2855 2327 2892 ab
2348 2862 2480 2903 agente
2499 2865 2616 2903 quem

1554 2915 1687 2944 movet
1714 2914 1752 2944 αι
1791 2907 1863 2944 alio
1900 2908 2019 2945 modo
2054 2908 2150 2945 sicut
2186 2915 2318 2945 movet
2353 2907 2392 2944 id
2429 2908 2532 2956 quod
2560 2914 2617 2944 est

1553 2960 1782 3009 principium
1819 2968 1967 3007 motus3
1998 2968 2035 2997 et
2066 2960 2114 2997 de
2149 2960 2212 2997 tali
2249 2966 2429 2997 movente
2463 2959 2524 2996 hic
2561 2959 2615 2996 in-

1553 3013 1689 3060 telligit.
1725 3014 1775 3049 Et
1800 3020 1956 3062 propter
1992 3013 2066 3049 hoc
2094 3012 2253 3050 addidit:
2282 3023 2357 3049 non
2390 3013 2486 3049 sicut
2511 3012 2616 3050 cuius

1554 3077 1680 3111 causa,
1699 3065 1766 3101 sed
1793 3066 1890 3102 unde
1916 3071 1968 3102 est
1989 3065 2217 3114 principium
2250 3069 2382 3102 motus.
2409 3067 2503 3101 Item
2532 3077 2615 3102 mo-

1552 3131 1648 3155 vens
1677 3117 1770 3154 sieut
1805 3117 2032 3166 principium
2061 3125 2207 3164 motus,
2235 3117 2431 3166 quoddam
2462 3125 2517 3154 est
2544 3117 2613 3155 im-

1553 3170 1774 3217 mediatum,
1800 3178 1836 3207 et
1854 3170 2051 3218 quoddam
2076 3177 2277 3208 remotum.
2299 3169 2469 3218 Intelligit
2487 3177 2615 3207 autern

1553 3224 1614 3261 hic
1632 3225 1679 3261 de
1706 3223 1931 3260 immediate.
1945 3230 2137 3270 movente,
2159 3229 2195 3260 et
2218 3222 2304 3260 ideo
2334 3222 2424 3260 dixit
2444 3223 2614 3271 primum

1553 3287 1724 3321 movetur;
1742 3283 1784 3313 ut
1810 3288 1878 3324 per
1899 3276 2068 3324 primum
2093 3275 2320 3323 significetur
2351 3275 2614 3313 immediatum

1553 3329 1704 3375 mobili,
1734 3340 1813 3365 non
1841 3336 1968 3366 autern
1997 3328 2036 3366 id
2063 3328 2168 3377 quod
2201 3335 2256 3365 est
2291 3327 2459 3377 primum
2486 3328 2527 3365 in
2554 3340 2613 3365 or—

1555 3382 1641 3418 dine
1669 3381 1921 3419 moventium.
1950 3382 1999 3419 Et
2028 3381 2115 3430 quia
2142 3381 2180 3418 in
2208 3380 2338 3430 quinto
2360 3381 2379 3402 '¹‘
2409 3380 2551 3418 dixerat
2569 3392 2615 3417 ea
2643 3391 2652 3400 ·

1555 3447 1638 3471 esse
1667 3434 1778 3471 simul
1797 3432 1815 3463 β
1835 3446 1931 3483 quae
1961 3442 2047 3471 sunt
2066 3433 2104 3471 in
2125 3434 2263 3472 eodem
2287 3434 2384 3483 loco,
2404 3441 2533 3482 posset
2550 3432 2614 3470 ali-

1611 3546 1636 3580 β)
1658 3547 1693 3573 Et
1711 3547 1774 3579 quia
1797 3547 1822 3571 in
1842 3547 1934 3579 qulnto
1957 3546 2068 3572 dixerat
2091 3553 2123 3572 ea
2142 3553 2198 3572 esse
2214 3545 2330 3571 simuL-
2342 3545 2378 3571 Β
2395 3545 2458 3578 quia
2482 3545 2509 3571 i‘n
2523 3542 2615 3578 quinto

1559 3582 1699 3615 definierat
1716 3582 1796 3608 simul
1813 3588 1868 3607 esse
1887 3582 1943 3611 FR.
1963 3582 1999 3607 Ee
2016 3581 2079 3614 quia
2097 3581 2176 3606 simul
2188 3581 2214 3607 in
2229 3581 2321 3614 quinto
2335 3580 2476 3614 definierat
2492 3579 2615 3613 (destule-
