2898 3996
38 2191 39 2194 Ἴ
58 2163 72 2175 ·
84 2164 191 2191 ponatur
209 2169 269 2185 Anco

10 2207 14 2212 .
58 2194 216 2216 mosi-vu.

0 2463 12 2471 ἵ
35 2466 72 2519 :gf
80 2482 269 2510 pervenitcodd.

8 3066 16 3072 ¹
36 3071 49 3079 ιι

13 3335 16 3338 .
43 3348 63 3362 Q*

2 3572 5 3575 ³
55 3574 62 3583 ιὶ

11 3628 33 3641 .,.

21 3774 45 3798 λζ

20 3798 47 3819 §.il

21 3896 57 3913 ‚ar

72 2519 76 2524 =
122 2513 168 2536 ρος
182 2514 212 2530 to
226 2509 269 2530 lac.

10 2734 15 2758 Ϊ
43 2757 55 2769 -ι,
72 2743 182 2771 >,recessit
193 2749 270 2766 Λιιυιηι

67 2780 69 2785 ⁴
90 2784 97 2792 ο

2 2983 12 3025 ⁴,
45 2994 74 3006 ¹¹¹¹
84 2995 146 3018 Lea.
160 3003 191 3024 xx,
202 3003 225 3020 n.
235 3005 256 3026 7.

1102 258 1213 294 CAP.
1242 257 1344 304 VIII,
1375 257 1525 294 LECT.
1555 259 1659 295 XVII

313 341 444 371 tempore
465 335 512 362 BC
534 340 576 362 est
603 343 664 362 ens.
694 335 768 362 Cum
792 344 860 371 ergo
888 335 945 363 hoc
973 334 1086 371 signum
1108 336 1130 362 B
1151 334 1186 362 sit
1213 343 1369 362 commune

312 374 425 411 utrique
448 374 581 410 tempori,
605 374 720 402 videtur
730 375 809 411 quod
823 374 854 401 in
869 374 917 402 illo
939 373 1064 410 instanti,
1079 374 1109 402 id
1123 374 1203 411 quod
1218 380 1370 410 generatur

312 413 348 442 sit
375 413 460 441 simul
485 423 536 441 ens
558 419 585 441 et
605 422 666 441 non
690 423 749 441 ens.
770 430 790 434 -
812 413 933 441 Solutio.
962 415 1058 450 Ipsum
1082 423 1160 441 nunc
1187 413 1241 441 alia
1266 419 1294 440 et
1314 413 1370 440 alia

311 453 423 481 ratione
444 459 486 481 est
506 462 660 481 commune
681 453 794 489 utrique
814 453 952 489 tempori3
973 460 1015 481 est
1034 452 1111 480 enim
1133 453 1197 480 finis
1218 451 1320 488 prioris
1342 458 1369 480 et

310 492 484 529 principium
499 492 675 529 posterioris.
697 493 786 527 Quod
807 493 830 520 si
852 502 926 520 nunc
947 492 1101 528 accipiatur
1121 499 1208 528 prout
1221 499 1263 520 est
1277 501 1368 519 unum

310 541 355 567 re,
376 532 421 560 vel
441 532 466 560 si
486 531 641 568 accipiatur
661 539 748 568 prout
773 538 957 568 comparatur
976 533 1014 560 ad
1034 541 1095 559 rem
1119 540 1193 568 quae
1220 537 1367 566 movetur,

311 580 424 608 semper
445 581 475 599 se
501 578 579 599 tenet
606 581 639 599 ex
662 578 742 607 parte
759 571 934 609 posterioris
949 571 1112 609 'passionis-,-
1133 570 1201 607 quia
1225 580 1270 598 res
1293 579 1367 607 quae

310 617 451 646 movetur,
467 611 497 638 in
510 610 560 639 illo
574 610 691 639 instanti
701 617 743 639 est
758 610 884 639 subiecta
897 610 1025 647 passioni
1037 609 1205 646 posterioris
1218 609 1366 646 temporis.

310 650 393 678 Unde
415 633 495 687 qtiod
515 656 681 687 generatur,
709 656 772 678 toto
793 657 922 686 tempore
946 649 1127 686 praecedenti
1154 655 1196 677 est
1217 659 1278 677 non
1299 659 1365 685 ens,

310 689 340 717 in
361 699 438 718 nunc
459 696 554 718 autem
584 690 662 727 quod
684 689 783 717 dividit
803 696 917 725 tempus
937 688 1016 725 prius
1030 698 1047 716 a
1063 688 1224 725 posteriori,
1243 695 1285 717 est
1305 698 1365 724 ens,

311 729 378 766 quia
398 729 429 757 in
443 728 492 757 illo
514 738 591 757 nunc
604 728 773 757 terminatur
792 728 947 765 generatio.
969 729 1045 765 Ergo
1060 737 1120 756 non
1135 728 1263 764 sequitur
1286 730 1365 765 quod

309 767 340 796 in
354 767 404 796 illo
425 768 541 797 instanti
555 768 590 796 sit
605 768 689 796 simul
711 777 762 796 ens
783 773 811 795 et
830 776 891 796 non
912 776 972 802 ens,
994 776 1088 804 neque
1110 769 1190 804 quod
1211 775 1364 804 postquam

289 827 291 830 -
307 814 476 844 generatum
497 814 548 843 est,
563 807 599 835 sit
612 808 706 836 adhuc
726 816 787 835 non
808 815 867 834 ens.
883 824 902 828 -
917 816 943 843 9.
959 807 1155 835 Manifestatur
1178 807 1300 835 obiectio
1315 817 1366 844 per

308 847 480 883 exemplum.
501 863 521 867 -
547 855 590 874 10.
621 847 733 874 Eodem
763 846 854 874 modo
885 846 1080 874 manifestatur
1101 847 1187 875 etiam
1215 847 1331 875 solutio.
1347 863 1365 868 —

313 895 323 913 1
333 895 357 914 1.
377 886 582 914 Corollarium.
597 886 726 921 Tempus
739 894 800 913 non
815 885 1000 922 componitur
1014 895 1047 914 ex
1062 886 1279 914 indivisibilibus
1294 893 1366 914 tem-

438 1018 460 1031 ‚.
525 1001 553 1039 ,.“
569 1002 743 1044 ostquam
778 995 1032 1044 Philosophus
1070 995 1231 1032 ostendit
1258 997 1363 1044 quod

380 1042 398 1082 f
425 1050 455 1098 μ,ζζ
510 1031 554 1112 ἐν
567 1047 693 1085 motus
721 1048 882 1085 reflexus
910 1061 988 1085 non
1011 1055 1135 1097 potest
1163 1060 1245 1084 esse
1274 1061 1362 1084 con-

359 1105 364 1112 “
463 1101 693 1147 '³lfftinuus
722 1109 758 1138 et
783 1113 901 1148 unus,
928 1101 990 1138 hic
1019 1100 1229 1137 secundum
1255 1113 1362 1149 prae-

369 1177 380 1182 »
512 1154 523 1181 'n
568 1153 683 1190 missa
724 1154 836 1192 solvit
872 1153 1058 1202 quasdam
1099 1153 1360 1190 dubitationes.

305 1205 354 1242 Et
381 1181 584 1242 dividitur'
576 1218 615 1243 in
632 1214 758 1255 partes
776 1215 862 1254 tres,
889 1206 1099 1244 secundum
1118 1214 1193 1243 tres
1217 1206 1362 1243 dubita—

303 1257 424 1295 tiones
445 1271 538 1307 quas
559 1271 604 1295 ex
627 1258 842 1308 praemissis
866 1259 996 1296 solvit:
1017 1260 1183 1297 secunda
1200 1272 1287 1308 pars
1306 1258 1360 1296 in-

286 1351 290 1355 ,
305 1310 392 1359 cipit
410 1310 477 1348 ibi:
496 1312 640 1349 Eodem
659 1318 783 1348 autem
798 1313 909 1349 modo
924 1313 1149 1350 obviandum
1166 1318 1219 1349 est
1235 1313 1255 1333 '¹‘
1275 1320 1360 1358 etc.;

303 1363 409 1400 tertia
427 1363 499 1400 ibi:
527 1364 775 1413 Manifestum
794 1371 917 1402 autem
940 1366 958 1386 ²³²
980 1372 1047 1402 etc.
1071 1365 1178 1403 Circa
1196 1365 1361 1414 primum

304 1415 380 1452 duo
418 1415 525 1452 facit:
563 1416 686 1465 primo
723 1417 831 1465 ponit
868 1417 1159 1465 dubitationem;
1193 1418 1360 1455 secundo

302 1467 414 1505 solvit
442 1481 539 1515 eam,
560 1468 629 1506 ibi:
657 1470 749 1506 Non
769 1482 862 1519 ergo
885 1471 1101 1519 ponendum
1126 1476 1180 1508 est
1198 1472 1217 1492 ss
1239 1478 1306 1508 etc.

355 1532 391 1557 2.
407 1520 507 1558 Dicit
526 1533 614 1569 ergo
629 1521 764 1570 primo,
781 1523 886 1570 quod
899 1523 975 1560 hoc
993 1523 1098 1572 quod
1113 1522 1255 1560 dictum
1276 1524 1360 1560 est*

285 1560 351 1610 ¹ad
373 1574 618 1622 probandum
637 1574 742 1623 quod
761 1583 888 1611 motus
917 1576 1078 1612 reflexus
1097 1589 1176 1613 non
1197 1583 1251 1612 est
1272 1588 1361 1612 con-

299 1625 438 1674 tinuus,
457 1634 582 1675 potest
610 1627 722 1663 etiam
750 1627 823 1664 dici
841 1628 890 1664 ad
917 1628 1144 1666 solvendum
1169 1629 1360 1677 quandam

301 1679 584 1716 dubitationem.
614 1680 683 1716 Est
710 1680 811 1716 enim
840 1693 917 1717 una
944 1681 1025 1717 talis
1057 1681 1249 1718 dubitatio.
1281 1681 1362 1718 Sint

301 1731 400 1768 duae
427 1732 704 1780 magnitudines
724 1733 911 1781 aequales,
933 1745 1093 1782 quarum
1113 1746 1190 1770 una
1218 1734 1361 1770 dicatur

284 1785 333 1828 E
350 1792 386 1821 et
400 1784 471 1821 alia
484 1783 514 1821 Z
525 1784 649 1825 ¹²..Sint
668 1785 780 1821 etiam
801 1785 877 1822 duo
897 1785 1054 1823 mobilia
1073 1785 1278 1834 aequaliter
1295 1798 1360 1823 ve-

298 1835 407 1884 locia,
428 1849 592 1886 quorum
610 1849 732 1874 unum
751 1837 797 1874 sit
823 1840 857 1874 A
889 1845 924 1874 et
952 1838 1051 1875 aliud
1076 1838 1122 1874 sit
1148 1840 1201 1884 D;
1223 1846 1259 1875 et
1277 1851 1359 1875 mo-

297 1897 431 1926 veatur
467 1890 502 1926 A
531 1889 707 1926 continue
745 1890 792 1926 ab
826 1898 1014 1938 extremo,
1044 1890 1139 1928 idest
1174 1891 1357 1940 principio

297 1941 575 1990 magnitudinis,
596 1942 645 1979 ad
669 1943 718 1987 C;
747 1943 781 1979 D
801 1955 894 1980 vero
918 1944 1056 1980 feratur
1084 1944 1132 1980 ad
1161 1945 1187 1980 I.
1216 1945 1265 1981 Et
1290 1957 1359 1993 po-

298 2007 435 2032 namus
447 1996 465 2014 *
477 1996 582 2043 quod
600 1995 639 2031 in
657 1995 916 2042 magnitudine
936 2009 1033 2045 quae
1054 2004 1109 2033 est
1128 1997 1172 2043 E,
1194 1996 1359 2044 signetur

299 2046 494 2096 quoddam
522 2047 671 2094 signum
690 2046 861 2085 inedium
881 2049 985 2097 quod
1015 2057 1069 2085 est
1087 2049 1130 2095 B,
1151 2050 1255 2097 quod
1278 2057 1357 2086 tan-

298 2107 379 2136 tum
409 2099 518 2137 distet
544 2112 567 2136 a
595 2100 646 2146 C,
677 2108 861 2148 quantum
889 2101 928 2137 in
965 2101 1223 2148 magnitudine
1260 2115 1356 2150 quae

299 2160 354 2190 est
371 2153 414 2200 Z,
436 2151 545 2189 distat
558 2152 587 2188 Z
610 2153 657 2189 ab
674 2153 700 2189 I.
717 2153 766 2189 Et
782 2155 1002 2201 ponamus*
1012 2153 1114 2202 quod
1134 2153 1245 2190 simul
1265 2154 1356 2191 dum

297 2207 333 2242 A
360 2205 399 2242 in
427 2217 496 2242 suo
525 2211 634 2241 motu
663 2205 842 2242 continuo
879 2206 1023 2243 accedit
1051 2206 1100 2243 ad
1127 2207 1158 2242 B
1187 2206 1354 2254 signum,

298 2257 402 2306 quod
430 2258 464 2294 D
503 2257 643 2294 mobile
671 2257 710 2294 in
746 2271 816 2295 suo
845 2265 952 2295 motu
991 2259 1169 2295 continuo
1208 2260 1358 2296 recedat

298 2323 321 2347 a
348 2311 391 2358 Z,
412 2317 449 2347 et
474 2310 603 2347 veniat
629 2310 679 2347 ad
707 2312 734 2347 Ι.
756 2311 855 2347 Cum
883 2323 971 2359 ergo
996 2319 1123 2348 motus
1151 2311 1223 2348 sint
1251 2325 1357 2359 regu-

296 2363 393 2400 lares
414 2370 450 2399 et
468 2375 588 2412 aeque
616 2363 768 2400 veloces
786 2363 980 2412 utriusque
998 2364 1159 2410 mobilis,
1180 2373 1357 2412 sequetur

284 2415 402 2464 *quod
429 2415 532 2464 prius
559 2415 686 2452 veniet
713 2417 747 2452 D
768 2416 806 2452 in
835 2417 862 2463 I,
890 2429 1005 2465 quam
1033 2419 1068 2454 A
1095 2416 1223 2454 veniat
1249 2417 1287 2454 in
1307 2418 1354 2454 C:

298 2468 386 2517 quia
405 2469 510 2516 quod
523 2468 626 2516 prius
647 2468 796 2516 recedit,
815 2468 919 2517 prius
938 2469 1163 2517 perveniet*
1173 2469 1222 2506 ad
1237 2470 1355 2507 finem

297 2520 463 2569 aequalis
482 2520 763 2568 magnitudinis3
785 2522 889 2570 prius
913 2529 1040 2558 autem
1060 2522 1211 2559 recessit
1225 2523 1259 2559 D
1277 2536 1298 2559 a
1313 2524 1355 2569 Z,

298 2586 414 2622 quarn
433 2574 467 2609 A
483 2573 675 2610 recederet
689 2586 711 2610 a
726 2575 770 2620 B,
787 2574 875 2622 quia
893 2575 927 2611 D
949 2575 1100 2611 recessit
1115 2587 1137 2611 a
1155 2576 1184 2611 Z
1202 2576 1356 2624 quando

296 2628 331 2663 A
358 2625 592 2674 pertingebat
620 2625 668 2662 ad
695 2627 738 2663 B.
761 2627 861 2674 Ergo
882 2627 1091 2664 secundum
1120 2628 1194 2664 hoc
1221 2630 1255 2664 A
1279 2641 1356 2665 non

298 2678 410 2715 simul
437 2677 589 2715 advenit
617 2677 655 2714 in
683 2679 725 2724 B,
747 2686 782 2715 et
810 2679 960 2723 recessit
989 2680 1036 2716 ab
1066 2692 1134 2726 eo,
1160 2687 1195 2716 et
1222 2680 1272 2716 ita
1300 2693 1357 2717 se-

298 2730 423 2779 quitur
442 2731 546 2778 quod
564 2731 750 2778 posterius
770 2731 963 2768 recesserit
977 2733 995 2753 *
1010 2744 1124 2780 quam
1143 2733 1354 2770 advenerit:

298 2783 386 2832 quia
413 2783 444 2819 si
472 2783 583 2819 simul
611 2783 805 2820 adveniret
834 2791 869 2819 et
896 2784 1098 2830 recederet,
1126 2797 1203 2821 non
1229 2793 1354 2833 poste-

297 2836 373 2873 rius
402 2835 550 2872 moveri
577 2835 768 2885 inciperet.
789 2836 838 2872 Et
863 2836 914 2872 ita
937 2836 1138 2873 necessitas
1168 2844 1222 2873 est
1250 2839 1355 2886 quod

296 2890 343 2936 A,
365 2888 456 2925 dum
478 2887 653 2925 continue
677 2889 803 2934 fertur,
823 2888 991 2936 quiescat
1017 2889 1054 2925 in
1073 2890 1124 2925 B:
1147 2896 1182 2925 et
1200 2890 1252 2926 sic
1271 2902 1354 2927 mo-

296 2949 356 2978 tus
385 2940 584 2978 continuus
614 2941 680 2977 erit
709 2941 939 2989 compositus
968 2954 1013 2978 ex
1037 2941 1233 2990 quietibus,
1261 2942 1355 2980 sicut

297 2994 404 3030 Zeno
433 2993 610 3041 ponebat,
631 3001 672 3030 ut
700 3006 813 3042 supra
831 2994 1002 3030 habitum
1032 3002 1086 3030 est
1114 2994 1152 3030 in
1171 3002 1275 3031 sexto
1295 2996 1325 3032 ²¹².

353 3047 387 3082 3.
408 3045 554 3082 Deinde
576 3059 663 3082 cum
684 3046 787 3082 dicit:
806 3047 897 3083 Non
927 3058 1019 3096 ergo
1033 3047 1249 3095 ponendum
1270 3055 1351 3094 etc.‚

298 3097 408 3135 solvit
427 3105 572 3135 motam
602 3098 874 3136 dubitationem
895 3099 1105 3135 secundum
1131 3099 1350 3148 praemissa.

351 3250 378 3283 α)
398 3253 424 3274 et
441 3248 571 3273 anaz-
583 3249 638 3274 alia
657 3249 682 3273 Z
700 3249 757 3274 edd.
777 3249 843 3278 Pub,
862 3249 917 3274 alia
935 3249 963 3274 F
977 3250 1035 3275 edd.
1052 3249 1154 3274 Venett.
1179 3250 1253 3281 1551,
1272 3249 1351 3282 1552;

286 3286 363 3310 .infra
382 3285 458 3309 etiam
476 3284 590 3308 Venetae
608 3292 655 3316 pro
674 3285 699 3308 Z
714 3284 808 3308 habent
821 3285 851 3314 F,
871 3290 896 3309 et
915 3292 962 3317 pro
980 3291 997 3308 a
1014 3285 1043 3315 Ζ,
1061 3285 1094 3309 ab
1118 3285 1160 3315 F,·
1178 3285 1197 3309 P
1217 3285 1352 3318 hucusque

298 3321 323 3345 in
347 3320 387 3344 his
406 3323 494 3344 secuta
516 3317 606 3343 Venet.
636 3318 716 3348 1551,
741 3319 806 3342 redit
830 3303 862 3343 a⁷d
887 3320 1022 3344 lectionem
1050 3320 1166 3344 codicum
1189 3324 1214 3344 et
1237 3321 1351 3352 priorum

299 3355 454 3384 editionum
473 3353 505 3377 cf.
524 3353 567 3378 lib.
586 3354 629 3384 VI,
649 3354 706 3378 lect.
724 3361 751 3383 11,
772 3359 825 3379 not.
845 3353 868 3386 β.

353 3388 379 3422 β)
391 3389 490 3414 scilicet
503 3389 574 3420 quod
587 3389 610 3413 A
623 3389 733 3417 adesset,
745 3391 771 3413 et
780 3389 851 3421 quod
862 3389 889 3412 D
902 3388 1036 3414 abesset.-
1016 3389 1116 3420 -quod
1129 3389 1227 3414 scilicet
1236 3390 1259 3414 A
1273 3389 1350 3414 ades-

297 3428 338 3450 set
349 3428 375 3450 et
389 3424 459 3457 quod
471 3423 551 3448 etiam
564 3423 664 3448 abesset
675 3423 736 3453 Pab,
753 3424 784 3448 cf.
797 3431 886 3455 supra;
900 3424 971 3455 quod
983 3424 1081 3448 scilicet
1094 3424 1190 3448 habent
1205 3424 1282 3448 etiam
1295 3425 1351 3449 EG.

352 3459 379 3493 γ)
399 3458 545 3484 accesserit.
556 3472 575 3478 -
588 3459 743 3483 accresserit
760 3459 779 3482 P
799 3466 885 3483 errore
904 3463 1018 3491 typogr.;
1037 3459 1145 3484 accessit
1164 3464 1189 3483 et
1205 3459 1291 3483 statim
1308 3466 1351 3484 re-

298 3495 376 3520 cessit
400 3494 456 3519 HN.
475 3507 488 3512 -
511 3493 561 3517 Pro
580 3493 612 3518 ab
635 3493 738 3523 eodem,
762 3493 795 3518 ab
820 3493 912 3518 eadem
935 3493 1144 3524 AIKMQSTVX.
1161 3507 1180 3512 -
1197 3497 1350 3526 sequeretur

297 3530 376 3598 quog)
387 3537 448 3589 oriiiit
459 3530 516 3589 1251}
525 3563 551 3588 in
571 3563 683 3588 termino
701 3570 718 3588 a
737 3570 787 3596 quo
808 3563 900 3595 incipit
918 3564 1025 3588 moveri.
1038 3577 1057 3583 -
1070 3564 1126 3588 Hoc
1144 3563 1243 3588 homot.
1261 3571 1315 3589 om.
1329 3563 1350 3588 E

2402 269 2480 306 429

1423 335 1549 371 poribus.
1564 337 1638 363 Nam
1659 336 1715 364 sint
1735 337 1761 364 A
1783 342 1810 364 et
1832 337 1854 364 B
1875 337 1934 364 duo
1955 335 2137 365 indivisibilia
2157 342 2296 372 tempora,
2314 346 2388 373 quae
2409 346 2481 364 con-

1423 381 1575 410 sequenter
1595 385 1625 403 se
1647 376 1786 411 habeant;
1805 377 1830 403 D
1846 385 1914 404 vero
1929 375 1965 404 sit
1979 376 2138 404 subiectum
2154 377 2233 412 quod
2255 376 2333 412 prius
2355 382 2397 404 est
2418 385 2478 404 non

1423 414 1520 441 album
1542 421 1569 441 et
1583 416 1769 450 postmodum
1792 422 1833 443 est
1848 415 1954 443 album.
1969 416 2000 443 In
2022 415 2121 451 primis
2135 425 2196 443 non
2217 422 2311 452 potest
2329 415 2384 443 dici
2399 417 2480 452 quod

1423 454 1448 480 D
1464 453 1493 480 in
1507 459 1569 481 toto
1585 461 1714 490 tempore
1728 456 1753 482 A
1769 455 1817 483 fiat
1838 461 1866 482 et
1880 464 1939 482 non
1961 454 1996 482 sit
2011 455 2117 490 album,
2134 462 2162 482 et
2176 455 2204 482 in
2221 456 2242 482 B
2258 455 2357 492 primo
2372 455 2478 483 factum

1423 493 1458 520 sit
1479 493 1590 528 album3
1606 494 1673 530 quIa
1695 494 1755 521 fieri
1776 501 1803 522 et
1823 494 1929 522 factum
1951 503 2012 522 esse
2027 501 2093 522 sunt
2113 494 2251 522 continua
2271 501 2410 531 quatenus
2424 496 2479 533 sa-

1422 538 1498 560 ctum
1520 542 1581 560 esse
1603 540 1645 560 est
1666 533 1804 561 terminus
1816 534 1906 571 fieri;
1926 534 1952 561 A
1973 543 2042 562 vero
2064 540 2091 562 et
2112 535 2134 561 B
2156 543 2216 562 non
2237 541 2303 562 sunt
2324 534 2475 569 continua,

1422 573 1473 599 sed
1494 573 1588 599 solum
1603 579 1811 609 consequenter
1826 582 1855 601 se
1869 574 1983 601 habent.
1999 575 2099 610 Neque
2114 573 2199 601 etiam
2215 573 2270 601 dici
2289 580 2383 610 potest
2398 574 2478 610 quod

1422 612 1447 638 D
1468 611 1498 638 in
1519 610 1583 647 ipso
1604 612 1630 639 A
1652 612 1700 640 fiat
1721 619 1748 640 et
1769 613 1874 640 factum
1896 612 1931 640 sit
1951 613 2055 649 primo,
2076 622 2143 640 narn
2166 614 2191 640 A
2212 613 2330 649 ponitur
2351 622 2412 641 esse
2433 613 2478 640 in-

1421 650 1568 679 divisibile.
1583 652 1659 688 Ergo
1674 651 1703 679 in
1719 652 1870 688 hypothesi
1891 653 1990 689 nequit
2004 652 2136 688 explicari
2158 653 2309 689 quomodo
2326 654 2351 680 D
2367 653 2402 680 de
2416 662 2478 680 non

1421 690 1487 718 albo
1501 690 1607 718 facturn
1623 691 1658 718 sit
1671 691 1779 718 album.
1793 692 1849 719 Sed
1865 691 1888 719 si
1903 698 2015 728 tempus
2029 701 2090 719 non
2105 691 2246 720 dividatur
2256 692 2285 719 in
2296 691 2477 720 indivisibilia

1420 735 1560 766 tempora,
1576 739 1665 757 unum
1682 737 1708 758 et
1723 730 1799 758 idem
1814 737 1926 767 tempus
1942 738 1983 759 est
2004 731 2033 759 in
2048 741 2106 767 quo
2122 731 2152 759 fit
2167 738 2194 759 et
2211 731 2315 759 factum
2331 738 2387 767 est;
2404 731 2435 759 fit
2449 738 2477 760 et

1421 775 1463 796 est
1477 778 1537 797 non
1552 774 1602 797 ens
1621 769 1649 797 in
1664 776 1726 798 toto
1741 777 1871 806 tempore
1892 771 2084 806 praecedenti,
2099 771 2204 799 factum
2220 777 2262 799 est
2277 778 2304 799 et
2318 778 2359 799 est
2380 781 2431 799 ens
2446 771 2476 799 in

1419 808 1522 836 ultimo
1537 818 1614 837 nunc
1635 810 1781 845 temporis,
1797 811 1877 846 quod
1891 817 1933 838 est
1947 810 2084 838 terminus
2099 810 2169 838 eius.
2186 812 2223 838 Et
2240 811 2398 838 secundum
2420 811 2476 839 hoc

1419 848 1601 876 manifestum
1624 855 1665 876 est
1679 849 1764 876 etiam
1786 850 1865 886 quod
1886 859 1947 877 non
1964 856 2006 877 est
2020 850 2112 877 maius
2133 856 2246 886 tempus
2262 850 2291 877 in
2312 859 2371 886 quo
2390 850 2476 878 fiebat

1419 893 1447 915 et
1466 887 1573 915 factum
1595 894 1645 924 est,
1670 897 1758 925 quam
1779 888 1808 916 in
1830 898 1888 926 quo
1910 888 1996 917 fiebat
2017 890 2120 917 solum.
2143 905 2161 912 -·
2183 889 2348 918 Conclusio.

1418 997 1665 1045 Supponebat
1686 998 1786 1035 enim
1802 999 1963 1036 obiectio
1982 999 2172 1047 praedicta
2198 1000 2302 1047 quod
2321 1001 2367 1046 A,
2385 1000 2475 1036 dum

1418 1049 1592 1086 continue
1622 1059 1809 1097 movetur,
1840 1052 1983 1088 accedit
2011 1053 2059 1088 ad
2087 1052 2240 1100 aliquod
2269 1052 2426 1100 signum·
2437 1052 2475 1090 in

1416 1101 1544 1138 medio
1559 1103 1824 1149 magnitudinis
1842 1104 2022 1152 positum,
2038 1105 2177 1141 scilicet
2192 1105 2240 1141 ad
2259 1106 2302 1152 B,
2320 1113 2356 1142 et
2370 1106 2475 1153 quod

1417 1155 1528 1190 simul
1558 1154 1648 1191 dum
1667 1156 1811 1192 accedit
1837 1158 1871 1192 A
1892 1157 1940 1193 ad
1968 1158 2010 1203 B,
2031 1158 2066 1193 D
2087 1157 2227 1194 recedit
2255 1170 2276 1194 a
2305 1158 2474 1206 quodam

1417 1206 1490 1243 alio
1519 1206 1646 1255 signo,
1676 1208 1814 1244 scilicet
1842 1221 1863 1244 a
1891 1210 1939 1254 Z;
1970 1209 2074 1257 quod
2109 1217 2163 1246 est
2201 1217 2329 1246 contra
2365 1223 2473 1259 prae-

1417 1259 1542 1296 missa.
1563 1260 1716 1296 Dictum
1738 1269 1792 1297 est
1813 1261 1914 1298 enim
1930 1274 2042 1309 supra
2055 1263 2086 1309 ²¹²,
2104 1262 2207 1310 quod
2228 1274 2314 1299 cum
2333 1263 2474 1312 aliquid

1417 1312 1591 1349 continue
1620 1313 1755 1360 fertur,
1782 1326 1907 1362 neque
1944 1322 2068 1362 potest
2095 1315 2221 1351 adesse
2254 1327 2377 1363 neque
2410 1318 2473 1353 ab-

1416 1377 1510 1411 esse,
1536 1365 1632 1402 idest
1659 1366 1835 1402 recedere
1866 1373 1901 1402 et
1929 1367 2129 1413 accedere,
2151 1380 2172 1403 a
2197 1366 2302 1414 signo
2331 1369 2471 1406 medio.

1417 1418 1516 1465 Ergo
1545 1431 1624 1455 non
1653 1426 1708 1455 est
1726 1419 1950 1467 ponendum
1969 1420 2043 1456 hoc
2067 1420 2172 1467 quod
2201 1419 2362 1457 obiectio
2387 1434 2473 1470 sup-

1415 1471 1593 1518 ponebat,
1615 1471 1719 1519 quod
1749 1483 1836 1507 cum
1855 1473 1889 1507 A
1918 1471 2034 1519 affuit,
2054 1472 2151 1509 idest
2178 1473 2334 1509 accessit
2361 1474 2409 1510 ad
2428 1475 2483 1522 B,

1415 1523 1542 1571 ipsum
1561 1525 1596 1560 D
1613 1523 1724 1560 simul
1744 1523 1894 1560 recessit
1913 1536 1935 1560 a
1953 1525 2005 1560 Z:
2027 1525 2115 1572 quia
2140 1525 2170 1561 si
2190 1525 2298 1562 detur
2316 1526 2420 1575 quod
2437 1529 2473 1563 A

1416 1576 1571 1613 accessit
1599 1577 1647 1613 ad
1674 1578 1717 1621 B,
1739 1576 1806 1612 erit
1825 1576 1905 1624 pari
1934 1577 2077 1613 ratione
2102 1577 2191 1614 dare
2220 1579 2325 1626 quod
2353 1592 2472 1616 reces-

1415 1628 1513 1675 serit,
1535 1637 1571 1665 et
1586 1629 1689 1678 quod
1707 1630 1899 1666 hoc*non
1918 1629 2028 1666 fuerit
2047 1630 2168 1677 simul,
2187 1631 2254 1667 sed
2269 1631 2306 1667 in
2323 1631 2472 1669 duobus

1415 1681 1654 1728 instantibus,
1674 1681 1723 1718 ita
1744 1683 1848 1730 quod
1862 1681 2114 1731 insstempore
2130 1682 2352 1721 intermedio
2369 1685 2471 1732 quie-

1414 1734 1521 1771 verit.
1553 1735 1629 1771 Sed
1659 1734 1752 1771 sicut
1786 1734 1927 1771 dietum
1966 1743 2020 1771 est
2056 1735 2179 1784 prius,
2214 1748 2302 1773 curn
2331 1737 2471 1786 aliquid

1415 1786 1590 1823 continue
1620 1787 1857 1834 movebatur,
1887 1788 1925 1824 in
1953 1788 2078 1836 aliquo
2104 1788 2208 1835 signo
2237 1789 2364 1826 medio
2394 1803 2472 1828 non

1414 1839 1543 1876 aberat
1563 1846 1598 1875 et
1618 1840 1757 1885 aderat,
1778 1840 1845 1876 sed
1865 1840 2081 1888 simpliciter
2099 1848 2194 1887 erat;
2219 1854 2296 1878 non
2317 1842 2471 1891 quidem

1413 1904 1481 1940 per
1509 1892 1662 1940 aliquod
1689 1900 1851 1941 tempus,
1882 1893 1970 1941 quia
2001 1893 2054 1929 sic
2082 1893 2309 1942 quiesceret,
2339 1895 2406 1932 sed
2433 1896 2471 1933 in

1415 1944 1604 1981 decisione
1633 1945 1835 1993 temporis,
1864 1945 1960 1982 idest
1986 1945 2024 1982 in
2061 1946 2186 1995 aliquo
2216 1959 2335 1994 nunC,
2366 1949 2471 1996 quod

1414 1997 1546 2035 dividit
1571 2005 1732 2046 tempus.
1763 1998 1848 2034 Hoc
1877 2007 1964 2045 ergo
1995 1998 2098 2046 quod
2136 1999 2296 2035 obiectio
2330 2013 2469 2049 suppo-

1413 2051 1541 2095 nebat,
1576 2050 1713 2087 scilicet
1741 2050 1846 2099 quod
1873 2052 1908 2086 A
1941 2051 2102 2097 adesset,
2137 2059 2173 2088 et
2205 2052 2308 2100 quod
2341 2054 2375 2090 D
2406 2055 2469 2091 ab·

1413 2109 1510 2139 esset
1527 2101 1545 2131 ¹³
1563 2104 1611 2140 ab
1631 2103 1756 2152 aliquo
1786 2103 1892 2150 signo
1912 2103 2053 2152 medio,
2077 2104 2308 2152 impossibile
2334 2114 2389 2142 est
2417 2107 2469 2143 di-

1413 2167 1496 2191 cere
1516 2167 1554 2191 1n
1583 2163 1690 2192 motu
1711 2163 1902 2192 continuo.

1466 2207 1544 2244 Sed
1575 2207 1613 2244 in
1650 2208 1790 2244 reflexo
1828 2220 1983 2244 necesse
2012 2216 2067 2245 est
2093 2216 2135 2245 ut
2162 2208 2212 2245 ita
2244 2210 2398 2248 dicatur.
2429 2212 2468 2249 Si

1412 2259 1514 2296 enim
1542 2260 1696 2308 aliquod
1716 2260 1855 2296 mobile
1884 2261 1989 2308 quod
2009 2269 2063 2297 est
2083 2263 2109 2308 I,
2139 2261 2278 2298 feratur
2305 2264 2352 2300 ad
2371 2277 2467 2312 pun—

1412 2320 1514 2348 ctum
1543 2313 1648 2361 quod
1675 2321 1731 2349 est
1757 2313 1809 2358 D,
1839 2319 1875 2348 et
1902 2313 2037 2349 iterum
2067 2314 2289 2362 reflectatur,
2311 2317 2466 2353 manife-

1411 2373 1511 2401 stum
1541 2373 1595 2401 est
1623 2365 1727 2413 quod
1756 2365 1896 2401 mobile
1924 2365 2037 2402 utitur
2066 2367 2085 2387 ss
2113 2366 2245 2403 ultimo
2275 2369 2379 2416 quod
2413 2377 2468 2406 est

1411 2419 1466 2464 D,
1506 2417 1612 2466 quasi
1648 2417 1830 2466 principio
1865 2424 1901 2453 et
1936 2418 2042 2465 quasi
2079 2419 2175 2466 fine,
2215 2419 2352 2457 scilicet
2387 2434 2464 2459 uno

1411 2470 1517 2518 signo
1554 2478 1595 2506 ut
1631 2471 1805 2513 duobus:
1848 2470 1948 2507 unde
1990 2483 2145 2508 necesse
2183 2479 2238 2508 est
2274 2473 2378 2522 quod
2414 2474 2465 2511 ibi

1411 2523 1587 2571 quiescat.
1627 2523 1711 2559 Nec
1740 2530 1794 2559 est
1822 2523 2025 2559 dicendum
2062 2525 2171 2583 qssuod
2193 2524 2303 2562 simul
2341 2539 2464 2564 acces-

1410 2575 1498 2612 serit
1515 2580 1529 2601 ⁷
1549 2575 1597 2612 ad
1625 2576 1748 2624 ipsum
1777 2576 1824 2620 D,
1855 2583 1890 2612 et
1914 2576 2107 2612 recesserit
2125 2577 2171 2613 ab
2193 2578 2347 2615 eodem:
2377 2580 2465 2628 quia

1410 2635 1630 2676 sequeretur
1648 2627 1752 2677 quod
1772 2628 1908 2664 simul
1900 2640 1939 2664 1n
1958 2628 2096 2665 eodem
2124 2629 2272 2667 instanti
2298 2640 2393 2668 esset
2412 2632 2463 2669 ibi

1411 2688 1447 2717 et
1473 2693 1552 2717 non
1581 2688 1688 2717 esset.
1711 2681 1838 2717 Omne
1867 2680 1966 2716 enim
1997 2681 2100 2729 quod
2132 2690 2280 2720 motum
2310 2692 2378 2730 est,
2410 2693 2464 2722 est

1409 2733 1447 2769 in
1466 2733 1626 2769 termino
1643 2733 1690 2770 ad
1710 2745 1823 2781 quem
1843 2734 2085 2778 movebatur;
2103 2742 2138 2772 et
2157 2747 2270 2772 omne
2286 2737 2417 2795 quod
2409 2750 2463 2774 in-

1410 2785 1497 2834 cipit
1515 2785 1674 2831 moveri,
1696 2798 1772 2822 non
1794 2793 1848 2822 est
1862 2785 1900 2822 in
1913 2786 2073 2823 termino
2094 2799 2116 2823 a
2135 2800 2211 2835 quo
2231 2788 2359 2837 incipit
2379 2802 2460 2826 mo-

1407 2835 1523 2874 veri⁸:
1535 2839 1610 2874 hoc
1624 2846 1749 2874 autem
1767 2838 2035 2885 significatur*,
2048 2852 2136 2876 cum
2158 2840 2316 2878 dicimus
2335 2842 2462 2879 adesse

1407 2891 1469 2927 vel
1488 2891 1683 2937 accedere,
1711 2891 1814 2939 quod
1844 2898 1897 2927 est
1921 2869 2112 2928 terminari
2131 2901 2280 2930 motum
2300 2894 2347 2931 ad
2366 2908 2462 2943 pun-

1409 2950 1510 2980 ctum
1525 2943 1630 2988 illud;
1652 2956 1739 2980 cum
1759 2951 1886 2980 autem
1907 2943 2065 2981 dicimus
2093 2946 2219 2982 abesse
2241 2947 2302 2983 vel
2317 2949 2461 2984 recede-

1407 3007 1459 3041 re,
1476 2995 1731 3043 significamus
1746 2993 1895 3032 motum
1911 2996 2086 3044 incipere.
2108 2998 2217 3035 Unde
2234 3011 2386 3036 necesse
2408 3009 2462 3037 est

1407 3060 1522 3084 omne
1542 3049 1646 3098 quod
1674 3049 1816 3085 accedit
1835 3050 1895 3085 vel
1924 3049 2029 3086 adest
2056 3050 2103 3086 ad
2123 3051 2274 3099 aliquod
2299 3052 2458 3099 signum,

1406 3112 1487 3136 esse
1516 3100 1554 3137 in
1583 3113 1646 3138 eo:
1676 3102 1780 3149 quod
1808 3109 1934 3138 autem
1954 3103 2060 3139 abest
2085 3103 2147 3139 vel
2175 3104 2351 3151 abscedit,
2381 3117 2459 3142 non

1383 3278 1385 3281 ,
1406 3252 1460 3283 pG;
1475 3253 1597 3277 mendum
1611 3253 1740 3293 corrigunt
1754 3254 1807 3278 Pab
1822 3254 1929 3286 legendo
1944 3261 1994 3278 non
2006 3256 2045 3278 est
2058 3254 2144 3278 adhuc
2158 3254 2183 3279 in
2198 3255 2309 3280 termino
2321 3256 2359 3280 ad
2372 3264 2454 3288 quem,

1406 3294 1514 3312 erronee
1532 3293 1618 3312 tamen
1638 3288 1662 3312 in
1682 3294 1808 3313 contextu.
1828 3289 1897 3312 Haec
1916 3293 1955 3312 est
1973 3288 2042 3312 enim
2060 3290 2262 3320 argumentatio:
2281 3290 2306 3314 in
2325 3298 2396 3316 motu
2416 3299 2455 3317 re-

1406 3321 1471 3346 flexo
1489 3323 1614 3347 terminus
1630 3324 1660 3347 ad
1676 3331 1754 3355 quem
1769 3324 1857 3354 prioris
1876 3323 1954 3355 partis
1973 3328 2067 3352 motus,
2082 3329 2122 3348 est
2140 3324 2264 3349 terminus
2279 3333 2293 3350 a
2308 3333 2359 3358 quo
2378 3327 2456 3358 partis

1406 3357 1544 3388 secundae,
1558 3363 1582 3382 et
1592 3359 1715 3382 terminus
1726 3358 1773 3382 iste
1783 3362 1888 3382 vocetur
1901 3358 1937 3388 D;
1952 3358 1972 3382 si
1986 3363 2071 3382 autem
2085 3358 2180 3383 mobile
2194 3360 2211 3389 Ι,
2225 3360 2300 3384 simul
2316 3368 2344 3385 ac
2357 3367 2457 3386 motum

1406 3396 1445 3416 est
1463 3392 1496 3416 ad
1508 3392 1529 3416 D
1544 3398 1573 3417 ut
1586 3393 1617 3417 ad
1635 3393 1771 3417 terminum
1791 3393 1822 3416 ad
1841 3400 1928 3424 quem,
1947 3392 2049 3425 incipiat
2067 3394 2164 3418 moveri
2183 3395 2214 3418 ab
2232 3403 2263 3419 eo
2277 3400 2306 3419 ut
2321 3403 2335 3420 a
2347 3397 2457 3421 termino

1406 3433 1420 3450 a
1438 3434 1491 3458 quo
1510 3435 1572 3451 suae
1590 3427 1740 3455 reflexionis,
1755 3428 1763 3451 I
1778 3427 1824 3451 erit
1838 3432 1863 3451 et
1881 3428 1957 3452 simul
1977 3429 2001 3451 in
2015 3428 2106 3452 eodem
2125 3429 2226 3454 instanti
2243 3438 2295 3454 non
2314 3431 2361 3455 erit
2379 3431 2405 3456 in
2418 3432 2455 3456 D:

1405 3461 1467 3491 erit,
1486 3461 1545 3502 quia
1563 3462 1634 3494 quod
1653 3465 1750 3486 motum
1769 3466 1822 3491 est
1841 3463 1920 3486 estin
1936 3463 2048 3487 termino
2067 3464 2104 3488 ad
2123 3471 2198 3496 quem
2218 3466 2386 3496 movebatur5
2404 3475 2456 3491 non

1405 3495 1460 3526 erit,
1475 3495 1536 3528 quia
1547 3497 1618 3528 quod
1633 3497 1723 3527 incipit
1737 3497 1842 3526 moveri,
1858 3505 1909 3521 non
1924 3500 1963 3522 est
1977 3498 2002 3522 in
2016 3499 2129 3523 termino
2142 3506 2160 3523 a
2172 3507 2222 3531 quo
2236 3500 2327 3532 incipit
2347 3502 2454 3526 moveri.

1406 3530 1478 3554 Patet
1496 3539 1557 3563 ergo
1576 3532 1645 3563 quod
1659 3539 1710 3555 non
1729 3537 1814 3563 potest
1833 3532 1881 3556 hoc
1900 3533 1956 3556 loco
1976 3534 2097 3564 acceptari
2117 3534 2191 3558 lectio
2211 3534 2277 3565 Pub,
2297 3543 2372 3561 omne
2384 3537 2455 3569 quod

1402 3565 1494 3596 incipit
1507 3566 1607 3591 moveri
1620 3574 1670 3591 non
1688 3569 1727 3591 est
1738 3567 1825 3591 adhuc
1844 3567 1869 3591 in
1889 3567 2001 3592 termino
2019 3568 2056 3593 ad
2074 3575 2159 3600 quem.

2501 1264 2515 1311 ξι
2525 1263 2588 1311 [ξεῖ.
2604 1271 2682 1292 praec.

2499 1639 2509 1647 “’
2523 1638 2566 1659 hoc
2581 1644 2628 1660 om.
2644 1639 2698 1661 vab.

2499 1695 2508 1704 “
2523 1694 2547 1716 in
2561 1701 2609 1717 om.
2623 1695 2691 1717 raab.

2494 2369 2503 2378 ·
2517 2370 2597 2390 utatur
2605 2375 2641 2396 η,
2654 2372 2705 2391 ute-

2493 2397 2558 2416 retur
2571 2402 2588 2416 ιι
2596 2412 2602 2422 ,
2623 2398 2701 2417 utetur

2493 2425 2535 2442 cet.
2551 2427 2601 2443 exc.
2615 2429 2638 2444 N.

2581 2841 2595 2866 δ

2489 2876 2498 2884 ·
2513 2875 2671 2902 significamus
2684 2881 2700 2897 z

2488 2907 2585 2922 scanza.
