2898 3996
190 796 200 805 ⁹
210 795 258 816 Sed
270 800 399 822 Amvrpcxx

324 827 353 842 on
368 827 380 841 Ρ

187 1366 198 1376 ’
211 1365 273 1387 Lect.
285 1370 315 1392 ix,
326 1371 349 1386 n.
359 1371 382 1391 4.

185 1573 381 1628 wffliitsssszsszf‘*

196 1798 241 1819 per
250 1797 288 1813 om
329 1798 392 1819 κτρα

210 1822 232 1839 et
248 1824 262 1838 α

183 2578 191 2586 ·
207 2576 291 2597 habeat
303 2582 390 2598 mucra

182 2603 390 2654 223155052021?

183 2796 190 2803 ·
206 2793 275 2815 Num.
285 2801 307 2819 4.

181 2845 279 2892 Lgtodis
288 2851 299 2867 c
317 2845 346 2867 dd
383 2849 391 2867 t

430 294 502 329 382

1031 287 1375 324 PHYSICORUM
1401 285 1748 323 ARISTOTELIS
1778 286 1871 322 LIB.
1901 286 1987 323 VIII

429 370 533 419 quod
561 370 598 406 in
628 369 792 418 qualibet
810 374 914 416 parte
935 366 1075 414 aliquid
1100 365 1178 401 eius
1199 371 1393 412 augeatur:
1415 364 1483 401 sed
1539 362 1638 400 enim
1659 362 1784 411 aliqua
1802 375 1902 411 aqua
1929 362 2040 399 simul
2061 363 2287 412 congelatur,
2308 376 2387 401 non
2404 376 2492 413 pars
2510 372 2598 413 post

428 422 675 471 interponitur
716 420 884 457 medium
926 426 1073 467 tempus
1113 424 1200 465 post
1237 423 1482 464 augmentum

427 475 537 511 unius
564 473 690 522 partis,
715 473 753 509 in
781 484 857 520 quo
886 471 975 508 nihil
1005 477 1170 517 augetur,
1192 468 1258 505 sed
1286 469 1329 505 fit
1357 468 1481 517 dispo-

429 527 510 563 sitio
529 532 540 547 ¹
554 527 602 562 ad
625 532 867 573 augmentum
887 522 1077 571 sequentis
1095 521 1222 570 partis.
1244 522 1292 558 Et
1310 522 1384 557 hoc
1403 533 1482 556 ma-

427 579 574 615 nifestat
606 590 675 626 per
711 576 853 613 similia.
885 576 1060 621 Quorum
1087 573 1253 623 primum
1287 580 1365 620 est,
1395 572 1483 621 quia

427 631 600 668 videmus
629 629 732 678 quod
751 635 852 676 gutta
878 627 1030 675 pluviae
1056 626 1298 674 multiplicata
1327 624 1484 662 conterit

427 682 603 731 lapidem.
626 681 844 718 Secundum
869 679 1084 727 exemplum
1105 686 1171 726 est,
1193 678 1279 726 quia
1306 677 1482 714 videmus

427 734 531 783 quod
566 734 774 779 nascentia,
812 732 908 768 idest
938 732 1087 780 plantae
1120 731 1158 767 in
1195 730 1380 778 lapidibus
1418 741 1482 765 na-

427 793 583 832 scentes,
604 786 747 834 lapides
773 784 954 822 dividunt.
984 785 1068 820 Nec
1089 785 1107 804 ’³²
1126 794 1329 831 possumus
1358 782 1481 819 dicere

426 840 528 887 quod
550 838 580 875 si
607 845 708 886 gutta
726 837 967 885 multiplicata
994 843 1137 872 tantum
1157 835 1250 871 fodit
1276 835 1337 871 vel
1358 846 1482 871 remo-

424 899 488 927 vet
516 891 563 928 de
591 890 714 939 lapide
742 890 780 926 in
808 896 911 925 tanto
940 896 1133 937 tempore,
1164 887 1268 936 quod
1299 886 1482 923 medietas

424 950 610 991 guttarum
638 942 739 991 prius
759 942 796 978 in
823 941 949 978 medio
973 948 1144 988 tempore
1173 939 1375 976 removerit
1403 951 1481 975 me-

425 996 601 1033 dietatem
629 995 724 1031 illius
762 993 989 1043 quantitatis3
1020 993 1087 1029 sed
1115 992 1165 1029 ita
1193 991 1372 1039 contingit
1399 991 1480 1040 hic,

425 1048 519 1084 sicut
546 1047 583 1084 in
610 1046 839 1084 trahentibus
862 1058 1014 1082 navem.
1044 1046 1135 1082 Non
1156 1045 1256 1081 enim
1278 1044 1308 1081 si
1329 1052 1481 1081 centum

423 1100 597 1137 homines
633 1100 783 1136 trahunt
810 1110 948 1135 navem
981 1109 1050 1146 per
1076 1105 1221 1134 tantum
1253 1097 1415 1146 spatium
1443 1097 1481 1134 in

423 1159 524 1189 tanto
553 1160 737 1200 tempore,
758 1151 924 1199 sequitur
943 1149 1046 1199 quod
1065 1150 1193 1187 media
1219 1162 1307 1199 pars
1331 1149 1480 1187 illorum

423 1212 577 1242 moveat
603 1217 672 1253 per
690 1203 930 1241 medietatem
950 1203 1058 1252 spatii
1077 1202 1115 1239 in
1139 1203 1277 1239 eodem
1296 1210 1479 1251 tempore,

421 1258 482 1294 vel
511 1270 579 1305 per
605 1257 706 1293 idem
743 1256 904 1305 spatium
933 1256 971 1293 in
1009 1256 1123 1305 duplo
1151 1263 1345 1304 tempore,
1374 1263 1415 1292 ut
1442 1255 1479 1292 in

422 1310 583 1358 septimo
605 1311 624 1330 ²³
644 1309 784 1346 dictum
813 1316 878 1346 est.
910 1310 963 1345 Ita
992 1308 1103 1345 etiarn
1132 1321 1209 1345 non
1234 1307 1419 1355 sequitur,
1450 1308 1479 1344 si

421 1363 559 1398 multae
581 1369 703 1410 guttae
725 1361 908 1398 effodiunt
927 1361 1103 1410 lapidem,
1124 1360 1227 1409 quod
1247 1360 1371 1408 aliqua
1390 1373 1478 1409 pars

421 1415 566 1451 illarum
593 1422 779 1463 guttarum
806 1414 909 1462 prius
938 1413 1140 1450 removerit
1171 1413 1413 1450 medietatem
1440 1414 1479 1450 in

422 1467 548 1515 aliquo
567 1475 751 1515 tempore.
774 1467 822 1503 Et
840 1466 951 1503 huius
966 1466 1059 1502 ratio
1077 1473 1142 1513 est,
1159 1465 1245 1514 quia
1265 1465 1354 1502 illud
1374 1466 1478 1515 quod

422 1527 638 1556 removetur
665 1532 686 1556 a
714 1519 836 1568 lapide
869 1531 937 1567 per
969 1519 1104 1555 multas
1141 1525 1281 1566 guttas,
1317 1525 1371 1554 est
1399 1519 1478 1568 qui-

387 1589 393 1600 ‚
422 1572 509 1609 dem
527 1573 545 1592 ²¹²
562 1572 744 1609 divisibile
772 1572 810 1608 in
828 1572 951 1620 plura3
977 1572 1044 1608 sed
1062 1579 1189 1607 tamen
1208 1583 1286 1607 non
1305 1583 1477 1609 seorsum

421 1624 559 1672 aliquid
586 1625 735 1660 illorum
763 1624 927 1672 plurium
956 1636 977 1660 a
1005 1623 1130 1672 lapide
1158 1631 1388 1671 removetur,
1409 1625 1476 1662 sed

420 1677 529 1713 simul
567 1689 700 1713 omnes
736 1684 879 1724 partes,
909 1684 1022 1725 prout
1050 1683 1135 1713 sunt
1162 1676 1199 1712 in
1236 1678 1404 1725 potentia
1438 1678 1476 1715 in

419 1737 497 1766 toto
527 1736 686 1766 remoto.
708 1730 756 1765 Et
783 1729 946 1778 loquitur
974 1729 1034 1765 hic
1061 1729 1108 1766 de
1133 1729 1257 1777 primo
1287 1731 1391 1777 quod
1420 1743 1475 1767 re-

419 1790 609 1819 movetur:
639 1781 728 1818 nihil
758 1782 858 1818 enim
885 1781 1061 1830 prohibet
1087 1793 1155 1830 per
1185 1782 1204 1802 ⁹²
1228 1782 1475 1832 longinquum

419 1842 568 1883 tempus
587 1834 750 1882 aliquam
779 1842 857 1871 tam
877 1846 1055 1882 magnam
1085 1834 1329 1882 quantitatem
1351 1847 1474 1872 remo-

418 1887 498 1923 veri
518 1899 540 1923 a
567 1887 690 1936 lapide
708 1899 777 1935 per
795 1893 926 1934 guttas,
948 1886 1051 1935 quod
1071 1886 1195 1935 aliqua
1213 1898 1301 1935 pars
1329 1895 1474 1924 remota

420 1947 474 1976 est
500 1939 602 1988 prius
629 1952 698 1988 per
715 1947 862 1988 partem
890 1945 1095 1987 guttarum:
1125 1946 1180 1975 est
1203 1947 1331 1977 tamen
1360 1942 1473 1979 deve-

419 1991 498 2028 nire
527 1992 575 2029 ad
604 1992 758 2041 aliquod
786 1999 968 2040 quantum
998 1999 1195 2038 remotum,
1222 1993 1325 2040 quod
1353 2000 1474 2030 totum

419 2044 527 2080 simul
556 2051 782 2090 removetur,
804 2051 840 2080 et
858 2056 937 2080 non
963 2056 1051 2093 pars
1069 2051 1156 2092 post
1173 2051 1332 2092 partem.
1355 2047 1397 2082 In
1417 2058 1472 2082 re-

418 2096 585 2134 motione
615 2109 703 2144 ergo
723 2096 818 2132 illius
837 2096 959 2143 totius,
981 2096 1081 2133 nulla
1109 2102 1295 2143 guttarum
1321 2110 1473 2146 praece—

420 2149 588 2186 dentium
616 2149 755 2197 aliquid
783 2149 1017 2196 removebat,
1047 2148 1114 2185 sed
1143 2148 1367 2197 disponebat
1394 2158 1474 2187 tan-

418 2209 499 2238 tum
519 2202 567 2239 ad
587 2204 851 2238 remotionem:
880 2201 1009 2237 ultima
1037 2208 1163 2237 autem
1188 2201 1262 2248 agit
1280 2202 1319 2238 in
1337 2202 1472 2239 virtute

420 2254 604 2301 omnium,
635 2254 870 2291 removendo
899 2253 936 2290 id
970 2253 1018 2290 ad
1052 2253 1155 2289 cuius
1188 2254 1439 2291 remotionem
1461 2255 1474 2281 ς

419 2313 562 2343 ceterae
583 2306 843 2355 disponebant.
860 2307 909 2342 Et
927 2305 1094 2342 similiter
1109 2305 1220 2342 etiam
1240 2314 1295 2343 est
1308 2307 1346 2343 in
1365 2315 1474 2344 motu

420 2358 686 2396 diminutionis.
708 2360 798 2395 Non
819 2366 873 2395 est
898 2358 999 2395 enim
1028 2358 1283 2395 necessarium
1311 2360 1415 2407 quod
1444 2360 1474 2396 si

419 2411 558 2458 aliquid
579 2412 757 2448 decrescit
775 2418 920 2448 tantum
940 2411 978 2447 in
997 2418 1099 2447 tanto
1115 2418 1298 2459 tempore,
1315 2412 1400 2449 licet
1414 2412 1474 2449 illa

419 2464 602 2511 quantitas
630 2464 667 2501 in
695 2464 884 2501 infinitum
909 2463 1107 2509 dividatur,
1135 2464 1239 2511 quod
1263 2477 1415 2513 semper
1434 2465 1472 2502 in

418 2516 582 2563 qualibet
595 2524 699 2565 parte
711 2517 892 2564 temporis
903 2516 1041 2564 aliquid
1052 2516 1146 2552 illius
1158 2517 1370 2564 quantitatis
1386 2519 1473 2554 sub-

417 2576 575 2605 tractum
591 2570 700 2606 abeat
713 2570 749 2615 *3
771 2569 836 2606 sed
852 2577 971 2605 toturn
993 2569 1103 2605 simul
1123 2568 1324 2617 aliquando
1345 2570 1471 2607 abibit.

418 2622 466 2658 Et
480 2621 644 2658 similiter
659 2621 769 2658 etiam
785 2629 839 2658 est
853 2622 892 2658 in
906 2629 1120 2669 augmento.
1138 2621 1187 2657 Et
1201 2622 1253 2658 sic
1267 2635 1345 2659 non
1360 2635 1473 2672 opor-

417 2681 468 2710 tet
491 2674 594 2722 quod
623 2674 796 2711 continue
825 2673 964 2723 aliquid
993 2681 1172 2721 augeatur
1189 2675 1251 2711 vel
1270 2675 1471 2712 minuatur.

471 2727 506 2763 6.
528 2727 674 2763 Deinde
703 2739 790 2763 cum
811 2727 914 2764 dicit:
935 2727 1111 2763 Similiter
1129 2732 1252 2763 autem
1272 2733 1306 2763 et
1329 2728 1365 2764 in
1386 2728 1473 2765 alte-

418 2780 560 2815 ratione
575 2787 656 2826 etc.,
670 2779 887 2816 contradicit
904 2779 1117 2827 praedictae
1128 2780 1148 2800 *
1162 2779 1339 2828 positioni
1355 2793 1473 2828 quan-

301 2852 315 2867 0
350 2852 381 2867 ‚0
418 2839 497 2867 turn
527 2831 575 2868 ad
603 2832 876 2878 alterationem3
908 2839 943 2868 et
969 2832 1043 2868 hoc
1071 2831 1188 2868 tribus
1214 2832 1419 2870 rationibus
1439 2836 1470 2870 ⁴⁹.

419 2884 546 2920 Primo
576 2884 677 2920 enim
698 2884 784 2921 dicit
803 2885 906 2932 quod
935 2884 1101 2921 similiter
1129 2885 1332 2922 dicendum
1361 2894 1416 2923 est
1434 2886 1471 2923 in

327 2955 337 2970 c
354 2964 359 2970 .
418 2935 582 2984 qualibet
596 2937 822 2983 alteratione,
835 2937 928 2973 sicut
943 2937 1084 2974 dictum
1100 2945 1154 2974 est
1166 2939 1185 2959 ²³⁴
1200 2937 1239 2974 in
1253 2946 1469 2986 augmento.

420 2988 606 3034 Quamvis
627 2989 725 3025 enim
754 3001 890 3037 corpus
909 2990 1012 3038 quod
1032 2990 1217 3037 alteratur,
1239 2990 1284 3027 sit
1301 2991 1470 3039 partibile

418 3039 456 3076 in
475 3040 674 3087 infinitum,
691 3053 768 3077 non
788 3049 915 3078 tamen
935 3049 1082 3089 oportet
1102 3043 1206 3091 quod
1223 3051 1378 3091 propter
1396 3045 1471 3081 hoc

296 3112 309 3127 0
352 3113 391 3127 ι».-
419 3093 585 3129 alteratio
601 3093 637 3129 in
653 3093 839 3130 infinitum
862 3093 1060 3141 dividatur,
1072 3094 1122 3130 ita
1137 3095 1302 3132 scilicet*
1312 3096 1417 3145 quod
1433 3097 1469 3133 in

355 3147 361 3154 ‘
419 3145 582 3193 qualibet
596 3153 699 3194 parte
715 3146 895 3194 temporis
911 3145 1050 3193 aliquid
1065 3147 1290 3184 alterationis
1303 3149 1385 3195 fiat;
1402 3150 1469 3186 sed

417 3198 605 3234 multoties
625 3199 666 3235 fit
684 3198 796 3234 velox
822 3197 1002 3245 alteratiO,
1023 3199 1071 3235 ita
1091 3199 1229 3236 scilicet
1249 3201 1352 3248 quod
1372 3202 1469 3238 mul-

417 3257 475 3286 tae
504 3258 626 3298 panes
647 3251 813 3299 corporis
841 3251 982 3287 alterati
1006 3251 1116 3288 simul
1145 3252 1356 3301 alterantur,
1378 3253 1471 3291 sicut

419 3302 549 3340 accidit
564 3303 600 3339 in
617 3303 834 3341 densatione
850 3304 928 3340 sive
949 3303 1205 3351 congelatione
1221 3317 1353 3353 aquae.
1370 3307 1470 3343 Tota

471 3434 492 3463 ε)
513 3434 658 3466 dispositio.
672 3449 688 3453 -
707 3434 801 3460 divisio
820 3435 1065 3466 AlKMQTVXYab,
1080 3436 1174 3461 divisio
1194 3436 1234 3461 vel
1251 3436 1345 3462 divino
1365 3438 1416 3470 pL,
1431 3438 1471 3463 di-

419 3469 483 3493 m'sio
501 3469 544 3493 αι’.
564 3469 700 3501 dispositio
718 3471 750 3500 S,
769 3470 808 3495 vel
827 3470 963 3501 dispositio
982 3479 1071 3503 margo
1090 3471 1121 3496 K.

1536 423 1683 463 partem
1720 415 1775 462 (si
1806 422 1934 452 tamen
1966 415 2169 463 accipiatur
2202 417 2364 453 multum
2402 417 2449 454 de
2478 429 2595 466 aqua,

1537 467 1627 504 nihil
1641 467 1818 516 prohibet
1835 474 1983 516 partem
1998 475 2084 516 post
2097 475 2244 516 partem
2265 469 2516 516 congelari).-
2528 471 2596 507 Est

1537 527 1665 557 autem
1695 519 2026 567 considerandum,
2051 520 2155 568 quod
2183 520 2258 557 hoc
2285 522 2390 569 quod
2417 521 2477 558 hic
2505 522 2594 559 dici-

1536 579 1596 609 tur
1615 572 1661 609 de
1682 572 1899 609 alteratione
1920 579 1956 609 et
1975 579 2190 620 augmentO,
2210 572 2360 609 videtur
2379 574 2595 611 contrariari

1536 624 1580 661 iis
1607 637 1706 674 quae
1736 625 1833 662 dicta
1861 632 1947 662 sunt
1974 624 2012 661 in
2041 632 2145 662 sexto
2167 626 2199 672 ²⁵,
2223 625 2289 662 ubi
2317 632 2512 663 ostensum
2540 634 2596 664 est

1537 677 1642 725 quod
1669 684 1796 714 motus
1817 677 1994 715 dividitur
2012 677 2224 714 secundum
2253 677 2479 715 divisionem
2500 685 2594 716 tem-

1535 730 1639 778 poris
1668 736 1703 766 et
1731 730 1880 767 mobilis
1910 738 1945 767 et
1973 730 2024 767 rei
2053 731 2264 767 secundum
2284 742 2400 779 quarn
2429 737 2485 767 est
2511 743 2594 769 mo-

1536 789 1606 819 tus.
1629 782 1705 818 Sed
1733 782 1931 820 sciendum
1958 789 2012 819 est
2039 782 2145 831 quod
2176 782 2395 820 Aristoteles
2422 783 2461 820 in
2490 791 2594 822 sexto

1537 834 1812 871 determinabat
1840 835 1887 872 de
1924 843 2031 872 motu
2059 835 2098 872 in
2126 835 2343 883 communi,
2371 847 2450 872 non
2478 837 2595 885 appli-

1537 888 1659 924 cando
1689 887 1738 923 ad
1765 887 1891 935 aliqua
1910 887 2080 934 mobilia;
2111 895 2146 924 et
2164 888 2251 925 ideo
2281 900 2325 925 ea
2354 900 2451 937 quae
2474 888 2594 926 ibide

1537 946 1644 976 motu
1671 939 1852 986 tractavit,
1873 939 2092 988 accipienda
2111 948 2197 977 sunt
2215 941 2425 978 secundum
2446 941 2595 989 exigen-

1535 992 1627 1029 tiam
1656 991 1908 1029 continuitatis
1936 999 2078 1029 motus:
2109 992 2169 1029 hic
2197 1000 2330 1030 autem*
2351 993 2517 1041 loquitur
2545 994 2593 1032 de

1536 1052 1655 1091 motu,
1672 1044 1896 1093 applicando
1917 1044 1966 1081 ad
1995 1044 2242 1082 determinata
2260 1045 2426 1092 mobilia,
2446 1046 2485 1083 in
2513 1047 2594 1095 qui-

1535 1098 1606 1134 bus
1635 1097 1815 1145 contingit
1833 1097 1998 1146 aliquem
2027 1104 2176 1134 motum
2201 1097 2422 1146 interrumpi
2451 1105 2488 1134 et
2514 1111 2594 1136 non

1536 1150 1764 1198 continuari,
1795 1150 1858 1198 qui
1887 1148 2098 1186 secundum
2126 1149 2311 1187 rationem
2345 1162 2593 1188 communem

1534 1210 1661 1240 motus
1688 1209 1818 1252 posset
1846 1213 1927 1239 esse
1956 1202 2167 1239 continuus.

1587 1268 1623 1304 7.
1655 1255 1871 1292 Secundam
1891 1255 2076 1292 rationem
2096 1254 2204 1303 ponit
2225 1254 2293 1292 ibi:
2312 1254 2484 1303 Amplius
2506 1267 2592 1293 cum

1533 1308 1744 1356 infirmetur
1771 1308 1905 1356 aliquis
1924 1315 1992 1344 etc.
2014 1308 2062 1344 Et
2091 1307 2178 1344 dicit
2197 1307 2302 1356 quod
2326 1307 2356 1344 si
2376 1307 2508 1356 aliquis
2527 1309 2592 1357 qui

1533 1361 1754 1408 infirmatur,
1772 1360 1909 1397 debeat
1936 1360 2071 1408 sanari,
2091 1371 2246 1397 necesse
2275 1366 2330 1397 est
2352 1360 2457 1409 quod
2485 1373 2591 1399 sane-

1531 1421 1592 1450 tur
1619 1413 1658 1450 in
1685 1413 1811 1462 aliquo
1840 1419 2034 1462 tempore,
2065 1420 2101 1450 et
2127 1424 2206 1449 non
2234 1412 2272 1449 in
2306 1413 2468 1450 termino
2496 1420 2590 1451 tem-

1530 1466 1645 1515 poris.
1667 1467 1716 1502 Et
1743 1477 1897 1503 necesse
1927 1473 1982 1502 est
2008 1465 2161 1503 ulterius
2193 1465 2296 1514 quod
2324 1465 2405 1514 ipsa
2433 1466 2591 1503 mutatio

1532 1519 1735 1556 sanationis
1754 1518 1883 1556 tendat
1901 1518 1940 1555 in
1955 1518 2247 1555 determinatum
2266 1518 2590 1566 terminum,scili-

1532 1579 1590 1608 cet
1608 1571 1646 1608 in
1666 1571 1876 1618 sanitatem,
1890 1578 1925 1608 et
1943 1571 1981 1608 in
1996 1571 2086 1608 nihil
2106 1571 2218 1608 aliud.
2241 1570 2303 1608 Sic
2318 1572 2338 1590 ⁴*
2355 1582 2442 1619 ergo
2464 1571 2589 1609 omnis

1531 1624 1698 1661 alteratio
1727 1624 1880 1673 requirit
1908 1624 2199 1661 determinatum
2223 1630 2374 1672 tempus
2404 1631 2439 1660 et
2468 1624 2589 1662 deter-

1531 1677 1717 1714 minatum
1746 1676 1949 1714 terminum
1978 1677 2090 1725 (quia
2118 1676 2244 1714 omnis
2272 1676 2439 1713 alteratio
2468 1683 2524 1714 est
2550 1677 2590 1715 in

1531 1729 1772 1776 contrarium,
1788 1737 1830 1766 ut
1843 1729 1881 1766 in
1897 1729 2027 1778 quinto
2040 1731 2060 1751 Ξ*
2076 1729 2217 1767 dictum
2234 1731 2320 1776 est):
2341 1729 2443 1765 nulla
2461 1737 2589 1768 autem

1529 1782 1609 1819 talis
1638 1782 1797 1819 mutatio
1835 1789 1890 1818 est
1922 1794 2074 1830 semper
2108 1782 2306 1819 continua:
2342 1781 2467 1818 dicere
2501 1795 2589 1831 ergo

1528 1834 1633 1884 quod
1669 1834 1809 1883 aliquid
1837 1846 1986 1882 semper
2018 1842 2055 1871 et
2092 1835 2269 1873 continue
2308 1835 2503 1883 alteretur,
2534 1843 2590 1873 est

1528 1887 1698 1925 dubitare
1728 1886 1775 1923 de
1803 1886 2022 1923 manifestis.

1582 1941 1616 1977 8.
1638 1940 1808 1976 Tertiam
1828 1938 2013 1976 rationem
2031 1938 2140 1987 ponit
2158 1938 2227 1976 ibi:
2255 1939 2377 1988 Atque
2403 1940 2496 1988 lapis
2515 1947 2586 1977 etc.

1527 1994 1576 2029 Et
1592 1993 1612 2014 *
1627 1992 1713 2029 dicit
1732 1991 1837 2041 quod
1864 1991 1958 2040 lapis
1985 2004 2063 2028 non
2090 1992 2133 2028 fit
2159 2003 2284 2040 neque
2304 1992 2434 2030 durior
2461 2005 2586 2041 neque

1529 2045 1689 2093 mollior,
1702 2045 1816 2082 etiam
1834 2056 1903 2092 per
1922 2044 2103 2093 temporis
2131 2044 2459 2092 longinquitatem:
2482 2052 2518 2082 et
2535 2045 2588 2082 sic

1530 2099 1684 2135 stultum
1705 2105 1759 2134 est
1779 2097 1902 2134 dicere
1922 2097 2027 2145 quod
2056 2097 2186 2133 omnia
2205 2109 2356 2146 semper
2374 2099 2586 2135 alterentur.

1583 2163 1618 2198 9.
1648 2149 1797 2186 Deinde
1827 2161 1913 2186 cum
1944 2149 2050 2186 dicit:
2078 2150 2130 2186 Et
2154 2150 2357 2186 secundum
2384 2151 2486 2199 quod
2501 2151 2588 2199 ser-

1529 2208 1590 2238 tur
1609 2209 1690 2249 etc.,
1708 2201 1925 2238 contradicit
1942 2201 2156 2250 praedictae
2174 2203 2193 2223 ’³‘
2214 2202 2384 2251 opinioni
2403 2210 2587 2252 quantum
2613 2213 2623 2224 ’

1529 2255 1577 2291 ad
1605 2262 1754 2291 motum
1787 2255 1968 2302 localem,
2000 2254 2205 2303 dupliciter.
2245 2255 2373 2292 Primo
2411 2255 2586 2304 quidem,

1529 2307 1617 2355 quia
1645 2307 1758 2356 aliqui
1786 2314 1913 2343 motus
1940 2307 2079 2344 locales
2100 2314 2135 2343 et
2153 2307 2297 2355 quietes
2324 2307 2375 2344 ita
2394 2316 2480 2345 sunt
2506 2320 2588 2345 ma-

1528 2360 1670 2407 nifesti,
1701 2360 1805 2408 quod
1833 2360 1947 2396 latere
1975 2372 2053 2396 non
2080 2367 2257 2408 possunt:
2286 2360 2456 2398 mirabile
2483 2361 2586 2398 enim

1527 2413 1677 2450 videtur
1708 2412 1738 2449 si
1766 2413 1877 2448 lateat
1906 2412 2059 2461 quando
2087 2412 2182 2460 lapis
2210 2413 2325 2449 fertur
2351 2414 2531 2450 deorsum
2552 2414 2585 2461 ⁸,

1528 2472 1592 2502 aut
1606 2464 1759 2513 quando
1776 2465 1933 2513 quiescit
1951 2464 1989 2501 in
2008 2472 2116 2502 terra.
2138 2466 2188 2502 Et
2206 2465 2259 2501 sic
2278 2477 2355 2502 non
2369 2472 2494 2514 potest
2512 2465 2586 2503 dici

1528 2518 1632 2566 quod
1658 2524 1814 2566 propter
1844 2517 2034 2554 latentiam
2072 2523 2198 2554 motus
2233 2517 2360 2554 localis
2396 2525 2587 2567 ponantur

1528 2571 1658 2607 omnia
1686 2581 1839 2618 semper
1866 2570 2012 2607 moveri
2039 2569 2216 2607 localiter.

1588 2635 1644 2660 10.
1679 2622 1856 2659 Secundo
1894 2622 1966 2659 ibi:
2004 2623 2184 2671 Amplius·
2211 2628 2335 2660 autem
2363 2628 2464 2660 terra
2493 2629 2584 2671 etc.,

1528 2675 1768 2712 ratiocinatur
1790 2675 1854 2711 sic.
1881 2676 2001 2712 Terra
2030 2683 2066 2712 et
2093 2675 2287 2724 quodlibet
2319 2675 2420 2713 aliud
2449 2688 2586 2725 corpus

1527 2729 1710 2772 naturale,
1741 2728 1893 2776 quando
1923 2735 2010 2764 sunt
2028 2727 2066 2764 in
2085 2728 2251 2777 ‘propriis
2279 2728 2371 2765 locis
2392 2730 2427 2776 *,
2449 2741 2494 2766 ex
2522 2740 2586 2766 ne—

1529 2781 1697 2817 cessitate
1712 2787 1868 2817 naturae
1888 2780 2095 2829 quiescunt,
2108 2787 2144 2818 et
2157 2793 2235 2818 non
2256 2781 2530 2819 removentur*
2541 2793 2585 2819 ex

1527 2833 1687 2882 propriis
1706 2833 1797 2870 locis
1816 2833 1886 2870 nisi
1904 2845 1973 2882 per
1990 2833 2227 2871 violentiam:
2257 2834 2322 2871 sed
2343 2834 2585 2872 manifestum

1528 2893 1583 2922 est
1611 2886 1800 2935 quaedam
1829 2897 2033 2934 corporum
2070 2886 2293 2923 naturalium
2323 2899 2404 2924 esse
2432 2887 2470 2924 in
2496 2899 2584 2936 pro-

1526 2938 1616 2987 priis
1636 2939 1744 2976 locis:
1765 2950 1919 2975 necesse
1940 2946 1995 2975 est
2013 2951 2102 2986 ergo
2123 2939 2247 2976 dicere
2267 2939 2370 2988 quod
2394 2940 2583 2988 quaedam

1526 2991 1721 3040 quiescant
1743 2992 1952 3029 secundum
1973 2991 2113 3039 locum,
2139 2999 2175 3028 et
2191 2993 2211 3013 *
2224 2991 2328 3041 quod
2356 3004 2434 3029 non
2454 2991 2582 3030 omnia

1525 3044 1691 3080 localiter
1718 3051 1947 3081 moveantur
1965 3045 1997 3080 ²¹⁵.

1578 3096 1719 3133 Ultimo
1748 3103 1874 3133 autern
1908 3096 2134 3144 epilogando
2164 3096 2368 3144 concludit,
2398 3098 2502 3145 quod
2538 3109 2581 3135 ex

1523 3148 1739 3198 praemissis
1769 3156 1803 3186 et
1832 3148 1910 3186 aliis
1926 3148 2108 3186 similibus
2127 3156 2251 3198 potest
2278 3149 2410 3198 aliquis
2429 3150 2450 3171 *
2469 3150 2580 3199 scire,
2609 3160 2617 3168 ·

1524 3202 1627 3250 quod
1653 3201 1884 3250 impossibile
1913 3209 1968 3238 est
1995 3209 2059 3238 aut
2086 3213 2238 3251 semper
2265 3213 2394 3239 omnia
2416 3203 2579 3252 moveri,

1523 3254 1617 3291 sicut
1636 3254 1724 3290 dixit
1739 3254 1961 3301 Heraclitus,
1974 3261 2037 3291 aut
2056 3266 2207 3303 semper
2226 3254 2355 3292 omnia
2375 3255 2579 3304 quiescere,

1523 3307 1616 3344 sicut
1645 3306 1733 3344 dixit
1760 3308 1866 3344 Zeno
1897 3313 1932 3344 et
1959 3307 2206 3344 Parmenides
2234 3315 2270 3344 et
2297 3307 2484 3346 Melissus.

1578 3438 1602 3471 ζ)
1622 3439 1829 3464 remotionem-
1843 3439 1878 3464 lta
1892 3439 1966 3469 PLS,
1986 3447 2075 3472 margo
2094 3439 2117 3464 Η
2134 3444 2159 3464 et
2172 3439 2261 3464 Vener.
2285 3438 2363 3471 15453
2383 3439 2579 3471 dispositionem

1526 3478 1582 3505 cet„
1595 3479 1612 3498 a
1621 3473 1636 3498 b
1653 3479 1678 3499 et
1692 3474 1782 3499 Venet.
1801 3473 1963 3506 1504.—Lin.
1973 3482 2029 3508 seq.
2038 3474 2160 3500 similiter
2173 3481 2227 3500 om.
2240 3474 2421 3505 AIKQTXYa,
2434 3474 2518 3500 simile
2531 3473 2560 3499 Β.

1093 3567 1582 3596 -Ἃῆᾗ-

2620 636 2631 647 ⁸
2646 635 2708 657 Lect.
2720 641 2752 657 vr.

2616 1581 2702 1604 ²51».

2617 1740 2626 1750 ·
2641 1739 2812 1769 Leet.tv,n.5.

2614 2004 2623 2014 '
2638 2003 2671 2025 Et
2681 2009 2728 2026 om.
2739 2009 2827 2031 rma

2613 2030 2709 2052 unroh.

2637 2212 2708 2236 Num.
2717 2219 2740 2240 4.

2612 2416 2824 2440 uun-neoda&
2861 2435 2864 2436 γ

2612 2443 2668 2492 tegit.
2680 2449 2729 2467 exe.
2743 2450 2771 2471 P;
2791 2443 2822 2466 cr.

2613 2735 2622 2744 ·
2637 2733 2696 2756 Iocis
2709 2740 2824 2758 omum«

2611 2766 2687 2789 πηνα
2700 2763 2722 2783 et
2736 2767 2760 2783 a.

2611 2796 2622 2806 '
2631 2795 2810 2818 movetur-1²05.

2609 3005 2619 3015 ⁶
2629 3006 2677 3026 et...
2684 3006 2822 3028 nom

2609 3036 2659 3053 om.
2665 3036 2822 3054 Am·

2609 3067 2618 3075 ‘
2633 3067 2754 3088 norman·
2765 3065 2824 3088 mh.
