2898 3996
1186 305 1296 341 CAP.
1327 304 1394 350 lv,
1425 304 1573 341 LECT.
1603 306 1670 342 vu

2438 310 2506 346 251

1083 509 1382 564 LECTIO
1422 510 1787 566 SEPTIMA

454 661 620 692 ITERUM
642 661 700 691 DE
723 661 916 692 UNlTATE
939 660 1165 691 NUMERICA
1187 660 1337 691 MOTUS
1360 678 1379 684 -
1403 661 1494 692 DUO
1518 662 1602 691 ALII
1626 662 1734 693 MODI
1759 663 2014 694 SECUNDARII
2038 665 2239 695 UNITATIS
2262 665 2410 697 MOTUS

342 771 438 806 Ἐπεὶ
470 769 507 804 δὲ
537 772 678 817 συνεχής
711 772 807 803 πᾶσα
837 773 982 811 κίνησις,
1016 771 1080 807 την
1113 783 1150 803 τε
1179 772 1291 808 ἁπλῶς
1322 775 1400 815 μίαν

416 816 546 862 ἀνάγκη
570 819 628 847 καὶ
653 815 776 859 συνεχῆ
801 811 900 855 εἶναι,
919 817 1009 858 εἴπερ
1035 816 1132 847 πᾶσα
1156 810 1325 860 διαιρετή,
1344 819 1401 848 καὶ

412 861 441 892 εἱ
465 858 625 905 συνεχής,
651 861 724 901 μία.
757 856 803 889 Οὐ
827 857 892 904 γοὶρ
922 860 1018 890 πᾶσα
1045 857 1171 905 γένοιτ’
1201 859 1238 892 ἂν
1263 860 1403 904 συνεχής

413 903 528 946 παίσῃ,
559 902 667 946 ὥσπερ
697 897 768 933 οὐδ’
799 901 881 933 ἄλλο
908 899 1004 935 οὐδέν
1037 904 1083 944 τῷ
1115 905 1256 948 τυχόντι
1281 904 1322 935 τὸ
1347 916 1403 936 τυ-

411 945 486 991 χόν,
507 945 579 979 ἀλλ’
602 945 684 977 ὅσων
711 946 743 976 ἓν
770 946 818 978 τοὶ
842 946 877 978 ἕσ
906 957 989 979 ατα.
1010 947 1171 991 Ἕσχατα
1195 943 1232 979 δὲ
1257 948 1321 980 τῶν
1344 948 1402 991 μὲν

412 988 471 1021 οὐκ
497 990 584 1032 ἔστι,
604 991 670 1022 τῶν
695 985 724 1020 δ’
746 990 836 1022 ἐστὶν
886 991 951 1022 λλα
976 992 1024 1032 τῷ
1050 992 1129 1025 εἴδει
1153 993 1212 1023 καὶ
1231 990 1401 1035 ὁμώνυμα·

411 1035 480 1072 πῶς
504 1035 568 1081 γοὶρ
596 1032 634 1066 ὀὲν
662 1032 787 1077 ἅψαιτο
811 1033 831 1070 ἦ
855 1035 888 1067 ἓν
913 1033 1048 1080 γένοιτο
1066 1037 1107 1070 τὸ
1126 1035 1273 1079 ἔσχατον
1298 1047 1404 1080 γραμ-

411 1078 476 1122 μῆς
500 1080 558 1110 καὶ
591 1073 774 1118 βαδίσεως;
801 1077 983 1124 Ἐχόμεναι
1012 1079 1072 1122 μέν
1103 1077 1158 1112 οὖν
1183 1076 1246 1110 εἷεν
1278 1077 1316 1110 ἄν
1346 1080 1405 1110 καὶ

413 1125 447 1154 αἱ
472 1123 519 1165 μή
546 1120 653 1155 αὐταὶ
678 1122 725 1162 τῷ
750 1117 843 1163 εἴδει,
869 1118 955 1166 μηδὲ
980 1124 1026 1163 τῷ
1051 1124 1153 1171 γένει·
1180 1118 1313 1167 δραμών
1339 1123 1403 1168 γαρ

414 1166 452 1198 ἄν
478 1179 529 1204 τις
555 1166 722 1211 πυρέξειεν
747 1165 856 1207 εὐθύς,
882 1167 940 1198 καὶ
966 1167 1033 1198 οἷον
1060 1170 1080 1205 ἢ
1104 1167 1245 1212 λαμπάς
1271 1167 1306 1198 ἐκ.
1331 1162 1406 1198 δια-

411 1205 517 1255 δοχῆς
539 1210 625 1254 φορά
649 1209 810 1255 ἐχομένη,
837 1210 977 1255 συνεχής
1002 1205 1030 1241 δ’
1053 1213 1101 1244 οὔ.
1128 1214 1249 1243 Κεῖται
1273 1210 1338 1256 γάρ
1364 1210 1405 1242 τό

411 1253 559 1300 συνεχές,
578 1255 620 1286 ὦν
638 1256 686 1286 τα
703 1254 839 1299 ἔσχατα
859 1253 904 1287 ἕν.
925 1255 1019 1288 “Ὠστ’
1041 1256 1188 1302 ἐχόμενα
1210 1256 1268 1286 καὶ
1288 1254 1404 1299 ἑφεξῆς

411 1299 474 1329 εἰσὶ
499 1300 546 1340 τῷ
572 1298 631 1331 τόν
656 1298 774 1343 χρόνον
797 1296 883 1330 εἶναι
899 1298 1036 1343 συνεχῆ,
1055 1303 1200 1344 συνεχεῖς
1219 1294 1256 1331 δὲ
1273 1301 1320 1340 τῷ
1343 1298 1405 1335 τοίς

410 1341 568 1380 κινήσεις·
604 1345 711 1375 τοῦτο
745 1338 796 1384 δ’,
832 1342 915 1375 ὅταν
946 1343 979 1374 ἓν
1011 1344 1052 1376 τό
1086 1344 1232 1388 ἔσχατον
1267 1346 1405 1387 γίνηται

414 1384 546 1430 ἀμφοῖν.
578 1387 633 1419 Διό
660 1385 790 1432 ἀνάγκη
816 1386 880 1423 την
907 1387 1017 1423 αὐτην
1050 1385 1134 1419 εἶναι
1160 1389 1206 1428 τῷ
1233 1384 1313 1421 εἴδει
1344 1387 1405 1418 καὶ

413 1430 482 1468 ἑνός
506 1432 564 1463 καὶ
581 1431 614 1462 ἐν
639 1432 686 1462 ἑνὶ
710 1430 816 1476 χρόνῳ
835 1430 897 1466 τήν
918 1433 1032 1469 ἀπλῶς
1049 1433 1172 1477 συνεχῆ
1196 1435 1322 1470 κίνησιν
1347 1432 1406 1462 καὶ

411 1476 505 1516 μίαν·
531 1476 579 1516 τῷ
605 1474 711 1519 χρόνῳ
735 1474 815 1518 μέν,
843 1473 931 1512 ὅπως
956 1475 1002 1519 μή
1029 1477 1185 1512 ἀκινησία
1210 1475 1342 1519 μεταξύ
1368 1472 1403 1516 ᾗ·

413 1516 446 1549 ὲν
472 1520 519 1559 τῷ
544 1514 756 1551 διαλείποντι
780 1519 844 1564 γάρ
869 1519 1001 1563 ἠρεμεῖν
1029 1519 1172 1565 ἀνάγκη.
1199 1522 1324 1552 Πολλαὶ
1349 1518 1405 1550 οὖν

411 1563 470 1593 καὶ
495 1562 533 1593 οὗ
558 1565 619 1606 μία
635 1563 656 1599 ἡ
673 1565 810 1603 κίνησις,
833 1563 874 1594 ὦν
894 1563 984 1595 ἐστιν
1003 1563 1123 1608 ἠρεμία
1140 1564 1283 1608 μεταξύ.
1304 1564 1405 1595 ’Ὥστε

413 1607 443 1636 εἴ
467 1617 517 1643 τις
540 1610 664 1643 κίνησις
690 1606 810 1638 στάσει
837 1602 1131 1651 διαλαμβάνεται,
1158 1607 1196 1639 οὐ
1221 1611 1300 1652 μία,
1329 1601 1407 1639 οὐδὲ

413 1649 567 1694 συνεχής·
593 1645 870 1693 διαλαμβάνεται
894 1647 949 1692 δέ,
977 1652 1005 1682 εἰ
1029 1651 1159 1695 μεταξύ
1184 1652 1313 1696 χρόνος.
1340 1651 1406 1688 Τῆς

413 1688 452 1724 δὲ
475 1695 523 1734 τῷ
550 1689 630 1725 εἴδει
661 1694 707 1737 μή
738 1695 815 1737 μιᾶς
847 1695 904 1736 οὕ,
937 1696 996 1726 καὶ
1021 1696 1048 1726 εἰ
1073 1695 1118 1739 μή
1144 1691 1361 1728 διαλείπεται
1390 1695 1405 1726 ό

412 1737 543 1781 χρόνος·
571 1739 587 1769 ὁ
613 1738 672 1782 μὲν
697 1738 760 1783 γάρ
785 1738 902 1783 χρόνος
927 1739 984 1779 εἷς,
1010 1740 1056 1780 τῷ
1083 1735 1161 1770 εἴδει
1187 1736 1214 1770 δ’
1237 1741 1257 1775 ’ή
1283 1742 1407 1776 κίνησις

415 1782 516 1818 ἄλλη·
542 1782 606 1817 τῆν
632 1781 691 1826 μὲν
716 1781 780 1827 γαρ
805 1785 884 1825 μίαν
911 1783 1041 1828 ἀνάγκη
1066 1785 1124 1815 καὶ
1150 1784 1197 1824 τῷ
1223 1778 1302 1814 εἴδει
1325 1785 1405 1825 μίαν

332 1829 353 1848 ⁸
413 1822 512 1866 εἶναι,
532 1825 664 1866 ταύτην
690 1820 717 1856 δ’
741 1827 854 1863 ἁπλῶς
881 1824 966 1858 εἶναι
989 1829 1068 1869 μίαν
1094 1827 1154 1858 οὐκ
1181 1826 1324 1873 ἀνάγκη.
1352 1828 1405 1863 Τίς

413 1869 472 1914 μὲν
499 1868 555 1901 οὖν
579 1872 703 1907 κίνησις
732 1870 847 1908 ἁπλῶς
872 1873 947 1913 μία,
973 1873 1117 1912 εἴρηται.

338 2037 417 2071 Ἔτι
445 2033 482 2069 δὲ
501 2037 644 2084 λέγεται
669 2041 731 2083 μία
754 2041 811 2070 καὶ
838 2040 858 2075 ἡ
884 2039 1025 2081 τέλειος,
1049 2039 1107 2072 ἑάν
1133 2051 1171 2071 τε
1195 2039 1290 2072 κατά
1313 2038 1408 2085 γένος

415 2080 474 2114 &civ
500 2095 538 2115 τε
562 2081 642 2115 κατ’
664 2080 750 2119 εἶδος
776 2081 798 2125 ’ᾗ
823 2082 881 2115 ἑάν
907 2095 945 2116 τε
969 2082 1045 2116 κατ’
1073 2084 1201 2124 οὐσίαν,
1222 2083 1329 2127 ὥσπερ
1349 2084 1407 2115 καὶ

414 2126 469 2158 ἐπὶ
487 2127 553 2158 τῶν
573 2126 682 2159 ἄλλων
702 2126 743 2158 τὸ
760 2126 890 2158 τέλειον
906 2129 964 2159 καὶ
986 2126 1061 2159 ὅλον
1079 2129 1141 2160 τοῦ
1160 2127 1242 2164 ἑνός.
1258 2127 1357 2160 Ἔστι
1373 2123 1404 2158 δ’

415 2168 472 2202 ὅτε
496 2169 558 2202 κᾶν
578 2169 701 2208 ἀτελής
720 2169 742 2213 ᾗ
761 2172 824 2214 μία,
839 2170 996 2216 λέγεται,
1015 2169 1073 2203 ἑοὶν
1094 2170 1231 2214 ᾕμόνον
1249 2170 1403 2215 συνεχής.

340 2257 418 2290 ’Έτι
442 2252 473 2288 δ’
495 2257 601 2295 ἄλλως
628 2258 722 2301 παραὶ
747 2258 809 2295 τοὶς
835 2257 1008 2302 εἰρημένας
1032 2258 1174 2304 λέγεται
1198 2261 1258 2301 μία
1282 2260 1406 2295 κίνησις

361 2295 366 2301 ’
415 2302 436 2338 ἡ
463 2301 604 2344 ὁμαλής.
628 2302 669 2332 Ἡ
692 2303 756 2347 γάρ
783 2301 959 2346 ἀνώμαλος
986 2302 1076 2334 ἔστιν
1100 2304 1142 2340 ὠς
1168 2303 1206 2334 οὗ
1223 2298 1316 2334 δοκεῖ
1330 2305 1405 2344 μία,

416 2343 507 2378 ἀλλά
527 2347 655 2389 μᾶλλον
681 2348 701 2382 η
730 2345 874 2390 ὁμαλῆς,
893 2346 1002 2390 ὥσπερ
1021 2347 1041 2382 ἡ
1059 2344 1183 2378 εὐθεῖα·
1203 2347 1223 2382 ἢ
1241 2347 1305 2391 γάρ
1325 2345 1408 2380 ἀνώ-

414 2391 521 2433 μαλος
552 2385 720 2434 ὃιαιρετή.
747 2391 858 2422 Ἔοικε
883 2385 922 2421 δὲ
945 2386 1109 2434 διαφέρειν
1139 2392 1180 2428 ὠς
1205 2391 1245 2423 τό
1278 2392 1406 2435 μᾶλλον

414 2435 472 2465 καὶ
499 2433 620 2471 ἧττον.

339 2476 439 2510 Ἔστι
464 2472 494 2508 δ’
523 2478 556 2509 ὲν
588 2477 705 2520 ἀποίσῃ
733 2476 862 2514 κινήσει
892 2477 934 2510 τὸ
964 2478 1096 2521 ὁμαλῶς
1122 2477 1143 2515 ἦ
1168 2477 1229 2522 μή·
1260 2480 1319 2509 καὶ
1343 2478 1407 2524 γάρ

415 2521 454 2554 ἆίν
482 2519 655 2554 ἀλλοιοῖτο
682 2522 828 2565 ὁμαλῶς,
854 2523 912 2553 καὶ
937 2521 1070 2565 φέροιτο
1097 2522 1143 2564 ἐφ’
1170 2523 1314 2566 ὁμαλοῦ,
1341 2524 1408 2554 οἷον

413 2565 536 2598 κύκλου
555 2564 576 2603 ἦ
594 2565 736 2607 εὐθείας,
749 2567 807 2597 καὶ
824 2567 898 2610 περὶ
917 2565 1020 2606 αὔξην
1038 2565 1199 2603 ὡσαύτως
1214 2568 1273 2598 καὶ
1288 2565 1406 2610 φθίσιν.

343 2654 560 2697 Ἀνωμαλίας
584 2648 615 2684 δ’
636 2650 709 2686 ἐστὶ
725 2649 871 2698 διαφορά.
888 2653 1022 2698 ὁτὲμὲν
1041 2650 1088 2697 ἐφ’
1110 2653 1133 2695 ᾧ
1153 2657 1309 2686 κινεῖται·
1330 2649 1410 2685 ἀδό-

415 2708 519 2729 νατον
544 2697 608 2743 γάρ
635 2697 767 2741 ὁμαλήν
792 2694 877 2729 εἶναι
903 2697 967 2734 τήν
991 2699 1117 2734 κίνησιν
1138 2698 1186 2740 μή
1212 2698 1266 2730 ἐπὶ
1293 2698 1408 2741 ὁμαλῷ

441 2739 568 2786 εγέθει,
603 2741 670 2772 οἷον
700 2742 720 2777 ἦ
746 2742 810 2778 τῆς
838 2740 1064 2785 κεκλασμένης
1094 2743 1218 2779 κίνησις
1252 2741 1273 2778 ἦ
1298 2743 1318 2777 ἢ
1345 2742 1407 2778 τῆς

412 2786 519 2822 ελικος
544 2782 565 2820 ἦ
593 2784 695 2816 ἄλλου
720 2783 892 2830 μεγέθους,
914 2785 956 2815 ὢν
982 2784 1028 2828 μη
1053 2783 1258 2829 ἐφαρμόττει
1287 2786 1328 2817 τό
1353 2797 1409 2816 τυ-

415 2828 476 2872 χόν
503 2826 556 2860 ἐπὶ
583 2828 624 2861 τό
655 2829 758 2873 τυχὸν
787 2828 897 2872 μέρος.
926 2828 1005 2860 Ὀτὲ
1029 2824 1066 2860 δὲ
1091 2829 1170 2860 οὔτε
1197 2829 1230 2860 ἑν
1262 2830 1310 2870 τῷ
1343 2829 1408 2860 ποῦ

418 2870 489 2904 οὔτ’
519 2870 551 2904 ἐν
584 2872 632 2913 τῷ
664 2871 754 2904 ποτὲ
778 2871 857 2904 οὔτε
882 2873 925 2909 εἰς
953 2871 987 2913 ὅ,
1016 2870 1088 2904 ἀλλ’
1117 2873 1150 2904 ἐν
1176 2873 1224 2914 τῷ
1255 2872 1308 2910 ὥς,
1343 2874 1409 2904 Τα-

415 2917 544 2962 χυτῆτι
569 2915 633 2962 γὰρ
658 2918 714 2947 καὶ
740 2911 931 2959 βραδυτῆτι
956 2914 1063 2948 ἐνίοτε
1088 2911 1274 2960 διώρισται·
1295 2915 1333 2953 ἧς
1349 2916 1407 2961 μέν

416 2961 481 3006 γάρ
506 2960 547 2993 τό
574 2960 661 2992 αὐτὸ
686 2958 807 3005 ταχος,
835 2959 979 3004 ὁμαλής·
1004 2959 1042 2998 ἧς
1067 2955 1104 2992 δὲ
1128 2960 1188 3004 μή,
1217 2959 1406 3004 ἀνώμαλος.

350 3081 408 3112 Διὸ
434 3081 493 3112 οὐκ
517 3077 587 3118 εἴδη
612 3079 771 3118 κινήσεως
798 3075 875 3112 οὐδὲ
899 3076 1055 3125 διαφοραὶ
1081 3080 1188 3125 τάχος
1213 3084 1270 3113 καὶ
1288 3077 1410 3124 βραδυ-

416 3123 494 3165 τής,
514 3123 568 3157 ὅτι
589 3123 714 3162 ποίσαις
735 3123 912 3157 ἀκολουθεῖ
928 3129 1003 3163 ταῖς
1021 3120 1191 3169 διαφόροις
1207 3124 1286 3157 κατ’
1306 3121 1405 3164 εἶδος.

410 3166 505 3200 ‘fler’
534 3163 613 3200 οὐδὲ
643 3167 791 3214 βαρύτης
822 3170 881 3200 καὶ
911 3167 1076 3212 κουφότης
1103 3169 1123 3204 ’ἡ
1148 3169 1193 3206 εἱς
1225 3170 1266 3202 τό
1299 3169 1406 3211 αὐτό,

417 3211 486 3243 οἷον
510 3213 572 3258 γῆς
597 3212 677 3256 πρός
703 3212 814 3249 αὐτην
841 3211 862 3248 ἦ
887 3212 987 3256 πυρός
1012 3212 1090 3254 πρὸς
1118 3211 1217 3244 αὑτό.

349 3300 420 3330 Μία
445 3297 503 3342 μὲν
529 3297 584 3329 οὖν
610 3298 631 3335 ἢ
659 3297 834 3342 ἀνώμαλος
861 3299 908 3338 τῷ
933 3297 1087 3342 συνεχής,
1113 3297 1220 3334 ἧττον
1245 3293 1296 3338 δέ,
1326 3298 1405 3342 ὅπερ

417 3343 463 3384 τῇ
487 3341 698 3385 κεκλασμένῃ
722 3343 875 3385 συμαίνει
892 3342 988 3385 φορᾷ·
1007 3342 1049 3373 τό
1069 3338 1097 3373 δ’
1119 3340 1226 3378 ἧττον
1247 3340 1332 3385 μίξις
1355 3343 1406 3374 ἀεὶ

417 3386 480 3418 τοῦ
505 3383 673 3417 ἐναντίου.

349 3430 388 3462 Εἰ
411 3425 448 3461 δὲ
473 3429 588 3461 πᾶσαν
613 3428 677 3465 τήν
702 3430 780 3472 μίαν
807 3423 984 3481 ἐνδέχεται
1008 3430 1064 3459 καὶ
1088 3428 1218 3471 ὁμαλήν
1239 3426 1323 3462 εἶναι
1346 3431 1404 3462 καὶ

416 3472 477 3518 μή,
498 3471 556 3511 οὐκ
583 3471 620 3504 ἂν
647 3474 762 3509 εἴησαν
788 3473 823 3503 αἱ
847 3483 893 3515 μη
918 3469 995 3503 κατ’
1015 3466 1102 3508 εἶδος
1120 3470 1279 3515 ἐχόμεναι
1297 3472 1404 3504 αὐταὶ

415 3520 476 3561 μία
499 3519 556 3549 καὶ
582 3515 734 3561 συνεχής·
762 3516 830 3552 πῶς
854 3515 918 3560 γάρ
944 3513 982 3546 ὀὶν
1007 3517 1056 3552 εἴη
1083 3515 1211 3558 ὁμαλής
1238 3516 1258 3552 ἡ
1285 3516 1319 3556 ἑξ
1346 3517 1406 3548 ἀλ-

414 3560 576 3599 λοιώσεως
602 3558 798 3606 συγκειμένη
830 3560 888 3590 καὶ
913 3559 1031 3603 φορᾶς;
1058 3554 1128 3590 δέοι
1152 3558 1216 3604 γάρ
1243 3558 1280 3591 ᾰῖν
1307 3558 1404 3603 ἐφαρ-

417 3616 570 3650 μοττειν.

1459 774 1476 794 *
1493 775 1654 812 Quoniam
1677 783 1783 806 autem
1807 777 1977 808 continuus
2001 785 2047 809 est
2069 779 2172 809 omnis
2196 787 2318 817 mmm,
2342 787 2372 811 et
2395 781 2512 820 simpli-

1527 819 1600 849 citer
1617 820 1745 860 quidem
1771 830 1873 850 unum
1891 831 2015 852 necesse
2039 829 2084 852 est
2107 829 2137 853 et
2160 823 2346 853 continuum
2370 831 2450 854 esse:
2475 824 2513 854 si-

1525 863 1654 903 quidem
1671 864 1774 894 omnis
1791 864 1949 894 divisibilis
1966 871 2026 904 est;
2044 873 2074 896 et
2093 866 2118 895 si
2138 867 2316 905 continuus,
2332 877 2423 898 unus.
2439 869 2513 898 Non

1526 906 1610 936 enim
1642 907 1745 937 omnis
1773 907 1826 938 fiet
1858 909 2026 939 continuus
2058 909 2163 947 omni,
2194 910 2273 940 sicut
2303 921 2404 951 neque
2429 911 2513 941 aliud

1526 950 1651 980 nullum
1668 951 1859 990 contingenti
1875 952 2073 992 contingens:
2092 953 2146 983 sed
2166 964 2303 994 quorum
2320 964 2421 984 unum
2442 961 2515 985 sunt

1526 1000 1671 1024 extrema.
1696 994 1813 1024 Ultima
1849 1002 1955 1025 autem
1979 996 2159 1036 aliquorum
2181 997 2310 1037 quidem
2333 1008 2398 1027 non
2422 1005 2513 1036 sunt3

1527 1036 1707 1076 aliquorum
1726 1045 1831 1068 autem
1851 1045 1933 1077 sunt,
1958 1040 2011 1069 sed
2035 1041 2136 1080 specie
2167 1040 2336 1071 differentia
2357 1048 2387 1071 et
2409 1041 2513 1081 aequi-

1526 1090 1605 1110 voca
1638 1088 1719 1111 sunt.
1752 1082 1926 1118 Quomodo
1955 1093 2091 1123 namque
2121 1091 2225 1124 tanget
2254 1092 2308 1115 aut
2338 1095 2439 1115 unum
2461 1084 2514 1115 fiet

1527 1123 1676 1154 ultimum
1702 1124 1800 1154 lineae
1831 1131 1861 1155 et
1884 1125 2123 1157 ambulationis?
2142 1128 2159 1147 *
2177 1128 2283 1158 Habiti
2315 1128 2409 1168 igitur
2442 1135 2515 1158 sunt

1528 1173 1558 1197 et
1580 1167 1636 1207 qui
1666 1177 1768 1207 neque
1797 1168 1881 1198 idem
1914 1170 2015 1208 specie
2045 1181 2147 1211 neque
2179 1172 2262 1201 idem
2292 1182 2402 1210 genere
2430 1178 2513 1202 sunt.

1526 1211 1700 1251 Postquam
1719 1211 1804 1241 enim
1827 1213 1965 1243 cucurrit
1988 1214 2109 1254 aliquis,
2134 1215 2238 1245 statim
2261 1215 2460 1253 febricitabit3
2485 1221 2515 1245 et

1528 1260 1564 1284 ut
1585 1254 1706 1294 lampas
1730 1265 1766 1284 ex
1790 1255 1964 1294 diffusione,
1986 1257 2048 1287 loci
2071 1258 2203 1288 mutatio
2228 1265 2273 1289 est
2296 1259 2416 1297 habita,
2441 1269 2514 1289 con-

1527 1298 1615 1328 tinua
1638 1305 1745 1328 autem
1767 1306 1848 1328 non:
1875 1300 2004 1339 ponitur
2032 1301 2116 1330 enim
2140 1302 2345 1340 continuum,
2377 1312 2515 1342 quorum

1527 1341 1639 1372 ultima
1662 1352 1764 1372 unum
1780 1349 1863 1373 sunt.
1888 1343 1992 1380 Quare
2016 1344 2112 1374 habiti
2138 1352 2168 1375 et
2191 1352 2416 1386 consequenter
2431 1353 2514 1383 sunt,

1528 1385 1602 1426 quia
1625 1391 1751 1425 tempus
1769 1386 1956 1417 continuum
1972 1394 2025 1418 est.
2045 1387 2243 1418 Continuum
2264 1395 2369 1419 autem
2388 1396 2433 1420 est
2448 1399 2513 1430 quo

1528 1435 1636 1459 motus
1664 1429 1806 1460 continui
1830 1436 1918 1460 sunt:
1942 1430 2004 1461 hoc
2027 1438 2133 1462 autem
2157 1439 2202 1462 est
2225 1442 2298 1462 cum
2322 1443 2423 1462 unum
2446 1433 2514 1463 ulti-

1527 1482 1619 1502 mum
1652 1472 1706 1503 fiat
1734 1474 1898 1504 ambobus.
1921 1473 1939 1491 ’κ’
1963 1475 2054 1505 Unde
2082 1485 2206 1505 necesse
2230 1482 2276 1506 est
2306 1476 2442 1506 eundem
2470 1486 2515 1506 se·
2544 1482 2555 1492 ⁸

1528 1516 1670 1546 cundum
1697 1517 1834 1556 speciem
1864 1527 1949 1556 esse,
1979 1525 2008 1549 et
2031 1519 2144 1557 unius,
2168 1526 2198 1550 et
2219 1519 2252 1549 in
2276 1529 2341 1549 uno
2365 1526 2515 1560 ternpore,

1529 1559 1707 1599 simpliciter
1723 1561 1912 1591 continuum
1933 1568 2059 1592 motum
2083 1569 2113 1593 et
2135 1573 2247 1593 unum.
2272 1564 2430 1603 Tempore
2447 1564 2515 1603 qui-

1528 1603 1611 1641 dem,
1623 1610 1658 1634 ut
1670 1613 1735 1634 non
1749 1604 1953 1635 immobilitas
1968 1605 2101 1636 intersit:
2117 1606 2150 1636 in
2161 1606 2314 1637 deficienti
2329 1607 2414 1636 enim
2429 1607 2516 1647 quie-

1528 1657 1611 1677 scere
1634 1657 1759 1677 necesse
1778 1654 1832 1678 est.
1857 1649 1949 1679 Multi
1972 1649 2076 1688 igitur,
2094 1657 2124 1680 et
2146 1660 2211 1680 non
2235 1660 2317 1680 unus
2336 1657 2443 1680 motus
2459 1657 2515 1689 est,

1528 1700 1667 1731 quorum
1682 1691 1770 1730 quies
1789 1691 1822 1721 in
1836 1692 1941 1722 medio
1958 1699 2019 1723 est:
2040 1703 2135 1733 quare
2152 1693 2176 1723 si
2191 1693 2302 1734 aliquis
2315 1700 2420 1724 motus
2435 1700 2515 1724 statu

1529 1740 1717 1773 occupetur,
1741 1744 1844 1775 neque
1867 1745 1949 1766 unus
1973 1742 2019 1766 est
2052 1746 2154 1777 neque
2187 1737 2363 1768 continuus.
2393 1738 2516 1768 Interci-

1528 1777 1614 1817 pitur
1634 1784 1751 1816 autem,
1769 1778 1794 1808 si
1811 1778 1844 1808 in
1860 1779 1966 1809 medio
1989 1786 2114 1819 tempus
2136 1787 2191 1811 est.
2212 1781 2276 1817 Qui
2295 1788 2399 1811 autem
2415 1781 2516 1821 specie

1528 1830 1595 1850 non
1614 1830 1707 1859 unuS,
1724 1831 1788 1851 non
1813 1822 1884 1860 etsi,
1909 1833 1974 1852 non
1998 1823 2118 1854 deficiat
2140 1831 2282 1864 tempus:
2299 1831 2423 1864 tempus
2446 1825 2516 1865 qui-

1530 1864 1603 1894 dem
1635 1864 1719 1894 enim
1749 1875 1851 1895 unum
1874 1873 1939 1902 est,
1963 1867 2065 1906 specie
2098 1874 2203 1898 autem
2226 1874 2332 1898 motus
2356 1868 2433 1898 alius
2457 1875 2513 1898 est.

1529 1908 1656 1938 Motum
1686 1909 1769 1938 enim
1801 1919 1904 1939 unum
1937 1920 2061 1940 necesse
2093 1918 2137 1941 est
2166 1911 2267 1951 specie
2301 1921 2403 1942 unum
2432 1918 2514 1942 esse:

1529 1951 1614 1982 hunc
1642 1959 1748 1982 autem
1781 1953 1962 1993 simpliciter
1994 1964 2096 1984 unum
2124 1964 2190 1984 esse
2217 1965 2282 1985 non
2312 1962 2357 1985 est
2380 1965 2513 1985 necesse.

1531 1995 1611 2032 Quis
1638 1995 1732 2035 igitur
1755 2003 1862 2026 motus
1885 1997 2068 2036 simpliciter
2090 2007 2172 2028 unus
2197 2005 2252 2036 est,
2277 1998 2395 2028 dictum
2418 2005 2472 2029 est.

1462 2038 1480 2058 *
1495 2039 1643 2078 Amplius
1668 2046 1774 2070 autem
1793 2040 1904 2070 dicitur
1927 2051 2010 2071 unus
2034 2048 2064 2071 et
2086 2041 2251 2081 perfectus,
2265 2042 2328 2072 sive
2345 2042 2518 2072 secundum
2544 2048 2554 2058 ¹*

1529 2093 1638 2122 genuS‚
1656 2083 1720 2113 sive
1736 2084 1911 2114 secundum
1931 2085 2077 2124 speciem,
2098 2085 2161 2115 sive
2184 2086 2358 2116 secundum
2377 2086 2517 2116 substan-

1529 2126 1606 2156 tiam
1627 2127 1682 2165 sit;
1707 2127 1786 2157 sicut
1805 2134 1834 2158 et
1849 2127 1881 2157 in
1897 2128 1963 2158 aliis
1979 2128 2154 2168 perfectum
2177 2136 2207 2159 et
2229 2136 2334 2160 totum
2350 2129 2443 2160 unius
2462 2136 2516 2160 est.

1529 2170 1586 2200 Est
1608 2177 1714 2200 autem
1737 2171 1918 2211 aliquando,
1945 2172 2001 2202 etsi
2023 2172 2223 2212 imperfectus
2247 2173 2296 2211 sit,
2321 2183 2422 2203 unum
2445 2173 2518 2203 dici-

1529 2219 1590 2251 tur,
1614 2214 1639 2243 si
1664 2214 1770 2244 solum
1793 2214 1832 2245 sit
1851 2215 2030 2246 continuus.

1462 2256 1633 2296 *Amplius
1648 2264 1764 2295 autem,
1773 2258 1860 2288 aliter
1871 2265 1992 2298 praeter
2005 2259 2178 2299 praedictos
2193 2260 2305 2290 dicitur
2318 2267 2423 2290 motus
2436 2270 2518 2290 unus
2545 2266 2555 2278 ⁴

1529 2300 1688 2339 regularis.
1714 2301 1891 2340 Irregularis
1907 2302 1992 2332 enim
2008 2313 2074 2333 non
2087 2303 2209 2334 videtur
2224 2314 2318 2341 unus,
2343 2304 2396 2334 sed
2419 2304 2517 2344 magis

1529 2343 1696 2383 regularis,
1716 2344 1795 2375 sicut
1817 2352 1934 2376 rectus:
1963 2346 2137 2386 irregularis
2166 2347 2250 2377 enIm
2278 2347 2436 2378 divisibilis
2461 2354 2516 2378 est.

1529 2387 1661 2418 Videtur
1684 2394 1790 2418 autem
1813 2388 1933 2419 differre
1957 2389 2036 2420 sicut
2058 2390 2157 2430 magis
2181 2397 2211 2421 et
2234 2391 2348 2421 minus.

1463 2475 1520 2505 Est
1542 2481 1649 2505 autem
1667 2475 1747 2511 etin
1770 2475 1859 2505 omni
1875 2482 1965 2506 motu
1985 2477 2073 2517 quod
2097 2477 2275 2517 regulariter
2297 2485 2343 2509 est
2365 2485 2420 2509 aut
2442 2489 2516 2509 non.

1530 2519 1570 2549 Et
1593 2527 1730 2559 namque
1744 2519 1923 2549 alterabitur
1937 2520 2132 2560 regulariter3
2148 2527 2178 2551 et
2193 2521 2308 2552 feretur
2322 2522 2355 2552 in
2371 2522 2512 2562 regulari,

1530 2568 1566 2592 ut
1590 2562 1706 2592 circulo
1729 2568 1784 2592 aut
1806 2563 2003 2601 rectitudine;
2027 2571 2058 2594 et
2080 2564 2159 2594 circa
2181 2572 2387 2604 augmentum
2410 2565 2516 2596 simili-

1530 2612 1576 2636 ter
1600 2612 1630 2636 et
1652 2606 1895 2637 decrementum.

1463 2648 1481 2668 *
1495 2649 1728 2690 Irregularitatis
1751 2657 1857 2680 autem
1880 2649 2050 2681 differentia
2073 2658 2119 2682 est
2140 2651 2309 2692 aliquando
2332 2652 2461 2692 quidem
2482 2652 2515 2683 in
2543 2658 2554 2669 ’

1531 2703 1596 2733 quo
1614 2700 1769 2723 movetur.
1794 2693 1988 2733 Impossibile
2004 2694 2089 2724 enim
2108 2701 2153 2725 est
2166 2695 2339 2735 regularem
2362 2706 2426 2726 esse
2445 2706 2515 2726 mo-

1531 2743 1601 2767 tum
1623 2747 1688 2767 non
1707 2737 1740 2767 in
1762 2737 1894 2776 regulari
1909 2737 2142 2777 magnitudine;
2162 2745 2198 2769 ut
2213 2739 2314 2769 reflexi
2329 2746 2445 2777 motus,
2462 2746 2516 2770 aut

1532 2780 1663 2821 obliqui,
1691 2787 1747 2811 aut
1768 2780 1847 2811 alius
1870 2781 2103 2821 magnitudinis,
2132 2793 2270 2823 quorum
2289 2793 2352 2813 non
2371 2784 2516 2814 convenit

1531 2824 1714 2864 contingens
1736 2824 1770 2854 in
1793 2825 2026 2865 contingentem
2049 2832 2178 2865 partem.
2202 2827 2381 2870 Aliquando
2409 2833 2515 2857 autem

1531 2877 1634 2908 neque
1656 2868 1689 2898 in
1712 2867 1777 2906 ubi,
1794 2878 1897 2908 neque
1912 2869 1946 2899 in
1964 2869 2103 2909 quando,
2119 2879 2220 2910 neque
2243 2870 2275 2900 in
2299 2880 2337 2900 eo
2361 2871 2400 2900 ad
2415 2871 2514 2912 quod,

1530 2921 1634 2952 neque
1656 2911 1689 2941 in
1713 2921 1790 2952 quo,
1813 2912 1867 2941 sed
1889 2912 1922 2942 in
1946 2922 1984 2942 eo
2008 2913 2095 2952 quod
2114 2920 2158 2944 ut.
2183 2914 2353 2944 Velocitate
2378 2914 2462 2944 enim
2486 2921 2516 2945 et

1531 2955 1672 2986 tarditate
1695 2955 1865 2995 aliquando
1896 2956 2126 2988 determinatur.
2152 2957 2251 2988 Cuius
2274 2957 2403 2998 quidem
2430 2957 2515 2988 enim

1530 2999 1678 3029 velocitas
1697 3004 1743 3029 est
1765 2999 1885 3038 eadem,
1900 2999 2047 3040 regularis
2063 3007 2122 3031 est:
2146 3001 2235 3047 cuius
2259 3007 2365 3031 autem
2385 3011 2461 3040 non,
2476 3001 2515 3031 ir-

1529 3042 1676 3082 regularis
1700 3049 1754 3073 est.

1464 3085 1556 3116 Unde
1579 3096 1683 3126 neque
1705 3085 1822 3126 species
1845 3093 1952 3117 motus
1982 3097 2084 3127 neque
2120 3088 2306 3119 differentiae
2335 3095 2408 3118 sunt
2430 3088 2513 3118 velo-

1526 3129 1600 3160 citas
1624 3136 1654 3160 et
1676 3129 1821 3168 tarditas3
1845 3130 1919 3170 quia
1942 3140 2052 3161 omnes
2075 3138 2249 3172 sequuntur
2273 3131 2444 3161 differentes
2467 3140 2513 3160 se-

1529 3173 1670 3203 cundum
1694 3173 1839 3214 speciem.
1865 3174 1969 3211 Quare
1992 3184 2094 3214 neque
2113 3174 2220 3204 levitas
2243 3184 2344 3214 neque
2369 3173 2510 3213 gravitas,

1529 3226 1610 3257 quae
1636 3217 1669 3246 in
1697 3217 1782 3247 idem
1809 3223 1873 3255 est;
1897 3223 1932 3247 ut
1954 3224 2050 3247 terrae
2076 3217 2115 3247 ad
2140 3217 2259 3257 ipsam,
2287 3223 2341 3247 aut
2371 3216 2450 3256 ignis
2473 3217 2512 3246 ad

1527 3259 1644 3299 ipsum.

1461 3300 1476 3317 *
1491 3303 1579 3333 Unus
1598 3303 1692 3343 igitur
1713 3303 1887 3342 irregularis
1911 3310 1956 3333 est
1978 3312 2043 3343 quo
2067 3309 2112 3333 est
2138 3302 2316 3339 continuus,
2335 3302 2440 3333 minus
2457 3313 2511 3333 au-

1526 3352 1608 3377 tem:
1628 3347 1716 3387 quod
1732 3347 1860 3386 quidem
1872 3346 2016 3376 reflexivo
2035 3346 2144 3376 accidit
2162 3345 2273 3376 motui.
2294 3346 2391 3383 Quod
2406 3353 2512 3377 autem

1527 3396 1572 3420 est
1594 3390 1711 3428 minus,
1736 3389 1917 3420 commixtio
1941 3398 2063 3428 semper
2086 3389 2230 3419 contrarii
2253 3395 2307 3419 est.

1459 3432 1492 3463 Si
1514 3439 1621 3463 autem
1649 3443 1778 3463 omnem
1805 3442 1906 3462 unum
1938 3432 2089 3471 contingit
2122 3439 2152 3463 et
2181 3432 2354 3472 regularem
2386 3443 2452 3464 esse
2482 3440 2512 3465 et

1524 3486 1605 3515 non,
1630 3487 1695 3507 non
1718 3482 1808 3506 erunt
1836 3475 1896 3514 ipsi
1926 3475 1981 3515 qui
2004 3485 2070 3505 non
2093 3476 2266 3506 secundum
2298 3477 2434 3516 speciem
2456 3477 2511 3508 ha-

1526 3519 1582 3550 biti
1605 3526 1695 3557 sunt,
1720 3529 1801 3549 unus
1824 3525 1855 3548 et
1877 3518 2055 3549 continuus.
2081 3519 2255 3557 Quomodo
2279 3519 2363 3550 enim
2387 3521 2443 3551 erit
2465 3531 2510 3552 re-

1527 3562 1642 3602 gularis
1672 3568 1778 3592 motus
1801 3571 1838 3591 ex
1860 3561 2039 3592 alteratione
2062 3563 2257 3604 compositus
2278 3571 2308 3595 et
2330 3564 2392 3595 loci
2409 3571 2510 3596 muta·

1527 3603 1634 3636 tione?
1658 3605 1777 3645 Indiget
1799 3604 1883 3635 enim
1907 3605 2083 3637 convenire.

2542 784 2553 795 ⁴
2574 783 2628 811 Seq.
2654 789 2704 811 cap.
2718 790 2749 805 ιν.

2541 810 2609 832 Text.
2624 815 2660 837 39.

2541 1134 2552 1145 ⁶
2566 1135 2634 1156 Text.
2648 1141 2688 1161 40.

2570 1481 2638 1503 Text.
2654 1488 2686 1508 4¹-

2569 2047 2637 2069 Text.
2654 2053 2693 2074 42.

2569 2266 2637 2288 Text.
2651 2271 2688 2293 43.

2570 2657 2637 2679 Text.
2652 2664 2692 2685 44.

2538 3309 2549 3319 ·
2562 3308 2629 3330 Text.
2643 3313 2679 3335 45.
