2950 4004
43 366 53 375 '
67 365 137 387 Num.
151 371 175 392 4.

41 1002 56 1049 ἓ
66 1001 129 1049 [ἐκεῖ.
148 999 251 1028 praeced.

39 1683 48 1693 ‘
60 1689 147 1711 puram
167 1689 215 1705 om.
234 1690 248 1705 n

39 1715 80 1731 un.

133 2261 148 2286 ὃ

35 2319 45 2328 ’
59 2318 94 2340 ad
104 2323 227 2339 merenas.

35 2424 46 2434 ⁴
53 2424 128 2445 malm¹
139 2429 186 2445 om.
194 2423 246 2445 rab.

1150 227 1261 263 CAP.
1292 226 1323 272 1,
1355 226 1504 263 LECT.
1535 228 1579 263 11.

283 308 545 346 definitionem
584 314 731 353 motus;
770 305 938 343 secundo
973 304 1235 354 exemplificat,
1269 303 1338 339 ibi:

288 363 337 399 Ut
357 361 558 398 alterabilis
580 361 727 408 quidem
747 360 767 380 ’¹‘
797 367 865 395 etc.

336 425 371 450 2.
402 413 512 450 Circa
548 413 715 461 primum
753 411 949 448 sciendum
980 416 1051 456 est,
1090 409 1195 456 quod
1227 408 1340 456 aliqui

282 466 510 503 definierunt
527 473 676 502 motum
694 465 870 510 dicentes,
887 462 991 511 quod
1006 468 1132 498 motus
1153 467 1207 496 est
1221 461 1340 497 exitus

281 519 327 556 de
338 519 505 567 potentia
525 519 562 555 in
582 523 706 555 actum
722 529 795 554 non
815 516 945 552 subito.
967 514 1043 560 Qui
1062 514 1100 550 in
1121 513 1338 550 definiendo

282 584 426 609 errasse
445 571 699 617 inveniuntur,
726 581 772 605 eo
794 568 898 616 quod
917 567 954 603 in
975 565 1193 603 definitione
1213 573 1339 602 motus

281 632 491 674 posuerunt
518 623 706 672 quaedam
733 633 831 669 quae
860 627 946 656 sunt
972 618 1183 668 posteriora
1212 625 1338 655 motu:

281 678 402 714 exitus
421 677 522 714 enim
543 683 597 712 est
615 674 805 723 quaedam
834 672 978 721 species
1002 679 1149 717 motus;
1178 671 1339 708 subitum

282 730 394 767 etiam
414 729 452 766 in
471 740 539 765 sua
559 726 778 764 definitione
807 725 936 774 recipit
958 732 1131 773 tempus:
1163 731 1217 760 est
1238 724 1339 760 enim

281 783 459 827 subitum,
489 780 592 828 quod
607 780 659 819 ‚fit
677 779 714 815 in
733 777 947 816 indivisibili
970 777 1168 826 temporis;
1189 783 1340 825 tempus

281 841 407 871 autem
437 832 615 870 definitur
641 844 710 881 per
737 838 886 868 motum
901 837 929 867 α.

334 887 369 923 3.
399 886 447 922 Et
465 885 552 923 ideo
572 884 730 921 omnino
749 883 767 913 β
794 882 1027 932 impossibile
1049 889 1103 919 est
1122 882 1228 919 aliter
1247 882 1339 919 defi-

280 938 358 975 nire
379 945 528 975 motum
556 950 625 986 per
650 937 776 986 priora
804 944 841 973 et
859 935 1018 982 notiora,
1049 935 1119 971 nisi
1139 934 1233 972 sicut
1253 935 1339 971 Phi-

279 991 461 1039 losophus
495 990 556 1027 hic
589 990 731 1028 definit.
770 989 924 1026 Dictum
962 995 1017 1024 est
1045 988 1066 1008 ³⁸
1094 987 1196 1024 enim
1234 987 1339 1036 quod

277 1044 581 1092 unumquodque
618 1055 737 1091 genus
765 1041 940 1079 dividitur
966 1053 1035 1090 per
1065 1040 1275 1089 potentiam
1304 1048 1341 1077 et

280 1104 418 1133 actum.
457 1096 629 1133 Potentia
663 1103 791 1132 autern
829 1103 865 1132 et
901 1101 1025 1141 actuS,
1066 1105 1153 1130 cum
1192 1093 1264 1130 sint
1292 1094 1339 1130 de

277 1149 409 1198 primis
447 1148 664 1186 differentiis
694 1147 807 1195 entis,
845 1147 1060 1184 naturaliter
1094 1146 1222 1194 priora
1254 1154 1340 1183 sunt

278 1210 406 1238 motu:
437 1209 473 1238 et
501 1201 558 1238 his
586 1201 700 1238 utitur
727 1200 982 1249 Philosophus
1009 1199 1057 1236 ad
1077 1199 1338 1236 definiendum

279 1262 441 1291 motum.
970 1251 972 1254 ’

332 1307 663 1344 Considerandum
693 1314 748 1342 est
774 1305 884 1353 igitur
911 1305 1016 1353 quod
1049 1303 1188 1353 aliquid
1218 1312 1274 1341 est
1300 1304 1339 1341 in

281 1367 366 1396 actu
398 1367 565 1406 tantum,
599 1359 739 1407 aliquid
773 1370 866 1394 vero
899 1357 938 1394 in
969 1357 1138 1406 potentia
1169 1365 1336 1405 tanturn,

279 1412 419 1460 aliquid
445 1425 539 1450 vero
568 1412 695 1448 medio
725 1411 844 1447 modo
864 1422 904 1447 se
923 1411 1068 1447 habens
1087 1410 1182 1446 inter
1204 1418 1337 1458 poten-

279 1464 368 1502 tiam
407 1471 444 1501 et
479 1472 606 1501 actum
636 1469 661 1500 ⁷.
701 1463 817 1510 Quod
859 1462 969 1511 igitur
1006 1470 1061 1499 est
1098 1462 1135 1499 in
1171 1463 1339 1511 potentia

278 1524 441 1564 tantum,
470 1517 644 1553 nondum
672 1523 865 1552 movetur:
895 1516 1001 1563 quod
1029 1523 1156 1552 autem
1186 1515 1261 1552 iam
1281 1523 1337 1552 est

277 1569 316 1606 in
336 1577 420 1606 actu
447 1570 631 1618 perfecto,
660 1580 739 1605 non
766 1575 954 1614 movetur,
985 1569 1053 1604 sed
1081 1567 1157 1603 iarn
1186 1575 1336 1604 motum

278 1629 353 1659 est:
382 1621 472 1658 illud
500 1621 610 1670 igitur
637 1627 825 1666 movetur,
856 1621 961 1668 quod
989 1619 1117 1657 medio
1147 1621 1266 1657 modo
1296 1633 1335 1656 se

277 1675 391 1711 habet
418 1674 513 1711 inter
540 1686 677 1723 puram
706 1675 725 1692 ⁴*
753 1673 962 1722 potentiam
991 1680 1028 1709 et
1055 1679 1202 1719 actum,
1233 1673 1337 1721 quod

277 1727 432 1775 quidem
451 1727 597 1776 'partim
627 1734 681 1763 est
704 1726 743 1763 in
760 1726 929 1774 potentia
949 1733 984 1762 et
1002 1725 1140 1774 partim
1169 1725 1207 1762 in
1231 1733 1334 1772 actu;

275 1787 317 1816 ut
334 1787 438 1829 patet
460 1780 498 1817 in
518 1780 746 1817 alteratione.
777 1779 877 1815 Cum
898 1778 999 1823 enim
1019 1790 1117 1827 aqua
1137 1785 1192 1815 est
1211 1779 1336 1815 solum

275 1832 314 1869 in
341 1833 509 1881 potentia
537 1832 667 1879 calida,
697 1831 870 1868 nondum
899 1839 1093 1868 movetur:
1125 1843 1212 1867 cum
1240 1844 1334 1868 vero

276 1892 332 1922 est
358 1886 435 1922 iam
464 1886 660 1932 calefacta,
696 1884 917 1921 terminatus
953 1891 1008 1921 est
1041 1891 1168 1920 motus
1202 1884 1334 1920 calefa-

276 1938 428 1975 ctionis:
459 1951 546 1975 cum
575 1950 667 1975 vero
696 1937 772 1974 iam
800 1937 998 1985 participat
1025 1937 1166 1986 aliquid
1201 1937 1248 1974 de
1277 1949 1336 1974 ca-

274 1991 354 2027 lore
383 1991 451 2028 sed
477 1991 711 2040 imperfecte,
745 1997 834 2026 tunc
862 1997 1040 2027 movetur
1069 1990 1116 2026 ad
1147 1990 1334 2036 calorem3

275 2055 365 2080 nam
393 2043 499 2093 quod
536 2044 678 2090 calefit,
716 2042 897 2091 paulatim
935 2042 1131 2092 participat
1170 2043 1336 2079 calorem

275 2095 394 2143 magis
430 2108 475 2132 ac
512 2096 643 2143 magis.
687 2096 772 2143 Ipse
809 2094 919 2142 igitur
950 2102 1054 2132 actus
1091 2095 1334 2144 imperfectus

276 2147 408 2186 caloris
428 2148 466 2186 in
485 2147 715 2184 calefactibili
735 2147 906 2195 existens,
923 2155 977 2184 est
996 2154 1138 2184 motus:
1159 2159 1237 2184 non
1256 2147 1336 2196 qui-

275 2202 363 2239 dem
383 2201 592 2238 secundum
618 2201 656 2237 id
683 2200 789 2248 quod
816 2208 901 2237 actu
929 2207 1074 2237 tanturn
1100 2207 1164 2247 est,
1186 2201 1253 2237 sed
1281 2204 1337 2237 se-

274 2253 442 2291 cundum
457 2253 560 2302 quod
576 2253 652 2290 iam
671 2253 709 2290 in
724 2260 809 2289 actu
829 2253 989 2290 existens
1005 2251 1018 2274 ὅ
1032 2253 1145 2290 habet
1164 2252 1337 2290 ordinem

272 2307 312 2344 in
333 2308 352 2328 ²⁸
371 2306 588 2343 ulteriorem
617 2313 759 2351 actum;
789 2306 877 2353 quia
905 2306 935 2342 si
962 2307 1152 2342 tolleretur
1176 2306 1269 2343 ordo
1290 2306 1338 2342 ad

272 2359 489 2396 ulteriorem
527 2366 678 2406 actum,
717 2359 796 2407 ipse
839 2365 943 2395 actus
985 2366 1336 2407 quantumcumque

273 2412 524 2461 imperfectus,
556 2418 654 2448 esset
680 2412 861 2448 terminus
894 2419 1020 2448 motus
1050 2412 1069 2432 ⁵²⁴
1086 2419 1122 2448 et
1149 2424 1226 2448 non
1255 2424 1337 2447 mo-

273 2472 352 2511 tus,
387 2465 481 2502 sicut
509 2464 641 2501 accidit
673 2476 761 2501 cum
790 2463 931 2512 aliquid
959 2464 1166 2512 semiplene
1201 2464 1333 2500 calefit.

275 2517 382 2555 Ordo
411 2525 538 2554 autem
567 2517 615 2554 ad
642 2517 859 2554 ulteriorem
893 2524 1019 2554 actum
1055 2517 1234 2566 competit
1263 2517 1336 2553 exi-

274 2570 383 2607 stenti
401 2570 439 2607 in
463 2570 630 2619 potentia
657 2570 706 2606 ad
734 2570 871 2618 ipsum.
901 2571 949 2606 Et
977 2570 1155 2616 similiter,
1177 2570 1207 2606 si
1231 2577 1335 2606 actus

274 2622 515 2671 imperfectus
544 2622 799 2659 consideretur
817 2630 963 2659 tantum
991 2631 1032 2659 ut
1059 2623 1097 2659 in
1125 2623 1258 2665 ordine
1287 2623 1336 2659 ad

273 2674 491 2711 ulteriorem
529 2682 675 2721 actum,
706 2675 916 2712 secundum
945 2676 1049 2723 quod
1081 2676 1195 2712 habet
1224 2675 1332 2712 ratio-

276 2739 366 2763 nem
393 2727 603 2775 potentiae,
633 2740 711 2764 non
739 2728 1065 2769 habetrationem
1094 2736 1238 2775 motus,
1269 2729 1336 2765 sed

276 2779 449 2828 principii
477 2787 620 2817 motus:
649 2787 773 2829 potest
806 2780 906 2817 enim
944 2780 1107 2829 incipere
1146 2781 1336 2817 calefactio

328 2923 354 2956 α)
365 2930 416 2955 per
429 2926 537 2948 motum.
546 2937 564 2942 -
573 2924 635 2947 Post
649 2923 711 2948 haec
724 2923 819 2948 addunt
834 2924 895 2949 HN:
909 2927 935 2949 et
946 2924 984 2949 sie
998 2925 1050 2949 erit
1063 2925 1181 2957 definitio
1195 2925 1334 2950 circularis

274 2965 341 2991 quae
360 2958 526 2990 improbatur
545 2959 571 2983 in
591 2958 658 2983 libro
677 2959 867 2985 Posteriorum.

328 2992 353 3026 β)
373 2993 431 3018 ideo
450 2994 565 3019 omnino.
579 3008 599 3013 -
615 2994 673 3018 ideo
692 3001 745 3018 om.
763 2995 1042 3025 ACIOQRSTVXYa,
1067 2995 1173 3020 omnino
1192 3003 1245 3020 om.
1266 2995 1334 3020 EFG

274 3028 331 3059 LZ;
349 3036 434 3053 aman.
445 3030 469 3054 K
487 3029 589 3061 scripsit
607 3029 722 3058 omnino,
742 3031 812 3062 quod
831 3030 964 3063 corrigitur
982 3031 1007 3054 in
1027 3030 1094 3055 ideo.
1107 3044 1126 3049 -
1140 3030 1197 3055 Lin.
1216 3038 1272 3063 seq.
1287 3031 1333 3055 EG

274 3067 446 3095 transponunt
464 3064 516 3088 nisi
533 3069 592 3088 ante
605 3071 657 3096 per
671 3064 776 3096 priora.

326 3098 353 3131 γ)
374 3098 442 3123 inter
455 3099 603 3131 potentiam
623 3102 649 3124 et
666 3102 763 3124 actum.
782 3114 801 3119 -
821 3100 890 3125 inter
907 3101 1057 3132 potentiam
1078 3107 1180 3132 puram
1199 3104 1225 3125 et
1242 3104 1332 3127 actum

271 3133 419 3166 perfectum
437 3134 456 3158 P
462 3142 470 3164 3
494 3134 540 3158 sed
563 3141 648 3166 neque
671 3135 772 3159 codices
795 3143 881 3167 neque
904 3136 946 3160 ab
965 3135 1059 3160 habent
1075 3143 1175 3167 puram
1200 3141 1225 3160 et
1242 3138 1333 3169 perfe—

273 3171 360 3198 ctum‚·
374 3168 447 3193 solus
461 3176 549 3202 margo
568 3169 590 3193 N
609 3169 685 3194 habet
698 3177 806 3201 puram,
822 3171 989 3202 desumptum
1007 3175 1036 3195 ut
1053 3170 1154 3195 videtur
1172 3179 1202 3196 ex
1221 3179 1333 3204 sequen-

274 3203 353 3227 tibus.

327 3237 352 3271 ὃ)
372 3237 514 3263 secundum
529 3238 600 3271 quod
612 3239 664 3263 iam
680 3239 706 3263 in
720 3243 780 3264 actu
795 3240 921 3264 existens.
930 3253 950 3258 -
961 3240 1159 3265 DKLNOSZsR
1173 3246 1198 3266 et
1212 3242 1332 3273 implicite

275 3272 361 3297 HIMY
379 3272 523 3297 secundum
541 3274 612 3305 quod
630 3271 712 3306 (quod
729 3282 783 3298 om.
798 3274 893 3306 HIMY)
910 3275 938 3299 id
952 3275 1023 3306 quod
1037 3275 1089 3299 iam
1102 3278 1164 3300 actu
1178 3279 1225 3301 est.
1245 3277 1331 3301 Lectio

275 3307 551 3340 PACEFGQTVXpR
563 3312 588 3332 et
606 3315 623 3332 a
633 3308 655 3337 b,
670 3316 748 3340 quarn
761 3309 909 3339 retinemus,
924 3310 1059 3341 perspicua
1074 3314 1121 3339 est,
1136 3315 1161 3334 et
1173 3311 1205 3335 ad
1219 3311 1330 3335 formam

274 3343 492 3375 grammaticalem
517 3342 628 3374 perfecte
647 3347 741 3367 exacta.
766 3343 915 3368 Subiectum
935 3344 1004 3368 enim
1029 3344 1107 3368 totius
1132 3346 1272 3370 sententiae
1292 3351 1332 3371 est

274 3381 349 3403 actus
374 3378 555 3411 imperfectus,
576 3378 619 3410 qui
645 3383 684 3402 est
707 3381 782 3403 actus
801 3383 826 3403 et
843 3379 986 3403 ordinatur
1010 3379 1036 3403 in
1056 3379 1208 3404 ulteriorem
1227 3383 1333 3410 actum,-

275 3421 327 3438 non
346 3413 489 3437 secundum
508 3418 593 3437 autem
612 3413 682 3445 quod
702 3418 771 3437 actus
791 3413 955 3445 imperfectus
974 3417 1034 3438 actu
1055 3417 1101 3443 est,
1122 3414 1168 3438 sed
1187 3416 1331 3440 secundum

275 3448 345 3481 quod
364 3453 403 3472 est
421 3451 483 3473 actu
502 3448 620 3473 existens
639 3452 664 3472 et
682 3448 823 3473 ordinatus
836 3448 862 3472 in
875 3449 1023 3473 ulteriorem
1043 3453 1140 3478 actum,
1158 3449 1235 3474 habet
1253 3451 1330 3475 ratio-

274 3491 334 3508 nem
353 3487 447 3508 motus.
467 3483 629 3507 Constructio
649 3483 764 3507 lectionis
783 3483 892 3508 aliorum
912 3484 986 3508 codd.
1005 3487 1090 3509 esset:
1108 3484 1190 3509 Actus
1209 3485 1330 3518 imperse-

274 3521 331 3543 ctus
349 3518 491 3543 secundum
511 3518 581 3549 quod
600 3518 628 3542 id
645 3518 716 3550 quod
736 3518 788 3543 iam
806 3523 868 3544 actu
887 3522 934 3543 est.
960 3519 1047 3543 Lectio
1066 3526 1118 3543 non
1137 3520 1300 3552 acceptanda.
1312 3533 1331 3540 -

274 3553 392 3578 existens
410 3553 504 3578 habent
523 3554 609 3578 solum
629 3553 664 3578 Pb
671 3561 680 3583 ;
699 3560 715 3578 a
734 3559 759 3578 et
779 3554 852 3578 codd.
872 3557 918 3579 est.

415 3607 483 3639 Opp.
502 3607 533 3631 D.
552 3606 664 3631 TuonAn
683 3607 714 3631 T.
734 3607 762 3632 11.

2384 240 2452 264 ιο)

1395 303 1488 340 sicut
1517 317 1538 340 a
1568 304 1718 352 frigido,
1748 305 1798 341 ita
1827 312 1863 341 et
1891 317 1912 341 a
1940 304 2080 353 tepido.
2119 305 2179 341 Sic
2216 304 2324 352 igitur
2351 313 2454 342 actus

1394 356 1636 405 imperfectus
1656 358 1770 394 habet
1790 358 1976 394 rationem
1992 365 2129 404 motUS,
2153 365 2188 393 et
2208 359 2227 378 ²¹*
2243 358 2455 395 secundum

1395 409 1500 457 quod
1538 418 1780 458 comparatur
1799 410 1846 447 ad
1866 410 2083 446 ulteriorem
2112 416 2238 446 actum
2257 418 2299 447 ut
2322 419 2455 459 poten-

1394 461 1454 508 tia,
1477 469 1513 498 et
1532 462 1741 499 secundum
1762 463 1867 510 quod
1896 470 2138 510 comparatur
2157 464 2205 500 ad
2227 463 2367 511 aliquid
2387 464 2454 500 im-

1393 514 1594 562 perfectius
1614 515 1633 535 *
1654 523 1695 551 ut
1710 524 1824 551 actus.
1846 515 1956 552 Unde
1977 527 2099 563 neque
2121 523 2176 551 est
2193 516 2361 564 potentia
2382 516 2454 552 exi-

1395 566 1521 603 stentis
1549 567 1588 603 in
1614 567 1801 615 potentia,
1836 580 1960 616 neque
1990 575 2045 604 est
2073 575 2176 604 actus
2207 569 2393 605 existentis
2417 569 2454 605 in

1395 627 1491 666 actu,
1518 619 1584 656 sed
1606 627 1660 656 est
1688 627 1791 656 actus
1817 620 2004 657 existentis
2032 621 2070 657 in
2098 621 2285 668 potentia:
2319 629 2360 658 ut
2386 634 2455 670 per

1394 671 1432 708 id
1461 672 1566 720 quod
1595 672 1728 708 dicitur
1764 678 1887 718 actus,
1918 673 2131 720 designetur
2169 674 2262 711 ordo
2293 674 2372 710 eius
2405 675 2454 711 ad

1395 724 1621 761 anteriorem
1640 731 1651 744 ε
1669 726 1889 773 potentiam,
1912 733 1948 762 et
1969 738 2038 774 per
2056 725 2094 762 id
2123 727 2227 774 quod
2257 726 2389 763 dicitur
2417 728 2453 764 in

1388 778 1554 824 potentia
1583 778 1785 823 existentis,
1816 778 2030 825 designetur
2059 779 2152 815 ordo
2180 779 2258 815 eius
2287 780 2335 816 ad
2362 780 2454 816 ulte-

1395 830 1534 866 riorem
1550 837 1687 866 actum.
1704 830 1814 867 Unde
1831 831 2184 868 convenientissime
2201 832 2454 880 Philosophus

1395 881 1526 918 definit
1545 889 1712 930 motum,
1735 883 1861 920 dicens
1881 884 1986 931 quod
2006 891 2132 920 motus
2159 892 2214 920 est
2238 885 2452 930 entelechia,

1394 935 1489 971 idest
1517 941 1632 981 actus,
1662 936 1847 972 existentis
1872 937 1908 972 in
1931 937 2098 984 potentia
2125 938 2328 973 secundum
2357 938 2457 985 quod

1394 988 1616 1024 huiusmodi.

1446 1052 1483 1087 4.
1513 1039 1661 1077 Deinde
1683 1053 1771 1077 cum
1792 1040 1893 1077 dicit:
1921 1043 1969 1078 Ut
1986 1042 2187 1078 alterabilis
2207 1042 2354 1090 quidem
2371 1049 2452 1089 etc.,

1395 1093 1646 1141 exemplificat
1673 1092 1711 1129 in
1740 1093 1918 1130 omnibus
1947 1094 2145 1142 speciebus
2174 1102 2321 1131 motus:
2360 1095 2455 1132 sicut

1394 1146 1561 1183 alteratio
1591 1153 1645 1182 est
1674 1153 1777 1182 actus
1806 1147 2005 1183 alterabilis
2033 1147 2257 1195 inquantum
2288 1155 2343 1183 est
2366 1148 2453 1184 alte-

1393 1199 1521 1236 rabile.
1543 1199 1592 1235 Et
1606 1198 1694 1247 quia
1713 1207 1840 1235 motus
1859 1199 1898 1235 in
1914 1199 2118 1247 quantitate
2139 1207 2174 1236 et
2193 1200 2231 1236 in
2247 1200 2453 1236 substantia

1394 1261 1472 1288 non
1491 1252 1631 1288 habent
1651 1251 1664 1277 t
1682 1264 1804 1288 unum
1823 1264 1983 1299 nomen,
2005 1252 2100 1289 sicut
2123 1259 2249 1289 motus
2275 1253 2312 1289 in
2338 1253 2453 1301 quali-

1392 1312 1467 1341 tate
1495 1305 1629 1342 dicitur
1656 1305 1676 1325 '¹‘
1704 1305 1893 1352 alteratio,
1928 1312 2112 1353 quantum
2146 1305 2194 1342 acl
2232 1313 2381 1342 motum
2415 1305 2453 1342 in

1392 1357 1597 1405 quantitate
1616 1357 1725 1406 ponit
1753 1357 1829 1394 duo
1859 1358 2034 1394 nomina:
2056 1366 2093 1394 et
2113 1358 2200 1395 dicit
2219 1358 2323 1406 quod
2348 1365 2452 1395 actus

1393 1410 1680 1457 augmentabilis
1710 1417 1745 1446 et
1773 1410 1949 1458 oppositi,
1980 1411 2119 1447 scilicet
2148 1410 2392 1448 diminuibilis
2420 1412 2451 1458 *,

1392 1463 1529 1512 quibus
1557 1475 1636 1499 non
1657 1469 1711 1499 est
1729 1475 1850 1499 unum
1872 1475 2079 1500 commune
2099 1475 2258 1510 nomen,
2291 1471 2345 1499 est
2364 1475 2452 1511 aug-

1391 1523 1564 1552 mentum
1594 1523 1630 1552 et
1658 1515 1870 1552 diminutio,
1900 1517 1949 1552 Et
1972 1516 2140 1552 similiter
2168 1516 2388 1564 generabilis
2417 1525 2453 1553 et

1393 1568 1652 1616 corruptibilis,
1674 1568 1864 1615 generatio
1894 1576 1929 1604 et
1958 1569 2170 1617 corruptio;
2201 1576 2236 1605 et
2263 1569 2451 1606 mutabilis

1392 1621 1602 1657 secundum
1631 1621 1771 1667 locum,
1793 1621 1864 1658 loci
1894 1621 2063 1658 mutatio.
2089 1621 2236 1670 Accipit
2260 1621 2362 1658 enim
2391 1622 2452 1658 hic

1392 1681 1540 1709 motum
1575 1673 1830 1709 communiter
1856 1686 1926 1721 pro
1956 1674 2183 1720 mutatione,
2219 1686 2296 1710 non
2325 1681 2451 1710 autem

1392 1725 1514 1762 stricte
1543 1725 1754 1762 secundum
1774 1726 1878 1773 quod
1900 1726 2077 1763 dividitur
2097 1734 2226 1763 contra
2245 1727 2452 1774 generatio-

1391 1790 1480 1815 nem
1511 1785 1546 1814 et
1574 1777 1877 1826 corruptionem,
1906 1786 1948 1815 ut
1976 1779 2120 1816 dicetur
2147 1780 2185 1815 in
2214 1779 2343 1827 quinto
2374 1780 2404 1815 ²¹³.

1447 1832 1479 1868 5.
1509 1831 1657 1867 Deinde
1688 1843 1776 1867 cum
1797 1831 1904 1868 dicit:
1936 1832 2044 1873 Quod
2069 1838 2194 1868 autem
2218 1833 2289 1868 hoc
2309 1832 2356 1868 sit
2373 1844 2451 1868 mo-

1390 1890 1447 1920 tus
1463 1890 1544 1930 etc.,
1557 1883 1770 1920 manifestat
1785 1884 1948 1931 singulas
1963 1884 2162 1933 particulas
2177 1890 2190 1907 ⁷¹
2206 1884 2450 1923 definitionis:

1391 1945 1427 1973 et
1453 1936 1577 1985 primo
1611 1944 1795 1984 quantum
1833 1937 1881 1974 ad
1909 1938 1984 1974 hoc
2017 1937 2123 1986 quod
2150 1941 2283 1987 {motus
2321 1937 2453 1974 dicitur

1390 1995 1512 2034 actus;
1541 1989 1710 2026 secundo
1731 1997 1916 2038 quantum
1937 1991 1985 2027 ad
2003 1991 2077 2026 hoc
2097 1991 2201 2038 quod
2222 1990 2355 2027 dicitur
2373 1991 2451 2026 exi-

1388 2043 1512 2079 stentis
1540 2043 1576 2079 in
1603 2043 1790 2090 potentia,
1824 2042 1896 2079 ibi:
1935 2043 2121 2084 Quoniam
2150 2048 2273 2079 autem
2305 2043 2325 2063 ‘¹‘
2359 2050 2449 2088 etc.;
2479 2057 2489 2068 ν

1389 2095 1497 2132 tertio
1526 2102 1710 2143 quantum
1740 2095 1789 2131 ad
1815 2096 1890 2132 hoc
1909 2095 2014 2143 quod
2042 2096 2201 2142 additur,
2232 2096 2451 2144 inquantum

1390 2148 1611 2193 huiusmodi,
1641 2147 1711 2184 ibi:
1741 2148 1837 2184 Dico
1865 2154 1990 2185 autem
2018 2149 2088 2185 hoc
2116 2149 2135 2169 ⁵³
2165 2156 2233 2185 etc.

1445 2199 1555 2236 Circa
1575 2200 1742 2248 primum
1761 2200 1875 2237 utitur
1893 2201 1954 2237 tali
1975 2201 2129 2238 ratione.
2152 2202 2193 2238 Id
2213 2214 2290 2250 quo
2311 2201 2450 2250 aliquid

1392 2253 1434 2289 fit
1453 2260 1548 2299 actu,
1578 2253 1680 2300 prius
1708 2252 1747 2290 in
1765 2254 1932 2301 potentia
1952 2254 2124 2301 existens,
2155 2262 2210 2291 est
2232 2262 2353 2300 actus;
2384 2255 2451 2291 sed

1392 2305 1532 2353 aliquid
1559 2305 1602 2342 fit
1629 2312 1714 2341 actu
1734 2306 1826 2342 dum
1855 2314 2048 2354 movetur,
2078 2307 2181 2355 prius
2216 2307 2341 2343 adhuc
2368 2308 2387 2328 ’²‘
2413 2308 2451 2344 in

1391 2358 1558 2406 potentia
1580 2358 1758 2404 existens;
1780 2370 1868 2406 ergo
1888 2367 2015 2396 motus
2035 2367 2090 2396 est
2109 2367 2224 2397 actus.
2242 2359 2341 2396 Dicit
2361 2372 2448 2407 ergo

1392 2423 1437 2447 ex
1455 2412 1529 2447 hoc
1548 2410 1790 2447 manifestum
1811 2424 1892 2448 esse
1912 2413 2017 2460 quod
2037 2420 2162 2449 motus
2185 2413 2230 2449 sit
2253 2414 2333 2458 hoc,
2355 2413 2451 2449 idest

1392 2471 1506 2511 actus,
1523 2464 1611 2512 quia
1630 2463 1864 2501 aedificabile
1894 2464 1982 2501 dicit
1994 2465 2202 2513 potentiam
2223 2465 2272 2501 ad
2291 2465 2447 2514 aliquid,

1392 2529 1479 2553 cum
1517 2524 1645 2553 autem
1678 2516 1910 2553 aedificabile
1943 2517 2154 2554 secundum
2188 2519 2285 2554 hanc
2316 2525 2449 2566 poten-

1390 2570 1480 2606 tiam
1501 2581 1617 2617 quam
1637 2569 1824 2618 importat,
1841 2570 2031 2607 reducitur
2045 2570 2083 2606 in
2103 2578 2240 2617 actum,
2257 2578 2345 2607 tunc
2361 2570 2448 2607 dici-

1390 2635 1476 2659 mus
1496 2622 1601 2671 quod
1629 2622 1867 2658 aedificatur:
1899 2631 1933 2659 et
1951 2623 2019 2659 iste
2039 2631 2142 2659 actus
2163 2631 2218 2659 est
2237 2623 2447 2660 aedificatio

1390 2675 1552 2724 passiva.
1573 2676 1622 2711 Et
1641 2674 1809 2713 similiter
1828 2682 1882 2711 est
1903 2675 1949 2712 de
1970 2676 2146 2712 omnibus
2166 2676 2244 2712 aliis
2269 2676 2447 2723 motibus,

1391 2728 1485 2764 sicut
1517 2727 1761 2774 doctrinatio,
1795 2728 2019 2775 medicatio,
2053 2729 2256 2775 volutatio,
2290 2729 2446 2776 saltatio,

1391 2780 1653 2826 adolescentia,
1684 2780 1779 2817 idest
1798 2789 2058 2829 augmentum,
2088 2789 2124 2818 et
2143 2790 2327 2828 senectus,
2353 2782 2448 2819 idest

1441 2925 1463 2958 ε)
1482 2926 1652 2950 anteriorem.
1665 2937 1683 2944 —-
1693 2926 1895 2957 praecedentem
1912 2926 2217 2956 ACIKLQSTVXYZab,
2233 2927 2393 2951 anteriorem
2410 2927 2450 2951 vel

1382 2961 1586 2993 praecedentem
1606 2961 1637 2985 N.
1656 2962 1706 2985 Pro
1731 2961 1897 2989 ulteriorem,
1915 2962 2090 2992 posteriorem
2117 2962 2284 2986 DEFGHMO
2296 2980 2302 2991 ,
2318 2962 2448 2993 posterio-

1388 3003 1443 3021 rem
1463 2996 1503 3020 vel
1521 2996 1672 3020 ulteriorem
1692 2996 1723 3020 N.
1741 3010 1759 3015 -
1771 2996 1914 3020 entelechia
1934 2996 2001 3021 idest
2019 3004 2071 3021 om.
2086 2997 2113 3020 P.
2130 2996 2168 3021 Cf.
2182 3001 2288 3021 textum.
2307 2997 2339 3021 Et
2359 3002 2450 3021 notan-

1388 3031 1450 3055 dum
1469 3031 1539 3064 quod
1559 3031 1661 3063 saepius
1680 3031 1723 3055 ubi
1744 3032 1820 3056 Piana
1839 3032 1864 3055 in
1884 3032 2001 3055 versione
2020 3032 2081 3064 legit
2098 3035 2188 3061 actus,
2210 3032 2310 3056 codices
2330 3032 2445 3056 eiusdem

1386 3067 1512 3091 versionis
1531 3066 1673 3091 entelechia
1692 3067 1860 3097 (endelichia)
1874 3066 1975 3090 habent.

1439 3100 1466 3134 ζ)
1485 3102 1512 3126 in
1527 3102 1676 3133 quantitate
1699 3105 1725 3126 et
1743 3102 1769 3126 in
1789 3102 1937 3126 substantia
1961 3108 2012 3125 non
2033 3101 2136 3126 habent.
2153 3115 2173 3119 —
2191 3101 2277 3126 Verba
2295 3105 2321 3125 et
2340 3101 2365 3125 in
2386 3103 2446 3125 sub-

1385 3137 1486 3161 stantia
1505 3137 1681 3161 desiderantur
1700 3137 1724 3161 in
1744 3137 1817 3161 codd.
1831 3142 1857 3161 et
1876 3137 1933 3160 edd.
1952 3137 2001 3165 ab,
2017 3137 2042 3160 in
2058 3136 2151 3168 quibus
2171 3136 2267 3160 habent
2286 3141 2399 3160 mutatur
2417 3136 2441 3159 in

1386 3171 1472 3196 habet.
1491 3172 1579 3196 Lectio
1598 3176 1684 3196 tamen
1703 3172 1722 3195 P
1742 3172 1842 3196 videtur
1856 3171 1930 3195 nobis
1950 3172 2055 3195 omnino
2074 3171 2214 3195 retinenda.
2233 3171 2266 3195 Ut
2285 3171 2353 3194 enim
2367 3176 2445 3202 patet,

1387 3207 1438 3230 duo
1458 3206 1576 3231 dicuntur
1594 3207 1620 3231 in
1638 3206 1688 3231 hoc
1706 3214 1829 3235 numere,
1856 3206 1953 3231 scilicet
1971 3207 2042 3238 quod
2061 3210 2148 3229 motus
2173 3206 2198 3229 in
2218 3205 2345 3237 qualitate
2368 3205 2445 3230 habet

1386 3249 1468 3266 unum
1487 3249 1590 3271 nomen,
1611 3242 1682 3274 quod
1701 3247 1741 3266 est
1759 3241 1884 3267 alteratio
1891 3248 1899 3269 ;
1918 3246 1942 3265 et
1962 3241 2032 3272 quod
2052 3245 2138 3264 motus
2158 3240 2184 3264 in
2205 3240 2353 3271 quantitate
2372 3245 2397 3264 et
2416 3240 2442 3264 in

1386 3277 1534 3301 substantia
1553 3276 1648 3301 habent
1667 3284 1718 3302 non
1737 3284 1818 3300 unum
1838 3273 1941 3305 nomen,
1956 3276 2002 3299 sed
2015 3275 2075 3299 duo.
2091 3275 2123 3298 Et
2137 3274 2185 3298 hoc
2200 3275 2343 3299 declaratur
2361 3275 2444 3307 primo

1386 3315 1513 3343 quantum
1532 3312 1569 3336 ad
1588 3315 1687 3336 motum
1707 3312 1732 3335 in
1753 3311 1915 3343 quantitate;
1935 3310 2025 3334 deinde
2045 3315 2171 3341 quantum
2185 3310 2216 3334 ad
2230 3315 2331 3334 motum
2343 3310 2368 3334 in
2382 3310 2445 3334 sub-

1386 3347 1494 3376 stantia,
1515 3347 1551 3371 Et
1570 3347 1692 3371 similiter
1717 3346 1742 3370 in
1771 3345 1918 3370 substantia
1937 3349 1984 3369 etc.
2005 3345 2113 3369 Codices
2133 3349 2157 3368 et
2176 3345 2234 3369 edd.
2250 3353 2301 3369 non
2324 3345 2444 3377 praemit-

1385 3382 1463 3405 tendo
1483 3381 1635 3406 divisionem
1653 3381 1696 3412 (in
1715 3380 1864 3412 quantitate
1883 3382 1908 3403 et
1927 3379 1953 3403 in
1973 3380 2139 3409 substantia)
2159 3387 2210 3404 non
2231 3380 2340 3404 dilucide
2353 3388 2444 3413 proce-

1386 3416 1456 3446 dunt,
1476 3424 1561 3448 neque
1580 3417 1665 3448 quoad
1679 3416 1721 3439 illa
1735 3415 1813 3439 verba
1831 3417 1958 3446 quantum
1973 3415 2010 3439 ad
2024 3418 2122 3439 motum
2139 3415 2164 3439 in
2183 3415 2339 3447 quantitate,
2359 3423 2443 3448 neque

1385 3451 1471 3483 quoad
1490 3451 1632 3475 secundum
1648 3450 1794 3474 membrum
1809 3450 1843 3474 Et
1857 3449 1989 3478 similiter;
2002 3450 2138 3482 praecipue
2153 3450 2213 3482 quia
2227 3450 2252 3474 in
2267 3450 2316 3475 hoc
2329 3451 2443 3475 secundo

1385 3486 1504 3510 membro
1522 3486 1642 3510 omittunt
1661 3485 1736 3509 etiam
1757 3485 1782 3508 in
1801 3484 1958 3509 substantia.

1437 3521 1464 3552 η)
1483 3521 1602 3553 singulas
1615 3520 1774 3552 particulas.
1786 3533 1804 3537 —
1818 3519 1868 3543 Pro
1886 3519 2014 3552 singulas,
2028 3520 2204 3553 singulariter
2216 3520 2274 3551 EG3
2293 3529 2340 3553 pro
2354 3521 2443 3552 parti-

1385 3556 1465 3584 culas,
1481 3558 1576 3587 partes
1597 3555 1653 3579 edd.
1673 3555 1713 3579 ab
1733 3559 1758 3579 et
1776 3554 1849 3579 codd.
1865 3562 1916 3579 exc.
1931 3555 2014 3580 DHM.

2235 3618 2265 3640 14

2484 370 2492 377 “
2507 372 2531 390 et
2545 376 2593 392 om.
2610 375 2677 393 coda.

2483 529 2490 536 ¹
2507 527 2666 555 imperfectum
2681 535 2696 550 κ

2481 560 2515 574 Ls.

2578 1256 2592 1284 ζ

2481 1320 2492 1330 '⁶
2504 1320 2544 1347 qui
2551 1320 2636 1342 dicitur
2644 1327 2695 1342 Pmc.

2481 1420 2489 1428 '¹
2501 1421 2649 1442 minorabilis
2660 1428 2696 1443 eo.

2479 1790 2489 1800 ⁴¹
2504 1790 2566 1812 Lect.
2582 1798 2607 1813 11.

2504 2058 2573 2080 Num.
2589 2066 2638 2087 seq.

2478 2164 2488 2173 *
2503 2163 2572 2184 Num.
2587 2170 2607 2191 7.

2479 2324 2486 2331 ·
2504 2322 2537 2343 ad
2552 2323 2594 2344 hoc
2609 2323 2676 2344 codd.
