2982 4022
91 3457 104 3469 ⁸*
119 3464 161 3480 eat
171 3462 304 3482 comqnv„

1176 200 1286 237 CAP.
1317 200 1366 246 ΙΙ,
1397 199 1546 235 LECT.
1578 200 1639 235 ΙΙΙ.
2262 206 2272 211 ”
2453 212 2492 235 11

1086 405 1384 462 LECTIO
1423 387 1768 462 TERTIA'

755 563 1028 595 REFELLITUR
1051 562 1196 593 OPINIO
1220 561 1479 592 PARMENIDIS
1502 561 1559 591 ET
1583 561 1747 591 MELISSI
1771 562 2071 592 ASSERENTIUM

319 758 425 807 Ἀρχὴ
449 753 487 788 δὲ
512 755 709 792 οἱκειοτοίτη
736 756 867 796 πασῶν,
895 750 1013 792 ἐπειδή
1039 753 1385 799 πολλαχῶς“λε’γεται

389 801 431 834 τό
457 801 510 842 ὄν,
536 800 616 832 ἰδεῖν
642 801 710 837 πῶς
739 800 892 845 λέγουσιν
920 802 948 831 οἱ
975 799 1133 844 λέγοντες
1164 796 1249 829 εἶναι
1280 800 1311 829 ἓν
1338 797 1386 828 τοὶ

389 844 528 885 πάντα,
559 844 703 888 πότερον
729 845 844 876 οὐσίαν
871 843 919 875 τοὶ
943 842 1060 875 πάντα
1086 842 1107 878 ἢ
1133 842 1224 874 ποσοὶ
1246 839 1267 877 ἦ
1286 840 1382 882 ποιοί,

386 891 445 921 καὶ
471 889 573 920 πάλιν
599 888 742 932 πότερον
769 887 885 920 οὐσίαν
906 890 984 931 μίαν
1010 887 1058 919 τοὶ
1083 886 1214 927 πάντα,
1241 887 1307 918 οἷον
1331 886 1386 918 ἄν-

389 934 518 976 θρωπον
545 933 603 965 ἕνα
629 931 649 969 ἦ
671 933 779 965 ’ίππον
805 932 863 964 ἕνα
889 930 910 968 ’ἢ
935 931 1043 977 ψυχήν
1068 933 1162 974 μίαν,
1190 930 1210 967 ἦ
1237 931 1332 963 ποιόν
1351 930 1384 961 ἓν

388 974 427 1010 δὲ
451 979 571 1019 τοῦτο,
599 977 667 1009 οἷον
690 977 807 1009 λευκὸν
833 975 854 1013 ἦ
879 975 996 1020 θερμόν
1015 974 1036 1012 ἦ
1054 977 1120 1007 τῶν
1139 976 1247 1007 ἄλλων
1266 987 1300 1008 τι
1316 975 1383 1006 τῶν

385 1022 565 1054 τοιούτων·
592 1022 711 1053 ταῦτα
735 1021 799 1067 γάρ
826 1020 943 1053 πάντα
973 1016 1120 1064 διαφέρει
1146 1031 1184 1051 τε
1211 1019 1299 1051 πολύ
1327 1020 1390 1050 καὶ·

391 1063 550 1100 ἀδύνατα
578 1065 702 1112 λέγειν.
739 1067 778 1097 Εἰ
802 1066 862 1110 μὲν
887 1065 951 1111 γαρ
981 1064 1080 1097 ἔσται
1109 1066 1167 1095 καὶ
1200 1062 1298 1095 οὐσία
1325 1064 1384 1093 καὶ

389 1111 493 1143 ποσόν
518 1111 576 1142 καὶ
601 1110 719 1151 ποιόν,
745 1112 802 1142 καὶ
827 1112 945 1142 ταῦτα
972 1110 1029 1141 εἴτ’
1060 1106 1296 1151 ἀπολελυμένα
1323 1107 1380 1139 ἀπ’

390 1155 545 1191 ἀλλήλων
579 1157 647 1186 εἴτε
679 1154 749 1199 μή,
783 1154 897 1187 πολλοὶ
928 1152 975 1185 τα
1007 1153 1104 1185 ὄντα·
1138 1154 1166 1184 εἰ
1197 1148 1235 1183 δὲ
1266 1151 1384 1184 πάντα

389 1199 485 1232 ποιόν
511 1198 532 1235 ἦ
558 1198 684 1240 ποσόν,
716 1195 774 1231 εἴτ’
805 1199 905 1236 οὔσης
934 1198 1048 1234 οὐσίας
1083 1199 1151 1229 εἴτε
1183 1196 1231 1240 μή
1263 1196 1382 1236 οὔσης,

350 1278 355 1284 ,
390 1244 540 1283 ἄτοπον,
567 1244 595 1274 εἰ
618 1239 670 1274 δεῖ
695 1242 824 1276 ἄτοπον
851 1238 963 1289 ’λέγειν
989 1242 1030 1274 τὸ
1057 1237 1244 1273 ἀδύνατον.
1279 1236 1384 1271 Οὐδέν

387 1288 452 1334 γοίρ
486 1288 552 1320 τῶν
587 1287 696 1319 ἄλλων
729 1287 893 1332 χωριστόν
927 1285 1000 1319 ἐστι
1032 1284 1127 1330 παρα
1158 1285 1222 1322 τήν
1252 1283 1383 1316 οὐσίαν·

388 1334 508 1364 πάντα
539 1332 603 1378 γαρ
635 1330 705 1362 καθ’
731 1332 950 1376 ὑποκειμένου
986 1331 1047 1368 τῆς
1072 1329 1198 1375 ,οὐσίας
1228 1328 1382 1375 λέγεται.

387 1377 552 1414 Μέλισσος
584 1375 621 1407 δέ
653 1388 730 1420 φησι
756 1376 796 1408 τό
823 1375 857 1408 ὂν
885 1377 1020 1419 ἄπειρον
1046 1371 1143 1406 εἶναι.
1181 1374 1286 1405 [loo-dv
1319 1373 1384 1415 ἄρα

390 1432 424 1453 τι
449 1421 489 1453 τό
516 1421 564 1452 ὄν·
591 1420 632 1452 τὸ
661 1420 724 1466 γαρ
757 1421 892 1464 α”πειρον
923 1421 956 1452 ἑν
987 1419 1033 1460 τῷ
1066 1419 1172 1459 ποσῷ·
1199 1416 1316 1449 οὐσίαν
1348 1414 1386 1450 ’δὲ

392 1465 528 1508 ἄπειρον
559 1461 643 1495 εἶναι
669 1463 689 1500 ἦ
717 1464 890 1502 ποιότητα
916 1463 936 1501 ἦ
962 1463 1088 1504 πάθος,
1117 1463 1176 1494 οὐκ
1206 1458 1385 1506 ἐνδέχεται

388 1510 417 1541 εἰ
447 1510 493 1553 μή
525 1508 621 1541 κατοὶ
649 1508 878 1551 συμβεβηκός,
912 1509 940 1539 εἱ
974 1507 1046 1550 ἅμα
1074 1510 1131 1538 καὶ
1165 1507 1257 1538 ποσοὶ
1290 1508 1385 1539 σ’ίττα

388 1550 465 1584 εἷεψ
486 1554 501 1584 ό
519 1552 583 1598 γάρ
609 1553 671 1583 τοῦ
699 1553 836 1596 ἀπείρου
857 1552 958 1598 λόγος
976 1553 1023 1593 τῷ
1042 1552 1134 1592 ποσῷ
1154 1553 1383 1595 προσχρῆται,

390 1597 458 1629 ἀλλ’
488 1598 546 1628 οὐκ
577 1596 675 1636 οὐσίᾳ
709 1592 787 1628 οὐδὲ
819 1598 866 1637 τῷ
899 1597 996 1637 ποιῷ.
1034 1597 1071 1626 Εἰ
1096 1595 1155 1638 μέν
1187 1597 1298 1627 τοίνυν
1327 1597 1385 1637 καὶ

388 1639 487 1673 οὐσία
512 1642 584 1673 ἐστὶ
608 1642 667 1672 καὶ
696 1640 818 1682 ποσόν,
845 1638 906 1673 δύο
930 1641 989 1671 καὶ
1016 1640 1078 1684 οὐχ
1103 1640 1135 1670 ἓν
1162 1638 1202 1671 τὸ
1228 1639 1275 1670 ὅν·
1303 1640 1330 1670 εἰ
1355 1635 1382 1669 δ’

388 1685 486 1717 οὐσία
510 1686 630 1730 μόνον,
657 1685 716 1716 οὐκ
739 1685 887 1730 ἄπειρον,
914 1684 992 1717 οὐδὲ
1016 1683 1156 1729 μέγεθος
1183 1682 1248 1723 ἕξει
1273 1678 1383 1714 οὐδέν·

389 1730 494 1762 ποσὸν
518 1729 584 1776 γοίρ
609 1741 643 1761 τι
669 1730 780 1762 ἔσται.

313 1864 391 1896 ’Έτι
408 1862 481 1894 ἐπεὶ
497 1863 554 1892 καὶ
581 1860 669 1892 αὐτὸ
695 1861 735 1893 τό
754 1862 786 1893 ἓν
805 1860 985 1905 πολλαχῶς
1009 1858 1166 1904 λέγεται,
1191 1856 1302 1905 §ioxep
1327 1860 1384 1890 καὶ

320 1902 323 1904 .
388 1906 430 1939 τό
455 1906 510 1947 ὄν,
536 1905 702 1937 σκεπτέον
732 1909 811 1938 τίνοι
835 1903 962 1949 τρόπον
990 1903 1143 1949 λέγουσιν
1174 1905 1259 1933 εἰναι
1285 1904 1317 1934 ἓν
1344 1903 1384 1935 τὸ

388 1952 468 1983 πᾶν.
500 1949 650 1996 Λέγεται
675 1945 704 1980 δ’
733 1950 764 1982 ἓν
791 1948 812 1986 ’ἢ
838 1950 878 1981 τὸ
897 1947 1031 1993 συνεχὲς
1049 1947 1069 1984 ἦ
1087 1947 1128 1980 τό
1148 1942 1341 1989 ἀδιαίρετον
1363 1946 1384 1984 ἦ

388 1995 430 2026 ὥν
457 1996 472 2027 ὁ
496 1994 597 2039 λόγος
624 1995 639 2024 ὁ
666 1994 771 2032 αὐτὸς
788 1996 846 2025 καὶ
864 1994 907 2031 εἷς
928 1994 943 2024 ὁ
962 1993 1024 2025 τοῦ
1043 1995 1075 2025 τί
1094 1990 1134 2030 ἧν
1153 1989 1252 2032 εἶναι,
1275 1991 1384 2034 ὥσπερ

388 2039 468 2082 μέθυ
491 2040 549 2070 καὶ
572 2036 668 2075 οἶνος.
694 2039 732 2069 Εἰ
757 2038 815 2082 μέν
841 2041 951 2071 τοίνυν
972 2037 1121 2081 συνεχές,
1140 2037 1254 2069 πολλοὶ
1270 2036 1311 2068 τὸ
1337 2035 1383 2067 ἓν·

388 2084 432 2120 εἰς
461 2083 596 2127 ἄπειρον
621 2082 685 2126 γαρ
703 2078 871 2126 διαιρετὸν
892 2082 932 2114 τό
950 2084 1096 2126 συνεχές.
1126 2081 1221 2126 Ἔχει
1245 2076 1274 2111 δ’
1301 2081 1385 2112 ἀπο-

389 2130 461 2171 ρίαν
487 2128 560 2171 περὶ
585 2127 647 2158 τοῦ
673 2126 788 2170 μέρους
813 2129 871 2158 καὶ
897 2126 959 2158 τοῦ
983 2124 1059 2156 ὅλου
1083 2127 1173 2168 (ἴσως
1193 2121 1230 2155 δέ
1249 2125 1286 2156 οὐ
1305 2125 1384 2168 πρὸς

390 2171 449 2202 τὸν
473 2170 596 2216 λόγον,
626 2168 697 2201 ἀλλ’
732 2169 841 2205 αὐτὴν
866 2170 943 2201 καθ’
973 2169 1103 2211 αὐτήν)
1130 2168 1273 2211 πότερον
1299 2169 1337 2200 ἓν
1364 2169 1384 2205 ἦ

390 2217 493 2247 πλείω
518 2214 559 2246 τὸ
584 2213 679 2258 μέρος
704 2216 762 2246 καὶ
788 2214 828 2246 τὸ
855 2213 953 2253 ὅλον,
978 2215 1036 2244 καὶ
1062 2215 1130 2250 πῶς
1161 2214 1192 2244 ἓν
1220 2211 1240 2249 ἦ
1267 2213 1383 2244 πλείω·

387 2261 445 2290 καὶ
471 2259 498 2289 εἰ
523 2261 647 2298 πλείω,
674 2259 742 2295 πῶς
769 2259 884 2290 πλείω·
910 2258 968 2289 καὶ
994 2259 1068 2299 περὶ
1093 2258 1159 2290 τῶν
1185 2258 1289 2300 μερῶν
1316 2257 1382 2287 τῶν

388 2303 435 2346 μή
460 2303 604 2346 συνεχῶν
631 2303 669 2347 [ὁ
697 2303 801 2339 αὐτός
825 2300 958 2348 λόγος]·
984 2304 1041 2332 καὶ
1059 2302 1087 2332 εἰ
1104 2303 1151 2342 τῷ
1171 2301 1233 2341 ὅλῳ
1256 2302 1287 2332 ἓν
1307 2300 1384 2340 ἐκοί-

389 2358 482 2391 τερον
507 2347 548 2384 ὠς
575 2342 783 2390 ἀδιαίρετον,
812 2346 865 2378 ὅτι
889 2348 947 2377 καὶ
973 2344 1068 2378 αὐτοὶ
1092 2347 1222 2382 αὐτοῖς.

263 2443 271 2450 ·
313 2435 422 2466 Ἀλλοὶ
449 2435 514 2478 μήν
540 2434 567 2464 εἰ
592 2436 632 2472 ὠς
661 2429 874 2476 ἀδιαίρετον,
910 2433 1004 2465 οὐθὲν
1036 2434 1134 2465 ἔσται
1165 2434 1270 2466 ποσόν
1305 2428 1384 2464 οὐδὲ

391 2478 500 2519 ποιόν,
529 2473 608 2510 οὐδὲ
631 2474 674 2515 δὴ
702 2479 836 2522 α”πειρον
862 2477 902 2510 τό
930 2477 981 2519 ὅν,
1009 2477 1117 2522 ὥσπερ
1143 2477 1307 2513 Μέλισσός
1328 2488 1387 2520 φη-

388 2534 452 2563 σιν,
480 2517 558 2554 οὐδὲ
582 2522 854 2567 πεπερασμένον,
881 2521 990 2566 ὥσπερ
1014 2518 1235 2566 Παρμενίδης·
1258 2521 1299 2554 τὸ
1320 2521 1385 2566 γοὶρ

390 2567 493 2612 πέρας
521 2562 732 2611 ἀδιαίρετον,
760 2567 797 2599 οὐ
824 2566 864 2599 τὸ
891 2566 1157 2611 πεπερασμένον.

318 2611 426 2643 Ἀλλοὶ
450 2611 514 2655 μήν
540 2611 567 2642 εὶ
593 2610 753 2657 τῷλόγῳ
779 2612 811 2643 ἓν
837 2610 885 2643 τοὶ
909 2611 993 2643 ὄντα
1019 2612 1156 2651 πάντα,
1183 2612 1226 2651 ὠς,
1256 2609 1383 2641 λώπιον

389 2656 447 2686 καὶ
472 2653 621 2698 ἱμοίτιον,
641 2655 700 2687 τὸν
723 2656 943 2698 Ἡρακλείτου
960 2654 1061 2701 λόγον
1080 2656 1255 2699 συμβαίνει
1271 2654 1382 2703 λε’-[ειν

371 2698 373 2701 ’
390 2700 520 2736 αὐτοῖς·
541 2697 670 2731 ταύτὸν
686 2699 750 2744 γάρ
770 2700 868 2731 ἔσται
893 2701 951 2731 καὶ
978 2699 1094 2745 ἀγαθῷ
1112 2701 1170 2731 καὶ
1186 2700 1279 2740 κακῷ
1297 2703 1383 2731 εἰναι

388 2744 447 2774 καὶ
471 2743 517 2786 μή
545 2743 661 2788 ἀγαθῷ
678 2745 736 2774 καὶ
757 2743 886 2790 ἀγαθῷ·
914 2742 1001 2776 ὥστε
1027 2740 1157 2776 ταύτόν
1176 2743 1274 2775 ἔσται
1298 2746 1385 2790 ἀγα-

392 2786 449 2818 θόν
473 2788 532 2818 καὶ
558 2786 616 2819 οὐκ
644 2786 793 2833 ἀγαθόν,
824 2790 881 2819 καὶ
909 2787 1079 2832 ἄνθρωπος
1104 2790 1161 2819 καὶ
1182 2787 1302 2825 ἶππος·
1327 2790 1385 2820 καὶ

393 2829 430 2862 οὐ
456 2832 529 2875 περὶ
554 2833 616 2863 τοῦ
642 2832 673 2863 ἓν
700 2829 784 2864 εἶναι
810 2832 857 2864 τοὶ
876 2831 960 2864 ὄντα
979 2833 994 2864 ὁ
1011 2831 1111 2878 λόγος
1135 2832 1233 2864 ἔσται
1252 2834 1383 2873 αὐτοῖς,

393 2874 482 2907 ἀλλα
502 2878 574 2919 περὶ
601 2877 663 2907 τοῦ
694 2871 819 2920 μηδέν,
845 2878 902 2908 καὶ
928 2877 968 2909 τό
994 2872 1108 2917 τοιῳδὶ
1138 2874 1223 2908 εἶναι
1246 2879 1387 2915 καὶ,το-
1437 2908 1440 2910 .

392 2915 471 2960 σῳδὶ
497 2918 640 2952 ταύτόν.

379 3016 527 3044 SYNOPSIS.
545 3033 579 3037 —-
601 3026 623 3044 1.
638 3017 855 3053 *Argumentum
878 3023 905 3045 et
926 3017 1027 3045 divisio
1049 3024 1150 3045 textus.
1165 3034 1185 3039 -
1200 3025 1226 3046 2.
1242 3019 1385 3046 Probatur

327 3055 407 3091 quod
427 3065 478 3083 ens
499 3065 555 3084 non
577 3061 620 3083 est
641 3066 737 3084 unum.
754 3064 776 3084 t.
793 3066 826 3084 ex
846 3063 927 3093 parte
948 3057 1029 3084 entis.
1051 3058 1125 3085 Nam
1144 3067 1194 3085 ens
1211 3067 1302 3086 unum
1323 3068 1385 3086 non

325 3100 421 3130 potest
441 3104 502 3122 esse
516 3104 610 3132 neque
631 3095 788 3123 substantia
809 3095 894 3124 simul
916 3102 943 3124 et
957 3096 1098 3132 accidens,
1121 3106 1174 3125 nec
1195 3097 1289 3125 solum
1311 3098 1384 3125 acci-

327 3134 406 3168 dens,
428 3143 522 3170 neque
550 3135 613 3162 sola
640 3135 798 3163 substantia
825 3135 886 3163 sine
906 3136 1051 3164 accidente
1079 3137 1179 3164 saltem
1210 3137 1384 3173 quantitatis.

326 3174 447 3209 Propter
467 3174 524 3201 hoc
543 3183 635 3202 unum
663 3184 713 3206 ens
741 3174 884 3202 infinitum
905 3175 1012 3203 Melissi
1040 3182 1081 3203 est
1102 3176 1294 3212 impossibile,
1317 3177 1385 3213 quia

327 3218 354 3240 et
375 3212 519 3240 infinitum
545 3213 640 3249 ipsum
667 3214 725 3241 iam
753 3214 878 3242 insinuat
899 3215 1096 3251 quantitatem.
1111 3233 1130 3236 —
1147 3216 1172 3243 3.
1200 3224 1225 3243 2.
1241 3217 1282 3244 Ex
1303 3223 1384 3252 parte

327 3252 420 3280 unius.
436 3253 510 3279 Nam
523 3262 615 3280 unum
629 3253 743 3281 dicitur:
759 3255 787 3289 a)
802 3260 852 3281 aut
865 3254 976 3282 ratione
990 3254 1193 3283 continuitatis.
1205 3255 1385 3284 Continuum

335 3366 348 3390 1
391 3364 413 3408 x}
447 3375 513 3411 553
592 3360 768 3401 ostquam
781 3354 909 3402 posuit
924 3355 1121 3402 opiniones
1139 3356 1385 3405 philosopho-

398 3421 405 3431 <
441 3393 518 3453 KQ),
546 3404 577 3450 ἓν
593 3418 677 3442 rum
698 3406 744 3443 de
763 3406 966 3455 principiis,
987 3407 1048 3444 hie
1074 3408 1236 3456 disputat
1256 3417 1386 3447 contra

403 3428 421 3443 (ᾗ
470 3431 478 3437 s
486 3436 489 3440 ,
532 3426 558 3469 ⁴

447 3447 469 3457 ..t

486 3460 507 3471 1
536 3458 546 3473 ἱ

383 3467 388 3477 “
414 3470 417 3471 ’
447 3453 577 3523 ἢρξγ
593 3471 658 3495 eos
677 3459 708 3496 ²⁸⁶.
734 3461 782 3496 Et
799 3460 924 3508 primo
955 3468 1084 3510 contra
1103 3461 1186 3498 illos
1215 3462 1279 3510 qui
1307 3475 1385 3499 non

410 3523 421 3529 “
447 3499 574 3546 3399!
592 3512 806 3549 naturaliter
835 3513 882 3550 de
910 3521 1042 3550 natura
1061 3514 1174 3550 locuti
1202 3521 1308 3562 sunt3
1329 3528 1384 3551 se-

1157 623 1297 654 OMNIA
1319 622 1419 653 ESSE
1443 623 1569 653 UNUM
1592 623 1672 653 ENS

1440 758 1658 799 *Principium
1673 767 1779 791 autem
1795 762 1930 792 maxime
1941 768 1987 792 est
2002 762 2149 792 omnium
2162 763 2338 803 proprium,
2349 763 2503 804 quoniam

1506 804 1721 844 multipliciter
1745 805 1857 836 dicitur
1881 807 1970 846 quod
1986 813 2042 844 est,
2059 808 2226 847 quomodo
2244 808 2352 838 dicunt
2367 808 2503 838 dicentes

1506 858 1609 878 unum
1626 859 1692 879 esse
1712 850 1830 888 omnia,
1847 856 1956 880 utrum
1979 851 2185 881 substantiam
2201 852 2319 889 omnia,
2337 858 2392 882 aut
2407 862 2504 892 quan-

1506 892 1626 922 titatem
1649 899 1704 923 aut
1726 893 1919 933 qualitatem.
1944 895 1985 924 Et
2007 895 2140 934 iterum,
2164 901 2273 925 utrum
2297 896 2503 926 substantiam

1506 946 1605 966 unam
1633 937 1742 967 omnia
1765 944 1800 968 ut
1822 938 1988 968 hominem
2011 949 2129 977 unum,
2155 946 2209 969 aut
2232 949 2352 980 equum
2381 950 2502 977 unum,

1506 987 1560 1010 aut
1583 980 1723 1011 animam
1747 990 1861 1012 unam:
1887 990 1941 1013 aut
1965 983 2148 1023 qualitatem
2171 994 2269 1013 unam
2292 983 2379 1022 haec,
2404 991 2439 1014 ut
2460 983 2502 1013 al-

1505 1025 1584 1054 bum
1612 1031 1667 1055 aut
1699 1025 1836 1056 calidum
1867 1033 1921 1056 aut
1949 1027 2068 1067 aliquid
2095 1027 2231 1057 aliorum
2264 1028 2385 1058 talium.
2416 1028 2503 1058 Haec

1506 1068 1591 1099 enirn
1615 1069 1724 1099 omnia
1747 1069 1894 1100 differunt
1917 1071 2066 1109 multum,
2092 1078 2121 1102 et
2140 1078 2214 1102 sunt
2236 1071 2444 1111 impossibilia
2461 1072 2504 1101 di-

1506 1119 1563 1143 cta.
1588 1113 1604 1131 *
1620 1113 1652 1143 Si
1672 1113 1802 1153 quidem
1826 1114 1910 1144 enim
1939 1122 2031 1144 erunt
2054 1122 2084 1145 et
2107 1116 2280 1146 substantia
2303 1123 2334 1146 et
2356 1116 2448 1156 quale
2474 1122 2504 1146 et
2528 1124 2539 1135 '⁵

1507 1163 1681 1197 quantum,
1706 1164 1736 1187 et
1758 1157 1835 1188 haec
1859 1158 1923 1188 sive
1946 1159 2084 1189 resoluta
2108 1160 2147 1189 ad
2170 1159 2306 1190 invicem
2330 1160 2394 1190 sive
2416 1170 2501 1198 non,

1506 1201 1607 1231 multa
1630 1208 1704 1232 sunt
1726 1212 1806 1242 quae
1830 1209 1913 1232 sunt.
1944 1202 1976 1232 Si
1999 1213 2073 1232 vero
2105 1204 2214 1233 omnia
2242 1210 2296 1234 aut
2326 1204 2419 1244 quale
2449 1210 2503 1234 aut

1505 1252 1662 1285 quantum
1686 1252 1774 1283 sunt,
1800 1246 1864 1276 sive
1889 1256 1963 1276 cum
1986 1247 2025 1276 sit
2049 1247 2221 1278 substantia
2251 1248 2315 1277 sive
2340 1258 2413 1278 cum
2436 1258 2503 1278 non

1506 1290 1555 1327 sit,
1572 1290 1796 1320 inconveniens
1813 1297 1869 1328 est,
1887 1291 1912 1320 si
1936 1297 2062 1330 oportet
2076 1291 2302 1321 inconveniens
2328 1292 2428 1322 dicere
2444 1292 2502 1322 im-

1505 1333 1669 1373 possibile:
1690 1334 1816 1364 nullum
1833 1335 1917 1364 enim
1933 1335 2069 1364 aliorum
2085 1335 2255 1374 separabile
2271 1342 2316 1366 est
2330 1343 2414 1366 extra
2429 1337 2504 1366 sub-

1506 1378 1666 1415 stantiam}
1691 1379 1799 1408 omnia
1817 1389 1956 1419 namque
1973 1379 2010 1408 de
2030 1379 2168 1410 subiecta
2184 1380 2332 1410 dicuntur
2346 1380 2414 1420 ipsa
2429 1381 2503 1411 sub-

1507 1422 1628 1452 stantia.
1653 1422 1670 1441 *
1686 1423 1831 1453 Melissus
1848 1430 1954 1453 autem
1969 1423 2058 1463 quod
2083 1430 2128 1454 est
2149 1423 2309 1454 infinitum
2331 1424 2404 1455 dicit
2420 1433 2500 1455 esse:

1507 1473 1664 1507 quantum
1686 1466 1793 1508 itaque
1817 1467 1936 1508 aliquid
1960 1475 2006 1498 est
2029 1468 2117 1508 quod
2141 1474 2203 1505 est;
2224 1467 2385 1498 infinitum
2418 1469 2504 1499 enim

1506 1510 1539 1540 in
1555 1510 1728 1551 quantitate
1745 1518 1799 1542 est.
1821 1512 2035 1542 Substantiam
2052 1517 2158 1541 autem
2174 1511 2330 1542 infinitam
2357 1519 2411 1542 aut
2427 1523 2503 1553 qua-

1507 1555 1628 1585 litatem
1642 1562 1696 1585 aut
1713 1556 1894 1595 passionem
1910 1566 1987 1594 esse,
2005 1566 2070 1586 non
2084 1555 2236 1595 contingit
2252 1556 2317 1590 nisi,
2327 1558 2503 1587 secundum

1507 1599 1660 1636 accidens,
1685 1599 1710 1628 si
1735 1600 1829 1630 simul
1853 1606 1882 1629 et
1905 1601 2028 1640 aliquae
2056 1600 2244 1640 quantitates
2273 1607 2361 1638 sunt;
2390 1601 2504 1632 infiniti

1508 1642 1593 1672 enim
1615 1643 1693 1672 ratio
1718 1644 1884 1683 quantitati
1908 1644 2062 1683 congruit,
2080 1644 2134 1674 sed
2158 1654 2224 1674 non
2241 1645 2430 1675 substantiae
2450 1656 2503 1675 ne-

1507 1697 1569 1727 que
1593 1687 1744 1727 qualitati.
1770 1688 1802 1718 Si
1821 1688 1951 1728 quidem
1974 1689 2068 1728 igitur
2092 1688 2263 1718 substantia
2283 1695 2328 1718 est
2352 1695 2382 1719 et
2404 1699 2503 1729 quan-

1507 1738 1588 1769 tum,
1613 1732 1678 1761 duo
1696 1738 1726 1761 et
1741 1742 1807 1761 non
1832 1742 1934 1762 unum
1958 1739 2003 1763 est
2026 1733 2113 1773 quod
2138 1739 2202 1762 est:
2227 1733 2252 1762 si
2268 1742 2343 1762 vero
2360 1734 2503 1763 substan-

1507 1775 1550 1805 tia
1582 1775 1710 1813 solum,
1746 1786 1812 1806 non
1844 1775 2004 1807 infinitum
2038 1783 2084 1807 est
2115 1786 2218 1816 neque
2251 1777 2502 1816 magnitudinem

1507 1820 1634 1850 habebit
1657 1819 1770 1850 ullam:
1795 1827 1952 1860 quantum
1977 1821 2062 1851 enim
2085 1821 2248 1860 quoddam
2272 1821 2338 1851 erit.

1440 1863 1456 1881 *
1472 1864 1632 1903 Amplius,
1657 1864 1811 1904 quoniam
1835 1871 1865 1895 et
1886 1865 1993 1904 ipsum
2010 1875 2112 1895 unum
2140 1865 2355 1903 multipliciter
2379 1865 2502 1903 dicitur,

1507 1909 1781 1948 quemadmodum
1805 1915 1835 1939 et
1862 1910 1951 1949 quod
1982 1915 2045 1947 est,
2076 1908 2305 1939 intendendum
2335 1910 2502 1949 quomodo

1507 1952 1615 1983 dicunt
1639 1963 1741 1982 unum
1765 1962 1830 1982 esse
1855 1963 1960 1984 omne.
1985 1953 2108 1983 Dicitur
2131 1952 2216 1982 enim
2238 1963 2339 1983 unum
2359 1959 2413 1983 aut
2429 1963 2502 1983 con-

1506 1996 1644 2035 tinuum⁷
1668 2003 1723 2027 aut
1745 1997 1943 2035 indivisibile,
1967 2005 2022 2028 aut
2045 2007 2184 2038 quorum
2208 1996 2287 2027 ratio
2311 2007 2375 2027 una
2398 2003 2429 2027 et
2452 2007 2488 2027 ea

1507 2041 1581 2070 dem
1605 2051 1685 2081 quae
1710 2041 1828 2081 aliquid
1852 2049 1916 2072 erat
1940 2051 2020 2080 esse,
2046 2042 2320 2082 quemadmodum
2347 2052 2450 2081 vappa
2474 2048 2504 2071 et

1506 2085 1627 2115 vinum.
1652 2086 1669 2104 *
1684 2085 1715 2115 Si
1731 2085 1861 2125 quidem
1883 2086 1978 2125 igitur
1995 2085 2194 2123 continuum,
2211 2085 2311 2115 multa
2327 2092 2400 2115 sunt
2415 2086 2503 2126 quod

1508 2136 1569 2159 est:
1594 2129 1627 2159 in
1650 2129 1810 2160 infinitum
1834 2130 1918 2159 enim
1942 2130 2095 2160 divisibile
2115 2136 2160 2160 est
2176 2130 2374 2160 continuum.
2399 2130 2504 2159 Habet

1508 2180 1615 2203 autem
1639 2173 1870 2204 dubitationem
1894 2175 1931 2204 de
1955 2180 2023 2204 toto
2049 2181 2079 2204 et
2101 2180 2187 2214 parte
2212 2172 2368 2216 (fortassis
2397 2180 2504 2204 autem

1507 2227 1574 2247 non
1597 2217 1638 2247 ad
1660 2217 1741 2248 hanc
1769 2218 1943 2257 rationem,
1971 2218 2029 2248 'sed
2057 2219 2096 2248 ad
2119 2219 2221 2258 ipsam
2249 2218 2425 2248 secundum
2453 2228 2502 2247 se-

1507 2260 1635 2303 ipsam),
1660 2269 1769 2292 utrum
1792 2273 1895 2292 unum
1918 2269 1973 2293 aut
1996 2262 2086 2302 plura
2100 2273 2171 2302 pars
2196 2269 2225 2292 et
2248 2268 2363 2300 totum,
2381 2269 2410 2292 et
2426 2272 2504 2302 quo-

1506 2305 1606 2335 modo
1631 2316 1733 2336 unum
1756 2313 1811 2336 aut
1826 2307 1932 2346 plura;
1950 2314 1980 2337 et
1995 2306 2020 2336 si
2037 2307 2143 2346 plura,
2162 2307 2328 2346 quomodo
2346 2306 2450 2346 plura:
2474 2312 2504 2336 et

1506 2349 1544 2379 de
1568 2349 1708 2389 partibus
1733 2360 1799 2380 non
1824 2351 1993 2381 continuis.
2018 2351 2059 2380 Et
2082 2350 2108 2380 si
2131 2351 2189 2381 toti
2205 2361 2308 2381 unum
2331 2357 2503 2390 utrumque

1506 2399 1552 2423 est
1576 2393 1655 2424 sicut
1677 2394 1874 2433 indivisibile,
1900 2395 2053 2435 quoniam
2077 2401 2107 2425 et
2125 2395 2235 2425 eadem
2259 2395 2377 2425 eisdem
2401 2401 2501 2424 erunt.

1438 2436 1454 2454 *
1468 2438 1511 2467 At
1533 2447 1607 2467 vero
1633 2437 1657 2467 si
1681 2444 1727 2468 est
1750 2438 1830 2468 sicut
1845 2438 2042 2476 indivisibile,
2057 2438 2183 2468 nullum
2206 2439 2262 2469 erit
2277 2445 2433 2479 quantum
2449 2448 2502 2468 ne-

1506 2491 1568 2521 que
1592 2482 1699 2521 quale:
1725 2492 1828 2522 neque
1852 2483 1915 2512 iam
1939 2482 2098 2513 infinitum
2122 2483 2210 2522 quod
2230 2490 2285 2520 est,
2302 2483 2383 2513 sicut
2401 2482 2502 2512 Melis-

1506 2536 1558 2555 sus
1582 2526 1671 2563 dicit,
1696 2536 1799 2568 neque
1831 2526 1973 2565 finitum,
1999 2526 2078 2557 sicut
2105 2527 2324 2557 Parmenides:
2349 2526 2501 2557 terminus

1507 2570 1592 2599 enim
1614 2570 1810 2600 indivisibilis
1833 2570 1940 2601 finitus
1964 2581 2030 2600 non
2054 2577 2109 2601 est.

1439 2614 1455 2632 *
1470 2615 1513 2643 At
1526 2624 1601 2643 vero
1618 2614 1643 2644 si
1659 2614 1780 2644 ratione
1803 2625 1905 2644 unum
1929 2621 2003 2645 sunt
2027 2615 2135 2644 omnia
2158 2625 2239 2655 quae
2259 2621 2342 2651 sunt,
2360 2615 2440 2644 sicut
2455 2621 2502 2644 tu-

1505 2658 1575 2688 nica
1591 2665 1621 2688 et
1636 2658 1871 2697 indumentum,
1888 2659 2036 2689 Heracliti
2053 2659 2207 2689 rationem
2222 2658 2374 2698 contingit
2389 2658 2500 2688 dicere.

1506 2702 1593 2732 Idem
1616 2703 1701 2732 enim
1725 2703 1782 2732 erit
1806 2709 1835 2733 et
1858 2703 1944 2733 bono
1970 2709 2000 2733 et
2022 2703 2119 2741 malo,
2144 2710 2174 2733 et
2197 2713 2263 2732 non
2287 2703 2372 2733 bono
2390 2713 2455 2732 esse
2472 2709 2502 2733 et

1505 2746 1603 2777 bono.
1630 2747 1734 2783 Quare
1756 2747 1841 2777 idem
1858 2747 1913 2777 erit
1930 2747 2053 2777 bonum
2069 2754 2099 2777 et
2117 2757 2182 2777 non
2198 2748 2332 2785 bonum,
2353 2753 2383 2776 et
2401 2747 2501 2776 homo

1507 2797 1537 2821 et
1560 2801 1671 2831 equus
1697 2792 1737 2821 Et
1760 2801 1826 2821 non
1850 2791 1957 2821 solum
1981 2792 2018 2821 de
2034 2801 2072 2821 eo
2088 2792 2175 2831 quod
2198 2791 2304 2821 unum'
2325 2797 2398 2820 sunt
2421 2801 2502 2830 quae

1505 2841 1594 2874 sunt,
1619 2835 1698 2865 ratio
1723 2835 1796 2873 erit,
1822 2836 1876 2865 sed
1900 2836 1939 2865 de
1963 2845 2000 2866 eo
2025 2835 2113 2875 quod
2141 2835 2229 2866 nihil.
2258 2835 2298 2865 Et
2326 2835 2379 2865 tali
2407 2834 2502 2874 igitur

1506 2889 1572 2910 esse
1597 2886 1627 2910 et
1650 2886 1738 2910 tanto
1762 2879 1856 2910 idern.

1439 3025 1537 3047 autem
1558 3019 1644 3047 habet
1665 3025 1769 3055 partes,
1792 3018 1915 3047 excludit
1936 3028 2004 3055 ergo
2025 3028 2125 3047 unum.
2148 3020 2257 3046 Totum
2274 3018 2352 3046 enim
2365 3024 2393 3046 et
2406 3024 2501 3054 partes

1439 3068 1531 3086 unum
1552 3065 1618 3086 sunt
1638 3065 1750 3086 tantum
1773 3060 1932 3087 secundum
1954 3058 2033 3095 quid,
2048 3068 2108 3086 non
2130 3058 2303 3095 simpliciter.
2319 3073 2338 3079 —
2352 3067 2380 3093 4.
2403 3059 2430 3093 b)
2452 3063 2502 3085 aut

1439 3098 1549 3126 ratione
1571 3098 1810 3126 indivisibilitatis.
1834 3099 1921 3133 Quod
1943 3105 2040 3126 autem
2061 3105 2103 3126 est
2124 3098 2194 3133 tale,
2217 3105 2248 3125 ut
2269 3104 2417 3134 punctum,
2440 3106 2501 3124 non

1440 3144 1481 3165 est
1496 3144 1652 3174 quantum;
1675 3147 1742 3174 ergo
1757 3147 1811 3166 nec
1828 3138 2014 3174 quantitative
2036 3138 2157 3172 finitum,
2173 3144 2204 3166 ut
2219 3137 2287 3165 dixit
2305 3137 2500 3171 Parmenides,

1439 3187 1532 3213 neque
1547 3177 1701 3212 infinitum,
1717 3183 1749 3204 ut
1764 3177 1832 3205 dixit
1847 3178 1986 3205 Melissus.
2003 3194 2022 3198 —
2038 3178 2063 3205 5.
2081 3179 2106 3212 c)
2122 3183 2171 3205 aut
2189 3177 2300 3205 ratione
2315 3175 2498 3203 definitionis.

1438 3218 1503 3244 Hoc
1524 3223 1621 3244 autem
1642 3217 1820 3253 impossibile
1841 3224 1959 3253 propter
1979 3217 2033 3245 tria
2053 3216 2285 3245 inconvenientia
2306 3225 2379 3252 quae
2401 3215 2440 3243 sic
2457 3223 2501 3242 se-

1439 3263 1603 3293 querentur.

1440 3357 1566 3394 cundo
1595 3365 1724 3405 contra
1743 3358 1826 3394 illos
1846 3357 1910 3406 qui
1930 3357 2146 3394 naturaliter
2166 3357 2213 3394 de
2240 3361 2373 3394 natura
2387 3358 2502 3394 locuti

1440 3418 1536 3457 sunt,
1558 3410 1628 3447 ibi:
1651 3412 1754 3446 Sicut
1779 3416 1902 3446 autem
1916 3411 2099 3458 physici*
2120 3418 2186 3447 etc.
2210 3410 2319 3447 Circa
2332 3410 2500 3459 primurn

1440 3463 1516 3499 duo
1537 3463 1642 3499 facit:
1663 3463 1787 3511 primo
1810 3463 1972 3511 disputat
1993 3471 2122 3500 contra
2140 3463 2369 3512 positionem
2384 3465 2403 3485 '¹‘
2418 3465 2499 3501 Me-

1438 3515 1512 3552 lissi
1542 3523 1578 3552 et
1605 3515 1861 3562 Parmenidis;
1892 3516 2062 3553 secundo
2093 3524 2223 3554 contra
2243 3517 2406 3554 rationes
2436 3530 2499 3554 eo-

2529 768 2540 779 *
2555 767 2609 794 Seq.
2625 773 2675 795 cap.
2690 773 2715 789 11.

2530 794 2600 815 Text.
2611 799 2639 821 ¹3·

2553 1123 2620 1144 Text.
2637 1129 2670 1150 14.

2530 1430 2541 1442 ⁴*
2554 1429 2621 1451 Text.
2633 1436 2662 1458 ¹5·

2530 1875 2541 1886 ⁴¹
2555 1874 2621 1897 Text.
2633 1874 2664 1896 16.

2530 2091 2540 2102 *⁸
2554 2090 2623 2112 Text.
2633 2097 2664 2120 17.

2529 2433 2539 2442 '¹
2553 2432 2620 2454 Text.
2631 2432 2663 2453 18.

2528 2601 2539 2620 *⁵
2553 2608 2620 2629 Text.
2632 2613 2664 2635 19.

2529 3401 2540 3411 ⁸
2554 3400 2618 3421 Lect.
2628 3406 2678 3421 vm.

2528 3427 2540 3438 '⁵
2554 3427 2684 3454 opinionem
2700 3432 2741 3447 cst.

2529 3460 2555 3479 ο,
2574 3453 2635 3474 hanc
2649 3453 2739 3479 opinio-

2527 3486 2578 3500 nem
2592 3485 2740 3506 uxo-rvxxpi.

2528 3512 2555 3526 os
2562 3522 2567 3531 ‚
2575 3506 2707 3532 positiones
2717 3511 2737 3531 ῖς

2527 3538 2542 3553 Ν
2557 3533 2600 3553 lac.
