2982 4022
1126 303 1470 341 PHYSICORUM
1497 278 1845 343 ARISTOTELIS
1875 307 1968 344 LIB.
1999 308 2030 343 II

1217 481 1514 567 LECTIO
1553 511 1935 568 SECUNDA

761 654 855 684 TAM
878 653 1107 684 MATERIAM
1133 653 1258 691 QUAM
1281 654 1467 686 FORMAM
1489 656 1589 687 ESSE
1611 657 1845 688 NATURAM:
1869 658 2000 690 MAGIS
2022 660 2174 691 TAMEN
2197 660 2382 692 FORMAM

491 796 588 827 Δοκεῖ
610 793 639 825 δ’
668 796 688 831 ἡ
714 794 806 837 φύσις
831 796 889 826 καὶ
915 795 935 830 ἡ
962 792 1060 846 οὐσία
1093 795 1157 826 τῶν
1189 794 1283 838 φύσει
1314 793 1418 827 ὄντων
1452 793 1549 832 ἐνίοις
1602 797 1621 816 ⁴*
1636 799 1768 830 Videtur
1783 807 1889 831 autem
1904 802 2065 833 nonnullis
2084 809 2194 834 natura
2209 810 2239 835 et
2262 804 2434 836 substantia
2449 815 2561 836 eorum
2577 814 2659 847 quae

556 836 642 870 εἶναι
659 839 700 871 τὸ
718 839 851 881 πρῶτον
871 837 1058 882 ἐνυπαρχον
1078 838 1210 879 ἑκάστῳ
1230 837 1453 882 ἀρρύθμιστον
1470 837 1546 870 καθ’

557 882 675 923 ἑαυτό,
705 883 772 914 οἷον
796 885 908 920 κλίνης
934 882 1026 925 φύσις
1052 882 1094 914 τὸ
1119 881 1231 924 ξύλον,
1258 877 1456 924 ἀνδριάντος
1481 878 1512 914 δ’
1533 883 1549 914 ὁ

556 927 695 972 χαλκός.
732 928 872 970 Σημεῖον
898 923 935 958 δέ
960 937 1055 969 φησιν
1075 924 1236 971 Ἀντιφῶν
1264 925 1335 966 ὅτι,
1361 928 1391 958 εἴ
1414 938 1464 963 τις
1489 938 1550 958 κα-

556 970 705 1014 τορύξειε
725 973 838 1007 κλίνην
863 973 921 1002 καὶ
944 970 1046 1010 λάβοι
1070 965 1212 1013 δύναμιν
1238 971 1259 1007 η
1285 966 1439 1007 σηπεδὼν
1464 969 1544 1003 ὥστ’

558 1013 685 1047 ἀνεῖναι
711 1013 875 1055 βλαστόν,
895 1014 953 1047 οὐκ
981 1014 1018 1046 ἂν
1044 1014 1199 1060 γενέσθαι
1223 1016 1351 1055 κλίνην,
1380 1013 1471 1047 ἀλλά
1494 1014 1549 1055 ξύ-

553 1061 626 1101 λον,
643 1061 684 1096 ὠς
702 1059 743 1091 τὸ
769 1059 826 1103 μὲν
844 1059 940 1091 κατά
955 1058 1163 1103 συμβεβηκὸς
1186 1058 1258 1092 dmi
1278 1070 1352 1103 χον,
1371 1059 1435 1095 τήν
1452 1059 1548 1091 κατοὶ

555 1103 654 1148 νόμον
680 1101 827 1135 διάθεσιν
851 1105 910 1135 καὶ
936 1102 998 1139 τήν
1016 1103 1154 1147 τέχνην,
1174 1102 1237 1140 τήν
1278 1104 1286 1115 ’
1307 1101 1422 1134 οὐσίαν
1442 1101 1544 1135 οὖσαν

556 1146 682 1185 ἐκείνην
709 1148 729 1184 ἦ
758 1149 815 1178 καὶ
845 1142 995 1190 διαμένει
1024 1147 1142 1180 ταῦτα
1176 1147 1357 1195 πάσχουσα
1389 1148 1543 1192 συνεχῶς.

553 1193 591 1223 Εἰ
616 1188 653 1224 δὲ
678 1193 737 1223 καὶ
769 1189 901 1223 τούτων
933 1190 1078 1223 ἕκαστον
1112 1191 1191 1236 πρὸς
1222 1189 1335 1238 ἕτερόν
1365 1203 1398 1223 τι
1433 1189 1546 1223 ταύτὰ

553 1238 660 1269 τοῦτο
691 1233 858 1268 πέπονθεν
889 1235 975 1279 (οἷον
1003 1236 1019 1267 ὁ
1044 1235 1103 1279 μὲν
1134 1237 1261 1280 χαλκὸς
1291 1236 1348 1269 καὶ
1380 1236 1396 1267 ὁ
1425 1235 1545 1280 χρυσὸς

555 1281 635 1324 πρὸς
663 1276 760 1324 ὕδωρ,
780 1279 828 1311 τά
851 1274 881 1310 δ’
911 1277 999 1312 ὀστᾶ
1021 1281 1080 1310 καὶ
1105 1278 1191 1319 ξύλα
1217 1282 1296 1324 πρὸς
1321 1280 1398 1324 γῆν,
1425 1281 1543 1323 ὁμοίως

555 1321 592 1356 δὲ
615 1326 675 1357 καὶ
699 1326 765 1358 τῶν
794 1323 903 1355 ἄλλων
931 1324 1086 1365 ὁτιοῦν),
1114 1322 1225 1356 ἐκεῖνα
1250 1326 1313 1363 τήν
1339 1322 1434 1365 φύσιν
1459 1320 1545 1355 εἶναι

553 1371 611 1401 καὶ
637 1369 700 1406 τήν
735 1366 850 1400 οὐσίαν
884 1366 1011 1400 αὐτῶν.
1049 1366 1168 1410 Διόπερ
1194 1372 1223 1400 οἰ
1248 1371 1306 1414 μέν
1337 1368 1422 1412 γῆν,
1455 1370 1483 1399 οἱ
1509 1367 1546 1399 δὲ

554 1414 632 1457 πῦρ,
661 1415 689 1445 οἱ
713 1408 743 1444 δ’
773 1410 854 1455 ἀέρα
879 1414 991 1455 φασίν,
1019 1413 1048 1443 οἱ
1073 1407 1110 1443 δὲ
1136 1409 1234 1456 ὕδωρ,
1262 1417 1291 1446 οἰ
1316 1411 1345 1446 δ’
1371 1411 1442 1443 ἔνια
1468 1410 1547 1443 τού-

555 1470 635 1499 των,
663 1460 692 1490 οἱ
717 1455 754 1488 δὲ
779 1456 898 1488 πάντα
923 1457 1042 1488 ταῦτα
1068 1456 1131 1492 τήν
1157 1456 1250 1500 φύσιν
1277 1455 1362 1490 εἶναι
1387 1455 1451 1492 τήν
1478 1456 1544 1488 τῶν

555 1502 671 1535 ὄντων.
691 1502 732 1532 “Ὸ
756 1499 820 1546 γάρ
845 1512 896 1538 τις
923 1498 1035 1533 αὐτῶν
1062 1499 1212 1541 ὑπέλαβε
1231 1503 1402 1540 τοιοῦτον,
1421 1501 1489 1531 εἴτε
1512 1500 1543 1531 ἓν

553 1548 622 1578 εἴτε
641 1548 757 1586 πλείω,
775 1545 882 1576 τοῦτο
899 1547 956 1576 καὶ
979 1543 1141 1576 τοσαῦτά
1157 1556 1251 1588 φησιν
1269 1543 1354 1578 εἶναι
1373 1543 1435 1580 τῆν
1456 1542 1545 1576 άπα-

554 1602 615 1622 σαν
642 1588 777 1629 οὐσίαν,
805 1588 852 1620 τοὶ
875 1583 912 1619 δὲ
939 1589 1028 1620 ἄλλα
1054 1587 1173 1620 πάντα
1199 1589 1290 1627 πάθη
1323 1587 1456 1623 τούτων
1486 1589 1545 1619 καὶ

486 3221 527 3252 Ἤ
551 3214 588 3251 δέ
612 3230 650 3264 γε
671 3217 779 3262 μορφή
803 3219 861 3248 καὶ
886 3216 906 3252 vi
933 3215 1025 3260 φύσις
1050 3210 1149 3260 διχῶς
1173 3213 1329 3259 λέγεται·
1355 3215 1411 3244 καὶ
1436 3212 1501 3258 γάρ
1523 3213 1544 3250 vi

555 3262 709 3305 στέρησις
739 3257 825 3299 εἶδός
857 3270 925 3295 πως
960 3258 1064 3294 ἐστίν.
1100 3260 1139 3290 Εἰ
1167 3253 1196 3289 δ’
1227 3257 1319 3290 ἐστὶν
1346 3258 1366 3294 ἡ
1392 3259 1544 3310 στέρησις

554 3310 612 3339 καὶ
638 3305 790 3338 ἐναντίον
817 3316 850 3336 τι
876 3305 949 3347 περὶ
974 3305 1039 3342 τήν
1059 3303 1170 3339 άπλῆν
1188 3301 1315 3348 γένεσιν
1333 3301 1353 3338 ἧ
1371 3313 1417 3345 μη
1437 3313 1543 3343 εστιν,
1581 3327 1586 3330 .

900 3348 906 3358 ,

557 3351 693 3395 ὕστερον
720 3349 958 3382 ἐπισκεπτεον.

544 3461 691 3488 SYNOPS1S.
715 3476 748 3481 —
776 3469 799 3488 1.
821 3458 940 3496 Antiqui
961 3457 1125 3495 philosophi
1149 3456 1271 3494 primam
1294 3454 1441 3484 materiam
1462 3454 1543 3492 igno-

1669 850 1780 874 natura
1803 850 1895 883 sunt,
1919 854 1986 876 esse
2008 847 2096 886 quod
2119 847 2259 887 primum
2288 849 2369 879 inest
2397 849 2568 891 unicuique
2592 860 2658 881 non

1670 886 1843 918 formatum
1865 897 1922 928 per
1943 888 2094 933 seipsum,
2119 897 2155 921 ut
2177 891 2282 922 lectuli
2299 899 2416 923 natura
2437 893 2572 933 lignum,
2598 901 2658 925 sta·

1667 937 1740 961 tuae
1762 938 1868 962 autem
1892 941 1954 963 aes.
1976 932 2109 972 Signum
2132 941 2238 965 autem
2267 935 2342 967 dicit
2363 936 2545 977 Antiphon,
2577 947 2658 979 quo-

1667 974 1753 1005 niam
1776 974 1802 1005 si
1825 975 1938 1016 aliquis
1961 975 2124 1016 proiecerit
2145 977 2263 1008 lectum
2285 979 2452 1019 deorsum,
2476 987 2507 1012 et
2529 981 2659 1021 accipiat

1666 1019 1840 1058 potentiam
1863 1026 2044 1060 putrescens
2060 1027 2096 1051 ut
2111 1021 2222 1062 utique
2244 1022 2284 1053 sit
2296 1032 2435 1062 germen,
2459 1033 2525 1054 non
2547 1025 2657 1066 utique

1666 1061 1732 1092 fieri
1755 1063 1872 1094 lectum
1890 1063 1945 1094 sed
1967 1063 2106 1103 lignum:
2131 1071 2282 1106 tanquam
2305 1066 2386 1097 dicat
2408 1067 2583 1098 secundum
2607 1079 2657 1100 ac-

1668 1106 1772 1137 cidens
1796 1117 1863 1137 esse
1888 1107 2128 1147 dispositionem
2151 1109 2327 1141 secundum
2350 1110 2454 1150 legem
2485 1117 2521 1141 et
2537 1118 2657 1150 artem,

1666 1150 1871 1182 substantiam
1894 1157 2000 1182 autem
2022 1151 2110 1182 illam
2133 1162 2214 1194 quae
2237 1160 2409 1193 permanet,
2432 1153 2508 1184 haec
2537 1154 2658 1194 patiens

1666 1194 1890 1226 continue.*Si
1903 1202 2009 1226 autem
2023 1202 2054 1226 et
2071 1195 2188 1227 horum
2203 1197 2459 1238 unumquodque
2468 1197 2508 1228 ad
2523 1199 2657 1230 alterum

1665 1238 1796 1279 aliquod
1818 1238 1902 1269 idem
1925 1239 1987 1270 hoc
2009 1239 2157 1270 sustinuit
2180 1238 2236 1282 (ut
2258 1251 2309 1271 aes
2332 1241 2462 1282 quidem
2486 1248 2516 1272 et
2544 1252 2658 1273 aurum

1666 1282 1705 1313 ad
1727 1292 1862 1323 aquarn,
1886 1293 1957 1313 ossa
1990 1290 2096 1314 autem
2125 1290 2155 1314 et
2177 1283 2262 1324 ligna
2293 1285 2333 1315 ad
2359 1291 2492 1324 terram,
2517 1285 2658 1317 similiter

1665 1333 1772 1356 autem
1796 1333 1826 1357 et
1849 1327 1985 1357 aliorum
1998 1325 2193 1369 quodlibet),
2216 1327 2268 1358 illa
2283 1335 2428 1360 naturam
2451 1339 2517 1360 esse
2532 1335 2563 1360 et
2584 1330 2658 1360 sub-

1665 1370 1810 1400 stantiam
1833 1370 1986 1410 ipsorum.
2002 1371 2020 1389 *
2035 1370 2126 1401 Unde
2149 1381 2222 1402 sane
2244 1371 2277 1402 hi
2299 1372 2429 1412 quidem
2451 1379 2582 1412 terram,
2605 1373 2657 1404 alii

1665 1424 1740 1444 vero
1763 1414 1880 1455 ignem,
1897 1414 1949 1444 alii
1971 1424 2076 1444 aerem
2100 1413 2217 1453 dicunt,
2238 1415 2369 1456 quidam
2391 1423 2498 1447 autem
2520 1427 2657 1458 aquam,

1665 1457 1795 1499 quidam
1818 1467 1892 1488 vero
1907 1458 2063 1498 quaedam
2079 1457 2206 1498 horum,
2225 1459 2280 1489 sed
2303 1459 2354 1489 alii
2377 1459 2486 1490 omnia
2506 1460 2583 1491 haec
2603 1470 2658 1491 na-

1664 1509 1768 1532 turam
1791 1511 1858 1532 esse
1881 1511 1993 1532 eorum
2007 1511 2088 1542 quae
2111 1508 2193 1534 sunt.
2218 1503 2316 1540 Quod
2332 1502 2417 1534 enim
2438 1503 2551 1544 aliquis
2573 1513 2659 1535 acce-

1665 1546 1745 1586 perit
1767 1545 1911 1585 ipsorum
1927 1545 2122 1584 huiusmodi,
2139 1546 2203 1577 sive
2219 1556 2321 1577 unum
2343 1546 2407 1577 sive
2422 1547 2534 1586 multa,
2550 1547 2612 1578 hoc
2627 1553 2659 1579 et

1664 1596 1749 1621 tanta
1772 1589 1846 1620 dicit
1863 1599 1930 1620 esse
1948 1599 2078 1620 omnem
2101 1589 2324 1629 substantiam3
2343 1590 2404 1621 alia
2419 1597 2526 1622 autem
2540 1591 2659 1631 omnia,

1601 3214 1662 3245 Sed
1686 3213 1788 3244 forma
1807 3219 1836 3243 et
1852 3219 1961 3243 natura
1977 3211 2141 3252 dupliciter
2157 3211 2284 3242 dicitur:
2308 3211 2423 3242 etenim
2439 3210 2571 3251 privatio
2586 3219 2654 3250 spe-

1667 3257 1728 3288 cies
1745 3256 1984 3297 quodammodo
2004 3262 2059 3286 est.
2084 3255 2116 3286 Si
2139 3262 2244 3286 autem
2264 3262 2309 3286 est
2331 3254 2464 3295 privatio
2484 3261 2514 3285 et
2532 3260 2654 3285 contra-

1666 3301 1749 3332 rium
1765 3300 1884 3341 aliquid
1899 3300 1978 3331 circa
1993 3299 2168 3339 simplicem
2186 3298 2420 3339 generationem
2442 3305 2496 3329 aut
2515 3307 2582 3329 non
2597 3304 2654 3338 est,

1666 3344 1822 3385 posterius
1845 3343 2107 3375 considerandum
2126 3349 2180 3374 est.

1599 3453 1749 3483 cuiuslibet
1770 3452 1809 3482 rei
1835 3453 1986 3489 naturalis,
2009 3452 2044 3480 sit
2065 3451 2223 3481 substantia
2249 3457 2277 3480 et
2297 3458 2400 3480 natura
2419 3459 2515 3480 rerum
2540 3456 2656 3479 natura-

2685 814 2831 868 ’τὲἳῖᾔμ
2842 821 2860 838 ¹·

2683 1206 2694 1218 ⁸¹
2707 1205 2775 1229 Text.
2789 1206 2812 1229 8.

2683 1378 2694 1390 '
2708 1377 2776 1401 Tut-
2790 1383 2814 1406 9.

554 1634 635 1675 ἕξεις
659 1636 716 1666 καὶ
742 1630 919 1669 διαθέσεις.
958 1633 1024 1663 Καὶ
1057 1631 1188 1664 τούτων
1219 1633 1278 1677 μὲν
1313 1632 1426 1667 ὁτιοῦν
1460 1628 1545 1663 εἶναι
1664 1633 1825 1675 passiones
1839 1633 1973 1664 istorum
1988 1639 2019 1664 et
2029 1633 2152 1664 habitus
2169 1640 2199 1665 et
2214 1634 2523 1674 dispositiones.*Et
2541 1635 2658 1666 horum
2685 1643 2825 1666 *τειιιιοο

553 1674 660 1710 αίδιον
685 1676 745 1721 (οὐ
770 1675 834 1722 γάρ
859 1674 945 1708 εἶναι
970 1676 1166 1718 μεταβολήν
1193 1676 1310 1716 αὐτοῖς
1338 1678 1374 1720 ἑξ
1397 1676 1542 1718 αὐτῶν),
1665 1678 1795 1719 quidem
1817 1677 1980 1718 quodlibet
2003 1687 2069 1707 esse
2092 1684 2296 1718 perpetuum;
2315 1688 2382 1708 non
2398 1678 2483 1709 enim
2498 1688 2565 1709 esse
2587 1689 2657 1710 mu-

551 1724 600 1755 τοὶ
616 1719 644 1754 δ’
667 1723 756 1754 ἄλλα.
773 1719 946 1767 γίγνεσθαι
969 1722 1027 1752 καὶ
1045 1720 1232 1765 φθείρεσθαι
1252 1721 1438 1765 ἀπειράκις.
1458 1721 1543 1751 Ἕνα
1665 1722 1817 1753 tationem
1839 1721 1914 1761 ipsis
1938 1731 1974 1751 ex
1998 1721 2124 1761 seipsis:
2149 1721 2208 1752 alia
2230 1729 2336 1753 autem
2359 1722 2425 1753 fieri
2444 1729 2475 1753 et
2497 1722 2658 1763 corrumpi

551 1767 609 1811 μὲν
637 1765 691 1799 οὖν
725 1767 851 1810 τρόπον
883 1764 987 1802 οὕτως
1014 1765 1034 1801 ἡ
1060 1764 1153 1807 φύσις
1184 1765 1345 1812 λέγεται,
1377 1766 1397 1802 ἢ
1427 1763 1543 1806 πρώτη
1664 1766 1821 1797 infinities.
1838 1765 1912 1796 Uno
1936 1765 2067 1805 quidem
2085 1766 2184 1796 modo
2207 1773 2317 1796 natura
2344 1765 2388 1797 sic
2411 1766 2533 1805 dicitur,
2555 1766 2657 1807 prima

553 1810 685 1853 ἑκάστῳ
711 1809 913 1854 ὑποκειμένη
940 1807 1001 1845 ὕλη
1026 1810 1094 1841 τῶν
1120 1806 1268 1854 ἑχόντων
1295 1809 1327 1843 ἐν
1354 1810 1472 1846 αὐτοῖς
1491 1806 1545 1851 ἀρ·
1665 1810 1836 1850 unicuique
1859 1809 1997 1840 subiecta
2012 1809 2142 1840 materia
2159 1809 2343 1840 habentium
2365 1810 2399 1840 in
2421 1810 2531 1851 seipsis
2550 1817 2657 1841 motus

551 1856 616 1900 χήν
640 1855 799 1892 κινήσεως
823 1856 882 1886 καὶ
907 1853 1114 1898 μεταβολῆς·
1665 1854 1855 1894 principium
1879 1860 1909 1883 et
1931 1853 2125 1883 mutationis.

489 1901 589 1934 ἄλλον
614 1895 652 1932 δὲ
677 1913 698 1932 τ
720 1899 802 1931 όπον
828 1899 848 1935 η
874 1897 982 1942 μορφή
1006 1900 1063 1928 καὶ
1096 1896 1138 1928 τὸ
1170 1891 1256 1934 εἶδος
1287 1898 1329 1930 τό
1360 1895 1455 1928 κατοὶ
1485 1895 1544 1928 τὸν
1598 1898 1672 1929 Alio
1696 1905 1803 1929 autem
1834 1897 1933 1927 modo
1958 1896 2060 1927 forma
2085 1903 2115 1928 et
2137 1897 2276 1937 species,
2299 1907 2380 1938 quae
2413 1904 2459 1928 est
2481 1898 2658 1929 secundum

550 1943 664 1990 λόγον.
695 1944 820 1987 Ὠσπερ
845 1943 908 1988 γάρ
934 1941 1037 1987 τέχνη
1066 1940 1209 1986 λέγεται
1234 1941 1275 1974 τὸ
1299 1941 1396 1973 κατά
1419 1938 1542 1984 τέχνην
1665 1943 1830 1973 rationem.
1851 1941 1967 1972 *Sicut
1990 1940 2075 1971 enim
2097 1950 2145 1971 ars
2168 1940 2280 1972 dicitur
2302 1941 2391 1982 quod
2413 1947 2459 1972 est
2481 1942 2657 1972 secundum
2681 1951 2774 1975 ’ται
2788 1957 2815 1974 n.

551 1991 608 2020 καὶ
634 1988 675 2020 τὸ
700 1987 870 2033 τεχνικόν,
888 1984 977 2018 οὕτω
1002 1987 1060 2016 καὶ
1085 1986 1177 2029 φύσις
1203 1986 1244 2017 τὸ
1269 1986 1365 2018 κατοὶ
1381 1983 1475 2029 φύσιν
1492 1983 1548 2015 λε’-
1666 1993 1764 2018 artem
1779 1992 1810 2016 et
1825 1984 2040 2024 artificiosum,
2057 1984 2100 2015 sic
2123 1991 2153 2015 et
2168 1991 2278 2015 natura
2300 1985 2388 2026 quod
2403 1986 2580 2016 secundum
2602 1994 2655 2015 na-

552 2044 653 2078 γεται
677 2034 734 2063 καὶ
760 2032 801 2064 τό
826 2029 972 2075 φυσικόν,
1000 2029 1087 2061 Οὔτε
1112 2026 1142 2062 δ’
1172 2026 1242 2060 ἐκεῖ
1265 2042 1333 2068 πως
1358 2033 1478 2073 φαῖμεν
1506 2027 1544 2059 ἂν
1665 2037 1769 2062 turam
1792 2029 1903 2060 dicitur
1919 2035 1950 2059 et
1972 2029 2060 2069 quod
2075 2029 2225 2060 naturale.
2245 2029 2356 2070 Neque
2379 2035 2486 2059 autem
2507 2029 2587 2063 illud
2602 2029 2656 2059 ad-

553 2078 639 2122 ἕχειν
665 2076 761 2108 κατά
784 2075 848 2112 τὴν
875 2074 998 2118 τέχνην
1016 2068 1126 2116 οὐδέν,
1147 2073 1174 2104 εἰ
1196 2069 1334 2118 δυνάμει
1352 2074 1452 2119 μόνον
1472 2069 1544 2103 ἐστὶ
1666 2075 1728 2105 huc
1752 2073 1885 2104 dicimus
1908 2073 2022 2103 habere
2044 2072 2220 2103 secundum
2242 2079 2341 2103 artem
2362 2072 2452 2111 nihil,
2471 2072 2497 2103 si
2516 2072 2657 2113 potentia

550 2124 659 2162 κλίνη,
679 2120 780 2165 μήπω
806 2115 835 2151 δ’
858 2118 926 2164 ἔχει
951 2118 993 2150 ‘ro'
1018 2113 1105 2156 εἶδος
1130 2118 1193 2154 τῆς
1218 2119 1342 2159 κλίνης,
1367 2113 1438 2150 οὐδ’
1461 2113 1545 2147 εἶναι
1665 2126 1789 2150 tanturn
1809 2124 1872 2155 est,
1895 2123 1930 2147 ut
1951 2116 2085 2147 lectulus
2109 2114 2268 2158 (nondum
2291 2116 2376 2147 enim
2398 2116 2492 2147 habet
2519 2116 2657 2148 formam

553 2165 697 2210 τέχνην,
727 2163 797 2197 οὔτ’
829 2161 859 2195 ἒν
891 2166 960 2200 τοῖς
991 2164 1084 2204 φύσει
1116 2163 1383 2206 συνισταμένοις·
1415 2161 1456 2194 τὸ
1481 2160 1545 2205 γαρ
1665 2161 1797 2204 lectuli),
1814 2170 1917 2201 neque
1932 2170 1998 2190 esse
2019 2160 2195 2191 secundum
2210 2167 2324 2199 artem;
2339 2170 2443 2200 neque
2461 2160 2494 2191 in
2512 2160 2561 2191 his
2575 2170 2657 2201 quae

552 2206 691 2254 δυνάμει
711 2207 794 2250 σάρξ
811 2206 831 2245 ἦ
850 2207 970 2240 ὀστοῦν
995 2204 1066 2238 οὔτ’
1088 2206 1157 2251 ἔχει
1180 2218 1231 2238 πω
1249 2207 1313 2244 τὴν
1340 2205 1466 2239 ἑαυτοῦ
1488 2204 1547 2247 φύ-
1666 2213 1776 2236 natura
1808 2204 1991 2235 subsistunt.
2023 2203 2167 2234 Potentia
2195 2204 2281 2234 enim
2308 2214 2380 2235 caro
2409 2211 2464 2235 aut
2491 2214 2527 2234 os
2554 2213 2658 2245 neque

551 2266 622 2295 σιν,
650 2255 723 2296 πρὶν
751 2251 788 2285 ἂν
812 2252 904 2292 λάβη
930 2250 974 2283 τὰ
996 2245 1082 2287 εἶδος
1107 2251 1148 2283 τὸ
1171 2251 1268 2284 κατὰ
1290 2251 1349 2283 τὸν
1380 2250 1501 2295 λόγον,
1530 2251 1545 2282 ὃ
1665 2250 1758 2280 habet
1782 2249 1884 2279 adhuc
1907 2247 1956 2278 sui
1971 2248 2070 2288 ipsius
2086 2253 2230 2278 naturam
2249 2247 2434 2289 priusquam
2448 2248 2579 2288 accipiat
2594 2247 2658 2278 for-

553 2298 736 2343 ὀριΥόμενοι
751 2285 895 2343 λέγομενΙ
912 2298 945 2328 τί
965 2293 1036 2326 ἐστι
1058 2294 1140 2337 σοὶρξ
1159 2294 1180 2331 ἦ
1199 2293 1334 2335 ὀστοῦν,
1354 2294 1433 2327 οὔτε
1450 2291 1544 2336 φύσει
1666 2303 1753 2324 mam
1771 2292 1947 2323 secundum
1964 2292 2130 2330 rationem,
2146 2302 2210 2332 qua
2225 2291 2406 2322 definientes
2425 2291 2559 2322 dicimus
2579 2291 2659 2332 quid

554 2328 658 2376 {crim
676 2342 780 2373 Ὥστε
808 2342 909 2373 ἄλλον
935 2338 1061 2383 τρόπον
1080 2340 1100 2375 ἢ
1119 2339 1211 2382 φύσις
1240 2339 1277 2371 ἂν
1298 2341 1346 2375 εἴη
1365 2339 1431 2371 τῶν
1451 2337 1547 2381 ἑχόν-
1665 2345 1711 2368 est
1735 2347 1806 2368 caro
1827 2343 1882 2367 aut
1905 2346 1958 2375 os,
1982 2345 2085 2376 neque
2108 2342 2219 2366 natura
2239 2342 2294 2366 est.
2309 2335 2327 2355 *
2343 2335 2449 2372 Quare
2472 2335 2534 2366 alio
2557 2335 2657 2366 modo
2683 2345 2693 2355 ·
2706 2343 2776 2367 ‘rm-
2789 2348 2820 2368 u.

552 2400 618 2422 των
645 2388 677 2419 ἐν
704 2387 820 2423 αὐτοῖς
845 2383 1004 2420 κινήσεως
1024 2380 1130 2427 ἀρχὴν
1149 2384 1168 2419 ἦ
1187 2383 1294 2428 μορφή
1311 2385 1367 2415 καὶ
1385 2383 1426 2415 τὸ
1443 2381 1542 2424 εἶδος,
1666 2388 1777 2412 natura
1799 2380 1909 2421 utique
1932 2379 1989 2410 erit
2003 2379 2195 2410 habentium
2217 2379 2250 2410 in
2280 2379 2390 2429 seipsis
2412 2386 2520 2410 motus
2542 2379 2656 2419 prinei-

553 2432 591 2465 οὐ
617 2430 780 2476 χωριστὸν
812 2429 845 2461 ὃν
874 2427 941 2461 ἀλλ’
971 2426 991 2464 ἦ
1016 2427 1113 2460 κατά
1139 2428 1198 2460 τὸν
1223 2427 1339 2474 λόγον.
1374 2427 1419 2459 T&
1448 2424 1475 2460 δ’
1507 2428 1544 2460 ἐκ
1665 2426 1756 2466 pium
1780 2424 1883 2455 forma
1908 2430 1939 2454 et
1962 2422 2099 2463 species,
2129 2433 2196 2454 non
2221 2423 2418 2473 separabilis!
2446 2423 2501 2453 sed
2529 2429 2584 2453 aut
2607 2432 2656 2472 se-

553 2477 684 2509 τούτων
702 2474 795 2517 φύσις
813 2474 871 2518 μὲν
898 2471 957 2504 οὐκ
983 2472 1068 2512 ἔστι,
1091 2471 1184 2514 φύσει
1201 2467 1252 2513 δέ,
1271 2472 1339 2504 οἷον
1359 2471 1541 2516 ἄνθρωπος.
1665 2469 1806 2500 cundum
1828 2467 1994 2498 rationem.
2010 2467 2107 2503 Quod
2129 2473 2236 2498 autem
2251 2473 2296 2497 est
2318 2476 2355 2497 ex
2376 2466 2436 2505 his,
2453 2472 2564 2516 natura
2586 2476 2655 2507 qui-

551 2523 616 2553 Καὶ
642 2521 770 2564 μᾶλλον
796 2517 884 2554 αὕτη
911 2516 1003 2560 φύσις
1022 2517 1084 2554 τῆς
1103 2515 1195 2554 ὕλης·
1214 2515 1360 2548 ἕκαστον
1377 2516 1441 2561 γάρ
1459 2516 1543 2549 τότε
1665 2514 1738 2543 dem
1761 2522 1827 2542 non
1850 2517 1906 2549 est,
1923 2510 1977 2541 sed
1999 2516 2153 2561 anatum,
2174 2515 2209 2540 ut
2231 2509 2341 2541 homo.
2365 2510 2406 2541 Et
2423 2519 2522 2550 magis
2545 2516 2656 2560 natura

551 2565 706 2612 λέγεται,
728 2562 811 2596 ὅταν
831 2562 1023 2606 ἐντελεχείᾳ
1042 2558 1077 2603 ᾗ,
1097 2562 1225 2603 μᾶλλον
1244 2559 1265 2597 ἦ
1285 2559 1369 2592 ὅταν
1392 2557 1542 2603 δυνάμει.
1663 2557 1725 2587 hoc
1741 2562 1787 2586 est
1802 2560 2060 2604 quam-materia:
2086 2554 2339 2604 unumquodque
2355 2563 2439 2584 enim
2453 2559 2529 2604 tunc
2543 2553 2656 2584 dicitur

1665 2610 1739 2631 cum
1762 2598 1932 2629 entelechia
1954 2604 2003 2636 sit,
2026 2607 2126 2637 magis
2149 2607 2246 2639 quam
2269 2607 2344 2628 cum
2366 2603 2516 2637 potenna.

478 2649 555 2681 Ἔτι
579 2649 735 2692 γίγνεται
762 2642 931 2687 ἄνθρωπος
957 2640 992 2682 ἐξ
1019 2640 1207 2685 ἀνθρώπου,
1235 2638 1306 2673 ἀλλ’
1334 2641 1371 2672 οὐ
1394 2643 1488 2677 κλίνη
1509 2641 1544 2672 ἐκ
1598 2643 1778 2684 *Amplius‚
1795 2642 1830 2673 fit
1845 2653 1882 2672 ex
1896 2642 2026 2672 homine
2042 2642 2152 2680 h0m0‚
2169 2642 2224 2672 sed
2238 2651 2311 2684 non*
2327 2641 2460 2672 lectulus
2476 2651 2513 2672 ex
2527 2640 2654 2672 lectulo.
2681 2652 2693 2664 ⁸
2706 2651 2774 2675 Text.
2789 2657 2818 2681 ¹3·

551 2693 676 2727 κλίνης·
703 2685 756 2720 διὰ
779 2690 836 2719 καί
862 2698 960 2730 φασιν
987 2686 1025 2717 οὗ
1050 2687 1092 2718 τὸ
1109 2686 1229 2729 σχῆμα
1250 2682 1335 2715 εἶναι
1352 2684 1416 2720 τήν
1434 2684 1542 2727 φύσιν,
1665 2688 1757 2719 Unde
1780 2686 1888 2717 dicunt
1910 2685 2044 2726 figuram
2067 2695 2132 2716 non
2156 2689 2223 2716 esse
2244 2692 2406 2723 naturam,
2430 2685 2485 2715 sed
2511 2685 2654 2725 lignum:

555 2734 645 2768 ἀλλά
668 2733 709 2766 τὸ
739 2732 854 2773 ξύλον,
890 2730 943 2764 ὅτι
975 2729 1095 2774 γένοιτ’
1126 2731 1184 2769 ἄν,
1211 2729 1238 2759 εἰ
1265 2728 1472 2769 Βλαστάνοι,
1505 2728 1543 2760 οὗ
1665 2731 1818 2772 quoniam
1840 2729 1894 2760 fiet
1916 2729 2036 2770 utique,
2060 2729 2086 2759 si
2108 2729 2276 2770 germinet,
2299 2739 2365 2759 non
2388 2729 2521 2759 lectulus
2542 2729 2597 2759 sed
2618 2728 2655 2759 li-

551 2781 660 2818 κλίνη,
689 2776 779 2810 ἀλλὰ
803 2774 915 2816 ξύλον.
947 2776 985 2806 Εἰ
1009 2769 1040 2804 δ’
1070 2774 1135 2816 ἄρα
1160 2773 1265 2805 τοῦτο
1291 2771 1414 2817 τέχνη,
1439 2774 1496 2804 καὶ
1523 2773 1543 2808 ἡ
1665 2785 1775 2816 gnum.
1807 2774 1839 2805 Si
1863 2783 1937 2814 ergo
1961 2774 2037 2804 haec
2060 2779 2106 2804 est
2127 2783 2192 2812 arS,
2218 2779 2249 2804 et
2271 2773 2374 2804 forma
2400 2779 2447 2803 est
2469 2779 2596 2804 natura:
2619 2771 2656 2803 fit

553 2822 661 2868 μορφή
686 2821 791 2866 φύσις·
818 2823 973 2865 γίγνεται
997 2817 1063 2863 γσὶρ
1090 2818 1125 2858 ἐξ
1153 2815 1323 2861 ἀνθρώπου
1359 2815 1541 2859 ἄνθρωπος.
1661 2819 1747 2849 enim
1770 2828 1806 2848 ex
1829 2818 1958 2848 homine
1981 2817 2092 2848 homo.
2221 2845 2224 2847 .

481 2868 558 2901 Ἔτι
583 2863 613 2899 δ’
641 2867 661 2903 ἡ
686 2864 779 2908 φύσις
805 2865 825 2900 ἡ
849 2862 1014 2908 λεγομένη
1047 2862 1089 2899 ὠς
1112 2861 1238 2907 γένεσις
1271 2856 1345 2897 ὁδός
1379 2861 1469 2892 ἔστιν
1499 2861 1543 2897 εἰς
1599 2862 1772 2903 *Amplius
1787 2869 1904 2901 autem,
1920 2868 2030 2892 natura
2046 2861 2126 2892 dicta
2141 2861 2222 2892 sicut
2234 2860 2392 2901 generatio
2414 2860 2465 2891 via
2483 2866 2530 2891 aet
2551 2859 2584 2890 in
2599 2869 2654 2890 na·
2681 2866 2820 2894 'Tumq-

554 2911 660 2956 φύσιν.
694 2907 740 2941 Οὐ
764 2909 828 2954 γάρ
854 2906 962 2949 ὥσπερ
993 2907 1013 2942 ἡ
1038 2905 1205 2950 ἰάτρευσις
1236 2904 1377 2950 λέγεται
1408 2903 1467 2936 οὐκ
1500 2905 1544 2942 εἰς
1666 2914 1779 2938 turam.
1796 2906 1870 2936 Non
1894 2905 1978 2936 enirn
1993 2905 2266 2946 quemadmodum
2280 2904 2447 2936 medicatio
2462 2903 2576 2935 dicitur
2588 2912 2655 2934 non

553 2953 709 2999 ἰατρικήν
736 2948 824 2993 ὁδός,
849 2951 917 2983 ἀλλ’
936 2951 980 2988 εἰς
1000 2951 1142 3004 ὑγίειαν·
1166 2949 1296 2995 ἀνάγκη
1315 2949 1373 2992 μὲν
1392 2949 1455 2994 γάρ
1476 2949 1544 2981 ἀπὸ
1666 2951 1698 2981 in
1722 2950 1911 2980 medicinam
1933 2949 2003 2988 via,
2028 2949 2082 2979 sed
2104 2949 2137 2980 in
2160 2949 2323 2979 sanitatem
2351 2947 2495 2990 (necesse
2523 2947 2654 2988 quidem

553 2997 722 3042 ἱατρικῆς,
742 2997 801 3029 οὐκ
826 2996 870 3033 εὶς
895 2995 1050 3040 ἰατρικην
1076 2992 1161 3026 εἶναι
1187 2993 1250 3030 τήν
1271 2991 1454 3037 ἰάτρευσιν·
1482 2990 1544 3037 οὐχ
1667 2994 1752 3025 enim
1775 3000 1820 3024 est
1843 3004 1861 3024 a
1882 2993 2048 3031 medicina,
2070 3002 2136 3036 non
2159 2992 2191 3022 in
2220 2992 2408 3024 medicinam
2431 3001 2497 3022 esse
2520 2990 2654 3021 medica·

556 3042 645 3075 οὕτω
671 3037 701 3073 δ’
723 3042 749 3078 ,ἠ
776 3039 868 3085 φύσις
894 3039 962 3083 ἔχει
988 3037 1068 3082 πρὸς
1093 3038 1157 3075 τήν
1176 3037 1282 3083 φύσιν,
1304 3037 1394 3070 ἀλλά
1410 3036 1450 3068 τὸ
1468 3037 1546 3081 φυό-
1666 3035 1820 3080 tionem);
1844 3047 1910 3067 non
1933 3036 1977 3066 sic
2000 3043 2106 3067 autem
2129 3043 2239 3067 natura
2262 3046 2295 3067 se
2317 3035 2410 3067 habet
2437 3035 2476 3065 ad
2499 3041 2653 3066 naturam.

554 3098 651 3131 μενον
678 3087 714 3118 ὲκ
738 3085 828 3122 τινος
854 3084 897 3121 εἰς
924 3086 957 3116 τὶ
984 3083 1121 3127 ἔρχεται
1146 3081 1166 3119 ἦ
1192 3081 1325 3126 φύεται.
1353 3081 1406 3118 Εἱς
1432 3083 1465 3112 τί
1489 3079 1544 3113 οὖν
1667 3082 1728 3113 Sed
1758 3081 1846 3122 quod
1869 3080 2005 3111 nascitur
2027 3090 2064 3111 ex
2088 3081 2229 3120 quodam
2250 3080 2283 3110 in
2305 3079 2469 3121 quoddam
2498 3078 2584 3109 venit
2608 3087 2654 3108 se-

554 3131 696 3176 φύεται;
723 3127 796 3175 οὐχὶ
823 3128 857 3169 ἑξ
883 3127 934 3169 οὗ,
963 3125 1033 3159 ἀλλ’
1054 3128 1099 3164 εἰς
1118 3125 1146 3159 ὃ.
1169 3128 1209 3158 Ἠ
1228 3125 1292 3170 ἄρα
1310 3125 1418 3170 μορφή
1436 3124 1542 3167 φύσις.
1667 3125 1808 3157 cundum
1831 3125 1919 3165 quod
1942 3124 2087 3155 nascitur.
2105 3124 2203 3161 Quod
2225 3124 2319 3164 igitur
2341 3122 2511 3154 innascitur
2533 3132 2600 3153 non
2619 3131 2655 3153 ex
2822 3161 2826 3165 .
2846 3152 2851 3165 ἶ
2886 3146 2891 3152 .

1668 3179 1746 3210 quo,
1771 3169 1826 3199 sed
1849 3169 1882 3199 in
1905 3169 2002 3208 quod.
2019 3165 2164 3199 *Forma
2186 3167 2291 3208 itaque
2314 3173 2424 3198 natura
2447 3173 2502 3198 est.
2681 3166 2773 3190 ··rext.
2787 3172 2817 3195 ¹⁵·
2861 3189 2863 3192 Α
2884 3177 2894 3192 .’

492 3505 594 3534 ranteS,
616 3499 733 3535 aliquod
754 3508 858 3535 corpus
874 3498 1006 3527 sensibile
1028 3497 1176 3526 materiam
1191 3495 1323 3524 omnium
1337 3504 1431 3523 rerum
1454 3504 1543 3531 pone·
1599 3494 1678 3522 lium.
1700 3510 1719 3515 —
1742 3493 1767 3521 3.
1789 3493 1855 3521 Alio
1883 3493 1973 3521 modo
2003 3492 2095 3520 forma
2122 3498 2164 3537 est
2191 3497 2301 3536 natura.
2330 3491 2471 3520 Probatur
2497 3489 2651 3534 tripliciter.

491 3539 576 3572 bant,
605 3538 650 3565 cui
670 3545 806 3574 tanquam
829 3544 893 3566 actu
918 3537 1045 3566 existenti
1067 3545 1169 3565 omnes
1191 3536 1299 3564 formae
1327 3533 1493 3563 advenirent
1514 3540 1545 3562 ut
1599 3535 1627 3569 a)
1649 3533 1728 3561 Sicut
1750 3532 1818 3560 illud
1840 3533 1919 3569 quod
1940 3538 1982 3560 est
1998 3538 2109 3576 tanturn
2124 3540 2154 3575 in
2169 3537 2301 3575 pote-ntia.
2309 3531 2346 3559 ad
2360 3530 2416 3559 hoc
2430 3529 2510 3566 quod
2527 3534 2565 3574 sit
2586 3534 2653 3556 am-

492 3577 657 3611 accidentia,
680 3577 751 3605 sicut
772 3577 800 3604 in
821 3577 1022 3605 artificialibus.
1039 3593 1058 3598 -
1072 3583 1099 3604 2.
1122 3577 1151 3604 ln
1173 3576 1226 3604 hac
1247 3581 1342 3603 autem
1358 3573 1501 3611 positione
1516 3573 1545 3602 id
1600 3572 1740 3607 ficiosum,
1756 3581 1816 3600 non
1831 3572 1933 3600 dicitur
1947 3572 2052 3599 habere
2066 3570 2174 3607 aliquid
2188 3576 2265 3605 artis,
2280 3579 2320 3598 sic
2334 3578 2421 3598 omne
2435 3567 2579 3597 materiale
2593 3575 2653 3611 non

492 3626 589 3645 verum
612 3622 662 3651 est,
678 3617 756 3652 quod
778 3616 904 3651 materia,
926 3625 998 3652 quae
1016 3615 1101 3644 intrat
1122 3615 1356 3644 constitutionem
1371 3613 1545 3642 substantiae
1599 3613 1685 3641 habet
1705 3618 1837 3640 naturam
1859 3620 1941 3639 suam
1961 3617 2115 3647 antequam
2139 3610 2242 3637 habeat
2262 3609 2394 3638 formam.
2420 3608 2545 3644 Ideoque
2566 3612 2651 3634 enam
