2898 3996
1127 263 1236 299 CAP.
1265 262 1350 308 vn,
1380 261 1529 298 LECT.
1560 262 1631 298 xv

63 357 73 368 ²
98 354 251 382 Philosophus
306 357 335 381 1,

27 394 32 405 t
62 388 111 404 om.
123 386 250 411 amasim}

22 413 36 436 1,-
61 406 253 433 unquam-da-

21 433 35 461 *ὴ
63 434 96 456 eit
109 439 177 459 uma.

11 459 38 484 :U
62 461 72 472 ⁸
86 460 119 481 eit
130 459 181 481 rab.

22 526 24 530 .
46 507 48 509 '
62 509 73 520 ·
79 508 141 530 Lect.
147 512 222 536 praec.
228 512 271 528 im.

455 484 458 487 ,
479 488 484 489 ⁷
533 473 540 497 ,-
560 456 698 495 motus,
714 447 775 484 hic
796 447 958 484 ostendit
977 446 1060 494 quis
1079 453 1205 482 motus
1225 443 1351 480 localis

364 526 384 530 --
427 497 454 541 ’κ
500 492 505 535 s
561 501 606 538 sit
624 501 781 550 primus.
802 501 850 536 Et
864 499 964 547 quia,
977 499 1071 535 sicut
1089 509 1202 546 supra
1215 497 1234 517 '⁴²²
1251 495 1349 541 dixit,

18 581 19 584 =
37 594 40 600 ,
298 566 452 591 necesse
468 562 523 590 est
538 554 702 590 eundem
723 565 804 589 esse
823 559 973 588 motum
993 550 1213 587 continuum
1229 555 1265 584 et
1277 548 1351 596 pri-

62 617 73 628 ·
84 618 168 664 ξαντα
189 622 236 638 om·
257 622 271 637 Ρ
298 619 418 653 mum,
431 606 607 644 dividitur
620 607 715 643 haec
729 617 816 653 pars
830 605 868 641 in
881 604 1035 652 partes*
1045 603 1156 639 duas:
1177 601 1215 637 in
1229 600 1352 648 prima

20 663 21 666 ’
61 648 77 665 ⁶
99 657 105 664 ’
298 659 461 696 ostendit
478 659 561 708 quis
579 666 706 695 motus
725 657 842 705 possit
860 668 942 692 esse
961 666 1112 703 semper
1131 653 1350 700 continuus;

298 711 337 749 in
364 712 531 748 secunda
559 710 722 747 ostendit
747 708 853 756 quod
878 708 939 751 ille
958 714 1083 743 motus
1113 713 1168 742 est
1194 706 1349 754 primus,

297 764 370 801 ibi:
403 765 512 806 Quod
527 769 651 800 autem
680 762 858 798 lationum
882 759 1112 796 circularis*
1127 766 1194 795 ete.
1225 758 1352 795 Prima

298 824 426 855 autem
440 828 527 865 pars
542 814 724 852 ‘dividitur
737 813 776 849 in
793 820 917 862 partes
931 819 1022 848 tres:
1038 811 1076 848 in
1089 811 1213 860 prima
1228 819 1350 848 osten-

299 869 352 906 dit
379 868 482 917 quod
500 868 622 904 nullus
642 873 768 903 motus
795 872 920 913 potest
943 877 1025 901 esse
1055 864 1253 900 continuus
1281 864 1351 900 nisi

296 921 440 966 localis;
470 920 508 956 in
535 919 703 956 secunda
721 918 824 967 quod
844 918 966 954 nullus
992 925 1119 953 motus
1137 916 1264 953 localis
1283 929 1351 964 po-

296 979 368 1009 test
395 984 478 1008 esse
494 972 705 1009 ⁴continuus
732 978 880 1019 praeter
899 970 1130 1016 circularem,
1151 969 1219 1005 ibi:
1254 969 1351 1010 Quo-

296 1025 399 1061 niam
418 1030 542 1061 autem
562 1024 743 1073 contingit
759 1035 836 1060 esse
853 1023 1039 1071 quendam
1051 1022 1070 1043 ’¹‘
1088 1029 1173 1066 ete.;
1194 1021 1232 1058 in
1247 1021 1352 1058 tettia

295 1077 458 1114 ostendit
485 1077 590 1125 quod
623 1084 771 1114 motum
810 1076 1028 1112 circularem
1058 1074 1236 1121 contingit
1269 1086 1350 1110 esse

296 1130 528 1176 continuum,
540 1130 606 1167 ibi:
640 1130 713 1171 Qui
737 1135 861 1167 autem
875 1129 912 1165 in
928 1127 1106 1164 circulari
1113 1128 1211 1163 *etc.
1242 1126 1350 1163 Circa

293 1182 459 1231 primum
478 1183 554 1220 duo
583 1182 685 1219 facit:
704 1182 829 1231 primo
848 1181 1027 1230 proponit
1044 1180 1150 1228 quod
1176 1179 1349 1225 intendit;

295 1236 462 1272 secundo
491 1236 627 1283 probat
647 1235 898 1284 propositum,
919 1234 987 1271 ibi:
1023 1233 1158 1270 Omnes
1185 1233 1283 1269 enim
1303 1245 1352 1269 ex

294 1288 468 1336 oppositis
483 1289 503 1309 ³⁹²
520 1295 587 1324 etc.
609 1288 707 1324 Dicit
728 1299 815 1335 ergo
835 1287 972 1336 primo,
994 1285 1098 1335 quod
1118 1298 1206 1322 cum
1226 1293 1350 1322 osten-

294 1352 380 1377 sum
400 1340 445 1377 sit
459 1342 478 1361 ‘
498 1340 603 1389 quod
621 1340 693 1377 loci
708 1340 864 1377 mutatio
886 1349 940 1377 est
958 1339 1079 1388 prima
1098 1338 1193 1375 inter
1216 1350 1350 1375 omnes

293 1392 439 1441 species
466 1401 604 1440 motus,
626 1405 727 1430 nunc
755 1392 1034 1430 ostendendum
1069 1398 1124 1428 est
1151 1403 1249 1439 quae
1277 1390 1349 1428 loci

294 1445 452 1482 mutatio
481 1445 526 1482 sit
552 1445 696 1494 prima;
726 1445 812 1493 quia
841 1445 920 1482 eius
949 1445 1062 1482 etiam
1096 1450 1182 1480 sunt
1209 1444 1348 1480 multae

179 1524 185 1536 ‚
211 1523 217 1531 ·
241 1524 247 1530 -
294 1497 455 1545 species,
485 1505 526 1534 ut
552 1498 590 1534 in
619 1497 780 1547 septimo
802 1499 821 1519 ’³⁴
842 1505 1035 1534 ostensum
1068 1503 1132 1533 est.
1162 1497 1211 1532 Et
1238 1495 1349 1532 simul

294 1549 406 1586 etiam
425 1550 635 1587 secundum
659 1551 820 1587 eandem
840 1550 1076 1596 methodum,
1097 1549 1193 1585 idest
1216 1556 1346 1595 artem,

153 1618 170 1634 α
292 1602 635 1640 idest“secundum
652 1603 814 1639 eandem
834 1602 1064 1639 artificialem
1083 1601 1348 1638 consideratio-

239 1680 264 1686 --
292 1667 393 1701 nem,
416 1655 484 1692 erit
509 1655 751 1692 manifestum
770 1655 808 1692 id
827 1655 931 1703 quod
949 1667 1050 1691 nunc
1069 1655 1182 1702 paulo
1203 1666 1315 1702 supra
1329 1655 1349 1676 '¹‘

295 1705 467 1754 diximus,
489 1716 526 1745 et
553 1708 656 1756 quod
685 1706 798 1744 etiam
826 1708 928 1756 prius
963 1706 1199 1755 suppositum
1228 1714 1282 1743 est
1309 1706 1346 1743 in

292 1760 477 1810 principio
500 1762 519 1782 ²¹⁸
536 1760 647 1799 huius
676 1760 811 1806 octavi,
842 1760 946 1809 quod
978 1759 1158 1806 contingit
1185 1759 1348 1807 aliquem

293 1820 442 1849 motum
481 1825 562 1850 esse
599 1813 819 1849 continuum
847 1820 883 1849 et
918 1819 1154 1861 perpetuum.
1186 1812 1347 1859 Oportet

294 1865 394 1901 enim
423 1865 528 1913 quod
555 1865 658 1901 idem
686 1865 732 1902 sit
757 1865 901 1913 primus
930 1872 966 1901 et
994 1864 1204 1911 continuus,
1224 1872 1266 1901 ut
1285 1877 1345 1901 su-

291 1928 360 1967 pra
375 1919 394 1937 ⁵
409 1925 604 1954 ostensum
625 1925 693 1963 est3
715 1924 752 1954 et
769 1917 856 1955 ideo
876 1918 945 1954 sub
971 1917 1106 1954 eadem
1135 1917 1345 1954 considera-

291 1970 394 2007 tione
421 1978 623 2019 utrumque
662 1981 795 2007 eorum
830 1970 938 2007 cadit.
969 1970 1085 2017 Quod
1122 1983 1210 2018 ergo
1245 1973 1345 2009 nulla

293 2023 365 2059 alia
388 2023 532 2071 species
559 2030 686 2059 motus
713 2030 861 2073 praeter
888 2022 960 2059 loci
983 2023 1230 2060 mutationem
1257 2037 1344 2073 pos-

294 2074 340 2111 sit
362 2087 444 2112 esse
473 2075 650 2112 continua
669 2081 705 2111 et
731 2083 924 2123 perpetua,
950 2076 1192 2113 manifestum
1218 2085 1272 2114 est
1300 2091 1345 2114 ex

292 2127 350 2163 his
378 2140 474 2176 quae
504 2127 682 2165 dicentur.
1270 2164 1274 2167 .

347 2191 381 2217 2.
402 2180 550 2217 Deinde
579 2188 666 2217 curn
695 2179 800 2217 dicit:
834 2180 969 2217 Omnes
996 2181 1094 2217 enim
1126 2193 1176 2218 ex
1202 2183 1348 2231 opposi-⁴

293 2232 336 2268 tis
365 2240 455 2280 etc.,
486 2233 648 2269 ostendit
673 2232 921 2281 propositum.
951 2233 999 2269 Et
1033 2233 1128 2270 circa
1165 2234 1239 2271 hoc
1267 2235 1343 2272 duo

291 2284 394 2321 facit:
423 2285 546 2333 primo
576 2285 738 2322 ostendit
757 2285 860 2333 quod
880 2285 980 2321 nulla
1000 2286 1070 2322 alia
1098 2287 1241 2334 species
1261 2300 1343 2324 mu-

290 2336 439 2373 tationis
475 2345 623 2386 praeter
650 2338 808 2374 localem
844 2344 967 2386 potest
995 2350 1076 2374 esse
1105 2339 1281 2376 continua
1310 2348 1345 2377 et

290 2397 484 2437 perpetua,
504 2402 581 2426 una
602 2397 637 2426 et
656 2390 790 2427 eadem
808 2390 827 2416 ³¹³
842 2390 1017 2436 existens;
1047 2391 1214 2428 secundo
1240 2393 1343 2441 quod

14 2442 32 2481 'i
291 2453 361 2478 nec
389 2443 487 2479 duae
510 2442 735 2486 mutationes
754 2442 848 2479 aliae
876 2442 1071 2490 oppositae
1096 2452 1255 2491 possunt
1274 2445 1343 2482 sibi

19 2482 32 2513 ᾗ
291 2495 492 2531 succedere
512 2495 590 2531 sine
610 2495 891 2543 interpositione
911 2495 1055 2543 quietis,
1076 2496 1144 2532 ibi:
1173 2497 1343 2545 Amplius

14 2511 40 2607 ἔ
291 2546 327 2582 in
342 2547 612 2595 generatione*
622 2554 690 2584 etc.
705 2547 813 2583 Circa
827 2548 994 2596 primum
1010 2548 1085 2585 duo
1101 2548 1202 2585 facit:
1218 2550 1341 2598 primo

18 2601 38 2671 ζ
291 2598 453 2634 ostendit
479 2599 734 2646 propositum;
764 2600 930 2636 secundo
969 2601 1129 2637 excludit
1157 2602 1341 2648 quasdam

22 2664 32 2679 1*
291 2650 532 2697 obiectiones,
554 2651 620 2687 ibi:
641 2651 749 2688 Nihil
766 2652 863 2688 enim
883 2652 1007 2700 differt
1021 2654 1119 2689 *etc.
1142 2654 1250 2690 Circa
1269 2655 1341 2703 pri-

16 2681 46 2888 ξ
291 2714 398 2738 mum
433 2702 508 2739 duo
546 2703 649 2739 facit:
676 2703 798 2752 primo
836 2704 998 2741 ostendit
1032 2706 1269 2754 propositum
1304 2700 1342 2744 in

19 2888 44 3006 Ξ

22 3031 44 3100 Ξ

20 764 34 804 ΡΞ
61 773 72 784 '
84 772 148 795 Lect.
156 779 204 800 xxx,
213 778 237 795 n.
247 773 270 794 6.

16 1018 18 1021 .
37 1031 45 1065 ³,
59 1034 70 1046 '
78 1033 141 1056 Leet.
151 1039 200 1061 seq.

0 1764 2 1774 '
15 1760 22 1800 ἰ
53 1768 69 1779 ’·
81 1767 244 1796 Lect.1v,n.4.

10 1800 16 1809 Γ
30 1799 38 1812 ἰ

13 1927 35 1944 *⁷¹
50 1925 216 1953 'Locum-uc.
223 1931 264 1947 ιω.

291 2754 473 2800 motibus;
503 2755 669 2791 secundo
698 2755 736 2791 in
763 2756 1044 2802 mutationibus,
1070 2757 1138 2794 ibi:
1168 2759 1342 2796 Similiter

290 2812 414 2843 autem
429 2812 463 2843 et
476 2807 513 2843 in
528 2808 819 2844 mutationibus*
829 2816 897 2844 etc.
913 2809 1096 2856 Proponit
1115 2822 1202 2857 ergo
1218 2811 1339 2858 primo

290 2871 406 2895 unam
432 2859 742 2908 propositionem,
765 2872 860 2908 quae
891 2861 1141 2898 communiter
1167 2874 1258 2899 vera
1288 2872 1341 2900 est

290 2918 367 2947 tam
394 2911 431 2947 in
451 2912 616 2948 motibus
645 2924 760 2960 quam
784 2913 821 2949 in
849 2913 1128 2959 mutationibus,
1149 2915 1253 2963 quod
1272 2916 1339 2952 sci-

290 2963 375 2999 licet
403 2976 536 3000 omnes
564 2971 691 3000 motus
720 2972 755 3000 et
782 2964 1007 3001 mutationes
1036 2973 1120 3002 sunt
1148 2979 1193 3003 ex
1221 2980 1340 3016 oppo-

292 3015 367 3051 sitis
386 3015 424 3051 in
444 3017 633 3064 opposita:
654 3028 676 3052 a
695 3028 769 3064 qua
788 3017 1023 3064 generalitate
1045 3018 1224 3066 excipitur
1247 3032 1339 3068 quo-

292 3067 501 3104 dammodo
529 3069 602 3104 loci
629 3068 798 3116 mutatio,
819 3077 859 3106 ut
886 3069 923 3105 in
951 3070 1026 3106 fine
1056 3071 1182 3107 sexti*
1198 3072 1339 3109 dictum

21 3113 49 3170 {J
150 3150 153 3153 ,
293 3127 358 3155 est.
380 3120 581 3156 Generatio
610 3121 710 3157 enim
738 3128 774 3157 et
802 3122 1002 3170 corruptio,
1025 3134 1120 3170 quae
1150 3131 1234 3160 sunt
1257 3137 1339 3160 mu-

23 3177 44 3208 ‘3
291 3171 468 3218 tationes,
497 3172 637 3209 habent
662 3185 732 3220 pro
761 3173 929 3209 terminis
959 3186 1039 3210 esse
1069 3182 1103 3211 et
1131 3188 1207 3211 non
1237 3188 1337 3222 esse;

291 3223 515 3259 alterationis
529 3236 622 3260 vero
651 3225 799 3260 termini
819 3225 1014 3273 oppositi*
1029 3235 1114 3263 sunt
1134 3228 1338 3265 contrariae

290 3275 496 3323 passiones,
522 3275 618 3312 idest
644 3276 837 3324 passibiles
866 3277 1079 3325 qualitates,
1108 3287 1149 3315 ut
1177 3280 1338 3317 calidum

2386 269 2459 308 421

1406 345 1441 374 et
1468 338 1655 387 frigidum,
1677 340 1806 377 album
1836 347 1873 376 et
1898 340 2068 388 nigrum3
2089 340 2280 388 augmenti
2306 353 2402 378 vero
2425 349 2460 378 et

1405 390 1662 428 diminutionis
1700 392 1862 441 oppositi
1898 393 2047 429 termini
2085 401 2171 430 sunt
2207 405 2388 441 magnum
2426 401 2462 430 et

1403 455 1587 491 parvum,
1617 444 1696 481 sive
1725 445 1931 493 perfectum
1961 453 1996 481 et
2024 445 2284 494 imperfectum
2311 446 2351 483 in
2379 458 2459 482 ma-

1405 495 1595 541 gnitudine
1625 509 1691 533 seu
1728 497 1942 545 quantitate.
1974 497 2216 535 Manifestum
2245 506 2300 535 est
2331 506 2459 535 autem

1406 559 1451 583 ex
1478 547 1535 584 his
1564 561 1660 596 quae
1689 549 1786 586 dicta
1813 558 1899 586 sunt
1926 550 1963 586 in
1992 550 2120 598 quinto
2142 552 2177 596 ss,
2200 551 2305 598 quod
2332 558 2459 588 motus
2488 559 2695 590 ἰπὶ-κηκὶς-

1404 599 1469 647 qui
1497 601 1639 637 suntin
1668 602 1852 638 contraria
1871 610 1955 638 sunt
1983 602 2176 639 contrarii:
2197 610 2322 640 motus
2350 603 2460 651 igitur

1406 652 1470 700 qui
1498 660 1553 689 est
1570 653 1610 689 in
1628 654 1768 701 album,
1791 655 1997 691 contrarius
2027 662 2081 691 est
2103 655 2223 691 motui
2251 656 2315 703 qui
2344 664 2398 692 est
2420 656 2458 693 in

1405 705 1565 752 nigrum.
1595 704 1670 743 Sed
1699 706 1882 743 contraria
1910 719 1988 743 non
2019 715 2179 755 possunt
2216 720 2297 744 esse
2325 708 2456 745 simul:

1406 769 1495 804 ergo
1524 758 1616 795 dum
1644 758 1781 807 aliquid
1806 767 1982 795 movetur
2006 760 2055 795 ad
2083 760 2223 806 album,
2244 772 2322 796 non
2346 761 2457 797 simul

1405 818 1582 846 movetur
1600 810 1649 847 ad
1667 811 1830 858 nigrum.
1851 812 1967 858 Quod
1987 824 2075 859 ergo
2096 812 2224 860 incipit
2242 813 2390 849 moveri
2409 814 2456 849 ab

1405 863 1491 899 albo
1512 863 1550 899 in
1569 863 1715 910 nigrum
1733 871 1839 900 motu
1860 864 2137 911 denigrationis,
2159 865 2304 901 etiamsi
2325 877 2456 902 move-

1405 923 1506 951 retur
1520 922 1628 951 motu
1643 915 1888 953 dealbationis
1905 917 1996 953 dum
2011 917 2117 953 fieret
2136 918 2277 963 album,
2293 925 2421 954 tamen
2437 919 2456 938 ’¹‘

1405 967 1645 1004 manifestum
1675 975 1729 1004 est
1756 969 1859 1017 quod
1887 981 1965 1006 non
1992 977 2138 1017 poterat
2170 970 2281 1006 simul
2309 970 2457 1006 moveri

1405 1027 1512 1056 motu
1540 1020 1814 1067 denigrationis.
1837 1022 1953 1068 Quod
1981 1030 2107 1058 autem
2134 1022 2237 1071 prius
2265 1022 2454 1069 existebat,

1405 1071 1435 1108 si
1462 1084 1540 1109 non
1568 1085 1719 1121 semper
1746 1075 1972 1111 movebatur
1995 1075 2119 1123 aliquo
2148 1082 2255 1111 motu
2284 1075 2456 1112 determi-

1404 1131 1513 1172 nat0,
1543 1137 1695 1162 necesse
1734 1134 1788 1162 est
1816 1126 1938 1163 dicere
1967 1127 2070 1176 quod
2107 1127 2209 1176 prius
2242 1128 2458 1177 quiescebat

1404 1178 1529 1226 quiete
1558 1178 1731 1228 opposita
1753 1178 1841 1216 huic
1868 1180 2004 1217 motui:
2030 1181 2117 1229 quia
2137 1193 2250 1217 omne
2279 1181 2382 1230 quod
2403 1189 2458 1218 est

1404 1238 1535 1268 natum
1562 1232 1722 1280 moveri,
1742 1234 1803 1269 vel
1827 1233 1982 1281 quiescit
1999 1234 2061 1269 vel
2089 1242 2276 1271 movetur.
2297 1234 2455 1271 Manife-

1404 1291 1503 1320 stum
1525 1292 1579 1321 est
1606 1297 1695 1332 ergo
1725 1285 1829 1334 quod
1847 1285 1885 1322 id
1914 1285 2018 1334 quod
2037 1282 2213 1323 movetur
2240 1287 2278 1323 in
2301 1287 2455 1335 aliquod

1404 1337 1650 1384 contrarium,
1677 1338 1879 1386 aliquando
1906 1338 2123 1386 quiescebat
2145 1340 2164 1360 ‘²²
2184 1339 2306 1387 quiete
2335 1351 2454 1388 oppo-
2482 1350 2691 1377 ‘wadel-nmm-

1403 1388 1472 1425 sita
1490 1389 1552 1425 tali
1571 1390 1702 1426 motui.
1724 1391 1859 1427 Nullus
1887 1403 1976 1438 ergo
1997 1399 2123 1427 motus
2152 1391 2215 1439 qui
2243 1399 2298 1428 est
2325 1391 2363 1428 in
2392 1391 2454 1427 ali-

1403 1442 1507 1489 quod
1527 1442 1755 1479 contrarium
1768 1442 1797 1490 β,
1808 1450 1932 1491 potest
1951 1455 2032 1480 esse
2053 1443 2252 1480 continuus
2269 1451 2305 1480 et
2321 1455 2454 1492 perpe-
2582 1451 2596 1485 β

1402 1501 1498 1531 tuus.
1517 1494 1556 1531 Si
1573 1507 1662 1542 ergo
1682 1496 1769 1531 huic
1789 1496 2021 1532 conclusioni
2037 1496 2197 1533 addatur
2213 1497 2316 1545 quod
2330 1496 2453 1544 primo

1400 1547 1567 1594 positum
1601 1555 1675 1595 est,
1713 1548 1850 1584 scilicet
1877 1548 1982 1597 quod
2011 1549 2135 1585 omnis
2169 1557 2295 1586 motus
2323 1550 2453 1586 altera-

1401 1599 1511 1636 tionis
1529 1601 1591 1636 vel
1610 1600 1800 1647 augmenti
1819 1602 1880 1637 vel
1910 1601 2139 1637 decrementi
2167 1602 2212 1638 sit
2234 1602 2272 1638 in
2300 1602 2454 1649 aliquod

2484 926 2493 934 “
2510 927 2591 972 gamen
2613 932 2660 947 om.
2681 933 2695 948 P

2484 957 2499 972 a
2525 967 2530 972 .

1402 1653 1640 1700 contrarium,
1662 1660 1840 1702 sequetur
1859 1653 1963 1702 quod
1982 1655 2104 1690 nullus
2131 1654 2350 1691 huiusmodi
2370 1666 2452 1691 mo-

1400 1711 1459 1740 tus
1486 1705 1605 1753 possit
1633 1718 1713 1742 esse
1744 1706 1942 1742 continuus
1973 1714 2007 1742 et
2034 1714 2248 1755 perpetuus.

1454 1758 1488 1793 3.
1505 1757 1654 1794 Deinde
1670 1770 1756 1794 cum
1777 1758 1879 1794 dicit:
1901 1759 2077 1795 Similiter
2090 1765 2213 1796 autem
2229 1766 2310 1805 etc.,
2328 1766 2451 1795 osten-

1401 1808 1453 1845 dit
1479 1809 1581 1845 idem
1610 1810 1648 1846 in
1677 1811 1966 1857 mutationibus,
1993 1811 2088 1848 idest
2107 1813 2126 1831 ⁴*
2146 1812 2184 1848 in
2211 1811 2451 1859 generatione
2478 1821 2655 1844 *εεῐῑῑεετναιν-

1400 1868 1436 1897 et
1463 1862 1722 1910 corruptione3
1751 1863 1840 1911 quia
1876 1864 2064 1912 generatio
2095 1872 2130 1900 et
2167 1863 2354 1912 corruptio
2384 1876 2450 1912 op-

1397 1922 1591 1961 ponuntur
1620 1923 1655 1951 et
1681 1915 1938 1953 universaliter
1966 1918 2175 1954 secundum
2205 1928 2450 1953 communem

1399 1967 1677 2015 oppositionem
1696 1968 1789 2004 entis
1809 1976 1844 2004 et
1872 1981 1950 2005 non
1970 1969 2074 2016 entis,
2096 1977 2131 2005 et
2159 1969 2292 2005 iterum
2317 1969 2354 2004 in
2378 1969 2450 2005 sin-

1399 2019 1526 2067 gulari,
1547 2020 1640 2056 sicut
1667 2021 1855 2068 generatio
1877 2021 1969 2068 ignis
1999 2021 2202 2070 opponitur
2222 2021 2451 2069 corruptioni

1398 2071 1502 2119 ignis,
1524 2073 1734 2110 secundum
1762 2074 2041 2122 oppositionem
2067 2086 2147 2110 esse
2175 2074 2290 2122 ipsius
2319 2081 2354 2110 et
2373 2086 2450 2110 non

1399 2137 1492 2161 esse.
1513 2126 1624 2162 Unde
1652 2126 1682 2162 si
1710 2126 1938 2174 impossibile
1968 2134 2022 2163 est
2050 2127 2160 2163 simul
2188 2139 2269 2163 esse
2299 2126 2449 2175 opposi-

1398 2184 1453 2213 tas
1480 2178 1717 2224 mutationes,
1743 2186 1920 2227 sequetur
1947 2179 2050 2227 quod
2087 2180 2187 2215 nulla
2220 2179 2376 2215 mutatio
2405 2179 2450 2215 sit

1399 2229 1576 2266 continua
1596 2238 1631 2266 et
1643 2238 1836 2279 perpetua,
1853 2231 1990 2268 eodem
2010 2231 2128 2268 modo
2147 2231 2242 2268 sicut
2257 2239 2291 2268 et
2309 2232 2413 2279 prius
2429 2232 2448 2251 ‘³‘
2475 2236 2486 2246 ‘
2500 2237 2569 2259 Num·
2585 2243 2660 2265 praec-

1399 2282 1445 2318 de
1474 2283 1656 2319 motibus:
1686 2283 1753 2319 sed
1781 2296 1933 2320 necesse
1964 2284 2030 2320 erit
2053 2283 2147 2320 inter
2175 2285 2268 2320 duas
2296 2296 2448 2331 genera-

1397 2334 1518 2371 tiones
1538 2335 1718 2382 eiusdem,
1731 2336 1955 2373 intervenire
1971 2336 2139 2372 medium
2154 2344 2302 2384 tempus
2317 2336 2355 2372 in
2370 2348 2446 2384 quo

1399 2394 1476 2423 erat
1491 2388 1698 2436 corrupti03
1720 2395 1755 2424 et
1773 2389 1939 2425 similiter
1958 2388 2052 2425 inter
2076 2389 2333 2437 corruptiones
2352 2396 2446 2425 tem-

1396 2452 1468 2488 pus
1497 2440 1756 2487 generationis.

1449 2504 1485 2539 4.
1507 2493 1655 2530 Deinde
1693 2505 1779 2529 cum
1809 2493 1911 2529 dicit:
1940 2494 2048 2530 Nihil
2075 2495 2172 2530 enim
2205 2494 2331 2546 differt
2356 2502 2445 2542 etc.,

1398 2546 1557 2582 excludit
1584 2553 1656 2582 tres
1685 2545 1924 2582 obiectiones.
1955 2547 2083 2582 Primo
2099 2547 2119 2567 '¹‘
2134 2547 2221 2595 quia
2238 2555 2367 2595 posset
2385 2547 2447 2584 ali-
2473 2552 2654 2600 {Effofflgmn'add-
2668 2560 2683 2575 ¹³

1397 2598 1479 2645 quis
1519 2598 1641 2635 dicere
1679 2598 1782 2646 quod
1820 2610 1907 2634 cum
1943 2599 2168 2635 mutationes
2206 2607 2447 2647 opponantur

1397 2652 1606 2687 secundum
1627 2650 1906 2699 oppositionem
1929 2651 2194 2697 terminorum3
2215 2652 2362 2688 termini
2382 2665 2446 2688 au-

1395 2710 1472 2739 tem
1501 2703 1748 2751 generationis
1787 2711 1822 2739 et
1850 2703 2096 2751 corruptionis
2133 2716 2211 2740 non
2238 2711 2323 2740 sunt
2357 2717 2446 2741 con-

1395 2755 1505 2802 trarii,
1532 2756 1598 2793 sed
1628 2755 1829 2804 oppositi*
1854 2757 2061 2793 secundum
2090 2757 2443 2803 contradictionem,
2473 2798 2486 2812 ο
2519 2793 2579 2812 mm
2604 2792 2617 2812 d
2634 2798 2648 2813 a
2672 2796 2681 2814 t

1394 2808 1543 2844 videtur
1578 2808 1682 2856 sequi
1711 2808 1814 2856 quod
1850 2809 2038 2855 generatio
2075 2816 2109 2844 et
2142 2809 2330 2857 corruptio
2368 2822 2444 2846 non
2472 2798 2603 2839 egid-ex?-
2618 2799 2670 2840 ὲνσῗ

1394 2867 1479 2896 sunt
1499 2861 1519 2881 ³³
1539 2860 1742 2897 contraria:
1773 2868 1808 2897 et
1835 2861 1887 2897 sic
1915 2873 1991 2897 non
2021 2861 2087 2897 erit
2115 2862 2368 2898 eadem'ratio
2398 2862 2444 2898 de
2473 2872 2544 2893 *sint
2557 2878 2619 2898 1sz-

1394 2912 1446 2948 eis
1476 2920 1511 2949 et
1539 2913 1584 2949 de
1613 2913 1779 2949 motibus
1808 2913 1870 2961 qui
1899 2921 1983 2949 sunt
2012 2914 2195 2950 contrarii.
2230 2913 2328 2950 Huic
2356 2926 2443 2962 ergo

1394 2965 1594 3002 obiectioni
1614 2965 1827 3014 respondet,
1845 2966 1971 3002 dicens
1988 2967 2090 3014 quod
2115 2966 2203 3002 nihil
2223 2967 2345 3003 differt
2363 2979 2445 3003 mu-

1393 3017 1551 3054 tationes
1580 3030 1677 3066 quae
1706 3017 1881 3054 differunt
1904 3018 2113 3055 secundum
2138 3019 2444 3055 contradictorios

1392 3069 1572 3106 terminos
1582 3075 1607 3116 Ὺ,
1621 3082 1701 3106 esse
1722 3071 1923 3106 contrarias
1937 3072 1997 3107 vel
2014 3083 2090 3107 non
2111 3072 2322 3117 contrarias,
2336 3072 2442 3107 durn-
2567 3086 2582 3111 γ

1393 3121 1511 3158 modo
1549 3123 1623 3158 hoc
1660 3123 1784 3158 solum
1811 3135 1946 3159 verum
1981 3123 2044 3168 sit,
2075 3124 2178 3170 quod
2213 3123 2442 3171 impossibile

1393 3173 1438 3209 sit
1466 3174 1596 3210 ambas
1626 3174 1750 3211 eidem
1789 3175 1898 3210 simul
1931 3175 2062 3211 inesse.
2094 3176 2178 3210 Hoc
2208 3175 2306 3211 enim
2339 3175 2442 3222 quod

1395 3232 1448 3261 est
1468 3238 1548 3262 esse
1570 3227 1795 3262 contrarium
1814 3228 1875 3262 vel
1895 3239 1972 3262 non
1990 3226 2214 3263 contrarium
2232 3229 2262 3274 ⁴⁶¹,
2279 3227 2368 3263 nihil
2389 3235 2443 3263 est

1393 3277 1480 3313 utile
1510 3278 1557 3314 ad
1586 3279 1769 3315 rationem
1797 3278 2053 3326 praemissam.

2472 2766 2482 2775 ·
2501 2766 2622 2787 contraria
2641 2766 2684 2787 sed

2469 3234 2478 3243 '¹
2500 3232 2536 3263 vel
2556 3239 2601 3254 non
2622 3239 2677 3254 con-

2469 3261 2567 3280 tranum
2587 3265 2633 3281 om.
2648 3266 2677 3281 DE

2469 3291 2522 3306 nun.

290 3496 384 3521 habent
402 3495 572 3526 FHLORSZ3
592 3502 639 3527 pro
658 3494 749 3518 eodem
775 3495 853 3519 codex
871 3495 894 3519 V
913 3494 1000 3519 habuit
1017 3495 1114 3520 scilicet
1133 3496 1213 3525 idest,
1235 3497 1279 3520 sed
1299 3504 1341 3521 ex-

290 3532 377 3564 punxit
394 3530 506 3555 scilicet:

344 3426 370 3459 α)
391 3425 554 3455 methodum,
575 3425 641 3449 idest
663 3428 763 3454 artem,
789 3425 864 3450 idest.
877 3437 895 3444 -
915 3428 999 3449 artem
1019 3426 1085 3450 idest
1106 3431 1148 3450 aut
1171 3426 1238 3451 idest
1258 3430 1343 3452 artem
1397 3433 1422 3452 et
1439 3429 1529 3452 Venet.
1553 3428 1653 3459 1504.·-
1665 3429 1720 3452 Lin.
1740 3435 1794 3459 seq.
1814 3435 1860 3459 pro
1875 3428 1964 3459 primo
1983 3429 2113 3459 positum,
2129 3429 2294 3460 propositum
2315 3430 2334 3454 P
2354 3435 2441 3455 contra

290 3462 411 3486 omittunt
430 3461 529 3484 codices
548 3459 608 3490 DG;
628 3467 674 3492 pro
693 3460 772 3483 altero
791 3460 870 3488 idest,
891 3461 960 3492 quod
979 3461 1071 3485 omittit
1090 3461 1169 3485 codex
1187 3462 1225 3490 Μ,
1245 3462 1342 3486 scilicet
1397 3463 1471 3487 codd.
1490 3468 1515 3487 et
1533 3464 1630 3495 priores
1651 3463 1783 3487 editiones.

1448 3497 1482 3530 γ)’
1494 3498 1635 3522 secundum
1654 3497 1873 3522 contradictorios
1893 3497 2053 3522 terminos.—
2065 3498 2207 3522 secundum
2220 3499 2441 3525 contradictiones

1395 3532 1567 3556 terminorum
1587 3532 1711 3556 terminos
1730 3532 1765 3559 Η,
1789 3532 1928 3556 secundum
1947 3532 2167 3557 contradictiones
2193 3532 2440 3565 (contradictionem

344 3564 368 3600 β)
388 3565 433 3598 qui
451 3568 490 3590 est
508 3565 534 3589 in
553 3564 660 3596 aliquod
677 3564 849 3589 contrarium.
862 3578 880 3583 —
894 3564 937 3589 cui
955 3568 994 3589 est
1011 3565 1119 3597 aliquod
1137 3565 1299 3590 contrarium
1320 3566 1338 3590 P
1394 3565 1455 3599 EG)
1475 3567 1600 3592 terminos
1618 3566 1772 3595 EFGIKQa,
1792 3567 1932 3591 secundum
1951 3567 2099 3592 contrarios
2117 3568 2242 3593 terminos
2262 3569 2291 3594 L.
