2982 4022
247 510 259 521 ⁴
273 510 320 531 iam
335 515 382 530 om.
397 514 432 530 nr.

240 562 249 572 ’
268 563 344 583 tamen
352 567 400 582 om.
408 560 459 581 rab.

245 826 256 836 ·
265 825 333 846 homo
339 823 457 845 om.eodd.

247 857 296 872 exc.
310 857 376 872 raaz.

247 878 255 886 ·
270 877 307 898 nis
317 882 382 898 tonz.
398 887 408 892 -
424 875 459 897 di·-

247 903 352 924 cebatur.
360 918 366 923 .
374 918 379 923 .
387 917 393 923 .
411 908 457 923 non

246 931 341 950 manent
354 935 400 950 om.
416 935 438 949 11.

244 1086 256 1098 '⁶
266 1092 322 1108 vero
336 1092 384 1107 om.
398 1091 457 1108 Anca

245 1118 402 1138 ιιιοαετνκγ.

243 1351 255 1361 ⁸
269 1350 315 1372 duo
329 1349 365 1371 ed.
380 1349 401 1371 b.

243 1408 255 1419 ⁸
265 1407 312 1428 tria
323 1407 392 1428 codd.
401 1411 422 1428 et
432 1413 456 1429 a.

243 1449 254 1454 -
270 1438 305 1460 Cf.
320 1441 369 1459 not.
383 1444 408 1469 γ.

243 1508 253 1518 ·
268 1507 338 1529 Num.
354 1508 376 1530 8.

266 1559 337 1582 Num.
353 1566 381 1582 1².

243 2465 253 2475 ⁸
268 2464 338 2486 Num.
354 2470 387 2486 10.

243 2730 254 2740 ¹·
270 2731 292 2750 el
301 2729 369 2756 poni!
380 2734 455 2750 exem-

241 2756 284 2783 pla
296 2755 349 2776 add.
358 2762 404 2776 Ls.-
415 2755 456 2776 ho-

244 2788 281 2802 mo
303 2783 379 2802 autem
395 2788 455 2803 Λκιο

245 2814 381 2835 αετνιγρει.

486 325 537 360 42

487 391 720 440 simplicibus
753 391 963 428 attribuitur
998 391 1101 439 fieri,
1132 391 1271 428 scilicet
1307 391 1476 428 subiecto
1511 398 1548 428 et

486 445 675 493 opposito,
705 445 862 481 alterum
890 444 1049 481 istorum
1082 451 1138 481 est
1170 457 1400 493 permanens
1432 451 1469 480 et
1496 445 1546 480 al—

486 504 610 534 terum
638 509 716 534 non
743 509 983 545 permanens.
1014 496 1114 543 Quia
1147 509 1234 533 cum
1263 497 1396 546 aliquis
1428 496 1504 534 iarn
1526 498 1546 518 ²²

485 549 603 586 factus
624 557 680 586 est
698 549 875 597 musicus,
904 556 1103 598 permanet
1129 549 1262 597 homo,
1291 550 1359 586 sed
1377 556 1506 588 tamen
1527 551 1546 572 *

485 615 563 639 11011
586 609 785 651 permanet
812 602 1052 650 oppositum;
1091 601 1172 638 sive
1204 602 1250 638 sit
1277 602 1450 649 negative
1479 615 1546 651 op—

483 655 663 703 positum,
683 662 726 691 ut
743 667 822 691 non
841 654 1042 701 musicum,
1064 654 1145 691 sive
1164 654 1349 702 privative
1370 662 1435 691 aut
1458 667 1546 692 con-

485 707 604 753 trarie,
634 714 675 743 ut
702 707 957 744 immusicum.
988 707 1126 755 Neque
1151 707 1264 744 etiam
1290 708 1545 756 compositum

486 772 530 796 ex
549 759 718 796 subiecto
740 767 776 796 et
795 759 970 808 opposito
989 766 1208 808 permanet:
1238 772 1317 796 non
1342 760 1443 796 enim
1462 773 1547 809 per-

485 819 614 849 manet
639 813 759 849 homo
788 824 867 848 non
888 811 1055 848 musicus
1086 819 1291 860 postquam
1314 813 1433 849 homo
1455 814 1475 834 *
1494 813 1546 850 fa-

486 872 565 901 ctus
585 872 641 901 est
659 865 838 902 musicus.
868 865 918 901 Et
940 872 1069 901 tamen
1091 864 1168 901 istis
1189 865 1209 886 *⁸
1229 865 1347 902 tribus
1370 865 1546 903 attribue-

484 919 594 954 batur
624 917 727 954 fieri:
763 917 957 954 dicebatur
987 917 1088 954 enim
1118 918 1222 966 quod
1253 918 1365 954 homo
1387 919 1442 966 fit
1465 931 1546 955 mu-

482 971 600 1017 sicus,
631 978 667 1007 et
694 981 768 1006 non
797 971 960 1006 musicus
976 971 1030 1017 fit
1054 970 1238 1016 musicus,
1269 977 1304 1006 et
1330 971 1442 1007 homo
1471 983 1545 1008 non

483 1024 646 1060 musicus
671 1024 725 1070 fit
749 1023 933 1059 musicus:
971 1034 1136 1070 quorum
1173 1022 1286 1060 trium
1321 1023 1446 1060 solum
1473 1024 1547 1072 pri-

483 1088 593 1113 mum
621 1082 750 1112 manet
778 1075 967 1124 completa
994 1075 1167 1124 factione,
1193 1076 1264 1112 alia
1294 1088 1389 1113 vero
1419 1077 1438 1098 ‘²
1468 1077 1545 1113 duo

482 1141 561 1165 non
590 1135 756 1165 manent.

537 1182 572 1218 6.
584 1181 732 1218 Deinde
749 1192 837 1216 cum
854 1179 956 1217 dicit:
972 1180 1237 1218 Determinatis
1251 1186 1375 1217 autem
1390 1182 1446 1218 his
1461 1189 1544 1230 etc.,

484 1246 529 1270 ex
557 1233 817 1282 suppositione
845 1232 1144 1282 praemissorum
1178 1233 1342 1270 ostendit
1372 1235 1544 1283 proposi-

482 1294 584 1334 tum,
615 1286 754 1323 scilicet
787 1286 892 1334 quod
919 1285 959 1322 in
987 1286 1152 1335 qualibet
1188 1286 1350 1323 factione
1387 1288 1546 1324 naturali

482 1339 723 1377 inveniantur
755 1339 822 1375 tria
844 1339 874 1375 ³².
901 1339 950 1375 Et
978 1339 1075 1375 circa
1102 1339 1177 1375 hoc
1196 1339 1265 1376 tria
1284 1339 1390 1376 facit:
1418 1341 1544 1388 primo

484 1398 680 1430 enumerat
709 1391 785 1428 duo
805 1392 825 1413 ³*
845 1403 942 1441 quae
975 1391 1217 1428 inveniuntur
1243 1392 1282 1429 in
1310 1392 1475 1441 qualibet
1493 1394 1545 1430 fa-

484 1446 606 1483 ctione
626 1444 802 1491 naturali;
823 1443 992 1481 secundo
1006 1445 1144 1493 probat
1157 1445 1262 1493 quod
1281 1454 1543 1493 supposuerat,

483 1499 555 1536 ibi:
583 1500 632 1535 Et
649 1500 720 1535 hoc
739 1497 886 1546 quidem
908 1498 1143 1545 permanet*
1159 1505 1245 1544 010.;
1265 1498 1372 1534 tertio
1394 1500 1544 1535 conclu-

484 1551 536 1590 dit
549 1550 800 1601 propositum,
822 1549 888 1586 ibi:
915 1550 1041 1591 Quare
1060 1556 1244 1587 ostensum
1260 1562 1310 1586 ex
1327 1551 1431 1588 dictis
1443 1553 1462 1572 *
1474 1559 1542 1588 010.

537 1617 573 1653 7.
604 1603 704 1642 Dicit
732 1615 820 1650 ergo
839 1602 965 1650 primo
995 1602 1110 1651 quod,
1132 1602 1335 1651 suppositis
1362 1604 1544 1652 praemis-

482 1656 543 1704 sis,
566 1657 595 1693 si
616 1656 699 1704 quis
726 1655 889 1692 voluerit
913 1655 1152 1692 considerare
1179 1655 1219 1692 in
1248 1656 1426 1693 omnibus
1446 1670 1544 1706 quae

481 1711 578 1747 fiunt
598 1708 809 1746 secundum
829 1715 1015 1755 naturam,
1035 1709 1111 1744 hoc
1131 1707 1299 1757 accipiet,
1321 1710 1426 1757 quod
1445 1722 1544 1747 sern-

480 1775 550 1811 per
583 1769 732 1811 oportet
769 1760 902 1797 subiici
936 1761 1078 1810 aliquid
1115 1761 1174 1797 cui
1203 1761 1413 1799 attribuitur
1439 1763 1542 1799 fieri:

482 1823 518 1853 et
535 1816 636 1862 illud,
658 1815 742 1851 licet
757 1813 802 1850 sit
815 1826 937 1850 unum
957 1826 1119 1850 numero
1134 1814 1197 1851 vel
1216 1813 1398 1862 subiecto,
1415 1823 1544 1852 tamen

480 1868 605 1918 specie
632 1868 695 1904 vel
724 1866 867 1911 ratione
895 1879 974 1903 non
1003 1874 1058 1903 est
1085 1866 1203 1903 idem:
1232 1867 1331 1904 Cum
1361 1867 1462 1905 enim
1491 1875 1543 1904 at—

479 1921 653 1958 tribuitur
671 1919 817 1956 homini
837 1919 942 1968 quod
960 1919 1027 1956 fiat
1047 1919 1227 1968 musicus,
1247 1920 1367 1956 homo
1387 1920 1542 1969 quidem

481 1982 536 2011 est
562 1985 683 2010 unum
717 1972 901 2019 subiecto,
932 1972 999 2009 sed
1034 1973 1110 2010 duo
1139 1972 1303 2009 ratione:
1333 1985 1412 2010 non
1441 1973 1543 2010 enim

481 2034 536 2064 est
555 2026 658 2064 idem
686 2026 805 2062 homo
835 2025 1047 2062 secundum
1076 2025 1263 2063 rationem
1294 2033 1330 2062 et
1357 2038 1436 2063 non
1461 2039 1545 2064 mu-

480 2080 590 2117 sicus.
621 2078 795 2115 Tertium
820 2085 948 2114 autem
968 2090 1047 2115 non
1067 2078 1184 2127 ponit,
1215 2078 1354 2115 scilicet
1382 2079 1487 2127 quod
1505 2080 1543 2117 in

481 2132 722 2181 generatione
743 2143 898 2168 necesse
919 2138 975 2168 est
994 2131 1135 2180 aliquid
1153 2131 1339 2179 generari,
1361 2132 1543 2180 quoniam

480 2186 572 2223 illud
602 2185 844 2222 manifestum
874 2190 929 2220 est
943 2189 970 2220 ⁷.

536 2240 571 2276 8.
601 2237 749 2274 Deinde
778 2249 866 2273 cum
896 2236 1003 2273 dicit:
1036 2237 1087 2273 Et
1111 2235 1187 2273 'hoc
1208 2237 1362 2285 *quidem
1390 2249 1543 2285 perma-

482 2297 544 2328 net
571 2298 662 2337 etc.,
699 2290 837 2338 probat
870 2289 947 2326 duo
983 2301 1080 2338 quae
1113 2297 1383 2338 supposuerat:
1417 2289 1542 2338 primo

482 2344 587 2394 quod
615 2343 826 2380 subiectum
855 2342 915 2379 cui
943 2341 1154 2379 attribuitur
1181 2342 1276 2390 fieri,
1306 2342 1351 2379 sit
1380 2342 1456 2379 duo
1486 2355 1544 2379 ra-

481 2397 605 2443 tione;
639 2395 807 2432 secundo
841 2395 947 2444 quod
981 2402 1154 2444 oporteat
1189 2395 1227 2431 in
1262 2395 1431 2443 quolibet
1461 2396 1544 2433 fieri

483 2449 647 2499 supponi
667 2448 895 2495 subiectum,
916 2447 987 2485 ibi:
1014 2448 1272 2496 Multipliciter
1290 2454 1415 2485 autem
1433 2449 1454 2469 *
1473 2456 1542 2486 010.

482 2503 654 2540 Ρ1111111111
690 2501 852 2538 ostendit
887 2501 1093 2549 dupliciter.
1128 2501 1258 2537 Primo
1287 2501 1443 2550 quidem
1475 2514 1544 2550 per

482 2556 557 2592 hoc
594 2554 698 2604 quod
730 2554 768 2591 in
795 2554 971 2591 subiecto
1011 2554 1070 2591 cui
1102 2553 1313 2590 attribuitur
1350 2554 1452 2601 fieri,
1489 2561 1544 2590 est

482 2608 623 2657 aliquid
651 2607 755 2657 quod
774 2614 973 2656 permanet
1001 2615 1037 2644 et
1065 2606 1206 2655 aliquid
1229 2606 1335 2655 quod
1362 2619 1440 2643 non
1459 2619 1543 2655 per—

483 2669 631 2698 manet:
662 2660 750 2709 quia
778 2660 816 2697 id
836 2660 940 2709 quod
960 2672 1039 2696 non
1067 2667 1122 2696 est
1141 2659 1360 2708 oppositum
1380 2659 1541 2695 termino

483 2714 664 2760 factionis,
680 2721 879 2762 permanet
889 2713 922 2760 *‚
942 2713 1061 2750 homo
1082 2712 1185 2748 enim
1199 2718 1398 2760 permanet
1426 2724 1543 2760 quan-

484 2767 533 2804 do
562 2767 604 2804 fit
623 2766 808 2811 musicus;
837 2765 905 2802 sed
924 2778 1003 2802 non
1026 2764 1216 2801 musicum
1235 2776 1314 2800 non
1332 2772 1541 2812 permanet,

483 2832 608 2869 neque
637 2818 905 2868 compositum,
920 2825 962 2854 ut
979 2819 1098 2854 homo
1123 2830 1201 2854 non
1221 2817 1399 2853 musicus.
1429 2818 1478 2853 Et
1497 2830 1542 2854 ex

483 2874 557 2910 hoc
577 2879 733 2921 apparet
751 2872 856 2920 quod
880 2871 999 2907 homo
1022 2878 1057 2907 et
1075 2883 1154 2907 non
1173 2870 1340 2906 musicus
1359 2882 1437 2906 non
1457 2878 1543 2907 sunt

483 2925 586 2962 idern
607 2924 761 2970 ratione,
783 2936 871 2960 cum
890 2936 1011 2960 unum
1031 2930 1253 2971 permaneat
1276 2931 1312 2960 et
1331 2922 1431 2960 aliud
1451 2935 1539 2960 non.

539 2990 574 3025 9.
606 2976 784 3014 Secundo
812 2976 884 3012 ibi:
918 2976 993 3012 Sed
1018 2988 1068 3012 ex
1103 2976 1228 3025 aliquo
1258 2983 1344 3022 etc.,
1381 2976 1543 3013 ostendit

485 3029 587 3067 idem
608 3030 680 3066 alio
701 3029 832 3075 mod0;
849 3029 937 3077 quia
956 3029 993 3066 in
1010 3041 1088 3066 non
1106 3029 1415 3077 permanentibus
1431 3027 1444 3050 ὅ
1464 3041 1542 3066 ma-

537 3179 562 3212 γ)
587 3177 702 3202 Tertium
723 3180 810 3201 autem
830 3183 881 3200 non
897 3176 1019 3208 ponit...
1039 3176 1206 3209 manifestum
1226 3178 1272 3200 est.
1287 3189 1304 3194 -
1318 3176 1353 3200 Ita
1368 3175 1501 3200 PDEGab.
1521 3176 1544 3200 H

484 3213 570 3243 habet,
592 3213 710 3238 Tertium
730 3215 818 3237 autem
837 3219 888 3237 non
903 3211 990 3243 ponit,
1010 3212 1056 3235 sed
1075 3216 1136 3244 post
1154 3211 1253 3243 singula
1271 3211 1350 3235 verba
1369 3211 1453 3243 aliqua
1472 3211 1544 3242 signa

484 3249 524 3273 vel
545 3249 642 3273 litterae
665 3247 770 3272 abrasae
789 3252 860 3277 sunu
881 3252 964 3271 cetera
982 3255 1009 3280 p.
1024 3254 1059 3271 m.
1078 3246 1175 3271 omissa
1199 3246 1352 3279 supplentur
1376 3246 1402 3271 in
1421 3246 1544 3278 margine.

485 3283 568 3308 Ceteri
588 3283 687 3308 codices
706 3283 827 3307 omittunt
845 3282 939 3307 omnia.

538 3318 562 3351 ὃ)
577 3318 724 3343 Secundo...
740 3318 765 3342 in
782 3325 832 3342 non
845 3317 1068 3349 permanentibus.
1081 3330 1100 3335 -
1113 3317 1163 3341 Pro
1178 3317 1232 3341 istis
1247 3317 1270 3340 R
1283 3316 1350 3348 legit,
1365 3316 1460 3341 Postea
1476 3316 1543 3341 idem

486 3354 538 3378 aiio
558 3354 635 3378 modo
654 3353 792 3386 arguendo
811 3354 861 3377 sic:
881 3353 907 3377 in
928 3360 979 3376 non
996 3351 1228 3384 permanentibus‚·
1247 3352 1266 3376 Z
1286 3351 1381 3376 Postea
1399 3351 1452 3376 alio
1466 3351 1544 3376 modo

486 3389 612 3420 arguitur
630 3389 680 3413 sic.-
699 3389 724 3412 in
741 3396 791 3413 non
805 3388 1031 3419 permanentibus.
1045 3401 1064 3405 —
1077 3387 1140 3411 Post
1157 3387 1212 3411 alio
1231 3387 1308 3411 modo
1321 3387 1339 3411 S
1352 3386 1431 3410 addit:
1451 3387 1486 3411 al.
1498 3394 1543 3410 ar-

487 3427 625 3455 gumento,
640 3424 684 3448 sed
704 3423 766 3448 haec
778 3428 969 3455 expunguntur;
985 3423 1009 3453 Q
1026 3428 1086 3456 post
1104 3422 1167 3454 quia
1179 3422 1249 3447 addit
1260 3425 1289 3446 at
1302 3428 1364 3446 vero
1378 3424 1466 3453 potest
1481 3421 1545 3446 haec

487 3464 542 3482 esse
560 3459 670 3482 remotio
684 3458 764 3483 dubii.
779 3458 1005 3488 ACIKOQTVXY
1019 3466 1072 3482 om.
1086 3465 1164 3490 quam
1184 3457 1233 3482 hoc
1244 3457 1282 3490 fit
1294 3457 1543 3489 1100-5011110111οω

488 3492 659 3523 parenthesim
681 3493 783 3523 (licet...
799 3494 927 3525 proprie)
945 3501 996 3518 om.
1020 3501 1037 3517 a
1058 3498 1082 3517 et
1101 3493 1175 3517 codd.
1199 3500 1252 3517 exc.
1276 3491 1412 3522 LRSZsE;
1431 3492 1466 3516 sE
1486 3496 1545 3524 post

489 3527 541 3551 dici
560 3527 627 3551 addit
646 3527 671 3551 in
694 3529 918 3558 permanentibus.
943 3529 1042 3553 Revera
1067 3535 1098 3553 ex
1116 3528 1146 3552 iis
1166 3535 1233 3560 quae
1251 3531 1404 3559 sequuntur.
1424 3527 1544 3552 Dicimus

489 3561 567 3586 etiam
583 3566 638 3590 etc.,
654 3568 761 3593 possunt
775 3563 853 3587 videri
870 3563 998 3595 superflua
1018 3571 1047 3588 ea
1066 3571 1132 3596 quae
1151 3562 1191 3587 hic
1206 3563 1270 3587 intra
1282 3561 1455 3595 parenthesim
1475 3563 1543 3586 clau-

490 3596 592 3635 duntur.
607 3596 852 3627 AClKLOQTVXY
876 3606 929 3623 om.
950 3598 1061 3623 dicimus
1080 3598 1149 3623 enim
1175 3598 1246 3630 quod
1264 3604 1302 3623 cx
1320 3604 1372 3622 non
1398 3597 1496 3622 musico
1508 3597 1544 3631 fit

490 3638 611 3655 musicus.

1130 313 1474 351 PHYSICORUM
1500 313 1849 364 ARISTOTELIS
1879 315 1973 351 LIB.
2003 315 2017 350 I

1600 392 1654 440 gis
1683 391 1816 430 dicitur
1843 404 1892 428 ex
1918 393 1989 429 hoc
2003 394 2058 439 fit
2073 393 2144 429 hoc
2176 403 2292 440 quam
2311 393 2382 429 hoc
2397 394 2452 440 fit
2466 394 2538 430 hoc
2556 393 2661 440 (licet

1599 453 1727 482 tamen
1757 452 1793 482 et
1819 446 1894 482 hoc
1920 444 2040 493 possit
2067 444 2156 491 dici,
2187 444 2255 481 sed
2282 457 2360 482 non
2384 446 2434 482 ita
2460 445 2658 494 proprie):

1601 497 1760 535 dicimus
1789 498 1891 535 enim
1925 497 2029 546 quod
2058 509 2107 533 ex
2134 509 2208 534 non
2241 497 2382 534 musico
2405 499 2459 546 fit
2483 498 2657 534 musicus.

1599 550 1771 587 Dicimus
1792 551 1905 587 etiarn
1924 550 2030 599 quod
2049 561 2123 586 non
2151 550 2314 586 musicus
2326 551 2380 597 fit
2395 550 2569 596 musicus,
2590 550 2659 587 sed

1598 604 1673 640 hoc
1702 603 1791 640 est*
1818 615 1887 651 per
1915 602 2101 649 accidens,
2121 602 2347 651 inquantum
2375 601 2514 639 scilicet
2540 602 2579 639 id
2599 602 2659 639 cui

2686 608 2696 619 ⁸
2710 609 2746 629 est
2759 614 2808 631 om.
2822 614 2898 630 nm

2685 634 2752 656 nab.
2763 645 2773 651 -
2781 640 2828 662 per
2845 641 2897 657 acc.

1599 655 1733 692 accidit
1761 668 1843 692 esse
1870 668 1949 692 non
1976 655 2178 701 musicum,
2199 655 2242 692 fit
2259 654 2461 691 musicum.
2477 675 2502 682 -
2518 654 2596 692 Sed
2619 655 2659 692 in
2678 659 2757 687 fim-

1599 709 1910 757 permanentibus
1929 720 2007 745 non
2031 708 2083 744 sic
2103 707 2254 744 dicitur:
2278 719 2356 743 non
2377 707 2479 743 enirn
2498 706 2659 744 dicimus

1599 761 1704 810 quod
1732 773 1782 797 ex
1807 762 1957 798 homine
1971 762 2025 808 fit
2050 760 2224 806 musicus,
2249 759 2318 796 sed
2346 759 2451 808 quod
2477 760 2590 796 homo
2607 761 2661 808 fit

1600 814 1771 850 musicus.
1803 813 2046 861 Quandoque
2069 821 2198 850 tamen
2215 812 2254 848 in
2272 811 2584 860 permanentibus
2605 812 2659 849 di-

1600 866 1721 902 cimus
1737 867 1756 887 *
1784 878 1833 902 ex
1859 867 1929 902 hoc
1951 867 2005 914 fit
2033 867 2123 912 hoc,
2156 864 2251 901 sicut
2283 864 2444 902 dicimus
2478 865 2582 913 quod
2609 876 2660 901 ex

1599 931 1688 955 aere
1708 919 1762 966 fit
1785 923 1929 955 statua:
1957 917 2025 955 sed
2061 919 2136 954 hoc
2171 917 2350 965 contingit
2381 917 2470 966 quia
2501 917 2658 954 nomine

1600 971 1695 1008 aeris
1723 970 1961 1018 intelligimus
1988 970 2253 1018 infiguratum,
2283 977 2319 1006 et
2344 970 2394 1007 ita
2423 969 2556 1007 dicitur
2583 970 2658 1007 hoc

1600 1023 1744 1060 ratione
1776 1022 1997 1073 privationis
2033 1023 2242 1060 intellectae
2261 1027 2284 1059 '.
2314 1023 2363 1059 Et
2393 1022 2480 1060 licet
2513 1035 2562 1059 ex
2587 1024 2659 1060 hoc

1588 1077 1683 1125 fieri
1708 1078 1779 1113 hoc
1805 1076 1976 1113 dicamus
1995 1075 2033 1112 in
2050 1075 2374 1124 permanentibus,
2390 1075 2511 1123 magis
2529 1082 2659 1112 tamen

1598 1137 1802 1178 utrumque
1831 1125 2009 1176 contingit
2027 1127 2066 1164 in
2089 1140 2167 1164 non
2186 1127 2497 1176 permanentibus
2517 1128 2601 1175 dici,
2623 1135 2660 1165 et

1597 1183 1669 1219 hoc
1685 1183 1736 1230 fit
1761 1183 1833 1218 hoc
1865 1188 1901 1217 et
1927 1193 1977 1218 ex
2002 1181 2073 1217 hoc
2089 1182 2142 1228 fit
2167 1181 2254 1224 hoc,·
2282 1179 2362 1216 sive
2394 1192 2474 1217 non
2508 1192 2658 1229 perma-

1598 1247 1693 1271 nens
1721 1234 1924 1283 accipiatur
1952 1233 2188 1282 oppositum,
2218 1232 2299 1269 sive
2328 1232 2584 1281 compositum
2613 1244 2659 1270 ex

1600 1287 1775 1336 opposito
1805 1294 1841 1323 et
1868 1286 2050 1323 subiecto.
2089 1286 2147 1322 Ex
2179 1285 2254 1321 hoc
2282 1297 2372 1333 ergo
2393 1285 2414 1304 ⁴
2441 1285 2524 1334 ipso
2553 1285 2659 1334 quod
2686 1295 2696 1305 ·

1599 1340 1749 1377 diverso
1780 1339 1898 1376 modo
1925 1337 2106 1386 loquendi
2129 1337 2271 1374 utimur
2286 1338 2306 1359 *
2330 1337 2428 1375 circa
2445 1338 2657 1376 subiectum

1600 1400 1635 1429 et
1662 1392 1903 1441 oppositum,
1932 1390 2174 1427 manifestum
2202 1390 2245 1427 fit
2263 1391 2284 1412 *
2313 1391 2417 1440 quod
2445 1391 2657 1429 subiectum

1599 1452 1636 1482 et
1663 1445 1894 1494 oppositum,
1914 1451 1956 1481 ut
1974 1444 2093 1480 homo
2123 1450 2159 1480 et
2186 1455 2265 1480 non
2291 1443 2470 1490 musicus,
2492 1444 2559 1481 etsi
2587 1445 2659 1482 sint

1597 1497 1700 1535 idem
1729 1497 1917 1544 subiecto,
1947 1504 2034 1533 sunt
2062 1495 2138 1533 duo
2166 1503 2296 1533 tamen
2323 1496 2479 1534 ratione.

1657 1563 1714 1588 10.
1745 1550 1893 1587 Deinde
1914 1561 2001 1586 cum
2022 1548 2124 1586 dicit:
2141 1549 2412 1598 .Mult1pliciter
2428 1555 2553 1586 autem
2572 1561 2658 1587 cum

1597 1603 1744 1640 dicatur
1771 1611 1858 1651 etc.,
1888 1601 2051 1640 ostendit
2078 1602 2238 1638 alterum
2267 1597 2371 1651 quod
2395 1610 2657 1651 supposuerat,

1598 1656 1737 1693 scilicet
1765 1655 1870 1705 quod
1897 1655 1935 1692 in
1963 1654 2069 1692 omni
2101 1654 2262 1691 factione
2299 1651 2458 1692 naturali
2485 1663 2659 1704 oporteat

1599 1722 1681 1746 esse
1700 1709 1925 1746 subiectum.
1946 1708 1996 1744 Et
2012 1708 2088 1744 1100
2107 1707 2262 1756 quidem
2280 1719 2350 1756 per
2368 1708 2555 1745 rationem
2569 1721 2658 1758 pro-

1598 1763 1688 1799 bare
1716 1762 1878 1811 pertinet
1904 1761 1952 1798 ad
1979 1760 2302 1809 metaphysicum,
2336 1760 2440 1798 unde
2474 1762 2658 1810 probatur

1597 1815 1638 1852 in
1665 1815 1733 1852 VII
1753 1813 1975 1865 {Metaphya
1998 1814 2035 1859 *;
2065 1813 2134 1850 sed
2164 1813 2226 1850 hic
2250 1814 2389 1862 probat
2415 1821 2561 1851 tantum
2589 1826 2658 1863 per

1597 1867 1873 1904 inductionem:
1895 1874 1932 1903 et
1949 1865 2074 1915 primo
2095 1878 2141 1902 ex
2154 1873 2260 1915 parte
2276 1878 2410 1903 eorum
2426 1879 2524 1915 quae
2542 1867 2656 1914 fiunt;

1598 1921 1766 1958 secundo
1796 1932 1842 1956 ex
1863 1926 1970 1968 parte
1989 1918 2196 1956 modorum
2214 1919 2343 1967 fiendi,
2363 1919 2430 1956 ibi:
2459 1921 2575 1957 Fiunt
2589 1933 2657 1958 au-

1598 1979 1670 2010 tem
1690 1985 1786 2022 quae
1793 1974 1900 2020 fiunt
1917 1973 1938 1993 *
1966 1979 2034 2008 etc.
2064 1971 2163 2008 Dicit
2183 1983 2270 2019 ergo
2289 1973 2414 2020 primo
2435 1973 2551 2021 quod,
2568 1986 2657 2011 cum

1598 2026 1680 2063 fieri
1704 2026 1849 2063 dicatur
1873 2024 2135 2073 multipliciter,
2163 2024 2246 2061 fieri
2273 2025 2488 2073 simpliciter
2515 2033 2571 2063 est
2597 2039 2658 2063 so-

1598 2079 1678 2116 lum
1697 2078 1780 2115 fieri
1799 2077 2104 2123 substantiarum3
2125 2077 2192 2114 sed
2212 2077 2284 2114 alia
2303 2077 2477 2115 dicuntur
2504 2079 2585 2116 fieri
2602 2073 2678 2116 se-'

1598 2132 1761 2168 cundum
1793 2131 1892 2179 quid.
1931 2131 1980 2167 Et
2006 2131 2081 2167 hoc
2114 2129 2220 2177 ideo,
2250 2130 2338 2179 quia
2364 2131 2448 2168 fieri
2480 2131 2660 2181 importat

1598 2184 1744 2221 initium
1780 2182 1949 2229 essendi;
1985 2182 2034 2220 ad
2061 2183 2136 2219 hoc
2170 2194 2259 2230 ergo
2292 2183 2397 2232 quod
2425 2183 2566 2232 aliquid
2592 2186 2660 2222 fiat

1598 2236 1826 2285 simpliciter,
1848 2235 2047 2284 requiritur
2074 2235 2179 2284 quod
2197 2235 2300 2284 prius
2328 2248 2407 2273 non
2434 2237 2544 2274 fuerit
2570 2237 2659 2275 sim-

1597 2289 1762 2338 pliciter,
1797 2289 1902 2337 quod
1933 2287 2067 2325 accidit
2094 2287 2132 2329 in
2160 2287 2203 2324 iis
2241 2301 2338 2337 quae
2371 2289 2660 2328 substantialiter

1598 2343 1704 2380 fiunt.
1735 2342 1852 2389 Quod
1874 2342 1893 2363 *
1921 2341 2023 2378 0111111
2054 2341 2098 2377 fit
2130 2341 2268 2389 homo,
2297 2354 2376 2379 11011
2403 2343 2528 2380 solum
2554 2343 2659 2392 prius

1599 2408 1677 2433 non
1704 2395 1772 2431 fuit
1798 2395 1937 2441 homo,
1967 2394 2034 2431 sed
2062 2393 2279 2442 simpliciter
2296 2407 2433 2431 verum
2459 2403 2514 2432 est
2533 2396 2658 2434 dicere

1598 2449 1724 2497 ipsum
1757 2459 1835 2484 non
1862 2446 1996 2483 fuisse:
2036 2458 2124 2483 cum
2156 2454 2285 2483 autem
2313 2447 2432 2484 homo
2461 2448 2504 2484 fit
2530 2449 2657 2497 albus,

1598 2513 1677 2537 non
1697 2507 1753 2537 est
1769 2512 1906 2537 verum
1927 2499 2049 2536 dicere
2069 2499 2173 2548 quod
2191 2499 2295 2548 prius
2313 2511 2392 2536 non
2411 2500 2520 2537 fuerit
2533 2502 2564 2548 *,
2588 2501 2657 2539 sed

1598 2553 1704 2602 quod
1737 2553 1841 2601 prius
1869 2564 1947 2589 non
1983 2551 2093 2588 fuerit
2119 2551 2212 2589 talis.
2251 2554 2294 2589 In
2325 2552 2383 2589 his
2414 2552 2524 2601 igitur
2557 2566 2656 2602 quae

1597 2607 1695 2642 fiunt
1722 2605 1933 2642 secundum
1962 2604 2076 2653 quid,
2114 2605 2357 2642 manifestum
2385 2613 2441 2642 est
2468 2606 2574 2655 quod
2601 2607 2656 2644 111-

1599 2658 1725 2706 digent
1744 2658 1934 2695 subiecto:
1963 2670 2055 2694 narn
2084 2657 2269 2706 quantitas
2289 2665 2326 2694 et
2345 2658 2502 2707 qualitas
2526 2666 2563 2696 et
2585 2660 2657 2697 alia

1598 2711 1806 2748 accidentia
1821 2710 1844 2756 ζ,
1867 2723 2030 2759 quorum
2052 2718 2107 2747 est
2124 2711 2207 2747 fieri
2222 2711 2433 2748 secundum
2454 2712 2555 2761 quid,
2576 2725 2655 2750 non

1597 2771 1756 2813 possunt
1784 2776 1866 2800 esse
1894 2763 1974 2800 sine
2003 2763 2194 2810 subiecto;
2223 2764 2338 2801 solius
2359 2764 2461 2801 enim
2485 2766 2656 2803 substan-

1597 2817 1669 2854 tiae
1691 2825 1746 2854 est
1764 2829 1842 2854 non
1863 2829 1943 2853 esse
1963 2816 2001 2853 in
2017 2818 2036 2838 *
2065 2816 2246 2854 subiecto.
2277 2817 2354 2854 Sed
2378 2817 2491 2855 etiam
2509 2817 2548 2855 in
2567 2819 2655 2855 sub-

1597 2870 1749 2917 stantiis,
1770 2869 1801 2906 si
1821 2869 1904 2918 quis
1929 2869 2140 2906 consideret
2159 2869 2191 2917 *,
2220 2870 2462 2908 manifestum
2480 2871 2524 2908 fit
2551 2871 2656 2920 quod

1596 2924 1693 2960 fiunt
1720 2935 1766 2959 ex
1798 2922 1988 2959 subiecto:
2024 2922 2200 2960 videmus
2233 2923 2335 2960 enirn
2368 2923 2473 2972 quod
2503 2924 2655 2973 plantae

1597 2983 1634 3013 et
1661 2975 1838 3013 animalia
1865 2975 1963 3012 fiunt
1991 2987 2035 3012 ex
2063 2975 2220 3013 semine.

1655 3041 1667 3065 1
1683 3041 1712 3066 1.
1756 3028 1905 3066 Deinde
1948 3040 2036 3064 cum
2079 3027 2190 3065 dicit:
2235 3029 2351 3065 Fiunt
2388 3034 2513 3066 autem
2558 3041 2656 3078 quae

1652 3175 1674 3207 ε)
1694 3178 1720 3200 et
1732 3175 1797 3200 ita...
1812 3175 1966 3200 intellectae.
1977 3188 1996 3194 -
2009 3175 2078 3199 Haec
2092 3174 2171 3199 verba
2184 3181 2236 3198 om.
2250 3181 2267 3199 a
2281 3179 2306 3199 et
2319 3174 2392 3199 codd.
2408 3182 2460 3199 exc.
2474 3175 2548 3207 Rsz;
2569 3181 2655 3202 tamen

1599 3210 1744 3235 inteIIectae
1762 3218 1814 3235 om.
1828 3210 1856 3241 Z,
1872 3211 1916 3243 qui
1929 3210 2019 3242 pergit,
2040 3210 2076 3234 Et
2093 3209 2154 3234 licet
2171 3216 2208 3234 ex·
2226 3209 2275 3235 hoc
2292 3209 2346 3242 11ϋο
2356 3210 2423 3243 steri
2433 3211 2482 3236 hoc
2494 3211 2613 3237 dicamus
2628 3212 2654 3237 in

1599 3253 1650 3270 non
1667 3245 1884 3277 permanentibus
1890 3263 1898 3275 ‚
1926 3245 2012 3278 magis
2036 3247 2122 3269 tamen
2148 3244 2173 3269 in
2199 3251 2250 3269 non
2273 3246 2490 3277 permanentibus
2515 3249 2655 3280 utrumque

1594 3283 1684 3312 potest
1703 3281 1769 3310 dici5
1788 3280 1850 3312 quia
1869 3280 1939 3313 quod
1957 3280 2069 3305 dicimus
2087 3279 2159 3312 quod
2175 3286 2213 3304 ex
2231 3287 2282 3304 non
2302 3280 2438 3306 immusico
2445 3281 2481 3314 fit
2495 3282 2615 3311 musicus,
2629 3285 2655 3308 et

1597 3315 1752 3348 simpliciter
1771 3315 1922 3340 immusicus
1934 3316 1970 3349 fit
1988 3315 2108 3344 musicus,
2124 3318 2150 3339 et
2169 3315 2194 3339 in
2212 3315 2363 3347 compositis
2381 3316 2471 3340 eodem
2491 3317 2577 3347 modo,
2592 3318 2654 3350 quia

1598 3358 1634 3376 ex
1653 3351 1789 3376 immusico
1807 3350 1912 3375 homine
1930 3350 2028 3375 dicitur
2047 3350 2160 3375 musicus
2171 3350 2244 3383 fieri.
2265 3350 2311 3375 Ex·
2327 3351 2375 3376 hoc
2388 3358 2452 3384 ergo
2466 3352 2537 3383 quod
2550 3352 2655 3378 diverso

1598 3386 1676 3411 modo
1695 3386 1819 3418 loquendi
1838 3386 1938 3410 utimur
1951 3386 2023 3411 circa
2041 3386 2183 3411 subiectum
2198 3388 2224 3410 et
2238 3386 2394 3418 oppositum,
2405 3389 2483 3418 patet
2495 3387 2566 3419 quod
2579 3387 2608 3412 di
2627 3394 2653 3412 e-

1598 3425 1661 3446 runt
1679 3422 1791 3446 ratione.
1817 3421 1938 3446 Secundo
1962 3429 2021 3447 cum
2047 3421 2126 3446 dicit.-
2144 3420 2328 3453 Multipliciter
2351 3425 2450 3447 autem.
2469 3422 2492 3446 R
2509 3422 2592 3455 pergit
2609 3429 2653 3446 eo-

1598 3457 1656 3481 dem
1676 3457 1762 3486 modo,
1778 3457 1822 3481 sed
1837 3465 1890 3481 om.
1905 3457 1940 3482 Et
1959 3457 2043 3482 licet...
2058 3456 2144 3489 magis
2161 3458 2248 3481 tamen
2268 3461 2300 3487 et,
2315 3461 2375 3489 post
2393 3464 2444 3482 non
2465 3457 2607 3487 immusico,
2615 3457 2654 3490 fit

1598 3499 1737 3516 musicus...
1752 3499 1897 3517 immusico.

1650 3526 1675 3560 ζ)
1696 3530 1722 3551 et
1739 3527 1794 3551 alia
1812 3527 1968 3552 accidentia.
1981 3539 2000 3546 —-
2013 3527 2049 3552 lta
2062 3525 2252 3556 PEGHMNab5
2270 3530 2296 3552 et
2314 3527 2403 3552 omnia
2421 3526 2569 3552 accidentia
2586 3526 2653 3551 ABG

1598 3562 1641 3586 DF
1644 3562 1836 3592 lKOQTVXY,
1856 3565 1882 3587 et
1901 3562 2085 3587 universaliter
2104 3561 2194 3586 omnia
2217 3562 2364 3587 accidentia
2382 3562 2434 3591 LS‚
2453 3565 2479 3587 et
2496 3562 2534 3587 ad
2550 3561 2653 3593 aliquid

1598 3601 1623 3622 et
1641 3597 1730 3622 omnia
1749 3597 1896 3623 accidentia
1915 3598 1934 3622 Z
1953 3603 1978 3622 et
1996 3597 2027 3627 R,
2046 3597 2090 3629 qui
2107 3599 2134 3621 et
2152 3596 2189 3620 ad
2206 3597 2315 3629 aliquid,
2335 3596 2405 3630 quod
2429 3597 2526 3622 bonum
2544 3603 2652 3622 sensum

1598 3632 1682 3662 habet,
1701 3632 1840 3665 corrumpit
1859 3633 1883 3657 in
1902 3635 1927 3657 et
1945 3632 2047 3664 aliquid
2064 3631 2147 3656 aliud.

2684 868 2781 916 gaquod
2799 868 2853 891 add.
2869 874 2898 891 n}

2715 1301 2776 1324 σεο
2789 1302 2838 1318 0111.
2851 1303 2873 1319 r.
2886 1308 2898 1314 —

2685 1322 2738 1349 ipso
2745 1324 2898 1351 om.1›;quoad

2685 1358 2712 1374 nz
2726 1352 2774 1375 vid.
2783 1357 2832 1375 not.
2841 1359 2862 1376 ι.

2685 1384 2694 1392 ·
2709 1383 2782 1405 utitur
2795 1390 2817 1405 r.

2683 1409 2695 1421 ⁸
2705 1411 2741 1431 est
2747 1410 2787 1436 rb,-
2795 1415 2845 1432 uua
2854 1410 2897 1433 lu.

2683 1825 2693 1837 ”
2700 1825 2725 1847 8.
2732 1825 2778 1847 Th.
2785 1826 2838 1848 lect.
2845 1832 2876 1848 vx.
2884 1837 2895 1844 -

2683 1851 2736 1874 Did.
2743 1851 2824 1879 lib.vl,
2833 1858 2895 1880 exn,

2683 1884 2724 1900 nn.
2738 1884 2753 1901 t.
2761 1884 2827 1907 seqq.

2683 1989 2695 2000 ⁸
2710 1987 2780 2010 Num.
2795 1994 2845 2016 aeq.

2685 2357 2696 2369 ⁸
2710 2356 2811 2385 Quando
2824 2362 2861 2380 ne.

2683 2515 2694 2526 ⁸
2700 2514 2755 2543 suu
2767 2514 2851 2537 ma».

2780 2722 2796 2753 t

2681 2836 2693 2847 ⁸
2706 2835 2786 2857 {nene
2797 2834 2849 2857 rab.

2682 2863 2691 2872 ”
2703 2861 2839 2884 considerat
2846 2867 2894 2883 run

2681 2888 2731 2936 3³¹,-
2737 2888 2822 2936 'eg-quia
2829 2893 2893 2910 eone.
