<?xml version="1.0" encoding="UTF-8"?>
<!DOCTYPE html PUBLIC "-//W3C//DTD XHTML 1.0 Transitional//EN"
    "http://www.w3.org/TR/xhtml1/DTD/xhtml1-transitional.dtd">
<html xmlns="http://www.w3.org/1999/xhtml" xml:lang="en" lang="en">
 <head>
  <title>
</title>
<meta http-equiv="Content-Type" content="text/html;charset=utf-8" />
  <meta name='ocr-system' content='tesseract 3.04.00' />
  <meta name='ocr-capabilities' content='ocr_page ocr_carea ocr_par ocr_line ocrx_word'/>
</head>
<body>
  <div class='ocr_page' id='page_1' title='image "./operaomniaiussui02thom/operaomniaiussui02thom_0312.png"; bbox 0 0 2898 3996; ppageno 0'>
   <div class='ocr_carea' id='block_1_1' title="bbox 211 767 422 842">
    <p class='ocr_par' dir='ltr' id='par_1_1' title="bbox 211 767 422 842">
     <span class='ocr_line' id='line_1_1' title="bbox 211 767 422 790; baseline -0.009 0"><span class='ocrx_word' id='word_1_1' title='bbox 211 770 222 780; x_wconf 74' lang='lat'>⁴¹</span> <span class='ocrx_word' id='word_1_2' title='bbox 242 769 312 790; x_wconf 83' lang='lat' dir='ltr'>etiam</span> <span class='ocrx_word' id='word_1_3' title='bbox 333 767 386 789; x_wconf 84' lang='lat' dir='ltr'>add.</span> <span class='ocrx_word' id='word_1_4' title='bbox 406 773 422 789; x_wconf 85' lang='lat' dir='ltr'>a</span> 
     </span>
     <span class='ocr_line' id='line_1_2' title="bbox 213 795 421 816; baseline -0.005 0"><span class='ocrx_word' id='word_1_5' title='bbox 213 799 235 816; x_wconf 80' lang='lat' dir='ltr'>et</span> <span class='ocrx_word' id='word_1_6' title='bbox 245 795 313 816; x_wconf 83' lang='lat' dir='ltr'>codd.</span> <span class='ocrx_word' id='word_1_7' title='bbox 326 800 375 815; x_wconf 84' lang='lat' dir='ltr'>exc.</span> <span class='ocrx_word' id='word_1_8' title='bbox 385 800 421 815; x_wconf 75' lang='lat' dir='ltr'>to.</span> 
     </span>
     <span class='ocr_line' id='line_1_3' title="bbox 212 821 376 842; baseline -0.012 1"><span class='ocrx_word' id='word_1_9' title='bbox 212 823 232 832; x_wconf 74' lang='lat'>⁶·</span> <span class='ocrx_word' id='word_1_10' title='bbox 247 821 311 842; x_wconf 82' lang='lat' dir='ltr'>Lect.</span> <span class='ocrx_word' id='word_1_11' title='bbox 325 826 376 842; x_wconf 84' lang='lat' dir='ltr'>vm.</span> 
     </span>
    </p>
   </div>
   <div class='ocr_carea' id='block_1_2' title="bbox 214 1242 399 1263">
    <p class='ocr_par' dir='ltr' id='par_1_2' title="bbox 214 1242 399 1263">
     <span class='ocr_line' id='line_1_4' title="bbox 214 1242 399 1263; baseline 0 0"><span class='ocrx_word' id='word_1_12' title='bbox 214 1243 224 1252; x_wconf 87' lang='grc'><em>·</em></span> <span class='ocrx_word' id='word_1_13' title='bbox 238 1242 349 1263; x_wconf 78' lang='lat' dir='ltr'>latentius</span> <span class='ocrx_word' id='word_1_14' title='bbox 362 1247 399 1263; x_wconf 74' lang='grc' dir='ltr'>εσ-</span> 
     </span>
    </p>
   </div>
   <div class='ocr_carea' id='block_1_3' title="bbox 218 1396 363 1424">
    <p class='ocr_par' dir='ltr' id='par_1_3' title="bbox 218 1396 363 1424">
     <span class='ocr_line' id='line_1_5' title="bbox 218 1396 363 1424; baseline 0 -6"><span class='ocrx_word' id='word_1_15' title='bbox 218 1398 227 1406; x_wconf 86' lang='grc'><em>·</em></span> <span class='ocrx_word' id='word_1_16' title='bbox 242 1396 304 1418; x_wconf 84' lang='lat' dir='ltr'>Lect.</span> <span class='ocrx_word' id='word_1_17' title='bbox 316 1402 363 1424; x_wconf 85' lang='lat' dir='ltr'>seq.</span> 
     </span>
    </p>
   </div>
   <div class='ocr_carea' id='block_1_4' title="bbox 215 1503 428 1578">
    <p class='ocr_par' dir='ltr' id='par_1_4' title="bbox 215 1503 428 1578">
     <span class='ocr_line' id='line_1_6' title="bbox 215 1503 425 1531; baseline -0.005 -6"><span class='ocrx_word' id='word_1_18' title='bbox 215 1504 315 1525; x_wconf 75' lang='lat' dir='ltr'>&#39;scilicet</span> <span class='ocrx_word' id='word_1_19' title='bbox 321 1503 384 1531; x_wconf 80' lang='lat' dir='ltr'>quod</span> <span class='ocrx_word' id='word_1_20' title='bbox 390 1509 425 1528; x_wconf 76' lang='grc' dir='ltr'>η,</span> 
     </span>
     <span class='ocr_line' id='line_1_7' title="bbox 219 1529 428 1557; baseline 0 -6"><span class='ocrx_word' id='word_1_21' title='bbox 219 1536 287 1551; x_wconf 71' lang='lat' dir='ltr'><em>sssss</em></span> <span class='ocrx_word' id='word_1_22' title='bbox 290 1530 342 1551; x_wconf 85' lang='lat' dir='ltr'>dum</span> <span class='ocrx_word' id='word_1_23' title='bbox 365 1529 428 1557; x_wconf 83' lang='lat' dir='ltr'>quod</span> 
     </span>
     <span class='ocr_line' id='line_1_8' title="bbox 252 1562 348 1578; baseline -0.01 0"><span class='ocrx_word' id='word_1_24' title='bbox 252 1572 258 1578; x_wconf 83' lang='lat'><strong>.</strong></span> <span class='ocrx_word' id='word_1_25' title='bbox 273 1562 323 1577; x_wconf 84' lang='lat' dir='ltr'>exc.</span> <span class='ocrx_word' id='word_1_26' title='bbox 333 1562 348 1577; x_wconf 84' lang='lat'>1.</span> 
     </span>
    </p>
   </div>
   <div class='ocr_carea' id='block_1_5' title="bbox 215 1657 415 1679">
    <p class='ocr_par' dir='ltr' id='par_1_5' title="bbox 215 1657 415 1679">
     <span class='ocr_line' id='line_1_9' title="bbox 215 1657 415 1679; baseline -0.01 0"><span class='ocrx_word' id='word_1_27' title='bbox 215 1660 224 1668; x_wconf 87' lang='lat'><strong>·</strong></span> <span class='ocrx_word' id='word_1_28' title='bbox 240 1657 320 1679; x_wconf 74' lang='lat' dir='ltr'>decere</span> <span class='ocrx_word' id='word_1_29' title='bbox 333 1662 381 1678; x_wconf 88' lang='lat' dir='ltr'>om.</span> <span class='ocrx_word' id='word_1_30' title='bbox 394 1662 415 1677; x_wconf 67' lang='grc' dir='ltr'>ιν.</span> 
     </span>
    </p>
   </div>
   <div class='ocr_carea' id='block_1_6' title="bbox 216 2025 427 2101">
    <p class='ocr_par' dir='ltr' id='par_1_6' title="bbox 216 2025 427 2101">
     <span class='ocr_line' id='line_1_10' title="bbox 218 2025 427 2056; baseline 0 -9"><span class='ocrx_word' id='word_1_31' title='bbox 218 2028 227 2036; x_wconf 91' lang='grc'>·</span> <span class='ocrx_word' id='word_1_32' title='bbox 235 2026 352 2047; x_wconf 85' lang='lat' dir='ltr'>alteratur</span> <span class='ocrx_word' id='word_1_33' title='bbox 359 2025 427 2056; x_wconf 58' lang='lat' dir='ltr'>codd,</span> 
     </span>
     <span class='ocr_line' id='line_1_11' title="bbox 218 2056 427 2080; baseline -0.005 -6"><span class='ocrx_word' id='word_1_34' title='bbox 218 2059 266 2074; x_wconf 88' lang='lat' dir='ltr'>exc.</span> <span class='ocrx_word' id='word_1_35' title='bbox 281 2059 310 2074; x_wconf 70' lang='lat' dir='ltr'>rx</span> <span class='ocrx_word' id='word_1_36' title='bbox 324 2056 346 2074; x_wconf 79' lang='lat' dir='ltr'>et</span> <span class='ocrx_word' id='word_1_37' title='bbox 359 2059 375 2074; x_wconf 78' lang='lat' dir='ltr'>u</span> <span class='ocrx_word' id='word_1_38' title='bbox 389 2058 427 2080; x_wconf 82' lang='lat' dir='ltr'>qm</span> 
     </span>
     <span class='ocr_line' id='line_1_12' title="bbox 216 2085 265 2101; baseline 0 0"><span class='ocrx_word' id='word_1_39' title='bbox 216 2085 265 2101; x_wconf 85' lang='lat' dir='ltr'>om.</span> 
     </span>
    </p>
   </div>
   <div class='ocr_carea' id='block_1_7' title="bbox 243 2183 287 2205">
    <p class='ocr_par' dir='ltr' id='par_1_7' title="bbox 243 2183 287 2205">
     <span class='ocr_line' id='line_1_13' title="bbox 243 2183 287 2205; baseline 0 0"><span class='ocrx_word' id='word_1_40' title='bbox 243 2183 287 2205; x_wconf 92' lang='lat' dir='ltr'>D&#39;d</span> 
     </span>
    </p>
   </div>
   <div class='ocr_carea' id='block_1_8' title="bbox 217 2185 430 2232">
    <p class='ocr_par' dir='ltr' id='par_1_8' title="bbox 217 2185 430 2232">
     <span class='ocr_line' id='line_1_14' title="bbox 217 2185 430 2205; baseline 0.005 -1"><span class='ocrx_word' id='word_1_41' title='bbox 217 2185 227 2194; x_wconf 80' lang='lat'>&#39;</span> <span class='ocrx_word' id='word_1_42' title='bbox 266 2190 271 2204; x_wconf 91' lang='lat'>1</span> <span class='ocrx_word' id='word_1_43' title='bbox 291 2199 296 2205; x_wconf 90' lang='lat'>.</span> <span class='ocrx_word' id='word_1_44' title='bbox 312 2190 337 2205; x_wconf 86' lang='lat' dir='ltr'>ca</span> <span class='ocrx_word' id='word_1_45' title='bbox 356 2198 362 2205; x_wconf 92' lang='lat'><strong><em>.</em></strong></span> <span class='ocrx_word' id='word_1_46' title='bbox 372 2190 386 2204; x_wconf 83' lang='lat' dir='ltr'>v</span> <span class='ocrx_word' id='word_1_47' title='bbox 398 2199 403 2205; x_wconf 90' lang='lat'>.</span> <span class='ocrx_word' id='word_1_48' title='bbox 418 2193 430 2198; x_wconf 85' lang='lat'><strong>·</strong></span> 
     </span>
     <span class='ocr_line' id='line_1_15' title="bbox 219 2210 428 2232; baseline -0.005 0"><span class='ocrx_word' id='word_1_49' title='bbox 219 2210 243 2232; x_wconf 90' lang='lat' dir='ltr'>S.</span> <span class='ocrx_word' id='word_1_50' title='bbox 259 2210 303 2231; x_wconf 83' lang='lat' dir='ltr'>Th.</span> <span class='ocrx_word' id='word_1_51' title='bbox 319 2210 370 2231; x_wconf 83' lang='lat' dir='ltr'>leet.</span> <span class='ocrx_word' id='word_1_52' title='bbox 383 2215 428 2231; x_wconf 71' lang='lat' dir='ltr'>xvi.</span> 
     </span>
    </p>
   </div>
   <div class='ocr_carea' id='block_1_9' title="bbox 309 2337 326 2362">
    <p class='ocr_par' dir='ltr' id='par_1_9' title="bbox 309 2337 326 2362">
     <span class='ocr_line' id='line_1_16' title="bbox 309 2337 326 2362; baseline 0 0"><span class='ocrx_word' id='word_1_53' title='bbox 309 2337 326 2362; x_wconf 90' lang='grc' dir='ltr'>λ</span> 
     </span>
    </p>
   </div>
   <div class='ocr_carea' id='block_1_10' title="bbox 220 2497 416 2525">
    <p class='ocr_par' dir='ltr' id='par_1_10' title="bbox 220 2497 416 2525">
     <span class='ocr_line' id='line_1_17' title="bbox 220 2497 416 2525; baseline -0.005 -6"><span class='ocrx_word' id='word_1_54' title='bbox 220 2499 229 2508; x_wconf 85' lang='grc'><em>·</em></span> <span class='ocrx_word' id='word_1_55' title='bbox 244 2497 367 2525; x_wconf 75' lang='lat' dir='ltr'>congelari</span> <span class='ocrx_word' id='word_1_56' title='bbox 379 2503 416 2518; x_wconf 78' lang='lat' dir='ltr'>m.</span> 
     </span>
    </p>
   </div>
   <div class='ocr_carea' id='block_1_11' title="bbox 448 310 522 347">
    <p class='ocr_par' dir='ltr' id='par_1_11' title="bbox 448 310 522 347">
     <span class='ocr_line' id='line_1_18' title="bbox 448 310 522 347; baseline -0.014 0"><span class='ocrx_word' id='word_1_57' title='bbox 448 310 522 347; x_wconf 83' lang='lat'>286</span> 
     </span>
    </p>
   </div>
   <div class='ocr_carea' id='block_1_12' title="bbox 447 381 1512 1221">
    <p class='ocr_par' dir='ltr' id='par_1_12' title="bbox 447 381 1510 961">
     <span class='ocr_line' id='line_1_19' title="bbox 448 381 1503 431; baseline -0.009 -4"><span class='ocrx_word' id='word_1_58' title='bbox 448 389 679 426; x_wconf 85' lang='lat' dir='ltr'>adiunctum.</span> <span class='ocrx_word' id='word_1_59' title='bbox 710 387 814 424; x_wconf 90' lang='lat' dir='ltr'>Sicut</span> <span class='ocrx_word' id='word_1_60' title='bbox 833 397 921 422; x_wconf 90' lang='lat' dir='ltr'>cum</span> <span class='ocrx_word' id='word_1_61' title='bbox 950 383 1106 421; x_wconf 89' lang='lat' dir='ltr'>materia</span> <span class='ocrx_word' id='word_1_62' title='bbox 1129 389 1295 419; x_wconf 90' lang='lat' dir='ltr'>mutatur</span> <span class='ocrx_word' id='word_1_63' title='bbox 1314 382 1362 419; x_wconf 92' lang='lat' dir='ltr'>de</span> <span class='ocrx_word' id='word_1_64' title='bbox 1380 381 1503 431; x_wconf 88' lang='lat' dir='ltr'>priva-</span> 
     </span>
     <span class='ocr_line' id='line_1_20' title="bbox 447 434 1503 485; baseline -0.008 -6"><span class='ocrx_word' id='word_1_65' title='bbox 447 442 549 479; x_wconf 89' lang='lat' dir='ltr'>tione</span> <span class='ocrx_word' id='word_1_66' title='bbox 579 441 627 477; x_wconf 89' lang='lat' dir='ltr'>ad</span> <span class='ocrx_word' id='word_1_67' title='bbox 655 441 818 476; x_wconf 84' lang='lat' dir='ltr'>formam</span> <span class='ocrx_word' id='word_1_68' title='bbox 846 437 952 485; x_wconf 86' lang='lat' dir='ltr'>ignis,</span> <span class='ocrx_word' id='word_1_69' title='bbox 983 437 1075 473; x_wconf 88' lang='lat' dir='ltr'>dum</span> <span class='ocrx_word' id='word_1_70' title='bbox 1104 442 1158 472; x_wconf 90' lang='lat' dir='ltr'>est</span> <span class='ocrx_word' id='word_1_71' title='bbox 1186 435 1224 472; x_wconf 88' lang='lat' dir='ltr'>in</span> <span class='ocrx_word' id='word_1_72' title='bbox 1251 435 1334 483; x_wconf 93' lang='lat' dir='ltr'>ipso</span> <span class='ocrx_word' id='word_1_73' title='bbox 1354 434 1503 482; x_wconf 82' lang='lat' dir='ltr'>mutari,</span> 
     </span>
     <span class='ocr_line' id='line_1_21' title="bbox 450 487 1504 542; baseline -0.007 -11"><span class='ocrx_word' id='word_1_74' title='bbox 450 502 505 531; x_wconf 90' lang='lat' dir='ltr'>est</span> <span class='ocrx_word' id='word_1_75' title='bbox 532 493 687 542; x_wconf 90' lang='lat' dir='ltr'>quidem</span> <span class='ocrx_word' id='word_1_76' title='bbox 724 492 793 528; x_wconf 91' lang='lat' dir='ltr'>sub</span> <span class='ocrx_word' id='word_1_77' title='bbox 825 489 1036 539; x_wconf 88' lang='lat' dir='ltr'>privatione</span> <span class='ocrx_word' id='word_1_78' title='bbox 1074 487 1285 525; x_wconf 89' lang='lat' dir='ltr'>secundum</span> <span class='ocrx_word' id='word_1_79' title='bbox 1318 487 1504 536; x_wconf 89' lang='lat' dir='ltr'>seipsam;</span> 
     </span>
     <span class='ocr_line' id='line_1_22' title="bbox 449 539 1505 594; baseline -0.008 -11"><span class='ocrx_word' id='word_1_80' title='bbox 449 547 516 583; x_wconf 93' lang='lat' dir='ltr'>sed</span> <span class='ocrx_word' id='word_1_81' title='bbox 542 546 679 594; x_wconf 89' lang='lat' dir='ltr'>partim</span> <span class='ocrx_word' id='word_1_82' title='bbox 709 551 763 580; x_wconf 91' lang='lat' dir='ltr'>est</span> <span class='ocrx_word' id='word_1_83' title='bbox 794 543 864 579; x_wconf 92' lang='lat' dir='ltr'>sub</span> <span class='ocrx_word' id='word_1_84' title='bbox 897 542 1020 578; x_wconf 91' lang='lat' dir='ltr'>forma</span> <span class='ocrx_word' id='word_1_85' title='bbox 1051 539 1146 588; x_wconf 84' lang='lat' dir='ltr'>ignis</span> <span class='ocrx_word' id='word_1_86' title='bbox 1183 552 1263 576; x_wconf 93' lang='lat' dir='ltr'>non</span> <span class='ocrx_word' id='word_1_87' title='bbox 1294 539 1505 576; x_wconf 90' lang='lat' dir='ltr'>secundum</span> 
     </span>
     <span class='ocr_line' id='line_1_23' title="bbox 449 592 1504 647; baseline -0.008 -11"><span class='ocrx_word' id='word_1_88' title='bbox 449 599 632 647; x_wconf 84' lang='lat' dir='ltr'>seipsam,</span> <span class='ocrx_word' id='word_1_89' title='bbox 671 596 739 633; x_wconf 91' lang='lat' dir='ltr'>sed</span> <span class='ocrx_word' id='word_1_90' title='bbox 775 594 986 631; x_wconf 86' lang='lat' dir='ltr'>secundum</span> <span class='ocrx_word' id='word_1_91' title='bbox 1023 592 1162 641; x_wconf 90' lang='lat' dir='ltr'>aliquid</span> <span class='ocrx_word' id='word_1_92' title='bbox 1197 592 1230 629; x_wconf 91' lang='lat' dir='ltr'>ei</span> <span class='ocrx_word' id='word_1_93' title='bbox 1263 592 1504 639; x_wconf 87' lang='lat' dir='ltr'>adiunctum,</span> 
     </span>
     <span class='ocr_line' id='line_1_24' title="bbox 450 644 1505 694; baseline -0.008 -6"><span class='ocrx_word' id='word_1_94' title='bbox 450 651 588 688; x_wconf 91' lang='lat' dir='ltr'>scilicet</span> <span class='ocrx_word' id='word_1_95' title='bbox 615 648 826 686; x_wconf 90' lang='lat' dir='ltr'>secundum</span> <span class='ocrx_word' id='word_1_96' title='bbox 855 645 1141 694; x_wconf 88' lang='lat' dir='ltr'>dispositionem</span> <span class='ocrx_word' id='word_1_97' title='bbox 1169 644 1363 694; x_wconf 85' lang='lat' dir='ltr'>propriam</span> <span class='ocrx_word' id='word_1_98' title='bbox 1391 644 1505 692; x_wconf 90' lang='lat' dir='ltr'>ignis,</span> 
     </span>
     <span class='ocr_line' id='line_1_25' title="bbox 451 697 1507 752; baseline -0.007 -12"><span class='ocrx_word' id='word_1_99' title='bbox 451 715 565 752; x_wconf 89' lang='lat' dir='ltr'>quam</span> <span class='ocrx_word' id='word_1_100' title='bbox 584 702 721 750; x_wconf 89' lang='lat' dir='ltr'>partim</span> <span class='ocrx_word' id='word_1_101' title='bbox 750 699 880 747; x_wconf 84' lang='lat' dir='ltr'>recipit</span> <span class='ocrx_word' id='word_1_102' title='bbox 907 705 1111 746; x_wconf 87' lang='lat' dir='ltr'>antequam</span> <span class='ocrx_word' id='word_1_103' title='bbox 1139 698 1304 734; x_wconf 90' lang='lat' dir='ltr'>formam</span> <span class='ocrx_word' id='word_1_104' title='bbox 1328 697 1423 744; x_wconf 89' lang='lat' dir='ltr'>ignis</span> <span class='ocrx_word' id='word_1_105' title='bbox 1441 698 1507 734; x_wconf 90' lang='lat' dir='ltr'>ha-</span> 
     </span>
     <span class='ocr_line' id='line_1_26' title="bbox 449 749 1508 799; baseline -0.007 -7"><span class='ocrx_word' id='word_1_106' title='bbox 449 756 546 792; x_wconf 91' lang='lat' dir='ltr'>beat.</span> <span class='ocrx_word' id='word_1_107' title='bbox 585 755 696 792; x_wconf 86' lang='lat' dir='ltr'>Unde</span> <span class='ocrx_word' id='word_1_108' title='bbox 717 754 737 774; x_wconf 81' lang='grc'><strong>*</strong></span> <span class='ocrx_word' id='word_1_109' title='bbox 761 753 856 789; x_wconf 89' lang='lat' dir='ltr'>infra</span> <span class='ocrx_word' id='word_1_110' title='bbox 883 752 924 772; x_wconf 39' lang='grc' dir='ltr'>*ἧς</span> <span class='ocrx_word' id='word_1_111' title='bbox 952 749 1128 799; x_wconf 87' lang='lat' dir='ltr'>probabit</span> <span class='ocrx_word' id='word_1_112' title='bbox 1158 750 1376 787; x_wconf 90' lang='lat' dir='ltr'>Aristoteles</span> <span class='ocrx_word' id='word_1_113' title='bbox 1404 749 1508 797; x_wconf 92' lang='lat' dir='ltr'>quod</span> 
     </span>
     <span class='ocr_line' id='line_1_27' title="bbox 450 801 1509 855; baseline -0.008 -10"><span class='ocrx_word' id='word_1_114' title='bbox 450 808 562 844; x_wconf 91' lang='lat' dir='ltr'>etiam</span> <span class='ocrx_word' id='word_1_115' title='bbox 582 805 771 855; x_wconf 88' lang='lat' dir='ltr'>generatio</span> <span class='ocrx_word' id='word_1_116' title='bbox 797 811 833 841; x_wconf 95' lang='lat' dir='ltr'>et</span> <span class='ocrx_word' id='word_1_117' title='bbox 852 803 1039 852; x_wconf 88' lang='lat' dir='ltr'>corruptio</span> <span class='ocrx_word' id='word_1_118' title='bbox 1069 809 1155 839; x_wconf 91' lang='lat' dir='ltr'>sunt</span> <span class='ocrx_word' id='word_1_119' title='bbox 1174 801 1392 839; x_wconf 87' lang='lat' dir='ltr'>divisibiles:</span> <span class='ocrx_word' id='word_1_120' title='bbox 1422 801 1509 850; x_wconf 89' lang='lat' dir='ltr'>quia</span> 
     </span>
     <span class='ocr_line' id='line_1_28' title="bbox 450 853 1510 909; baseline -0.008 -12"><span class='ocrx_word' id='word_1_121' title='bbox 450 859 554 909; x_wconf 91' lang='lat' dir='ltr'>quod</span> <span class='ocrx_word' id='word_1_122' title='bbox 581 866 789 908; x_wconf 88' lang='lat' dir='ltr'>generatur,</span> <span class='ocrx_word' id='word_1_123' title='bbox 817 857 919 906; x_wconf 91' lang='lat' dir='ltr'>prius</span> <span class='ocrx_word' id='word_1_124' title='bbox 939 855 1203 903; x_wconf 76' lang='lat' dir='ltr'>generabatur5</span> <span class='ocrx_word' id='word_1_125' title='bbox 1233 861 1270 891; x_wconf 89' lang='lat' dir='ltr'>et</span> <span class='ocrx_word' id='word_1_126' title='bbox 1297 853 1402 902; x_wconf 92' lang='lat' dir='ltr'>quod</span> <span class='ocrx_word' id='word_1_127' title='bbox 1427 866 1510 890; x_wconf 93' lang='lat' dir='ltr'>cor-</span> 
     </span>
     <span class='ocr_line' id='line_1_29' title="bbox 450 908 1126 961; baseline -0.01 -11"><span class='ocrx_word' id='word_1_128' title='bbox 450 912 645 961; x_wconf 86' lang='lat' dir='ltr'>rumpitur,</span> <span class='ocrx_word' id='word_1_129' title='bbox 675 911 777 960; x_wconf 90' lang='lat' dir='ltr'>prius</span> <span class='ocrx_word' id='word_1_130' title='bbox 807 908 1126 957; x_wconf 82' lang='lat' dir='ltr'>corrumpebatur.</span> 
     </span>
    </p>

    <p class='ocr_par' dir='ltr' id='par_1_13' title="bbox 451 958 1512 1221">
     <span class='ocr_line' id='line_1_30' title="bbox 503 958 1511 1007; baseline -0.008 -5"><span class='ocrx_word' id='word_1_131' title='bbox 503 966 552 1001; x_wconf 91' lang='lat' dir='ltr'>Et</span> <span class='ocrx_word' id='word_1_132' title='bbox 583 965 677 1002; x_wconf 89' lang='lat' dir='ltr'>forte</span> <span class='ocrx_word' id='word_1_133' title='bbox 709 965 783 1000; x_wconf 92' lang='lat' dir='ltr'>hoc</span> <span class='ocrx_word' id='word_1_134' title='bbox 814 962 930 999; x_wconf 90' lang='lat' dir='ltr'>modo</span> <span class='ocrx_word' id='word_1_135' title='bbox 964 959 1139 997; x_wconf 85' lang='lat' dir='ltr'>intellexit</span> <span class='ocrx_word' id='word_1_136' title='bbox 1165 958 1380 996; x_wconf 87' lang='lat' dir='ltr'>Alexander</span> <span class='ocrx_word' id='word_1_137' title='bbox 1407 958 1511 1007; x_wconf 92' lang='lat' dir='ltr'>quod</span> 
     </span>
     <span class='ocr_line' id='line_1_31' title="bbox 451 1011 1511 1059; baseline -0.008 -4"><span class='ocrx_word' id='word_1_138' title='bbox 451 1017 574 1054; x_wconf 90' lang='lat' dir='ltr'>omnis</span> <span class='ocrx_word' id='word_1_139' title='bbox 603 1015 860 1054; x_wconf 88' lang='lat' dir='ltr'>transmutatio</span> <span class='ocrx_word' id='word_1_140' title='bbox 891 1021 946 1050; x_wconf 91' lang='lat' dir='ltr'>est</span> <span class='ocrx_word' id='word_1_141' title='bbox 974 1012 1177 1059; x_wconf 90' lang='lat' dir='ltr'>divisibilis,</span> <span class='ocrx_word' id='word_1_142' title='bbox 1208 1011 1345 1049; x_wconf 90' lang='lat' dir='ltr'>scilicet</span> <span class='ocrx_word' id='word_1_143' title='bbox 1371 1012 1434 1049; x_wconf 92' lang='lat' dir='ltr'>vel</span> <span class='ocrx_word' id='word_1_144' title='bbox 1453 1023 1511 1048; x_wconf 90' lang='lat' dir='ltr'>se-</span> 
     </span>
     <span class='ocr_line' id='line_1_32' title="bbox 452 1064 1512 1117; baseline -0.007 -10"><span class='ocrx_word' id='word_1_145' title='bbox 452 1070 618 1107; x_wconf 90' lang='lat' dir='ltr'>cundum</span> <span class='ocrx_word' id='word_1_146' title='bbox 646 1069 808 1117; x_wconf 89' lang='lat' dir='ltr'>seipsam</span> <span class='ocrx_word' id='word_1_147' title='bbox 831 1067 893 1104; x_wconf 92' lang='lat' dir='ltr'>vel</span> <span class='ocrx_word' id='word_1_148' title='bbox 922 1066 1132 1102; x_wconf 90' lang='lat' dir='ltr'>secundum</span> <span class='ocrx_word' id='word_1_149' title='bbox 1154 1073 1302 1102; x_wconf 89' lang='lat' dir='ltr'>motum</span> <span class='ocrx_word' id='word_1_150' title='bbox 1327 1064 1362 1101; x_wconf 89' lang='lat' dir='ltr'>ei</span> <span class='ocrx_word' id='word_1_151' title='bbox 1381 1064 1512 1101; x_wconf 88' lang='lat' dir='ltr'>adiun-</span> 
     </span>
     <span class='ocr_line' id='line_1_33' title="bbox 452 1116 1511 1165; baseline -0.006 -6"><span class='ocrx_word' id='word_1_152' title='bbox 452 1129 563 1159; x_wconf 91' lang='lat' dir='ltr'>ctum.</span> <span class='ocrx_word' id='word_1_153' title='bbox 594 1122 656 1159; x_wconf 91' lang='lat' dir='ltr'>Sic</span> <span class='ocrx_word' id='word_1_154' title='bbox 684 1121 796 1157; x_wconf 92' lang='lat' dir='ltr'>etiam</span> <span class='ocrx_word' id='word_1_155' title='bbox 824 1118 1000 1156; x_wconf 82' lang='lat' dir='ltr'>intellexit</span> <span class='ocrx_word' id='word_1_156' title='bbox 1027 1117 1259 1155; x_wconf 90' lang='lat' dir='ltr'>Themistius</span> <span class='ocrx_word' id='word_1_157' title='bbox 1287 1117 1392 1165; x_wconf 91' lang='lat' dir='ltr'>quod</span> <span class='ocrx_word' id='word_1_158' title='bbox 1429 1116 1511 1154; x_wconf 89' lang='lat' dir='ltr'>Ari-</span> 
     </span>
     <span class='ocr_line' id='line_1_34' title="bbox 451 1170 1512 1221; baseline -0.006 -9"><span class='ocrx_word' id='word_1_159' title='bbox 451 1176 601 1212; x_wconf 90' lang='lat' dir='ltr'>stoteles</span> <span class='ocrx_word' id='word_1_160' title='bbox 630 1172 831 1221; x_wconf 84' lang='lat' dir='ltr'>assumpsit</span> <span class='ocrx_word' id='word_1_161' title='bbox 861 1172 900 1208; x_wconf 91' lang='lat' dir='ltr'>id</span> <span class='ocrx_word' id='word_1_162' title='bbox 934 1171 1038 1220; x_wconf 90' lang='lat' dir='ltr'>quod</span> <span class='ocrx_word' id='word_1_163' title='bbox 1067 1178 1146 1208; x_wconf 89' lang='lat' dir='ltr'>erat</span> <span class='ocrx_word' id='word_1_164' title='bbox 1176 1170 1436 1216; x_wconf 88' lang='lat' dir='ltr'>manifestum,</span> <span class='ocrx_word' id='word_1_165' title='bbox 1476 1177 1512 1206; x_wconf 93' lang='lat' dir='ltr'>et</span> 
     </span>
    </p>
   </div>
   <div class='ocr_carea' id='block_1_13' title="bbox 425 1222 1511 1276">
    <p class='ocr_par' dir='ltr' id='par_1_14' title="bbox 425 1222 1511 1276">
     <span class='ocr_line' id='line_1_35' title="bbox 425 1222 1511 1276; baseline -0.006 -12"><span class='ocrx_word' id='word_1_166' title='bbox 425 1256 430 1260; x_wconf 85' lang='lat'>.</span> <span class='ocrx_word' id='word_1_167' title='bbox 450 1227 698 1276; x_wconf 89' lang='lat' dir='ltr'>praetermisit</span> <span class='ocrx_word' id='word_1_168' title='bbox 724 1226 763 1262; x_wconf 92' lang='lat' dir='ltr'>id</span> <span class='ocrx_word' id='word_1_169' title='bbox 791 1225 896 1274; x_wconf 90' lang='lat' dir='ltr'>quod</span> <span class='ocrx_word' id='word_1_170' title='bbox 925 1231 1003 1261; x_wconf 88' lang='lat' dir='ltr'>erat</span> <span class='ocrx_word' id='word_1_171' title='bbox 1028 1224 1147 1261; x_wconf 89' lang='lat' dir='ltr'>latens</span> <span class='ocrx_word' id='word_1_172' title='bbox 1164 1224 1199 1259; x_wconf 59' lang='lat'>&#39;⁶⁵2</span> <span class='ocrx_word' id='word_1_173' title='bbox 1229 1222 1317 1272; x_wconf 88' lang='lat' dir='ltr'>quia</span> <span class='ocrx_word' id='word_1_174' title='bbox 1339 1222 1511 1259; x_wconf 90' lang='lat' dir='ltr'>nondum</span> 
     </span>
    </p>
   </div>
   <div class='ocr_carea' id='block_1_14' title="bbox 452 1275 1513 2170">
    <p class='ocr_par' dir='ltr' id='par_1_15' title="bbox 452 1275 1512 1801">
     <span class='ocr_line' id='line_1_36' title="bbox 452 1275 1511 1317; baseline -0.006 0"><span class='ocrx_word' id='word_1_175' title='bbox 452 1287 530 1317; x_wconf 89' lang='lat' dir='ltr'>erat</span> <span class='ocrx_word' id='word_1_176' title='bbox 563 1281 668 1316; x_wconf 93' lang='lat' dir='ltr'>locus</span> <span class='ocrx_word' id='word_1_177' title='bbox 696 1277 878 1315; x_wconf 90' lang='lat' dir='ltr'>tractandi</span> <span class='ocrx_word' id='word_1_178' title='bbox 907 1277 953 1314; x_wconf 92' lang='lat' dir='ltr'>de</span> <span class='ocrx_word' id='word_1_179' title='bbox 982 1276 1231 1314; x_wconf 88' lang='lat' dir='ltr'>divisibilitate</span> <span class='ocrx_word' id='word_1_180' title='bbox 1255 1276 1317 1313; x_wconf 93' lang='lat' dir='ltr'>vel</span> <span class='ocrx_word' id='word_1_181' title='bbox 1345 1275 1511 1312; x_wconf 88' lang='lat' dir='ltr'>indivisi-</span> 
     </span>
     <span class='ocr_line' id='line_1_37' title="bbox 452 1327 1511 1376; baseline -0.005 -7"><span class='ocrx_word' id='word_1_182' title='bbox 452 1333 592 1369; x_wconf 91' lang='lat' dir='ltr'>bilitate</span> <span class='ocrx_word' id='word_1_183' title='bbox 610 1331 878 1375; x_wconf 89' lang='lat' dir='ltr'>mutationum;</span> <span class='ocrx_word' id='word_1_184' title='bbox 908 1329 976 1366; x_wconf 88' lang='lat' dir='ltr'>sed</span> <span class='ocrx_word' id='word_1_185' title='bbox 994 1330 1069 1366; x_wconf 91' lang='lat' dir='ltr'>hoc</span> <span class='ocrx_word' id='word_1_186' title='bbox 1094 1336 1306 1366; x_wconf 88' lang='lat' dir='ltr'>reservatur</span> <span class='ocrx_word' id='word_1_187' title='bbox 1328 1327 1366 1364; x_wconf 88' lang='lat' dir='ltr'>in</span> <span class='ocrx_word' id='word_1_188' title='bbox 1386 1335 1511 1376; x_wconf 91' lang='lat' dir='ltr'>poste-</span> 
     </span>
     <span class='ocr_line' id='line_1_38' title="bbox 452 1380 1511 1422; baseline -0.005 0"><span class='ocrx_word' id='word_1_189' title='bbox 452 1397 536 1422; x_wconf 93' lang='lat' dir='ltr'>rum</span> <span class='ocrx_word' id='word_1_190' title='bbox 565 1387 596 1422; x_wconf 59' lang='grc' dir='ltr'>*ζ</span> <span class='ocrx_word' id='word_1_191' title='bbox 634 1387 676 1421; x_wconf 90' lang='lat' dir='ltr'>In</span> <span class='ocrx_word' id='word_1_192' title='bbox 708 1383 885 1420; x_wconf 90' lang='lat' dir='ltr'>omnibus</span> <span class='ocrx_word' id='word_1_193' title='bbox 917 1390 1044 1419; x_wconf 88' lang='lat' dir='ltr'>tamen</span> <span class='ocrx_word' id='word_1_194' title='bbox 1076 1383 1138 1418; x_wconf 92' lang='lat' dir='ltr'>vel</span> <span class='ocrx_word' id='word_1_195' title='bbox 1172 1380 1418 1418; x_wconf 89' lang='lat' dir='ltr'>divisibilibus</span> <span class='ocrx_word' id='word_1_196' title='bbox 1449 1381 1511 1417; x_wconf 93' lang='lat' dir='ltr'>vel</span> 
     </span>
     <span class='ocr_line' id='line_1_39' title="bbox 452 1433 1510 1484; baseline -0.006 -9"><span class='ocrx_word' id='word_1_197' title='bbox 452 1437 742 1475; x_wconf 88' lang='lat' dir='ltr'>indivisibilibus</span> <span class='ocrx_word' id='word_1_198' title='bbox 771 1436 935 1473; x_wconf 89' lang='lat' dir='ltr'>salvatur</span> <span class='ocrx_word' id='word_1_199' title='bbox 962 1434 1067 1484; x_wconf 92' lang='lat' dir='ltr'>quod</span> <span class='ocrx_word' id='word_1_200' title='bbox 1086 1434 1303 1471; x_wconf 89' lang='lat' dir='ltr'>Aristoteles</span> <span class='ocrx_word' id='word_1_201' title='bbox 1322 1434 1383 1470; x_wconf 90' lang='lat' dir='ltr'>hic</span> <span class='ocrx_word' id='word_1_202' title='bbox 1405 1433 1510 1470; x_wconf 85' lang='lat' dir='ltr'>dicit:</span> 
     </span>
     <span class='ocr_line' id='line_1_40' title="bbox 454 1486 1510 1540; baseline -0.005 -12"><span class='ocrx_word' id='word_1_203' title='bbox 454 1491 572 1540; x_wconf 77' lang='lat' dir='ltr'>quia*</span> <span class='ocrx_word' id='word_1_204' title='bbox 582 1490 694 1527; x_wconf 91' lang='lat' dir='ltr'>etiam</span> <span class='ocrx_word' id='word_1_205' title='bbox 709 1501 805 1538; x_wconf 91' lang='lat' dir='ltr'>quae</span> <span class='ocrx_word' id='word_1_206' title='bbox 822 1488 994 1526; x_wconf 81' lang='lat' dir='ltr'>dicuntur</span> <span class='ocrx_word' id='word_1_207' title='bbox 1008 1486 1252 1524; x_wconf 88' lang='lat' dir='ltr'>indivisibiles</span> <span class='ocrx_word' id='word_1_208' title='bbox 1271 1486 1510 1534; x_wconf 88' lang='lat' dir='ltr'>mutationes,</span> 
     </span>
     <span class='ocr_line' id='line_1_41' title="bbox 453 1539 1511 1592; baseline -0.005 -12"><span class='ocrx_word' id='word_1_209' title='bbox 453 1551 540 1580; x_wconf 92' lang='lat' dir='ltr'>sunt</span> <span class='ocrx_word' id='word_1_210' title='bbox 559 1541 843 1592; x_wconf 91' lang='lat' dir='ltr'>quodammodo</span> <span class='ocrx_word' id='word_1_211' title='bbox 865 1540 1080 1587; x_wconf 80' lang='lat' dir='ltr'>divisibiles,</span> <span class='ocrx_word' id='word_1_212' title='bbox 1099 1552 1177 1576; x_wconf 92' lang='lat' dir='ltr'>non</span> <span class='ocrx_word' id='word_1_213' title='bbox 1197 1539 1406 1576; x_wconf 90' lang='lat' dir='ltr'>secundum</span> <span class='ocrx_word' id='word_1_214' title='bbox 1423 1551 1511 1588; x_wconf 91' lang='lat' dir='ltr'>pro-</span> 
     </span>
     <span class='ocr_line' id='line_1_42' title="bbox 452 1591 1510 1645; baseline -0.004 -12"><span class='ocrx_word' id='word_1_215' title='bbox 452 1596 534 1645; x_wconf 91' lang='lat' dir='ltr'>pria</span> <span class='ocrx_word' id='word_1_216' title='bbox 553 1608 621 1633; x_wconf 87' lang='lat' dir='ltr'>sua</span> <span class='ocrx_word' id='word_1_217' title='bbox 636 1602 811 1640; x_wconf 89' lang='lat' dir='ltr'>extrema,</span> <span class='ocrx_word' id='word_1_218' title='bbox 828 1593 895 1630; x_wconf 89' lang='lat' dir='ltr'>sed</span> <span class='ocrx_word' id='word_1_219' title='bbox 913 1605 982 1642; x_wconf 91' lang='lat' dir='ltr'>per</span> <span class='ocrx_word' id='word_1_220' title='bbox 998 1605 1043 1629; x_wconf 90' lang='lat' dir='ltr'>ea</span> <span class='ocrx_word' id='word_1_221' title='bbox 1062 1605 1159 1641; x_wconf 91' lang='lat' dir='ltr'>quae</span> <span class='ocrx_word' id='word_1_222' title='bbox 1176 1592 1227 1629; x_wconf 92' lang='lat' dir='ltr'>eis</span> <span class='ocrx_word' id='word_1_223' title='bbox 1247 1591 1510 1640; x_wconf 87' lang='lat' dir='ltr'>adiunguntur.</span> 
     </span>
     <span class='ocr_line' id='line_1_43' title="bbox 453 1645 1512 1695; baseline -0.004 -9"><span class='ocrx_word' id='word_1_224' title='bbox 453 1650 502 1686; x_wconf 92' lang='lat' dir='ltr'>Et</span> <span class='ocrx_word' id='word_1_225' title='bbox 528 1649 603 1685; x_wconf 91' lang='lat' dir='ltr'>hoc</span> <span class='ocrx_word' id='word_1_226' title='bbox 623 1655 679 1684; x_wconf 90' lang='lat' dir='ltr'>est</span> <span class='ocrx_word' id='word_1_227' title='bbox 706 1646 811 1695; x_wconf 93' lang='lat' dir='ltr'>quod</span> <span class='ocrx_word' id='word_1_228' title='bbox 829 1647 1018 1683; x_wconf 88' lang='lat' dir='ltr'>Averroes</span> <span class='ocrx_word' id='word_1_229' title='bbox 1046 1645 1170 1689; x_wconf 82' lang='lat' dir='ltr'>dicere</span> <span class='ocrx_word' id='word_1_230' title='bbox 1201 1646 1220 1666; x_wconf 80' lang='lat'><strong>*</strong></span> <span class='ocrx_word' id='word_1_231' title='bbox 1245 1645 1378 1692; x_wconf 90' lang='lat' dir='ltr'>voluit,</span> <span class='ocrx_word' id='word_1_232' title='bbox 1407 1645 1512 1694; x_wconf 91' lang='lat' dir='ltr'>quod</span> 
     </span>
     <span class='ocr_line' id='line_1_44' title="bbox 452 1698 1512 1749; baseline -0.004 -11"><span class='ocrx_word' id='word_1_233' title='bbox 452 1702 526 1738; x_wconf 93' lang='lat' dir='ltr'>hoc</span> <span class='ocrx_word' id='word_1_234' title='bbox 551 1708 607 1737; x_wconf 89' lang='lat' dir='ltr'>est</span> <span class='ocrx_word' id='word_1_235' title='bbox 628 1712 697 1749; x_wconf 91' lang='lat' dir='ltr'>per</span> <span class='ocrx_word' id='word_1_236' title='bbox 725 1699 910 1746; x_wconf 91' lang='lat' dir='ltr'>accidens,</span> <span class='ocrx_word' id='word_1_237' title='bbox 939 1698 1082 1747; x_wconf 88' lang='lat' dir='ltr'>aliquas</span> <span class='ocrx_word' id='word_1_238' title='bbox 1113 1698 1340 1735; x_wconf 89' lang='lat' dir='ltr'>mutationes</span> <span class='ocrx_word' id='word_1_239' title='bbox 1369 1710 1449 1735; x_wconf 90' lang='lat' dir='ltr'>esse</span> <span class='ocrx_word' id='word_1_240' title='bbox 1473 1698 1512 1748; x_wconf 87' lang='lat' dir='ltr'>in</span> 
     </span>
     <span class='ocr_line' id='line_1_45' title="bbox 453 1761 747 1801; baseline -0.01 -10"><span class='ocrx_word' id='word_1_241' title='bbox 453 1766 531 1791; x_wconf 92' lang='lat' dir='ltr'>non</span> <span class='ocrx_word' id='word_1_242' title='bbox 565 1761 747 1801; x_wconf 91' lang='lat' dir='ltr'>tempore.</span> 
     </span>
    </p>

    <p class='ocr_par' dir='ltr' id='par_1_16' title="bbox 453 1803 1513 2170">
     <span class='ocr_line' id='line_1_46' title="bbox 513 1803 1510 1843; baseline -0.004 0"><span class='ocrx_word' id='word_1_243' title='bbox 513 1807 570 1843; x_wconf 85' lang='lat'>15.</span> <span class='ocrx_word' id='word_1_244' title='bbox 587 1807 655 1842; x_wconf 91' lang='lat' dir='ltr'>Est</span> <span class='ocrx_word' id='word_1_245' title='bbox 669 1805 782 1842; x_wconf 88' lang='lat' dir='ltr'>etiam</span> <span class='ocrx_word' id='word_1_246' title='bbox 796 1803 856 1840; x_wconf 91' lang='lat' dir='ltr'>hic</span> <span class='ocrx_word' id='word_1_247' title='bbox 872 1803 943 1840; x_wconf 90' lang='lat' dir='ltr'>alia</span> <span class='ocrx_word' id='word_1_248' title='bbox 963 1803 1157 1840; x_wconf 87' lang='lat' dir='ltr'>dubitatio.</span> <span class='ocrx_word' id='word_1_249' title='bbox 1178 1804 1270 1840; x_wconf 92' lang='lat' dir='ltr'>Non</span> <span class='ocrx_word' id='word_1_250' title='bbox 1289 1803 1391 1840; x_wconf 90' lang='lat' dir='ltr'>enim</span> <span class='ocrx_word' id='word_1_251' title='bbox 1405 1803 1510 1840; x_wconf 89' lang='lat' dir='ltr'>vide-</span> 
     </span>
     <span class='ocr_line' id='line_1_47' title="bbox 453 1855 1513 1905; baseline -0.004 -9"><span class='ocrx_word' id='word_1_252' title='bbox 453 1866 514 1896; x_wconf 91' lang='lat' dir='ltr'>tur</span> <span class='ocrx_word' id='word_1_253' title='bbox 531 1860 606 1895; x_wconf 92' lang='lat' dir='ltr'>hoc</span> <span class='ocrx_word' id='word_1_254' title='bbox 623 1869 759 1895; x_wconf 88' lang='lat' dir='ltr'>verum</span> <span class='ocrx_word' id='word_1_255' title='bbox 778 1856 816 1893; x_wconf 90' lang='lat' dir='ltr'>in</span> <span class='ocrx_word' id='word_1_256' title='bbox 834 1863 941 1893; x_wconf 91' lang='lat' dir='ltr'>motu</span> <span class='ocrx_word' id='word_1_257' title='bbox 961 1855 1198 1902; x_wconf 85' lang='lat' dir='ltr'>alterationis,</span> <span class='ocrx_word' id='word_1_258' title='bbox 1227 1856 1332 1905; x_wconf 93' lang='lat' dir='ltr'>quod</span> <span class='ocrx_word' id='word_1_259' title='bbox 1350 1855 1389 1892; x_wconf 90' lang='lat' dir='ltr'>id</span> <span class='ocrx_word' id='word_1_260' title='bbox 1408 1855 1513 1904; x_wconf 92' lang='lat' dir='ltr'>quod</span> 
     </span>
     <span class='ocr_line' id='line_1_48' title="bbox 455 1908 1513 1959; baseline -0.002 -11"><span class='ocrx_word' id='word_1_261' title='bbox 455 1912 639 1958; x_wconf 87' lang='lat' dir='ltr'>alteratur,</span> <span class='ocrx_word' id='word_1_262' title='bbox 668 1909 805 1959; x_wconf 88' lang='lat' dir='ltr'>partim</span> <span class='ocrx_word' id='word_1_263' title='bbox 833 1909 879 1945; x_wconf 88' lang='lat' dir='ltr'>sit</span> <span class='ocrx_word' id='word_1_264' title='bbox 906 1909 943 1945; x_wconf 93' lang='lat' dir='ltr'>in</span> <span class='ocrx_word' id='word_1_265' title='bbox 963 1921 1042 1945; x_wconf 92' lang='lat' dir='ltr'>uno</span> <span class='ocrx_word' id='word_1_266' title='bbox 1070 1908 1230 1945; x_wconf 88' lang='lat' dir='ltr'>termino</span> <span class='ocrx_word' id='word_1_267' title='bbox 1260 1915 1295 1944; x_wconf 94' lang='lat' dir='ltr'>et</span> <span class='ocrx_word' id='word_1_268' title='bbox 1321 1909 1456 1957; x_wconf 88' lang='lat' dir='ltr'>partim</span> <span class='ocrx_word' id='word_1_269' title='bbox 1475 1908 1513 1946; x_wconf 93' lang='lat' dir='ltr'>in</span> 
     </span>
     <span class='ocr_line' id='line_1_49' title="bbox 455 1960 1512 2010; baseline -0.003 -9"><span class='ocrx_word' id='word_1_270' title='bbox 455 1965 584 2010; x_wconf 88' lang='lat' dir='ltr'>altero,</span> <span class='ocrx_word' id='word_1_271' title='bbox 605 1965 697 2000; x_wconf 90' lang='lat' dir='ltr'>dum</span> <span class='ocrx_word' id='word_1_272' title='bbox 716 1962 899 1999; x_wconf 88' lang='lat' dir='ltr'>alteratur.</span> <span class='ocrx_word' id='word_1_273' title='bbox 912 1962 1003 1998; x_wconf 92' lang='lat' dir='ltr'>Non</span> <span class='ocrx_word' id='word_1_274' title='bbox 1023 1961 1123 1997; x_wconf 93' lang='lat' dir='ltr'>enim</span> <span class='ocrx_word' id='word_1_275' title='bbox 1138 1960 1191 1997; x_wconf 90' lang='lat' dir='ltr'>sic</span> <span class='ocrx_word' id='word_1_276' title='bbox 1203 1961 1374 2009; x_wconf 89' lang='lat' dir='ltr'>procedit</span> <span class='ocrx_word' id='word_1_277' title='bbox 1386 1969 1512 1998; x_wconf 90' lang='lat' dir='ltr'>motus</span> 
     </span>
     <span class='ocr_line' id='line_1_50' title="bbox 454 2014 1512 2063; baseline -0.002 -10"><span class='ocrx_word' id='word_1_278' title='bbox 454 2016 692 2063; x_wconf 87' lang='lat' dir='ltr'>alterationis,</span> <span class='ocrx_word' id='word_1_279' title='bbox 717 2014 821 2063; x_wconf 93' lang='lat' dir='ltr'>quod</span> <span class='ocrx_word' id='word_1_280' title='bbox 839 2014 942 2063; x_wconf 90' lang='lat' dir='ltr'>prius</span> <span class='ocrx_word' id='word_1_281' title='bbox 960 2026 1037 2050; x_wconf 93' lang='lat' dir='ltr'>una</span> <span class='ocrx_word' id='word_1_282' title='bbox 1055 2026 1142 2062; x_wconf 91' lang='lat' dir='ltr'>pars</span> <span class='ocrx_word' id='word_1_283' title='bbox 1165 2014 1339 2050; x_wconf 89' lang='lat' dir='ltr'>alteretur</span> <span class='ocrx_word' id='word_1_284' title='bbox 1351 2015 1371 2036; x_wconf 61' lang='lat'>³*</span> <span class='ocrx_word' id='word_1_285' title='bbox 1386 2021 1422 2051; x_wconf 91' lang='lat' dir='ltr'>et</span> <span class='ocrx_word' id='word_1_286' title='bbox 1445 2027 1512 2063; x_wconf 94' lang='lat' dir='ltr'>po-</span> 
     </span>
     <span class='ocr_line' id='line_1_51' title="bbox 455 2066 1511 2115; baseline -0.003 -9"><span class='ocrx_word' id='word_1_287' title='bbox 455 2076 533 2106; x_wconf 87' lang='lat' dir='ltr'>stea</span> <span class='ocrx_word' id='word_1_288' title='bbox 561 2070 695 2105; x_wconf 86' lang='lat' dir='ltr'>altera:</span> <span class='ocrx_word' id='word_1_289' title='bbox 725 2067 793 2104; x_wconf 90' lang='lat' dir='ltr'>sed</span> <span class='ocrx_word' id='word_1_290' title='bbox 824 2074 945 2104; x_wconf 91' lang='lat' dir='ltr'>totum</span> <span class='ocrx_word' id='word_1_291' title='bbox 971 2066 1075 2115; x_wconf 89' lang='lat' dir='ltr'>prius</span> <span class='ocrx_word' id='word_1_292' title='bbox 1103 2073 1158 2103; x_wconf 92' lang='lat' dir='ltr'>est</span> <span class='ocrx_word' id='word_1_293' title='bbox 1184 2066 1309 2104; x_wconf 90' lang='lat' dir='ltr'>minus</span> <span class='ocrx_word' id='word_1_294' title='bbox 1337 2067 1511 2115; x_wconf 89' lang='lat' dir='ltr'>calidum,</span> 
     </span>
     <span class='ocr_line' id='line_1_52' title="bbox 455 2119 1513 2170; baseline -0.002 -12"><span class='ocrx_word' id='word_1_295' title='bbox 455 2129 491 2158; x_wconf 93' lang='lat' dir='ltr'>et</span> <span class='ocrx_word' id='word_1_296' title='bbox 509 2129 642 2170; x_wconf 91' lang='lat' dir='ltr'>postea</span> <span class='ocrx_word' id='word_1_297' title='bbox 668 2120 786 2168; x_wconf 87' lang='lat' dir='ltr'>magis</span> <span class='ocrx_word' id='word_1_298' title='bbox 816 2119 989 2156; x_wconf 86' lang='lat' dir='ltr'>calidum.</span> <span class='ocrx_word' id='word_1_299' title='bbox 1018 2119 1128 2156; x_wconf 91' lang='lat' dir='ltr'>Unde</span> <span class='ocrx_word' id='word_1_300' title='bbox 1158 2119 1270 2156; x_wconf 90' lang='lat' dir='ltr'>etiam</span> <span class='ocrx_word' id='word_1_301' title='bbox 1296 2119 1513 2156; x_wconf 88' lang='lat' dir='ltr'>Aristoteles</span> 
     </span>
    </p>
   </div>
   <div class='ocr_carea' id='block_1_15' title="bbox 339 2172 1512 2220">
    <p class='ocr_par' dir='ltr' id='par_1_17' title="bbox 339 2172 1512 2220">
     <span class='ocr_line' id='line_1_53' title="bbox 339 2172 1512 2220; baseline -0.002 -9"><span class='ocrx_word' id='word_1_302' title='bbox 339 2190 353 2211; x_wconf 78' lang='grc' dir='ltr'>ρ</span> <span class='ocrx_word' id='word_1_303' title='bbox 388 2189 395 2204; x_wconf 86' lang='lat'>1</span> <span class='ocrx_word' id='word_1_304' title='bbox 454 2174 493 2211; x_wconf 88' lang='lat' dir='ltr'>in</span> <span class='ocrx_word' id='word_1_305' title='bbox 521 2174 615 2210; x_wconf 92' lang='lat' dir='ltr'>libro</span> <span class='ocrx_word' id='word_1_306' title='bbox 644 2174 690 2210; x_wconf 84' lang='lat' dir='ltr'>de</span> <span class='ocrx_word' id='word_1_307' title='bbox 717 2175 833 2210; x_wconf 82' lang='lat' dir='ltr'>Sensu</span> <span class='ocrx_word' id='word_1_308' title='bbox 861 2178 897 2208; x_wconf 89' lang='lat' dir='ltr'>et</span> <span class='ocrx_word' id='word_1_309' title='bbox 922 2173 1075 2209; x_wconf 85' lang='lat' dir='ltr'>Sensato</span> <span class='ocrx_word' id='word_1_310' title='bbox 1106 2173 1125 2193; x_wconf 61' lang='lat'>²¹*</span> <span class='ocrx_word' id='word_1_311' title='bbox 1155 2172 1261 2219; x_wconf 92' lang='lat' dir='ltr'>dicit,</span> <span class='ocrx_word' id='word_1_312' title='bbox 1297 2173 1401 2220; x_wconf 92' lang='lat' dir='ltr'>quod</span> <span class='ocrx_word' id='word_1_313' title='bbox 1438 2185 1512 2209; x_wconf 91' lang='lat' dir='ltr'>non</span> 
     </span>
    </p>
   </div>
   <div class='ocr_carea' id='block_1_16' title="bbox 454 2225 1516 2749">
    <p class='ocr_par' dir='ltr' id='par_1_18' title="bbox 454 2225 1515 2539">
     <span class='ocr_line' id='line_1_54' title="bbox 454 2225 1511 2264; baseline -0.001 -1"><span class='ocrx_word' id='word_1_314' title='bbox 454 2227 623 2264; x_wconf 83' lang='lat' dir='ltr'>similiter</span> <span class='ocrx_word' id='word_1_315' title='bbox 648 2239 687 2263; x_wconf 82' lang='lat' dir='ltr'>se</span> <span class='ocrx_word' id='word_1_316' title='bbox 713 2227 824 2263; x_wconf 87' lang='lat' dir='ltr'>habet</span> <span class='ocrx_word' id='word_1_317' title='bbox 853 2225 890 2261; x_wconf 86' lang='lat' dir='ltr'>in</span> <span class='ocrx_word' id='word_1_318' title='bbox 928 2225 1145 2261; x_wconf 87' lang='lat' dir='ltr'>alteratione</span> <span class='ocrx_word' id='word_1_319' title='bbox 1178 2225 1274 2261; x_wconf 84' lang='lat' dir='ltr'>sicut</span> <span class='ocrx_word' id='word_1_320' title='bbox 1299 2225 1335 2261; x_wconf 86' lang='lat' dir='ltr'>in</span> <span class='ocrx_word' id='word_1_321' title='bbox 1366 2225 1511 2262; x_wconf 88' lang='lat' dir='ltr'>latione.</span> 
     </span>
     <span class='ocr_line' id='line_1_55' title="bbox 456 2277 1514 2327; baseline -0.002 -11"><span class='ocrx_word' id='word_1_322' title='bbox 456 2280 630 2316; x_wconf 85' lang='lat' dir='ltr'>Lationes</span> <span class='ocrx_word' id='word_1_323' title='bbox 650 2290 812 2327; x_wconf 86' lang='lat' dir='ltr'>namque</span> <span class='ocrx_word' id='word_1_324' title='bbox 838 2277 1106 2314; x_wconf 87' lang='lat' dir='ltr'>rationabiliter</span> <span class='ocrx_word' id='word_1_325' title='bbox 1125 2277 1161 2313; x_wconf 87' lang='lat' dir='ltr'>in</span> <span class='ocrx_word' id='word_1_326' title='bbox 1181 2277 1302 2313; x_wconf 85' lang='lat' dir='ltr'>medio</span> <span class='ocrx_word' id='word_1_327' title='bbox 1324 2277 1433 2325; x_wconf 80' lang='lat' dir='ltr'>prius</span> <span class='ocrx_word' id='word_1_328' title='bbox 1459 2283 1514 2314; x_wconf 91' lang='lat' dir='ltr'>at-</span> 
     </span>
     <span class='ocr_line' id='line_1_56' title="bbox 455 2329 1515 2381; baseline -0.001 -13"><span class='ocrx_word' id='word_1_329' title='bbox 455 2333 604 2381; x_wconf 84' lang='lat' dir='ltr'>tingunt</span> <span class='ocrx_word' id='word_1_330' title='bbox 619 2329 653 2368; x_wconf 66' lang='lat'>³:</span> <span class='ocrx_word' id='word_1_331' title='bbox 673 2342 927 2379; x_wconf 85' lang='lat' dir='ltr'>quaecumque</span> <span class='ocrx_word' id='word_1_332' title='bbox 944 2342 1034 2367; x_wconf 76' lang='lat' dir='ltr'>vero</span> <span class='ocrx_word' id='word_1_333' title='bbox 1054 2329 1272 2376; x_wconf 85' lang='lat' dir='ltr'>alterantur,</span> <span class='ocrx_word' id='word_1_334' title='bbox 1299 2342 1372 2366; x_wconf 89' lang='lat' dir='ltr'>non</span> <span class='ocrx_word' id='word_1_335' title='bbox 1392 2330 1515 2367; x_wconf 84' lang='lat' dir='ltr'>adhuc</span> 
     </span>
     <span class='ocr_line' id='line_1_57' title="bbox 454 2382 1512 2432; baseline -0.001 -11"><span class='ocrx_word' id='word_1_336' title='bbox 454 2385 631 2421; x_wconf 83' lang='lat' dir='ltr'>similiter.</span> <span class='ocrx_word' id='word_1_337' title='bbox 667 2383 856 2432; x_wconf 76' lang='lat' dir='ltr'>Contingit</span> <span class='ocrx_word' id='word_1_338' title='bbox 886 2383 984 2419; x_wconf 89' lang='lat' dir='ltr'>enim</span> <span class='ocrx_word' id='word_1_339' title='bbox 1015 2382 1128 2419; x_wconf 82' lang='lat' dir='ltr'>simul</span> <span class='ocrx_word' id='word_1_340' title='bbox 1158 2382 1333 2429; x_wconf 85' lang='lat' dir='ltr'>alterari,</span> <span class='ocrx_word' id='word_1_341' title='bbox 1368 2388 1405 2419; x_wconf 87' lang='lat' dir='ltr'>et</span> <span class='ocrx_word' id='word_1_342' title='bbox 1438 2395 1512 2420; x_wconf 90' lang='lat' dir='ltr'>non</span> 
     </span>
     <span class='ocr_line' id='line_1_58' title="bbox 456 2435 1514 2485; baseline 0 -12"><span class='ocrx_word' id='word_1_343' title='bbox 456 2437 648 2474; x_wconf 86' lang='lat' dir='ltr'>dimidium</span> <span class='ocrx_word' id='word_1_344' title='bbox 670 2437 800 2485; x_wconf 81' lang='lat' dir='ltr'>prius;</span> <span class='ocrx_word' id='word_1_345' title='bbox 826 2436 927 2472; x_wconf 81' lang='lat' dir='ltr'>velut</span> <span class='ocrx_word' id='word_1_346' title='bbox 952 2447 1090 2483; x_wconf 84' lang='lat' dir='ltr'>aquam</span> <span class='ocrx_word' id='word_1_347' title='bbox 1117 2435 1229 2471; x_wconf 84' lang='lat' dir='ltr'>simul</span> <span class='ocrx_word' id='word_1_348' title='bbox 1256 2447 1404 2472; x_wconf 90' lang='lat' dir='ltr'>omnem</span> <span class='ocrx_word' id='word_1_349' title='bbox 1429 2448 1514 2473; x_wconf 90' lang='lat' dir='ltr'>coa-</span> 
     </span>
     <span class='ocr_line' id='line_1_59' title="bbox 454 2490 634 2539; baseline -0.006 -13"><span class='ocrx_word' id='word_1_350' title='bbox 454 2490 584 2539; x_wconf 83' lang='lat' dir='ltr'>gulari</span> <span class='ocrx_word' id='word_1_351' title='bbox 603 2491 634 2525; x_wconf 54' lang='lat'>²².</span> 
     </span>
    </p>

    <p class='ocr_par' dir='ltr' id='par_1_19' title="bbox 456 2540 1516 2749">
     <span class='ocr_line' id='line_1_60' title="bbox 517 2540 1515 2589; baseline -0.001 -10"><span class='ocrx_word' id='word_1_352' title='bbox 517 2543 572 2579; x_wconf 89' lang='lat'>16.</span> <span class='ocrx_word' id='word_1_353' title='bbox 602 2544 670 2579; x_wconf 93' lang='lat' dir='ltr'>Est</span> <span class='ocrx_word' id='word_1_354' title='bbox 698 2549 823 2578; x_wconf 91' lang='lat' dir='ltr'>autem</span> <span class='ocrx_word' id='word_1_355' title='bbox 848 2541 896 2578; x_wconf 89' lang='lat' dir='ltr'>ad</span> <span class='ocrx_word' id='word_1_356' title='bbox 915 2542 989 2578; x_wconf 92' lang='lat' dir='ltr'>hoc</span> <span class='ocrx_word' id='word_1_357' title='bbox 1017 2540 1219 2577; x_wconf 91' lang='lat' dir='ltr'>dicendum</span> <span class='ocrx_word' id='word_1_358' title='bbox 1243 2540 1346 2589; x_wconf 90' lang='lat' dir='ltr'>quod</span> <span class='ocrx_word' id='word_1_359' title='bbox 1373 2541 1515 2578; x_wconf 71' lang='lat' dir='ltr'>Aflsto-</span> 
     </span>
     <span class='ocr_line' id='line_1_61' title="bbox 456 2593 1516 2641; baseline 0 -10"><span class='ocrx_word' id='word_1_360' title='bbox 456 2595 547 2631; x_wconf 90' lang='lat' dir='ltr'>teles</span> <span class='ocrx_word' id='word_1_361' title='bbox 575 2595 613 2632; x_wconf 91' lang='lat' dir='ltr'>in</span> <span class='ocrx_word' id='word_1_362' title='bbox 640 2595 714 2631; x_wconf 89' lang='lat' dir='ltr'>hoc</span> <span class='ocrx_word' id='word_1_363' title='bbox 742 2602 846 2631; x_wconf 90' lang='lat' dir='ltr'>sexto</span> <span class='ocrx_word' id='word_1_364' title='bbox 874 2594 969 2630; x_wconf 91' lang='lat' dir='ltr'>libro</span> <span class='ocrx_word' id='word_1_365' title='bbox 999 2593 1072 2641; x_wconf 84' lang='lat' dir='ltr'>agit</span> <span class='ocrx_word' id='word_1_366' title='bbox 1100 2594 1146 2630; x_wconf 93' lang='lat' dir='ltr'>de</span> <span class='ocrx_word' id='word_1_367' title='bbox 1169 2601 1277 2630; x_wconf 89' lang='lat' dir='ltr'>motu</span> <span class='ocrx_word' id='word_1_368' title='bbox 1305 2595 1516 2631; x_wconf 91' lang='lat' dir='ltr'>secundum</span> 
     </span>
     <span class='ocr_line' id='line_1_62' title="bbox 458 2645 1516 2696; baseline 0 -12"><span class='ocrx_word' id='word_1_369' title='bbox 458 2647 560 2696; x_wconf 91' lang='lat' dir='ltr'>quod</span> <span class='ocrx_word' id='word_1_370' title='bbox 590 2655 645 2684; x_wconf 89' lang='lat' dir='ltr'>est</span> <span class='ocrx_word' id='word_1_371' title='bbox 673 2647 884 2684; x_wconf 89' lang='lat' dir='ltr'>continuus.</span> <span class='ocrx_word' id='word_1_372' title='bbox 915 2645 1150 2683; x_wconf 88' lang='lat' dir='ltr'>Continuitas</span> <span class='ocrx_word' id='word_1_373' title='bbox 1178 2654 1304 2683; x_wconf 89' lang='lat' dir='ltr'>autem</span> <span class='ocrx_word' id='word_1_374' title='bbox 1331 2646 1454 2695; x_wconf 90' lang='lat' dir='ltr'>primo</span> <span class='ocrx_word' id='word_1_375' title='bbox 1479 2655 1516 2684; x_wconf 94' lang='lat' dir='ltr'>et</span> 
     </span>
     <span class='ocr_line' id='line_1_63' title="bbox 456 2699 1513 2749; baseline 0 -13"><span class='ocrx_word' id='word_1_376' title='bbox 456 2713 525 2749; x_wconf 92' lang='lat' dir='ltr'>per</span> <span class='ocrx_word' id='word_1_377' title='bbox 544 2713 583 2737; x_wconf 89' lang='lat' dir='ltr'>se</span> <span class='ocrx_word' id='word_1_378' title='bbox 604 2708 640 2737; x_wconf 89' lang='lat' dir='ltr'>et</span> <span class='ocrx_word' id='word_1_379' title='bbox 657 2700 811 2748; x_wconf 90' lang='lat' dir='ltr'>proprie</span> <span class='ocrx_word' id='word_1_380' title='bbox 830 2699 1019 2736; x_wconf 89' lang='lat' dir='ltr'>invenitur</span> <span class='ocrx_word' id='word_1_381' title='bbox 1046 2699 1084 2735; x_wconf 90' lang='lat' dir='ltr'>in</span> <span class='ocrx_word' id='word_1_382' title='bbox 1102 2706 1210 2735; x_wconf 91' lang='lat' dir='ltr'>motu</span> <span class='ocrx_word' id='word_1_383' title='bbox 1228 2699 1337 2736; x_wconf 88' lang='lat' dir='ltr'>locali</span> <span class='ocrx_word' id='word_1_384' title='bbox 1357 2707 1513 2747; x_wconf 91' lang='lat' dir='ltr'>tantum,</span> 
     </span>
    </p>
   </div>
   <div class='ocr_carea' id='block_1_17' title="bbox 403 2751 1516 2801">
    <p class='ocr_par' dir='ltr' id='par_1_20' title="bbox 403 2751 1516 2801">
     <span class='ocr_line' id='line_1_64' title="bbox 403 2751 1516 2801; baseline 0.003 -15"><span class='ocrx_word' id='word_1_385' title='bbox 403 2771 431 2786; x_wconf 57' lang='lat' dir='ltr'>a</span> <span class='ocrx_word' id='word_1_386' title='bbox 458 2753 521 2801; x_wconf 92' lang='lat' dir='ltr'>qui</span> <span class='ocrx_word' id='word_1_387' title='bbox 549 2754 671 2790; x_wconf 90' lang='lat' dir='ltr'>solum</span> <span class='ocrx_word' id='word_1_388' title='bbox 688 2754 707 2774; x_wconf 64' lang='lat'><strong><em>*</em></strong></span> <span class='ocrx_word' id='word_1_389' title='bbox 721 2760 845 2801; x_wconf 87' lang='lat' dir='ltr'>potest</span> <span class='ocrx_word' id='word_1_390' title='bbox 873 2765 955 2789; x_wconf 90' lang='lat' dir='ltr'>esse</span> <span class='ocrx_word' id='word_1_391' title='bbox 984 2751 1182 2788; x_wconf 91' lang='lat' dir='ltr'>continuus</span> <span class='ocrx_word' id='word_1_392' title='bbox 1204 2759 1239 2788; x_wconf 92' lang='lat' dir='ltr'>et</span> <span class='ocrx_word' id='word_1_393' title='bbox 1257 2752 1446 2799; x_wconf 89' lang='lat' dir='ltr'>regularis,</span> <span class='ocrx_word' id='word_1_394' title='bbox 1474 2760 1516 2789; x_wconf 91' lang='lat' dir='ltr'>ut</span> 
     </span>
    </p>
   </div>
   <div class='ocr_carea' id='block_1_18' title="bbox 457 2804 1517 3223">
    <p class='ocr_par' dir='ltr' id='par_1_21' title="bbox 457 2804 1516 3064">
     <span class='ocr_line' id='line_1_65' title="bbox 458 2804 1515 2842; baseline 0 0"><span class='ocrx_word' id='word_1_395' title='bbox 458 2806 675 2842; x_wconf 91' lang='lat' dir='ltr'>ostendetur</span> <span class='ocrx_word' id='word_1_396' title='bbox 692 2805 730 2842; x_wconf 92' lang='lat' dir='ltr'>in</span> <span class='ocrx_word' id='word_1_397' title='bbox 750 2813 886 2842; x_wconf 88' lang='lat' dir='ltr'>octavo</span> <span class='ocrx_word' id='word_1_398' title='bbox 903 2807 934 2842; x_wconf 69' lang='lat'>⁴*.</span> <span class='ocrx_word' id='word_1_399' title='bbox 955 2805 1004 2841; x_wconf 91' lang='lat' dir='ltr'>Et</span> <span class='ocrx_word' id='word_1_400' title='bbox 1019 2804 1104 2840; x_wconf 91' lang='lat' dir='ltr'>ideo</span> <span class='ocrx_word' id='word_1_401' title='bbox 1121 2805 1459 2842; x_wconf 90' lang='lat' dir='ltr'>demonstrationes</span> <span class='ocrx_word' id='word_1_402' title='bbox 1477 2805 1515 2842; x_wconf 91' lang='lat' dir='ltr'>in</span> 
     </span>
     <span class='ocr_line' id='line_1_66' title="bbox 457 2857 1516 2906; baseline 0 -11"><span class='ocrx_word' id='word_1_403' title='bbox 457 2859 531 2895; x_wconf 90' lang='lat' dir='ltr'>hoc</span> <span class='ocrx_word' id='word_1_404' title='bbox 558 2858 653 2895; x_wconf 90' lang='lat' dir='ltr'>libro</span> <span class='ocrx_word' id='word_1_405' title='bbox 682 2858 847 2906; x_wconf 91' lang='lat' dir='ltr'>positae,</span> <span class='ocrx_word' id='word_1_406' title='bbox 883 2857 1071 2906; x_wconf 91' lang='lat' dir='ltr'>pertinent</span> <span class='ocrx_word' id='word_1_407' title='bbox 1099 2857 1252 2906; x_wconf 90' lang='lat' dir='ltr'>quidem</span> <span class='ocrx_word' id='word_1_408' title='bbox 1289 2857 1337 2894; x_wconf 87' lang='lat' dir='ltr'>ad</span> <span class='ocrx_word' id='word_1_409' title='bbox 1368 2865 1516 2895; x_wconf 87' lang='lat' dir='ltr'>motum</span> 
     </span>
     <span class='ocr_line' id='line_1_67' title="bbox 457 2910 1515 2960; baseline 0 -13"><span class='ocrx_word' id='word_1_410' title='bbox 457 2911 616 2947; x_wconf 89' lang='lat' dir='ltr'>localem</span> <span class='ocrx_word' id='word_1_411' title='bbox 643 2911 818 2960; x_wconf 87' lang='lat' dir='ltr'>perfecte,</span> <span class='ocrx_word' id='word_1_412' title='bbox 849 2911 897 2948; x_wconf 91' lang='lat' dir='ltr'>ad</span> <span class='ocrx_word' id='word_1_413' title='bbox 927 2910 1019 2947; x_wconf 87' lang='lat' dir='ltr'>alios</span> <span class='ocrx_word' id='word_1_414' title='bbox 1048 2917 1173 2946; x_wconf 92' lang='lat' dir='ltr'>autem</span> <span class='ocrx_word' id='word_1_415' title='bbox 1200 2917 1326 2947; x_wconf 91' lang='lat' dir='ltr'>motus</span> <span class='ocrx_word' id='word_1_416' title='bbox 1354 2923 1432 2947; x_wconf 91' lang='lat' dir='ltr'>non</span> <span class='ocrx_word' id='word_1_417' title='bbox 1459 2918 1515 2947; x_wconf 93' lang='lat' dir='ltr'>to-</span> 
     </span>
     <span class='ocr_line' id='line_1_68' title="bbox 458 2963 1515 3011; baseline 0 -11"><span class='ocrx_word' id='word_1_418' title='bbox 458 2963 595 3010; x_wconf 89' lang='lat' dir='ltr'>taliter,</span> <span class='ocrx_word' id='word_1_419' title='bbox 631 2964 698 3000; x_wconf 92' lang='lat' dir='ltr'>sed</span> <span class='ocrx_word' id='word_1_420' title='bbox 727 2963 935 3000; x_wconf 90' lang='lat' dir='ltr'>secundum</span> <span class='ocrx_word' id='word_1_421' title='bbox 964 2963 1068 3011; x_wconf 92' lang='lat' dir='ltr'>quod</span> <span class='ocrx_word' id='word_1_422' title='bbox 1096 2963 1236 3011; x_wconf 88' lang='lat' dir='ltr'>aliquid</span> <span class='ocrx_word' id='word_1_423' title='bbox 1265 2963 1515 3000; x_wconf 88' lang='lat' dir='ltr'>continuitatis</span> 
     </span>
     <span class='ocr_line' id='line_1_69' title="bbox 459 3016 1024 3064; baseline 0 -12"><span class='ocrx_word' id='word_1_424' title='bbox 459 3023 494 3052; x_wconf 88' lang='lat' dir='ltr'>et</span> <span class='ocrx_word' id='word_1_425' title='bbox 522 3016 763 3063; x_wconf 87' lang='lat' dir='ltr'>regularitatis</span> <span class='ocrx_word' id='word_1_426' title='bbox 790 3016 1024 3064; x_wconf 89' lang='lat' dir='ltr'>participant.</span> 
     </span>
    </p>

    <p class='ocr_par' dir='ltr' id='par_1_22' title="bbox 457 3067 1517 3223">
     <span class='ocr_line' id='line_1_70' title="bbox 512 3067 1517 3116; baseline 0.001 -12"><span class='ocrx_word' id='word_1_427' title='bbox 512 3068 574 3105; x_wconf 91' lang='lat' dir='ltr'>Sic</span> <span class='ocrx_word' id='word_1_428' title='bbox 593 3081 682 3116; x_wconf 90' lang='lat' dir='ltr'>ergo</span> <span class='ocrx_word' id='word_1_429' title='bbox 703 3069 904 3106; x_wconf 90' lang='lat' dir='ltr'>dicendum</span> <span class='ocrx_word' id='word_1_430' title='bbox 933 3076 988 3105; x_wconf 92' lang='lat' dir='ltr'>est</span> <span class='ocrx_word' id='word_1_431' title='bbox 1015 3068 1119 3116; x_wconf 93' lang='lat' dir='ltr'>quod</span> <span class='ocrx_word' id='word_1_432' title='bbox 1146 3067 1288 3105; x_wconf 90' lang='lat' dir='ltr'>mobile</span> <span class='ocrx_word' id='word_1_433' title='bbox 1307 3068 1517 3105; x_wconf 88' lang='lat' dir='ltr'>secundum</span> 
     </span>
     <span class='ocr_line' id='line_1_71' title="bbox 458 3120 1517 3170; baseline 0.001 -14"><span class='ocrx_word' id='word_1_434' title='bbox 458 3120 583 3157; x_wconf 89' lang='lat' dir='ltr'>locum</span> <span class='ocrx_word' id='word_1_435' title='bbox 621 3133 770 3169; x_wconf 90' lang='lat' dir='ltr'>semper</span> <span class='ocrx_word' id='word_1_436' title='bbox 806 3121 908 3169; x_wconf 86' lang='lat' dir='ltr'>prius</span> <span class='ocrx_word' id='word_1_437' title='bbox 946 3121 1130 3158; x_wconf 89' lang='lat' dir='ltr'>subintrat</span> <span class='ocrx_word' id='word_1_438' title='bbox 1165 3121 1292 3157; x_wconf 90' lang='lat' dir='ltr'>locum</span> <span class='ocrx_word' id='word_1_439' title='bbox 1328 3120 1366 3157; x_wconf 90' lang='lat' dir='ltr'>in</span> <span class='ocrx_word' id='word_1_440' title='bbox 1402 3133 1517 3170; x_wconf 89' lang='lat' dir='ltr'>quem</span> 
     </span>
     <span class='ocr_line' id='line_1_72' title="bbox 457 3173 1514 3223; baseline 0 -13"><span class='ocrx_word' id='word_1_441' title='bbox 457 3173 574 3210; x_wconf 90' lang='lat' dir='ltr'>tendit</span> <span class='ocrx_word' id='word_1_442' title='bbox 593 3174 801 3210; x_wconf 86' lang='lat' dir='ltr'>secundum</span> <span class='ocrx_word' id='word_1_443' title='bbox 828 3181 973 3222; x_wconf 88' lang='lat' dir='ltr'>partem</span> <span class='ocrx_word' id='word_1_444' title='bbox 1000 3186 1116 3223; x_wconf 88' lang='lat' dir='ltr'>quam</span> <span class='ocrx_word' id='word_1_445' title='bbox 1144 3173 1353 3210; x_wconf 88' lang='lat' dir='ltr'>secundum</span> <span class='ocrx_word' id='word_1_446' title='bbox 1373 3180 1514 3210; x_wconf 90' lang='lat' dir='ltr'>totum:</span> 
     </span>
    </p>
   </div>
   <div class='ocr_carea' id='block_1_19' title="bbox 337 3225 1517 3275">
    <p class='ocr_par' dir='ltr' id='par_1_23' title="bbox 337 3225 1517 3275">
     <span class='ocr_line' id='line_1_73' title="bbox 337 3225 1517 3275; baseline 0 -13"><span class='ocrx_word' id='word_1_447' title='bbox 337 3239 351 3254; x_wconf 79' lang='grc' dir='ltr'>ο</span> <span class='ocrx_word' id='word_1_448' title='bbox 394 3239 421 3254; x_wconf 71' lang='grc' dir='ltr'>εσ</span> <span class='ocrx_word' id='word_1_449' title='bbox 458 3225 495 3262; x_wconf 90' lang='lat' dir='ltr'>in</span> <span class='ocrx_word' id='word_1_450' title='bbox 515 3226 730 3263; x_wconf 88' lang='lat' dir='ltr'>alteratione</span> <span class='ocrx_word' id='word_1_451' title='bbox 751 3234 875 3263; x_wconf 88' lang='lat' dir='ltr'>autem</span> <span class='ocrx_word' id='word_1_452' title='bbox 891 3229 909 3246; x_wconf 52' lang='lat' dir='ltr'><em>w</em></span> <span class='ocrx_word' id='word_1_453' title='bbox 926 3234 982 3263; x_wconf 90' lang='lat' dir='ltr'>est</span> <span class='ocrx_word' id='word_1_454' title='bbox 1001 3226 1154 3275; x_wconf 92' lang='lat' dir='ltr'>quidem</span> <span class='ocrx_word' id='word_1_455' title='bbox 1172 3233 1213 3262; x_wconf 94' lang='lat' dir='ltr'>ut</span> <span class='ocrx_word' id='word_1_456' title='bbox 1232 3226 1296 3273; x_wconf 88' lang='lat' dir='ltr'>sic,</span> <span class='ocrx_word' id='word_1_457' title='bbox 1318 3233 1372 3262; x_wconf 92' lang='lat' dir='ltr'>est</span> <span class='ocrx_word' id='word_1_458' title='bbox 1391 3233 1517 3263; x_wconf 88' lang='lat' dir='ltr'>autern</span> 
     </span>
    </p>
   </div>
   <div class='ocr_carea' id='block_1_20' title="bbox 458 3278 1517 3380">
    <p class='ocr_par' dir='ltr' id='par_1_24' title="bbox 458 3278 1517 3380">
     <span class='ocr_line' id='line_1_74' title="bbox 458 3278 1515 3328; baseline 0.001 -14"><span class='ocrx_word' id='word_1_459' title='bbox 458 3286 499 3315; x_wconf 90' lang='lat' dir='ltr'>ut</span> <span class='ocrx_word' id='word_1_460' title='bbox 517 3291 606 3316; x_wconf 89' lang='lat' dir='ltr'>non.</span> <span class='ocrx_word' id='word_1_461' title='bbox 628 3279 869 3316; x_wconf 89' lang='lat' dir='ltr'>Manifestum</span> <span class='ocrx_word' id='word_1_462' title='bbox 889 3286 943 3316; x_wconf 89' lang='lat' dir='ltr'>est</span> <span class='ocrx_word' id='word_1_463' title='bbox 963 3279 1062 3316; x_wconf 90' lang='lat' dir='ltr'>enirn</span> <span class='ocrx_word' id='word_1_464' title='bbox 1082 3278 1187 3328; x_wconf 90' lang='lat' dir='ltr'>quod</span> <span class='ocrx_word' id='word_1_465' title='bbox 1206 3278 1329 3315; x_wconf 90' lang='lat' dir='ltr'>omnis</span> <span class='ocrx_word' id='word_1_466' title='bbox 1348 3279 1515 3315; x_wconf 89' lang='lat' dir='ltr'>alteratio</span> 
     </span>
     <span class='ocr_line' id='line_1_75' title="bbox 459 3331 1517 3380; baseline 0.001 -13"><span class='ocrx_word' id='word_1_467' title='bbox 459 3331 501 3367; x_wconf 90' lang='lat' dir='ltr'>fit</span> <span class='ocrx_word' id='word_1_468' title='bbox 519 3343 586 3379; x_wconf 93' lang='lat' dir='ltr'>per</span> <span class='ocrx_word' id='word_1_469' title='bbox 604 3331 779 3368; x_wconf 87' lang='lat' dir='ltr'>virtutem</span> <span class='ocrx_word' id='word_1_470' title='bbox 807 3332 948 3379; x_wconf 86' lang='lat' dir='ltr'>agentis</span> <span class='ocrx_word' id='word_1_471' title='bbox 976 3331 1080 3380; x_wconf 91' lang='lat' dir='ltr'>quod</span> <span class='ocrx_word' id='word_1_472' title='bbox 1109 3331 1249 3378; x_wconf 89' lang='lat' dir='ltr'>alterat,</span> <span class='ocrx_word' id='word_1_473' title='bbox 1271 3331 1376 3368; x_wconf 88' lang='lat' dir='ltr'>cuius</span> <span class='ocrx_word' id='word_1_474' title='bbox 1400 3331 1517 3368; x_wconf 91' lang='lat' dir='ltr'>virtus</span> 
     </span>
    </p>
   </div>
   <div class='ocr_carea' id='block_1_21' title="bbox 371 3384 1517 3436">
    <p class='ocr_par' dir='ltr' id='par_1_25' title="bbox 371 3384 1517 3436">
     <span class='ocr_line' id='line_1_76' title="bbox 371 3384 1517 3436; baseline 0.001 -17"><span class='ocrx_word' id='word_1_475' title='bbox 371 3395 385 3409; x_wconf 70' lang='lat' dir='ltr'>v</span> <span class='ocrx_word' id='word_1_476' title='bbox 395 3421 406 3436; x_wconf 57' lang='lat' dir='ltr'>c</span> <span class='ocrx_word' id='word_1_477' title='bbox 460 3391 600 3430; x_wconf 90' lang='lat' dir='ltr'>quanto</span> <span class='ocrx_word' id='word_1_478' title='bbox 612 3384 749 3420; x_wconf 78' lang='lat' dir='ltr'>*fuerit</span> <span class='ocrx_word' id='word_1_479' title='bbox 762 3384 894 3431; x_wconf 81' lang='lat' dir='ltr'>maior,</span> <span class='ocrx_word' id='word_1_480' title='bbox 906 3391 1007 3421; x_wconf 90' lang='lat' dir='ltr'>tanto</span> <span class='ocrx_word' id='word_1_481' title='bbox 1027 3384 1149 3421; x_wconf 89' lang='lat' dir='ltr'>maius</span> <span class='ocrx_word' id='word_1_482' title='bbox 1159 3385 1198 3405; x_wconf 67' lang='lat'>*⁴³</span> <span class='ocrx_word' id='word_1_483' title='bbox 1209 3396 1345 3432; x_wconf 88' lang='lat' dir='ltr'>corpus</span> <span class='ocrx_word' id='word_1_484' title='bbox 1364 3384 1517 3421; x_wconf 86' lang='lat' dir='ltr'>alterare</span> 
     </span>
    </p>
   </div>
   <div class='ocr_carea' id='block_1_22' title="bbox 461 3436 1516 3484">
    <p class='ocr_par' dir='ltr' id='par_1_26' title="bbox 461 3436 1516 3484">
     <span class='ocr_line' id='line_1_77' title="bbox 461 3436 1516 3484; baseline 0.003 -13"><span class='ocrx_word' id='word_1_485' title='bbox 461 3442 594 3483; x_wconf 88' lang='lat' dir='ltr'>potest.</span> <span class='ocrx_word' id='word_1_486' title='bbox 624 3436 723 3482; x_wconf 86' lang='lat' dir='ltr'>Quia</span> <span class='ocrx_word' id='word_1_487' title='bbox 752 3449 839 3484; x_wconf 86' lang='lat' dir='ltr'>ergo</span> <span class='ocrx_word' id='word_1_488' title='bbox 869 3438 888 3459; x_wconf 77' lang='lat'>²¹²</span> <span class='ocrx_word' id='word_1_489' title='bbox 917 3438 1076 3474; x_wconf 87' lang='lat' dir='ltr'>alterans</span> <span class='ocrx_word' id='word_1_490' title='bbox 1109 3444 1165 3474; x_wconf 91' lang='lat' dir='ltr'>est</span> <span class='ocrx_word' id='word_1_491' title='bbox 1195 3436 1324 3474; x_wconf 87' lang='lat' dir='ltr'>finitae</span> <span class='ocrx_word' id='word_1_492' title='bbox 1351 3436 1516 3484; x_wconf 90' lang='lat' dir='ltr'>virtutis,</span> 
     </span>
    </p>
   </div>
   <div class='ocr_carea' id='block_1_23' title="bbox 463 3557 1517 3668">
    <p class='ocr_par' dir='ltr' id='par_1_27' title="bbox 463 3557 1517 3668">
     <span class='ocr_line' id='line_1_78' title="bbox 514 3557 1517 3598; baseline 0.006 -15"><span class='ocrx_word' id='word_1_493' title='bbox 514 3557 543 3590; x_wconf 88' lang='grc' dir='ltr'>λ)</span> <span class='ocrx_word' id='word_1_494' title='bbox 563 3559 588 3583; x_wconf 81' lang='lat' dir='ltr'>in</span> <span class='ocrx_word' id='word_1_495' title='bbox 608 3561 693 3585; x_wconf 76' lang='lat' dir='ltr'>medio</span> <span class='ocrx_word' id='word_1_496' title='bbox 709 3562 787 3592; x_wconf 80' lang='lat' dir='ltr'>prius</span> <span class='ocrx_word' id='word_1_497' title='bbox 805 3563 979 3595; x_wconf 73' lang='lat' dir='ltr'>attingunt.-</span> <span class='ocrx_word' id='word_1_498' title='bbox 993 3564 1043 3588; x_wconf 87' lang='lat' dir='ltr'>Pro</span> <span class='ocrx_word' id='word_1_499' title='bbox 1062 3564 1088 3589; x_wconf 83' lang='lat' dir='ltr'>in</span> <span class='ocrx_word' id='word_1_500' title='bbox 1108 3563 1194 3589; x_wconf 83' lang='lat' dir='ltr'>med1&#39;o</span> <span class='ocrx_word' id='word_1_501' title='bbox 1215 3558 1264 3597; x_wconf 72' lang='grc' dir='ltr'>(εἷς</span> <span class='ocrx_word' id='word_1_502' title='bbox 1279 3559 1308 3588; x_wconf 83' lang='grc' dir='ltr'>τὸ</span> <span class='ocrx_word' id='word_1_503' title='bbox 1323 3561 1444 3598; x_wconf 68' lang='grc' dir='ltr'><strong>μεταξύ),</strong></span> <span class='ocrx_word' id='word_1_504' title='bbox 1465 3571 1517 3589; x_wconf 85' lang='lat' dir='ltr'>me-</span> 
     </span>
     <span class='ocr_line' id='line_1_79' title="bbox 463 3592 1313 3632; baseline 0.007 -15"><span class='ocrx_word' id='word_1_505' title='bbox 463 3593 535 3618; x_wconf 79' lang='lat' dir='ltr'>dium</span> <span class='ocrx_word' id='word_1_506' title='bbox 556 3594 588 3623; x_wconf 80' lang='lat' dir='ltr'>P;</span> <span class='ocrx_word' id='word_1_507' title='bbox 607 3603 654 3626; x_wconf 85' lang='lat' dir='ltr'>pro</span> <span class='ocrx_word' id='word_1_508' title='bbox 672 3597 809 3628; x_wconf 67' lang='lat' dir='ltr'>attingunt</span> <span class='ocrx_word' id='word_1_509' title='bbox 829 3592 1033 3632; x_wconf 71' lang='grc' dir='ltr'>(ἀφικνοῦνται),</span> <span class='ocrx_word' id='word_1_510' title='bbox 1052 3599 1211 3632; x_wconf 73' lang='lat' dir='ltr'>contingunt</span> <span class='ocrx_word' id='word_1_511' title='bbox 1230 3598 1313 3623; x_wconf 83' lang='lat' dir='ltr'>lLSY.</span> 
     </span>
     <span class='ocr_line' id='line_1_80' title="bbox 517 3628 1517 3668; baseline 0.008 -16"><span class='ocrx_word' id='word_1_512' title='bbox 517 3628 545 3661; x_wconf 80' lang='grc' dir='ltr'>μ)</span> <span class='ocrx_word' id='word_1_513' title='bbox 566 3628 610 3653; x_wconf 76' lang='lat' dir='ltr'>Sic</span> <span class='ocrx_word' id='word_1_514' title='bbox 628 3636 691 3662; x_wconf 80' lang='lat' dir='ltr'>ergo</span> <span class='ocrx_word' id='word_1_515' title='bbox 711 3631 739 3655; x_wconf 81' lang='lat' dir='ltr'>id</span> <span class='ocrx_word' id='word_1_516' title='bbox 757 3632 826 3663; x_wconf 80' lang='lat' dir='ltr'>quod</span> <span class='ocrx_word' id='word_1_517' title='bbox 844 3633 983 3663; x_wconf 80' lang='lat' dir='ltr'>concludit,</span> <span class='ocrx_word' id='word_1_518' title='bbox 998 3634 1070 3665; x_wconf 84' lang='lat' dir='ltr'>quod</span> <span class='ocrx_word' id='word_1_519' title='bbox 1088 3634 1210 3659; x_wconf 80' lang='lat' dir='ltr'>videlicet</span> <span class='ocrx_word' id='word_1_520' title='bbox 1229 3634 1265 3659; x_wconf 78' lang='lat' dir='ltr'>id.</span> <span class='ocrx_word' id='word_1_521' title='bbox 1278 3647 1297 3653; x_wconf 90' lang='lat'>—</span> <span class='ocrx_word' id='word_1_522' title='bbox 1310 3633 1355 3659; x_wconf 82' lang='lat' dir='ltr'>Sic</span> <span class='ocrx_word' id='word_1_523' title='bbox 1367 3640 1432 3667; x_wconf 79' lang='lat' dir='ltr'>ergo</span> <span class='ocrx_word' id='word_1_524' title='bbox 1445 3634 1517 3668; x_wconf 80' lang='lat' dir='ltr'>quod</span> 
     </span>
    </p>
   </div>
   <div class='ocr_carea' id='block_1_24' title="bbox 1069 303 1994 341">
    <p class='ocr_par' dir='ltr' id='par_1_28' title="bbox 1069 303 1994 341">
     <span class='ocr_line' id='line_1_81' title="bbox 1069 303 1994 341; baseline -0.001 -1"><span class='ocrx_word' id='word_1_525' title='bbox 1069 303 1415 341; x_wconf 91' lang='lat' dir='ltr'>PHYSICORUM</span> <span class='ocrx_word' id='word_1_526' title='bbox 1442 303 1789 340; x_wconf 90' lang='lat' dir='ltr'>ARISTOTELIS</span> <span class='ocrx_word' id='word_1_527' title='bbox 1819 304 1913 340; x_wconf 89' lang='lat' dir='ltr'><strong>LIB.</strong></span> <span class='ocrx_word' id='word_1_528' title='bbox 1942 303 1994 340; x_wconf 89' lang='lat' dir='ltr'>VI</span> 
     </span>
    </p>
   </div>
   <div class='ocr_carea' id='block_1_25' title="bbox 1558 381 2619 432">
    <p class='ocr_par' dir='ltr' id='par_1_29' title="bbox 1558 381 2619 432">
     <span class='ocr_line' id='line_1_82' title="bbox 1558 381 2619 432; baseline 0.003 -14"><span class='ocrx_word' id='word_1_529' title='bbox 1558 394 1678 430; x_wconf 91' lang='lat' dir='ltr'>usque</span> <span class='ocrx_word' id='word_1_530' title='bbox 1698 381 1746 418; x_wconf 87' lang='lat' dir='ltr'>ad</span> <span class='ocrx_word' id='word_1_531' title='bbox 1764 381 2050 418; x_wconf 86' lang='lat' dir='ltr'>determinatam</span> <span class='ocrx_word' id='word_1_532' title='bbox 2068 382 2314 430; x_wconf 82' lang='lat' dir='ltr'>quantitatem</span> <span class='ocrx_word' id='word_1_533' title='bbox 2333 395 2470 432; x_wconf 91' lang='lat' dir='ltr'>corpus</span> <span class='ocrx_word' id='word_1_534' title='bbox 2489 384 2619 421; x_wconf 87' lang='lat' dir='ltr'>altera-</span> 
     </span>
    </p>
   </div>
   <div class='ocr_carea' id='block_1_26' title="bbox 1559 434 2800 485">
    <p class='ocr_par' dir='ltr' id='par_1_30' title="bbox 1559 434 2800 485">
     <span class='ocr_line' id='line_1_83' title="bbox 1559 434 2800 485; baseline 0.002 -15"><span class='ocrx_word' id='word_1_535' title='bbox 1559 434 1632 470; x_wconf 92' lang='lat' dir='ltr'>bile</span> <span class='ocrx_word' id='word_1_536' title='bbox 1653 434 1823 477; x_wconf 86' lang='lat' dir='ltr'>subditur</span> <span class='ocrx_word' id='word_1_537' title='bbox 1837 435 1857 455; x_wconf 83' lang='grc'><strong>*</strong></span> <span class='ocrx_word' id='word_1_538' title='bbox 1874 434 1954 471; x_wconf 89' lang='lat' dir='ltr'>eius</span> <span class='ocrx_word' id='word_1_539' title='bbox 1972 434 2111 482; x_wconf 90' lang='lat' dir='ltr'>virtuti,</span> <span class='ocrx_word' id='word_1_540' title='bbox 2133 442 2169 471; x_wconf 92' lang='lat' dir='ltr'>et</span> <span class='ocrx_word' id='word_1_541' title='bbox 2187 435 2296 472; x_wconf 92' lang='lat' dir='ltr'>simul</span> <span class='ocrx_word' id='word_1_542' title='bbox 2316 436 2447 484; x_wconf 89' lang='lat' dir='ltr'>recipit</span> <span class='ocrx_word' id='word_1_543' title='bbox 2464 436 2620 485; x_wconf 89' lang='lat' dir='ltr'>impres·</span> <span class='ocrx_word' id='word_1_544' title='bbox 2648 446 2657 455; x_wconf 81' lang='grc'>·</span> <span class='ocrx_word' id='word_1_545' title='bbox 2673 445 2752 467; x_wconf 68' lang='lat' dir='ltr'>eubest</span> <span class='ocrx_word' id='word_1_546' title='bbox 2763 451 2800 469; x_wconf 74' lang='lat' dir='ltr'>m.</span> 
     </span>
    </p>
   </div>
   <div class='ocr_carea' id='block_1_27' title="bbox 1559 486 2624 851">
    <p class='ocr_par' dir='ltr' id='par_1_31' title="bbox 1559 486 2624 851">
     <span class='ocr_line' id='line_1_84' title="bbox 1559 486 2622 536; baseline 0.003 -13"><span class='ocrx_word' id='word_1_547' title='bbox 1559 486 1706 523; x_wconf 81' lang='lat' dir='ltr'>sionem</span> <span class='ocrx_word' id='word_1_548' title='bbox 1734 486 1891 534; x_wconf 84' lang='lat' dir='ltr'>agentis;</span> <span class='ocrx_word' id='word_1_549' title='bbox 1919 488 2022 524; x_wconf 91' lang='lat' dir='ltr'>unde</span> <span class='ocrx_word' id='word_1_550' title='bbox 2050 486 2160 524; x_wconf 90' lang='lat' dir='ltr'>simul</span> <span class='ocrx_word' id='word_1_551' title='bbox 2188 488 2362 524; x_wconf 88' lang='lat' dir='ltr'>alteratur</span> <span class='ocrx_word' id='word_1_552' title='bbox 2388 495 2520 536; x_wconf 90' lang='lat' dir='ltr'>totum,</span> <span class='ocrx_word' id='word_1_553' title='bbox 2542 501 2622 526; x_wconf 92' lang='lat' dir='ltr'>non</span> 
     </span>
     <span class='ocr_line' id='line_1_85' title="bbox 1559 539 2621 588; baseline 0.003 -13"><span class='ocrx_word' id='word_1_554' title='bbox 1559 551 1647 587; x_wconf 88' lang='lat' dir='ltr'>pars</span> <span class='ocrx_word' id='word_1_555' title='bbox 1665 547 1752 588; x_wconf 91' lang='lat' dir='ltr'>post</span> <span class='ocrx_word' id='word_1_556' title='bbox 1769 546 1926 588; x_wconf 89' lang='lat' dir='ltr'>partem.</span> <span class='ocrx_word' id='word_1_557' title='bbox 1949 539 2027 576; x_wconf 91' lang='lat' dir='ltr'>Sed</span> <span class='ocrx_word' id='word_1_558' title='bbox 2054 539 2144 577; x_wconf 91' lang='lat' dir='ltr'>illud</span> <span class='ocrx_word' id='word_1_559' title='bbox 2163 541 2360 577; x_wconf 88' lang='lat' dir='ltr'>alteratum</span> <span class='ocrx_word' id='word_1_560' title='bbox 2378 540 2513 578; x_wconf 90' lang='lat' dir='ltr'>iterum</span> <span class='ocrx_word' id='word_1_561' title='bbox 2532 542 2621 578; x_wconf 87' lang='lat' dir='ltr'>alte-</span> 
     </span>
     <span class='ocr_line' id='line_1_86' title="bbox 1561 591 2623 639; baseline 0.003 -11"><span class='ocrx_word' id='word_1_562' title='bbox 1561 599 1617 628; x_wconf 89' lang='lat' dir='ltr'>rat</span> <span class='ocrx_word' id='word_1_563' title='bbox 1635 591 1776 639; x_wconf 88' lang='lat' dir='ltr'>aliquid</span> <span class='ocrx_word' id='word_1_564' title='bbox 1795 592 1895 629; x_wconf 84' lang='lat' dir='ltr'>aliud</span> <span class='ocrx_word' id='word_1_565' title='bbox 1915 591 1984 629; x_wconf 91' lang='lat' dir='ltr'>sibi</span> <span class='ocrx_word' id='word_1_566' title='bbox 2005 592 2263 629; x_wconf 86' lang='lat' dir='ltr'>coniunctum:</span> <span class='ocrx_word' id='word_1_567' title='bbox 2285 600 2340 629; x_wconf 89' lang='lat' dir='ltr'>est</span> <span class='ocrx_word' id='word_1_568' title='bbox 2357 600 2484 630; x_wconf 88' lang='lat' dir='ltr'>tamen</span> <span class='ocrx_word' id='word_1_569' title='bbox 2502 594 2623 631; x_wconf 87' lang='lat' dir='ltr'>mino-</span> 
     </span>
     <span class='ocr_line' id='line_1_87' title="bbox 1562 644 2623 694; baseline 0.003 -14"><span class='ocrx_word' id='word_1_570' title='bbox 1562 644 1611 680; x_wconf 87' lang='lat' dir='ltr'>ris</span> <span class='ocrx_word' id='word_1_571' title='bbox 1639 644 1829 681; x_wconf 82' lang='lat' dir='ltr'>efficaciae</span> <span class='ocrx_word' id='word_1_572' title='bbox 1857 644 1896 681; x_wconf 93' lang='lat' dir='ltr'>in</span> <span class='ocrx_word' id='word_1_573' title='bbox 1923 645 2082 692; x_wconf 88' lang='lat' dir='ltr'>agendo.</span> <span class='ocrx_word' id='word_1_574' title='bbox 2112 646 2161 682; x_wconf 90' lang='lat' dir='ltr'>Et</span> <span class='ocrx_word' id='word_1_575' title='bbox 2185 645 2238 682; x_wconf 91' lang='lat' dir='ltr'>sic</span> <span class='ocrx_word' id='word_1_576' title='bbox 2265 644 2354 682; x_wconf 92' lang='lat' dir='ltr'>inde</span> <span class='ocrx_word' id='word_1_577' title='bbox 2382 657 2582 694; x_wconf 90' lang='lat' dir='ltr'>quousque</span> <span class='ocrx_word' id='word_1_578' title='bbox 2603 647 2623 668; x_wconf 72' lang='lat'>*¹</span> 
     </span>
     <span class='ocr_line' id='line_1_88' title="bbox 1562 695 2624 745; baseline 0.002 -12"><span class='ocrx_word' id='word_1_579' title='bbox 1562 695 1715 733; x_wconf 80' lang='lat' dir='ltr'>deficiat</span> <span class='ocrx_word' id='word_1_580' title='bbox 1730 697 1844 734; x_wconf 89' lang='lat' dir='ltr'>virtus</span> <span class='ocrx_word' id='word_1_581' title='bbox 1864 697 2072 743; x_wconf 81' lang='lat' dir='ltr'>alterativa3</span> <span class='ocrx_word' id='word_1_582' title='bbox 2093 697 2189 734; x_wconf 91' lang='lat' dir='ltr'>sicut</span> <span class='ocrx_word' id='word_1_583' title='bbox 2206 697 2301 745; x_wconf 89' lang='lat' dir='ltr'>ignis</span> <span class='ocrx_word' id='word_1_584' title='bbox 2320 698 2488 735; x_wconf 87' lang='lat' dir='ltr'>calefacit</span> <span class='ocrx_word' id='word_1_585' title='bbox 2506 711 2624 736; x_wconf 84' lang='lat' dir='ltr'>unam</span> 
     </span>
     <span class='ocr_line' id='line_1_89' title="bbox 1562 749 2622 797; baseline 0.004 -13"><span class='ocrx_word' id='word_1_586' title='bbox 1562 756 1708 797; x_wconf 89' lang='lat' dir='ltr'>partem</span> <span class='ocrx_word' id='word_1_587' title='bbox 1726 749 1822 786; x_wconf 90' lang='lat' dir='ltr'>aeris</span> <span class='ocrx_word' id='word_1_588' title='bbox 1837 750 1971 797; x_wconf 86' lang='lat' dir='ltr'>statim,</span> <span class='ocrx_word' id='word_1_589' title='bbox 1988 758 2025 787; x_wconf 93' lang='lat' dir='ltr'>et</span> <span class='ocrx_word' id='word_1_590' title='bbox 2038 750 2099 787; x_wconf 91' lang='lat' dir='ltr'>illa</span> <span class='ocrx_word' id='word_1_591' title='bbox 2114 751 2291 787; x_wconf 86' lang='lat' dir='ltr'>calefacta</span> <span class='ocrx_word' id='word_1_592' title='bbox 2309 751 2477 787; x_wconf 87' lang='lat' dir='ltr'>calefacit</span> <span class='ocrx_word' id='word_1_593' title='bbox 2495 751 2622 788; x_wconf 82' lang='lat' dir='ltr'>aliam:</span> 
     </span>
     <span class='ocr_line' id='line_1_90' title="bbox 1565 801 2624 851; baseline 0.004 -14"><span class='ocrx_word' id='word_1_594' title='bbox 1565 808 1601 838; x_wconf 92' lang='lat' dir='ltr'>et</span> <span class='ocrx_word' id='word_1_595' title='bbox 1619 801 1671 837; x_wconf 91' lang='lat' dir='ltr'>sic</span> <span class='ocrx_word' id='word_1_596' title='bbox 1689 814 1776 850; x_wconf 88' lang='lat' dir='ltr'>pars</span> <span class='ocrx_word' id='word_1_597' title='bbox 1803 810 1890 851; x_wconf 92' lang='lat' dir='ltr'>post</span> <span class='ocrx_word' id='word_1_598' title='bbox 1907 810 2054 851; x_wconf 91' lang='lat' dir='ltr'>partem</span> <span class='ocrx_word' id='word_1_599' title='bbox 2073 804 2259 840; x_wconf 87' lang='lat' dir='ltr'>alteratur.</span> <span class='ocrx_word' id='word_1_600' title='bbox 2291 802 2399 840; x_wconf 90' lang='lat' dir='ltr'>Unde</span> <span class='ocrx_word' id='word_1_601' title='bbox 2428 810 2465 840; x_wconf 93' lang='lat' dir='ltr'>et</span> <span class='ocrx_word' id='word_1_602' title='bbox 2482 803 2624 841; x_wconf 86' lang='lat' dir='ltr'>Aristo-</span> 
     </span>
    </p>
   </div>
   <div class='ocr_carea' id='block_1_28' title="bbox 1563 853 2861 958">
    <p class='ocr_par' dir='ltr' id='par_1_32' title="bbox 1563 853 2861 958">
     <span class='ocr_line' id='line_1_91' title="bbox 1564 853 2796 904; baseline 0.004 -15"><span class='ocrx_word' id='word_1_603' title='bbox 1564 854 1655 890; x_wconf 91' lang='lat' dir='ltr'>teles</span> <span class='ocrx_word' id='word_1_604' title='bbox 1684 853 1722 890; x_wconf 89' lang='lat' dir='ltr'>in</span> <span class='ocrx_word' id='word_1_605' title='bbox 1750 854 1845 891; x_wconf 93' lang='lat' dir='ltr'>libro</span> <span class='ocrx_word' id='word_1_606' title='bbox 1873 855 1919 891; x_wconf 85' lang='lat' dir='ltr'>de</span> <span class='ocrx_word' id='word_1_607' title='bbox 1945 856 2063 892; x_wconf 86' lang='lat' dir='ltr'>Sensu</span> <span class='ocrx_word' id='word_1_608' title='bbox 2091 861 2127 892; x_wconf 88' lang='lat' dir='ltr'>et</span> <span class='ocrx_word' id='word_1_609' title='bbox 2153 857 2306 893; x_wconf 82' lang='lat' dir='ltr'>Sensato</span> <span class='ocrx_word' id='word_1_610' title='bbox 2327 857 2363 902; x_wconf 52' lang='grc' dir='ltr'>*ἢ</span> <span class='ocrx_word' id='word_1_611' title='bbox 2393 863 2479 904; x_wconf 92' lang='lat' dir='ltr'>post</span> <span class='ocrx_word' id='word_1_612' title='bbox 2505 857 2625 894; x_wconf 88' lang='lat' dir='ltr'>verba</span> <span class='ocrx_word' id='word_1_613' title='bbox 2652 867 2662 876; x_wconf 85' lang='lat'><strong>·</strong></span> <span class='ocrx_word' id='word_1_614' title='bbox 2697 872 2704 887; x_wconf 83' lang='grc' dir='ltr'>ι</span> <span class='ocrx_word' id='word_1_615' title='bbox 2790 881 2796 888; x_wconf 90' lang='grc'>-</span> 
     </span>
     <span class='ocr_line' id='line_1_92' title="bbox 1563 905 2861 958; baseline 0.005 -17"><span class='ocrx_word' id='word_1_616' title='bbox 1563 905 1771 954; x_wconf 89' lang='lat' dir='ltr'>praemissa</span> <span class='ocrx_word' id='word_1_617' title='bbox 1798 907 2006 955; x_wconf 86' lang='lat' dir='ltr'>subiungit:</span> <span class='ocrx_word' id='word_1_618' title='bbox 2044 909 2219 945; x_wconf 84' lang='lat' dir='ltr'>Attamen</span> <span class='ocrx_word' id='word_1_619' title='bbox 2255 909 2290 945; x_wconf 81' lang='lat' dir='ltr'>si</span> <span class='ocrx_word' id='word_1_620' title='bbox 2323 909 2480 946; x_wconf 86' lang='lat' dir='ltr'>multum</span> <span class='ocrx_word' id='word_1_621' title='bbox 2502 909 2626 958; x_wconf 87' lang='lat' dir='ltr'>suerit</span> <span class='ocrx_word' id='word_1_622' title='bbox 2672 907 2678 914; x_wconf 79' lang='grc'><strong><em>’</em></strong></span> <span class='ocrx_word' id='word_1_623' title='bbox 2726 907 2733 914; x_wconf 82' lang='grc'>’</span> <span class='ocrx_word' id='word_1_624' title='bbox 2793 907 2800 914; x_wconf 84' lang='grc'><em>“</em></span> <span class='ocrx_word' id='word_1_625' title='bbox 2853 907 2861 915; x_wconf 84' lang='grc'><em>“</em></span> 
     </span>
    </p>
   </div>
   <div class='ocr_carea' id='block_1_29' title="bbox 1559 957 2627 1110">
    <p class='ocr_par' dir='ltr' id='par_1_33' title="bbox 1559 957 2627 1110">
     <span class='ocr_line' id='line_1_93' title="bbox 1565 957 2625 1010; baseline 0.005 -16"><span class='ocrx_word' id='word_1_626' title='bbox 1565 958 1666 1006; x_wconf 86' lang='lat' dir='ltr'>quod</span> <span class='ocrx_word' id='word_1_627' title='bbox 1691 957 1814 1006; x_wconf 87' lang='lat' dir='ltr'>calefit</span> <span class='ocrx_word' id='word_1_628' title='bbox 1838 965 1904 996; x_wconf 88' lang='lat' dir='ltr'>aut</span> <span class='ocrx_word' id='word_1_629' title='bbox 1931 961 2174 1010; x_wconf 82' lang='lat' dir='ltr'>coagulatur,</span> <span class='ocrx_word' id='word_1_630' title='bbox 2212 961 2379 998; x_wconf 79' lang='lat' dir='ltr'>habitum</span> <span class='ocrx_word' id='word_1_631' title='bbox 2415 962 2464 999; x_wconf 87' lang='lat' dir='ltr'>ab</span> <span class='ocrx_word' id='word_1_632' title='bbox 2500 962 2625 999; x_wconf 85' lang='lat' dir='ltr'>habito</span> 
     </span>
     <span class='ocr_line' id='line_1_94' title="bbox 1559 1011 2627 1062; baseline 0.006 -16"><span class='ocrx_word' id='word_1_633' title='bbox 1559 1011 1712 1059; x_wconf 82' lang='lat' dir='ltr'>patitur.</span> <span class='ocrx_word' id='word_1_634' title='bbox 1741 1012 1912 1049; x_wconf 87' lang='lat' dir='ltr'>Primum</span> <span class='ocrx_word' id='word_1_635' title='bbox 1931 1019 2055 1050; x_wconf 88' lang='lat' dir='ltr'>autem</span> <span class='ocrx_word' id='word_1_636' title='bbox 2079 1014 2127 1050; x_wconf 87' lang='lat' dir='ltr'>ab</span> <span class='ocrx_word' id='word_1_637' title='bbox 2150 1014 2228 1062; x_wconf 83' lang='lat' dir='ltr'>ipso</span> <span class='ocrx_word' id='word_1_638' title='bbox 2246 1014 2415 1062; x_wconf 84' lang='lat' dir='ltr'>faciente</span> <span class='ocrx_word' id='word_1_639' title='bbox 2441 1020 2627 1052; x_wconf 84' lang='lat' dir='ltr'>transmu-</span> 
     </span>
     <span class='ocr_line' id='line_1_95' title="bbox 1565 1064 2465 1110; baseline 0.003 -10"><span class='ocrx_word' id='word_1_640' title='bbox 1565 1064 1640 1100; x_wconf 88' lang='lat' dir='ltr'>tari</span> <span class='ocrx_word' id='word_1_641' title='bbox 1666 1075 1811 1101; x_wconf 80' lang='lat' dir='ltr'>necesse</span> <span class='ocrx_word' id='word_1_642' title='bbox 1828 1071 1892 1110; x_wconf 82' lang='lat' dir='ltr'>est,</span> <span class='ocrx_word' id='word_1_643' title='bbox 1912 1071 1948 1102; x_wconf 90' lang='lat' dir='ltr'>et</span> <span class='ocrx_word' id='word_1_644' title='bbox 1963 1065 2075 1102; x_wconf 86' lang='lat' dir='ltr'>simul</span> <span class='ocrx_word' id='word_1_645' title='bbox 2101 1066 2257 1103; x_wconf 86' lang='lat' dir='ltr'>alterari</span> <span class='ocrx_word' id='word_1_646' title='bbox 2279 1072 2313 1102; x_wconf 88' lang='lat' dir='ltr'>et</span> <span class='ocrx_word' id='word_1_647' title='bbox 2333 1067 2465 1104; x_wconf 82' lang='lat' dir='ltr'>subito.</span> 
     </span>
    </p>
   </div>
   <div class='ocr_carea' id='block_1_30' title="bbox 1618 1116 2628 1167">
    <p class='ocr_par' dir='ltr' id='par_1_34' title="bbox 1618 1116 2628 1167">
     <span class='ocr_line' id='line_1_96' title="bbox 1618 1116 2628 1167; baseline 0.004 -14"><span class='ocrx_word' id='word_1_648' title='bbox 1618 1116 1889 1155; x_wconf 88' lang='lat' dir='ltr'>Verumtamen</span> <span class='ocrx_word' id='word_1_649' title='bbox 1918 1125 1954 1155; x_wconf 91' lang='lat' dir='ltr'>et</span> <span class='ocrx_word' id='word_1_650' title='bbox 1977 1118 2015 1155; x_wconf 91' lang='lat' dir='ltr'>in</span> <span class='ocrx_word' id='word_1_651' title='bbox 2035 1119 2109 1155; x_wconf 89' lang='lat' dir='ltr'>hoc</span> <span class='ocrx_word' id='word_1_652' title='bbox 2128 1118 2211 1167; x_wconf 88' lang='lat' dir='ltr'>ipso</span> <span class='ocrx_word' id='word_1_653' title='bbox 2236 1118 2341 1167; x_wconf 92' lang='lat' dir='ltr'>quod</span> <span class='ocrx_word' id='word_1_654' title='bbox 2368 1118 2478 1156; x_wconf 89' lang='lat' dir='ltr'>simul</span> <span class='ocrx_word' id='word_1_655' title='bbox 2497 1120 2628 1157; x_wconf 89' lang='lat' dir='ltr'>altera-</span> 
     </span>
    </p>
   </div>
   <div class='ocr_carea' id='block_1_31' title="bbox 1565 1170 2714 1219">
    <p class='ocr_par' dir='ltr' id='par_1_35' title="bbox 1565 1170 2714 1219">
     <span class='ocr_line' id='line_1_97' title="bbox 1565 1170 2714 1219; baseline 0.003 -14"><span class='ocrx_word' id='word_1_656' title='bbox 1565 1175 1640 1215; x_wconf 84' lang='lat' dir='ltr'>tur,</span> <span class='ocrx_word' id='word_1_657' title='bbox 1675 1177 1731 1206; x_wconf 90' lang='lat' dir='ltr'>est</span> <span class='ocrx_word' id='word_1_658' title='bbox 1766 1170 1959 1219; x_wconf 89' lang='lat' dir='ltr'>quandam</span> <span class='ocrx_word' id='word_1_659' title='bbox 1996 1170 2276 1207; x_wconf 90' lang='lat' dir='ltr'>successionem</span> <span class='ocrx_word' id='word_1_660' title='bbox 2318 1171 2555 1208; x_wconf 88' lang='lat' dir='ltr'>considerare</span> <span class='ocrx_word' id='word_1_661' title='bbox 2584 1173 2627 1194; x_wconf 73' lang='lat'>¹·-</span> <span class='ocrx_word' id='word_1_662' title='bbox 2655 1182 2665 1191; x_wconf 83' lang='lat'><strong>·</strong></span> <span class='ocrx_word' id='word_1_663' title='bbox 2702 1187 2714 1202; x_wconf 77' lang='grc' dir='ltr'><strong><em>ε</em></strong></span> 
     </span>
    </p>
   </div>
   <div class='ocr_carea' id='block_1_32' title="bbox 1566 1202 2627 1273">
    <p class='ocr_par' dir='ltr' id='par_1_36' title="bbox 1566 1202 2627 1273">
     <span class='ocr_line' id='line_1_98' title="bbox 1566 1202 2627 1273; baseline 0.005 -16"><span class='ocrx_word' id='word_1_664' title='bbox 1566 1221 1654 1269; x_wconf 90' lang='lat' dir='ltr'>quia</span> <span class='ocrx_word' id='word_1_665' title='bbox 1683 1234 1770 1258; x_wconf 88' lang='lat' dir='ltr'>cum</span> <span class='ocrx_word' id='word_1_666' title='bbox 1798 1223 1964 1259; x_wconf 88' lang='lat' dir='ltr'>alteratio</span> <span class='ocrx_word' id='word_1_667' title='bbox 1993 1223 2060 1260; x_wconf 89' lang='lat' dir='ltr'>fiat</span> <span class='ocrx_word' id='word_1_668' title='bbox 2085 1235 2155 1272; x_wconf 90' lang='lat' dir='ltr'>per</span> <span class='ocrx_word' id='word_1_669' title='bbox 2183 1230 2396 1261; x_wconf 86' lang='lat' dir='ltr'>contactum</span> <span class='ocrx_word' id='word_1_670' title='bbox 2424 1202 2627 1273; x_wconf 63' lang='lat' dir='ltr'>alterantis:</span> 
     </span>
    </p>
   </div>
   <div class='ocr_carea' id='block_1_33' title="bbox 1564 1275 2687 3486">
    <p class='ocr_par' dir='ltr' id='par_1_37' title="bbox 1564 1275 2631 1588">
     <span class='ocr_line' id='line_1_99' title="bbox 1564 1275 2629 1325; baseline 0.004 -14"><span class='ocrx_word' id='word_1_671' title='bbox 1564 1282 1690 1322; x_wconf 85' lang='lat' dir='ltr'>partes</span> <span class='ocrx_word' id='word_1_672' title='bbox 1709 1275 1851 1312; x_wconf 87' lang='lat' dir='ltr'>alterati</span> <span class='ocrx_word' id='word_1_673' title='bbox 1865 1282 2006 1323; x_wconf 88' lang='lat' dir='ltr'>quanto</span> <span class='ocrx_word' id='word_1_674' title='bbox 2025 1275 2145 1323; x_wconf 89' lang='lat' dir='ltr'>magis</span> <span class='ocrx_word' id='word_1_675' title='bbox 2165 1275 2470 1325; x_wconf 86' lang='lat' dir='ltr'>appropinquant</span> <span class='ocrx_word' id='word_1_676' title='bbox 2484 1277 2532 1315; x_wconf 92' lang='lat' dir='ltr'>ad</span> <span class='ocrx_word' id='word_1_677' title='bbox 2548 1290 2629 1315; x_wconf 92' lang='lat' dir='ltr'>cor-</span> 
     </span>
     <span class='ocr_line' id='line_1_100' title="bbox 1565 1327 2629 1378; baseline 0.005 -15"><span class='ocrx_word' id='word_1_678' title='bbox 1565 1339 1636 1375; x_wconf 91' lang='lat' dir='ltr'>pus</span> <span class='ocrx_word' id='word_1_679' title='bbox 1665 1328 1837 1374; x_wconf 88' lang='lat' dir='ltr'>alterans,</span> <span class='ocrx_word' id='word_1_680' title='bbox 1866 1327 2066 1376; x_wconf 89' lang='lat' dir='ltr'>perfectius</span> <span class='ocrx_word' id='word_1_681' title='bbox 2094 1340 2116 1364; x_wconf 88' lang='lat' dir='ltr'>a</span> <span class='ocrx_word' id='word_1_682' title='bbox 2143 1328 2329 1377; x_wconf 90' lang='lat' dir='ltr'>principio</span> <span class='ocrx_word' id='word_1_683' title='bbox 2359 1329 2543 1378; x_wconf 89' lang='lat' dir='ltr'>recipiunt</span> <span class='ocrx_word' id='word_1_684' title='bbox 2561 1330 2629 1368; x_wconf 88' lang='lat' dir='ltr'>im-</span> 
     </span>
     <span class='ocr_line' id='line_1_101' title="bbox 1564 1379 2631 1427; baseline 0.005 -11"><span class='ocrx_word' id='word_1_685' title='bbox 1564 1379 1802 1427; x_wconf 89' lang='lat' dir='ltr'>pressionem</span> <span class='ocrx_word' id='word_1_686' title='bbox 1825 1380 2028 1417; x_wconf 86' lang='lat' dir='ltr'>alterantis:</span> <span class='ocrx_word' id='word_1_687' title='bbox 2054 1388 2090 1417; x_wconf 92' lang='lat' dir='ltr'>et</span> <span class='ocrx_word' id='word_1_688' title='bbox 2112 1381 2166 1418; x_wconf 90' lang='lat' dir='ltr'>sic</span> <span class='ocrx_word' id='word_1_689' title='bbox 2185 1382 2397 1419; x_wconf 88' lang='lat' dir='ltr'>successive</span> <span class='ocrx_word' id='word_1_690' title='bbox 2421 1383 2631 1421; x_wconf 86' lang='lat' dir='ltr'>secundum</span> 
     </span>
     <span class='ocr_line' id='line_1_102' title="bbox 1566 1432 2630 1484; baseline 0.005 -16"><span class='ocrx_word' id='word_1_691' title='bbox 1566 1432 1738 1470; x_wconf 91' lang='lat' dir='ltr'>ordinem</span> <span class='ocrx_word' id='word_1_692' title='bbox 1762 1433 1924 1482; x_wconf 90' lang='lat' dir='ltr'>partium</span> <span class='ocrx_word' id='word_1_693' title='bbox 1952 1433 2001 1471; x_wconf 88' lang='lat' dir='ltr'>ad</span> <span class='ocrx_word' id='word_1_694' title='bbox 2027 1433 2234 1482; x_wconf 89' lang='lat' dir='ltr'>perfectam</span> <span class='ocrx_word' id='word_1_695' title='bbox 2261 1434 2519 1472; x_wconf 88' lang='lat' dir='ltr'>alterationem</span> <span class='ocrx_word' id='word_1_696' title='bbox 2545 1447 2630 1484; x_wconf 87' lang='lat' dir='ltr'>per-</span> 
     </span>
     <span class='ocr_line' id='line_1_103' title="bbox 1564 1485 2630 1536; baseline 0.005 -15"><span class='ocrx_word' id='word_1_697' title='bbox 1564 1485 1734 1531; x_wconf 90' lang='lat' dir='ltr'>venitur;</span> <span class='ocrx_word' id='word_1_698' title='bbox 1765 1493 1801 1522; x_wconf 94' lang='lat' dir='ltr'>et</span> <span class='ocrx_word' id='word_1_699' title='bbox 1827 1485 1989 1523; x_wconf 90' lang='lat' dir='ltr'>maxime</span> <span class='ocrx_word' id='word_1_700' title='bbox 2010 1486 2163 1535; x_wconf 87' lang='lat' dir='ltr'>quando</span> <span class='ocrx_word' id='word_1_701' title='bbox 2192 1487 2232 1524; x_wconf 89' lang='lat' dir='ltr'>in</span> <span class='ocrx_word' id='word_1_702' title='bbox 2262 1499 2421 1536; x_wconf 91' lang='lat' dir='ltr'>corpore</span> <span class='ocrx_word' id='word_1_703' title='bbox 2450 1487 2630 1526; x_wconf 85' lang='lat' dir='ltr'>alterabili</span> 
     </span>
     <span class='ocr_line' id='line_1_104' title="bbox 1566 1538 2357 1588; baseline 0.003 -14"><span class='ocrx_word' id='word_1_704' title='bbox 1566 1545 1622 1574; x_wconf 91' lang='lat' dir='ltr'>est</span> <span class='ocrx_word' id='word_1_705' title='bbox 1649 1538 1788 1588; x_wconf 89' lang='lat' dir='ltr'>aliquid</span> <span class='ocrx_word' id='word_1_706' title='bbox 1817 1546 1948 1576; x_wconf 89' lang='lat' dir='ltr'>contra</span> <span class='ocrx_word' id='word_1_707' title='bbox 1975 1539 2150 1576; x_wconf 90' lang='lat' dir='ltr'>resistens</span> <span class='ocrx_word' id='word_1_708' title='bbox 2177 1540 2357 1577; x_wconf 90' lang='lat' dir='ltr'>alteranti.</span> 
     </span>
    </p>

    <p class='ocr_par' dir='ltr' id='par_1_38' title="bbox 1567 1590 2631 1945">
     <span class='ocr_line' id='line_1_105' title="bbox 1621 1590 2630 1640; baseline 0.004 -13"><span class='ocrx_word' id='word_1_709' title='bbox 1621 1590 1683 1627; x_wconf 92' lang='lat' dir='ltr'>Sic</span> <span class='ocrx_word' id='word_1_710' title='bbox 1712 1603 1800 1639; x_wconf 88' lang='lat' dir='ltr'>ergo</span> <span class='ocrx_word' id='word_1_711' title='bbox 1829 1591 1868 1628; x_wconf 91' lang='lat' dir='ltr'>id</span> <span class='ocrx_word' id='word_1_712' title='bbox 1887 1592 1990 1640; x_wconf 90' lang='lat' dir='ltr'>quod</span> <span class='ocrx_word' id='word_1_713' title='bbox 2015 1592 2216 1640; x_wconf 90' lang='lat' dir='ltr'>concludit,</span> <span class='ocrx_word' id='word_1_714' title='bbox 2237 1594 2342 1640; x_wconf 92' lang='lat' dir='ltr'>quod</span> <span class='ocrx_word' id='word_1_715' title='bbox 2359 1592 2536 1631; x_wconf 90' lang='lat' dir='ltr'>videlicet</span> <span class='ocrx_word' id='word_1_716' title='bbox 2552 1593 2592 1632; x_wconf 90' lang='lat' dir='ltr'>id</span> <span class='ocrx_word' id='word_1_717' title='bbox 2609 1599 2630 1622; x_wconf 64' lang='grc' dir='ltr'><strong>Ρ</strong></span> 
     </span>
     <span class='ocr_line' id='line_1_106' title="bbox 1567 1643 2628 1694; baseline 0.004 -15"><span class='ocrx_word' id='word_1_718' title='bbox 1567 1643 1672 1691; x_wconf 90' lang='lat' dir='ltr'>quod</span> <span class='ocrx_word' id='word_1_719' title='bbox 1701 1651 1887 1692; x_wconf 86' lang='lat' dir='ltr'>mutatur,</span> <span class='ocrx_word' id='word_1_720' title='bbox 1924 1645 2016 1682; x_wconf 89' lang='lat' dir='ltr'>dum</span> <span class='ocrx_word' id='word_1_721' title='bbox 2045 1652 2212 1682; x_wconf 91' lang='lat' dir='ltr'>mutatur</span> <span class='ocrx_word' id='word_1_722' title='bbox 2242 1645 2380 1694; x_wconf 89' lang='lat' dir='ltr'>partim</span> <span class='ocrx_word' id='word_1_723' title='bbox 2409 1653 2464 1683; x_wconf 91' lang='lat' dir='ltr'>est</span> <span class='ocrx_word' id='word_1_724' title='bbox 2490 1646 2530 1683; x_wconf 87' lang='lat' dir='ltr'>in</span> <span class='ocrx_word' id='word_1_725' title='bbox 2555 1653 2628 1683; x_wconf 87' lang='lat' dir='ltr'>ter-</span> 
     </span>
     <span class='ocr_line' id='line_1_107' title="bbox 1567 1695 2629 1747; baseline 0.003 -14"><span class='ocrx_word' id='word_1_726' title='bbox 1567 1695 1673 1733; x_wconf 90' lang='lat' dir='ltr'>mino</span> <span class='ocrx_word' id='word_1_727' title='bbox 1694 1709 1716 1733; x_wconf 88' lang='lat' dir='ltr'>a</span> <span class='ocrx_word' id='word_1_728' title='bbox 1735 1709 1814 1745; x_wconf 93' lang='lat' dir='ltr'>quo</span> <span class='ocrx_word' id='word_1_729' title='bbox 1843 1704 1879 1733; x_wconf 93' lang='lat' dir='ltr'>et</span> <span class='ocrx_word' id='word_1_730' title='bbox 1901 1697 2039 1746; x_wconf 88' lang='lat' dir='ltr'>partim</span> <span class='ocrx_word' id='word_1_731' title='bbox 2058 1698 2097 1735; x_wconf 90' lang='lat' dir='ltr'>in</span> <span class='ocrx_word' id='word_1_732' title='bbox 2115 1698 2277 1735; x_wconf 86' lang='lat' dir='ltr'>termino</span> <span class='ocrx_word' id='word_1_733' title='bbox 2297 1698 2347 1735; x_wconf 90' lang='lat' dir='ltr'>ad</span> <span class='ocrx_word' id='word_1_734' title='bbox 2366 1710 2494 1746; x_wconf 89' lang='lat' dir='ltr'>quem,</span> <span class='ocrx_word' id='word_1_735' title='bbox 2521 1698 2629 1747; x_wconf 87' lang='lat' dir='ltr'>quasi</span> 
     </span>
     <span class='ocr_line' id='line_1_108' title="bbox 1567 1749 2630 1800; baseline 0.004 -15"><span class='ocrx_word' id='word_1_736' title='bbox 1567 1761 1644 1785; x_wconf 91' lang='lat' dir='ltr'>una</span> <span class='ocrx_word' id='word_1_737' title='bbox 1670 1761 1758 1798; x_wconf 90' lang='lat' dir='ltr'>pars</span> <span class='ocrx_word' id='word_1_738' title='bbox 1785 1749 1890 1798; x_wconf 89' lang='lat' dir='ltr'>prius</span> <span class='ocrx_word' id='word_1_739' title='bbox 1916 1750 2114 1798; x_wconf 88' lang='lat' dir='ltr'>perveniat</span> <span class='ocrx_word' id='word_1_740' title='bbox 2133 1752 2182 1788; x_wconf 92' lang='lat' dir='ltr'>ad</span> <span class='ocrx_word' id='word_1_741' title='bbox 2199 1750 2404 1788; x_wconf 88' lang='lat' dir='ltr'>terminum</span> <span class='ocrx_word' id='word_1_742' title='bbox 2435 1751 2484 1789; x_wconf 92' lang='lat' dir='ltr'>ad</span> <span class='ocrx_word' id='word_1_743' title='bbox 2512 1763 2630 1800; x_wconf 90' lang='lat' dir='ltr'>quem</span> 
     </span>
     <span class='ocr_line' id='line_1_109' title="bbox 1568 1802 2631 1851; baseline 0.004 -13"><span class='ocrx_word' id='word_1_744' title='bbox 1568 1813 1685 1849; x_wconf 91' lang='lat' dir='ltr'>quam</span> <span class='ocrx_word' id='word_1_745' title='bbox 1714 1802 1805 1848; x_wconf 92' lang='lat' dir='ltr'>alia,</span> <span class='ocrx_word' id='word_1_746' title='bbox 1835 1802 2051 1851; x_wconf 90' lang='lat' dir='ltr'>simpliciter</span> <span class='ocrx_word' id='word_1_747' title='bbox 2083 1810 2119 1840; x_wconf 89' lang='lat' dir='ltr'>et</span> <span class='ocrx_word' id='word_1_748' title='bbox 2146 1804 2318 1840; x_wconf 90' lang='lat' dir='ltr'>absolute</span> <span class='ocrx_word' id='word_1_749' title='bbox 2345 1816 2481 1841; x_wconf 87' lang='lat' dir='ltr'>verum</span> <span class='ocrx_word' id='word_1_750' title='bbox 2510 1811 2565 1842; x_wconf 91' lang='lat' dir='ltr'>est</span> <span class='ocrx_word' id='word_1_751' title='bbox 2590 1803 2631 1842; x_wconf 88' lang='lat' dir='ltr'>in</span> 
     </span>
     <span class='ocr_line' id='line_1_110' title="bbox 1568 1854 2630 1906; baseline 0.004 -16"><span class='ocrx_word' id='word_1_752' title='bbox 1568 1862 1676 1891; x_wconf 90' lang='lat' dir='ltr'>motu</span> <span class='ocrx_word' id='word_1_753' title='bbox 1694 1855 1818 1891; x_wconf 90' lang='lat' dir='ltr'>locali:</span> <span class='ocrx_word' id='word_1_754' title='bbox 1834 1854 1873 1892; x_wconf 88' lang='lat' dir='ltr'>in</span> <span class='ocrx_word' id='word_1_755' title='bbox 1892 1862 2000 1892; x_wconf 90' lang='lat' dir='ltr'>motu</span> <span class='ocrx_word' id='word_1_756' title='bbox 2019 1863 2146 1893; x_wconf 89' lang='lat' dir='ltr'>autem</span> <span class='ocrx_word' id='word_1_757' title='bbox 2166 1856 2393 1894; x_wconf 86' lang='lat' dir='ltr'>alterationis</span> <span class='ocrx_word' id='word_1_758' title='bbox 2412 1856 2630 1906; x_wconf 85' lang='lat' dir='ltr'>aliqualiter,</span> 
     </span>
     <span class='ocr_line' id='line_1_111' title="bbox 1568 1906 1874 1945; baseline 0.007 -2"><span class='ocrx_word' id='word_1_759' title='bbox 1568 1914 1609 1943; x_wconf 94' lang='lat' dir='ltr'>ut</span> <span class='ocrx_word' id='word_1_760' title='bbox 1637 1906 1779 1944; x_wconf 91' lang='lat' dir='ltr'>dictum</span> <span class='ocrx_word' id='word_1_761' title='bbox 1808 1915 1874 1945; x_wconf 89' lang='lat' dir='ltr'>est.</span> 
     </span>
    </p>

    <p class='ocr_par' dir='ltr' id='par_1_39' title="bbox 1567 1960 2669 3116">
     <span class='ocr_line' id='line_1_112' title="bbox 1627 1960 2631 2010; baseline 0.004 -14"><span class='ocrx_word' id='word_1_762' title='bbox 1627 1971 1684 2008; x_wconf 87' lang='lat'>17.</span> <span class='ocrx_word' id='word_1_763' title='bbox 1715 1960 1881 2007; x_wconf 90' lang='lat' dir='ltr'>Quidam</span> <span class='ocrx_word' id='word_1_764' title='bbox 1912 1973 2006 1998; x_wconf 92' lang='lat' dir='ltr'>vero</span> <span class='ocrx_word' id='word_1_765' title='bbox 2045 1973 2066 1998; x_wconf 94' lang='lat' dir='ltr'>e</span> <span class='ocrx_word' id='word_1_766' title='bbox 2100 1973 2284 1999; x_wconf 91' lang='lat' dir='ltr'>converso</span> <span class='ocrx_word' id='word_1_767' title='bbox 2318 1960 2490 1999; x_wconf 88' lang='lat' dir='ltr'>dixerunt</span> <span class='ocrx_word' id='word_1_768' title='bbox 2525 1961 2631 2010; x_wconf 89' lang='lat' dir='ltr'>quod</span> 
     </span>
     <span class='ocr_line' id='line_1_113' title="bbox 1567 2013 2632 2062; baseline 0.003 -13"><span class='ocrx_word' id='word_1_769' title='bbox 1567 2013 1642 2049; x_wconf 94' lang='lat' dir='ltr'>hoc</span> <span class='ocrx_word' id='word_1_770' title='bbox 1670 2014 1775 2061; x_wconf 90' lang='lat' dir='ltr'>quod</span> <span class='ocrx_word' id='word_1_771' title='bbox 1802 2013 1864 2050; x_wconf 92' lang='lat' dir='ltr'>hic</span> <span class='ocrx_word' id='word_1_772' title='bbox 1892 2013 2036 2060; x_wconf 90' lang='lat' dir='ltr'>dicitur,</span> <span class='ocrx_word' id='word_1_773' title='bbox 2065 2014 2185 2062; x_wconf 85' lang='lat' dir='ltr'>magis</span> <span class='ocrx_word' id='word_1_774' title='bbox 2212 2014 2327 2051; x_wconf 90' lang='lat' dir='ltr'>habet</span> <span class='ocrx_word' id='word_1_775' title='bbox 2357 2013 2556 2051; x_wconf 89' lang='lat' dir='ltr'>veritatem</span> <span class='ocrx_word' id='word_1_776' title='bbox 2591 2014 2632 2052; x_wconf 89' lang='lat' dir='ltr'>in</span> 
     </span>
     <span class='ocr_line' id='line_1_114' title="bbox 1568 2066 2632 2115; baseline 0.002 -13"><span class='ocrx_word' id='word_1_777' title='bbox 1568 2073 1677 2102; x_wconf 89' lang='lat' dir='ltr'>motu</span> <span class='ocrx_word' id='word_1_778' title='bbox 1713 2066 1940 2103; x_wconf 87' lang='lat' dir='ltr'>alterationis</span> <span class='ocrx_word' id='word_1_779' title='bbox 1977 2079 2093 2115; x_wconf 92' lang='lat' dir='ltr'>quam</span> <span class='ocrx_word' id='word_1_780' title='bbox 2125 2067 2165 2104; x_wconf 91' lang='lat' dir='ltr'>in</span> <span class='ocrx_word' id='word_1_781' title='bbox 2193 2074 2301 2104; x_wconf 90' lang='lat' dir='ltr'>motu</span> <span class='ocrx_word' id='word_1_782' title='bbox 2333 2066 2453 2104; x_wconf 88' lang='lat' dir='ltr'>locali.</span> <span class='ocrx_word' id='word_1_783' title='bbox 2491 2067 2632 2105; x_wconf 91' lang='lat' dir='ltr'>Dicunt</span> 
     </span>
     <span class='ocr_line' id='line_1_115' title="bbox 1569 2118 2632 2168; baseline 0.003 -14"><span class='ocrx_word' id='word_1_784' title='bbox 1569 2118 1671 2155; x_wconf 91' lang='lat' dir='ltr'>enim</span> <span class='ocrx_word' id='word_1_785' title='bbox 1700 2118 1803 2166; x_wconf 92' lang='lat' dir='ltr'>quod</span> <span class='ocrx_word' id='word_1_786' title='bbox 1825 2119 1900 2155; x_wconf 93' lang='lat' dir='ltr'>hoc</span> <span class='ocrx_word' id='word_1_787' title='bbox 1919 2119 2022 2167; x_wconf 93' lang='lat' dir='ltr'>quod</span> <span class='ocrx_word' id='word_1_788' title='bbox 2042 2119 2186 2166; x_wconf 91' lang='lat' dir='ltr'>dicitur,</span> <span class='ocrx_word' id='word_1_789' title='bbox 2215 2119 2321 2168; x_wconf 92' lang='lat' dir='ltr'>quod</span> <span class='ocrx_word' id='word_1_790' title='bbox 2348 2119 2388 2156; x_wconf 92' lang='lat' dir='ltr'>id</span> <span class='ocrx_word' id='word_1_791' title='bbox 2415 2119 2520 2168; x_wconf 93' lang='lat' dir='ltr'>quod</span> <span class='ocrx_word' id='word_1_792' title='bbox 2547 2131 2632 2157; x_wconf 87' lang='lat' dir='ltr'>mu-</span> 
     </span>
     <span class='ocr_line' id='line_1_116' title="bbox 1568 2171 2633 2220; baseline 0.003 -13"><span class='ocrx_word' id='word_1_793' title='bbox 1568 2178 1666 2207; x_wconf 88' lang='lat' dir='ltr'>tatur</span> <span class='ocrx_word' id='word_1_794' title='bbox 1695 2171 1832 2219; x_wconf 90' lang='lat' dir='ltr'>partim</span> <span class='ocrx_word' id='word_1_795' title='bbox 1861 2178 1916 2208; x_wconf 92' lang='lat' dir='ltr'>est</span> <span class='ocrx_word' id='word_1_796' title='bbox 1948 2171 1986 2208; x_wconf 91' lang='lat' dir='ltr'>in</span> <span class='ocrx_word' id='word_1_797' title='bbox 2013 2171 2175 2208; x_wconf 88' lang='lat' dir='ltr'>termino</span> <span class='ocrx_word' id='word_1_798' title='bbox 2204 2184 2227 2208; x_wconf 89' lang='lat' dir='ltr'>a</span> <span class='ocrx_word' id='word_1_799' title='bbox 2255 2184 2332 2220; x_wconf 92' lang='lat' dir='ltr'>quo</span> <span class='ocrx_word' id='word_1_800' title='bbox 2366 2179 2402 2208; x_wconf 91' lang='lat' dir='ltr'>et</span> <span class='ocrx_word' id='word_1_801' title='bbox 2427 2172 2566 2220; x_wconf 88' lang='lat' dir='ltr'>partim</span> <span class='ocrx_word' id='word_1_802' title='bbox 2592 2172 2633 2211; x_wconf 87' lang='lat' dir='ltr'>in</span> 
     </span>
     <span class='ocr_line' id='line_1_117' title="bbox 1568 2223 2632 2274; baseline 0.004 -15"><span class='ocrx_word' id='word_1_803' title='bbox 1568 2223 1731 2259; x_wconf 89' lang='lat' dir='ltr'>termino</span> <span class='ocrx_word' id='word_1_804' title='bbox 1751 2223 1800 2260; x_wconf 87' lang='lat' dir='ltr'>ad</span> <span class='ocrx_word' id='word_1_805' title='bbox 1820 2236 1948 2272; x_wconf 90' lang='lat' dir='ltr'>quem,</span> <span class='ocrx_word' id='word_1_806' title='bbox 1969 2236 2048 2261; x_wconf 93' lang='lat' dir='ltr'>non</span> <span class='ocrx_word' id='word_1_807' title='bbox 2066 2224 2120 2261; x_wconf 90' lang='lat' dir='ltr'>sic</span> <span class='ocrx_word' id='word_1_808' title='bbox 2139 2231 2194 2261; x_wconf 91' lang='lat' dir='ltr'>est</span> <span class='ocrx_word' id='word_1_809' title='bbox 2212 2224 2507 2272; x_wconf 89' lang='lat' dir='ltr'>intelligendum,</span> <span class='ocrx_word' id='word_1_810' title='bbox 2526 2225 2632 2274; x_wconf 83' lang='lat' dir='ltr'>quod</span> 
     </span>
     <span class='ocr_line' id='line_1_118' title="bbox 1568 2276 2631 2328; baseline 0.005 -16"><span class='ocrx_word' id='word_1_811' title='bbox 1568 2288 1645 2312; x_wconf 92' lang='lat' dir='ltr'>una</span> <span class='ocrx_word' id='word_1_812' title='bbox 1669 2288 1756 2324; x_wconf 91' lang='lat' dir='ltr'>pars</span> <span class='ocrx_word' id='word_1_813' title='bbox 1777 2276 1858 2313; x_wconf 92' lang='lat' dir='ltr'>eius</span> <span class='ocrx_word' id='word_1_814' title='bbox 1887 2278 1991 2325; x_wconf 92' lang='lat' dir='ltr'>quod</span> <span class='ocrx_word' id='word_1_815' title='bbox 2019 2284 2196 2328; x_wconf 86' lang='lat' dir='ltr'>movetur</span> <span class='ocrx_word' id='word_1_816' title='bbox 2223 2277 2270 2314; x_wconf 90' lang='lat' dir='ltr'>sit</span> <span class='ocrx_word' id='word_1_817' title='bbox 2296 2277 2335 2314; x_wconf 90' lang='lat' dir='ltr'>in</span> <span class='ocrx_word' id='word_1_818' title='bbox 2361 2290 2440 2315; x_wconf 91' lang='lat' dir='ltr'>uno</span> <span class='ocrx_word' id='word_1_819' title='bbox 2468 2277 2631 2318; x_wconf 83' lang='lat' dir='ltr'>termino</span> 
     </span>
     <span class='ocr_line' id='line_1_119' title="bbox 1570 2328 2632 2380; baseline 0.004 -16"><span class='ocrx_word' id='word_1_820' title='bbox 1570 2336 1606 2365; x_wconf 91' lang='lat' dir='ltr'>et</span> <span class='ocrx_word' id='word_1_821' title='bbox 1625 2328 1696 2365; x_wconf 89' lang='lat' dir='ltr'>alia</span> <span class='ocrx_word' id='word_1_822' title='bbox 1715 2329 1752 2366; x_wconf 94' lang='lat' dir='ltr'>in</span> <span class='ocrx_word' id='word_1_823' title='bbox 1772 2329 1860 2375; x_wconf 89' lang='lat' dir='ltr'>alio,</span> <span class='ocrx_word' id='word_1_824' title='bbox 1891 2330 1958 2366; x_wconf 91' lang='lat' dir='ltr'>sed</span> <span class='ocrx_word' id='word_1_825' title='bbox 1987 2337 2042 2366; x_wconf 93' lang='lat' dir='ltr'>est</span> <span class='ocrx_word' id='word_1_826' title='bbox 2069 2330 2311 2367; x_wconf 90' lang='lat' dir='ltr'>referendum</span> <span class='ocrx_word' id='word_1_827' title='bbox 2334 2331 2388 2367; x_wconf 83' lang='lat' dir='ltr'>ad</span> <span class='ocrx_word' id='word_1_828' title='bbox 2415 2337 2540 2380; x_wconf 88' lang='lat' dir='ltr'>partes</span> <span class='ocrx_word' id='word_1_829' title='bbox 2560 2338 2632 2368; x_wconf 89' lang='lat' dir='ltr'>ter-</span> 
     </span>
     <span class='ocr_line' id='line_1_120' title="bbox 1569 2381 2632 2432; baseline 0.004 -15"><span class='ocrx_word' id='word_1_830' title='bbox 1569 2381 1782 2418; x_wconf 90' lang='lat' dir='ltr'>minorum:</span> <span class='ocrx_word' id='word_1_831' title='bbox 1820 2381 1909 2431; x_wconf 89' lang='lat' dir='ltr'>quia</span> <span class='ocrx_word' id='word_1_832' title='bbox 1941 2382 2080 2419; x_wconf 89' lang='lat' dir='ltr'>scilicet</span> <span class='ocrx_word' id='word_1_833' title='bbox 2115 2382 2153 2420; x_wconf 92' lang='lat' dir='ltr'>id</span> <span class='ocrx_word' id='word_1_834' title='bbox 2190 2383 2295 2432; x_wconf 90' lang='lat' dir='ltr'>quod</span> <span class='ocrx_word' id='word_1_835' title='bbox 2332 2391 2511 2421; x_wconf 86' lang='lat' dir='ltr'>movetur</span> <span class='ocrx_word' id='word_1_836' title='bbox 2545 2395 2632 2432; x_wconf 83' lang='lat' dir='ltr'>par-</span> 
     </span>
     <span class='ocr_line' id='line_1_121' title="bbox 1569 2435 2669 2484; baseline 0.004 -14"><span class='ocrx_word' id='word_1_837' title='bbox 1569 2441 1647 2470; x_wconf 91' lang='lat' dir='ltr'>tem</span> <span class='ocrx_word' id='word_1_838' title='bbox 1673 2437 1691 2454; x_wconf 42' lang='grc' dir='ltr'>ᾖ</span> <span class='ocrx_word' id='word_1_839' title='bbox 1719 2435 1834 2471; x_wconf 90' lang='lat' dir='ltr'>habet</span> <span class='ocrx_word' id='word_1_840' title='bbox 1862 2435 1910 2472; x_wconf 89' lang='lat' dir='ltr'>de</span> <span class='ocrx_word' id='word_1_841' title='bbox 1937 2435 2100 2472; x_wconf 87' lang='lat' dir='ltr'>termino</span> <span class='ocrx_word' id='word_1_842' title='bbox 2129 2447 2152 2472; x_wconf 89' lang='lat' dir='ltr'>a</span> <span class='ocrx_word' id='word_1_843' title='bbox 2180 2447 2256 2484; x_wconf 92' lang='lat' dir='ltr'>quo</span> <span class='ocrx_word' id='word_1_844' title='bbox 2290 2442 2326 2472; x_wconf 91' lang='lat' dir='ltr'>et</span> <span class='ocrx_word' id='word_1_845' title='bbox 2352 2443 2500 2484; x_wconf 77' lang='lat' dir='ltr'>partem</span> <span class='ocrx_word' id='word_1_846' title='bbox 2521 2437 2565 2462; x_wconf 71' lang='lat'>*³²²</span> <span class='ocrx_word' id='word_1_847' title='bbox 2583 2436 2631 2474; x_wconf 88' lang='lat' dir='ltr'>de</span> <span class='ocrx_word' id='word_1_848' title='bbox 2658 2443 2669 2480; x_wconf 71' lang='grc' dir='ltr'><em>ζ</em></span> 
     </span>
     <span class='ocr_line' id='line_1_122' title="bbox 1569 2487 2632 2536; baseline 0.004 -13"><span class='ocrx_word' id='word_1_849' title='bbox 1569 2487 1730 2524; x_wconf 89' lang='lat' dir='ltr'>termino</span> <span class='ocrx_word' id='word_1_850' title='bbox 1759 2488 1808 2524; x_wconf 91' lang='lat' dir='ltr'>ad</span> <span class='ocrx_word' id='word_1_851' title='bbox 1835 2498 1972 2535; x_wconf 89' lang='lat' dir='ltr'>quem;</span> <span class='ocrx_word' id='word_1_852' title='bbox 2001 2488 2096 2525; x_wconf 89' lang='lat' dir='ltr'>sicut</span> <span class='ocrx_word' id='word_1_853' title='bbox 2121 2487 2211 2525; x_wconf 90' lang='lat' dir='ltr'>illud</span> <span class='ocrx_word' id='word_1_854' title='bbox 2243 2489 2347 2536; x_wconf 91' lang='lat' dir='ltr'>quod</span> <span class='ocrx_word' id='word_1_855' title='bbox 2380 2496 2558 2526; x_wconf 86' lang='lat' dir='ltr'>movetur</span> <span class='ocrx_word' id='word_1_856' title='bbox 2583 2489 2632 2527; x_wconf 89' lang='lat' dir='ltr'>de</span> 
     </span>
     <span class='ocr_line' id='line_1_123' title="bbox 1570 2539 2631 2590; baseline 0.003 -14"><span class='ocrx_word' id='word_1_857' title='bbox 1570 2539 1744 2577; x_wconf 90' lang='lat' dir='ltr'>albedine</span> <span class='ocrx_word' id='word_1_858' title='bbox 1772 2539 1810 2576; x_wconf 92' lang='lat' dir='ltr'>in</span> <span class='ocrx_word' id='word_1_859' title='bbox 1838 2540 2085 2588; x_wconf 87' lang='lat' dir='ltr'>nigredinem,</span> <span class='ocrx_word' id='word_1_860' title='bbox 2113 2541 2238 2589; x_wconf 90' lang='lat' dir='ltr'>primo</span> <span class='ocrx_word' id='word_1_861' title='bbox 2267 2553 2345 2578; x_wconf 90' lang='lat' dir='ltr'>non</span> <span class='ocrx_word' id='word_1_862' title='bbox 2372 2542 2488 2578; x_wconf 89' lang='lat' dir='ltr'>habet</span> <span class='ocrx_word' id='word_1_863' title='bbox 2509 2542 2631 2590; x_wconf 87' lang='lat' dir='ltr'>perfe-</span> 
     </span>
     <span class='ocr_line' id='line_1_124' title="bbox 1571 2592 2632 2642; baseline 0.003 -13"><span class='ocrx_word' id='word_1_864' title='bbox 1571 2599 1627 2629; x_wconf 91' lang='lat' dir='ltr'>cte</span> <span class='ocrx_word' id='word_1_865' title='bbox 1661 2592 1875 2630; x_wconf 89' lang='lat' dir='ltr'>albedinem</span> <span class='ocrx_word' id='word_1_866' title='bbox 1904 2605 1975 2630; x_wconf 91' lang='lat' dir='ltr'>nec</span> <span class='ocrx_word' id='word_1_867' title='bbox 2005 2594 2169 2642; x_wconf 90' lang='lat' dir='ltr'>perfecte</span> <span class='ocrx_word' id='word_1_868' title='bbox 2197 2593 2447 2642; x_wconf 90' lang='lat' dir='ltr'>nigredinem,</span> <span class='ocrx_word' id='word_1_869' title='bbox 2473 2594 2540 2632; x_wconf 93' lang='lat' dir='ltr'>sed</span> <span class='ocrx_word' id='word_1_870' title='bbox 2567 2594 2632 2632; x_wconf 85' lang='lat' dir='ltr'>ali-</span> 
     </span>
     <span class='ocr_line' id='line_1_125' title="bbox 1571 2645 2631 2696; baseline 0.004 -15"><span class='ocrx_word' id='word_1_871' title='bbox 1571 2645 1662 2694; x_wconf 90' lang='lat' dir='ltr'>quid</span> <span class='ocrx_word' id='word_1_872' title='bbox 1694 2645 1890 2694; x_wconf 90' lang='lat' dir='ltr'>participat</span> <span class='ocrx_word' id='word_1_873' title='bbox 1917 2645 2134 2694; x_wconf 90' lang='lat' dir='ltr'>imperfecte</span> <span class='ocrx_word' id='word_1_874' title='bbox 2170 2646 2216 2683; x_wconf 92' lang='lat' dir='ltr'>de</span> <span class='ocrx_word' id='word_1_875' title='bbox 2249 2654 2422 2696; x_wconf 90' lang='lat' dir='ltr'>utroque.</span> <span class='ocrx_word' id='word_1_876' title='bbox 2452 2648 2495 2684; x_wconf 91' lang='lat' dir='ltr'>In</span> <span class='ocrx_word' id='word_1_877' title='bbox 2522 2654 2631 2685; x_wconf 91' lang='lat' dir='ltr'>motu</span> 
     </span>
     <span class='ocr_line' id='line_1_126' title="bbox 1571 2698 2632 2738; baseline 0.003 -3"><span class='ocrx_word' id='word_1_878' title='bbox 1571 2705 1699 2735; x_wconf 89' lang='lat' dir='ltr'>autem</span> <span class='ocrx_word' id='word_1_879' title='bbox 1727 2698 1836 2735; x_wconf 89' lang='lat' dir='ltr'>locali</span> <span class='ocrx_word' id='word_1_880' title='bbox 1863 2699 1939 2735; x_wconf 90' lang='lat' dir='ltr'>hoc</span> <span class='ocrx_word' id='word_1_881' title='bbox 1966 2711 2044 2736; x_wconf 90' lang='lat' dir='ltr'>non</span> <span class='ocrx_word' id='word_1_882' title='bbox 2063 2699 2214 2736; x_wconf 88' lang='lat' dir='ltr'>videtur</span> <span class='ocrx_word' id='word_1_883' title='bbox 2239 2711 2376 2737; x_wconf 90' lang='lat' dir='ltr'>verum</span> <span class='ocrx_word' id='word_1_884' title='bbox 2405 2699 2475 2737; x_wconf 91' lang='lat' dir='ltr'>nisi</span> <span class='ocrx_word' id='word_1_885' title='bbox 2499 2712 2632 2738; x_wconf 86' lang='lat' dir='ltr'>secun-</span> 
     </span>
     <span class='ocr_line' id='line_1_127' title="bbox 1571 2751 2668 2800; baseline 0.003 -13"><span class='ocrx_word' id='word_1_886' title='bbox 1571 2751 1664 2788; x_wconf 91' lang='lat' dir='ltr'>dum</span> <span class='ocrx_word' id='word_1_887' title='bbox 1692 2751 1798 2800; x_wconf 93' lang='lat' dir='ltr'>quod</span> <span class='ocrx_word' id='word_1_888' title='bbox 1819 2752 1837 2772; x_wconf 44' lang='grc' dir='ltr'>Ψ·</span> <span class='ocrx_word' id='word_1_889' title='bbox 1857 2751 1894 2788; x_wconf 94' lang='lat' dir='ltr'>id</span> <span class='ocrx_word' id='word_1_890' title='bbox 1927 2753 2032 2799; x_wconf 91' lang='lat' dir='ltr'>quod</span> <span class='ocrx_word' id='word_1_891' title='bbox 2060 2759 2256 2799; x_wconf 88' lang='lat' dir='ltr'>movetur,</span> <span class='ocrx_word' id='word_1_892' title='bbox 2287 2752 2379 2790; x_wconf 90' lang='lat' dir='ltr'>dum</span> <span class='ocrx_word' id='word_1_893' title='bbox 2405 2759 2460 2790; x_wconf 92' lang='lat' dir='ltr'>est</span> <span class='ocrx_word' id='word_1_894' title='bbox 2486 2752 2525 2790; x_wconf 90' lang='lat' dir='ltr'>in</span> <span class='ocrx_word' id='word_1_895' title='bbox 2551 2765 2632 2790; x_wconf 88' lang='lat' dir='ltr'>me·</span> <span class='ocrx_word' id='word_1_896' title='bbox 2658 2763 2668 2774; x_wconf 88' lang='lat'><strong>·</strong></span> 
     </span>
     <span class='ocr_line' id='line_1_128' title="bbox 1572 2803 2633 2855; baseline 0.003 -15"><span class='ocrx_word' id='word_1_897' title='bbox 1572 2803 1634 2840; x_wconf 89' lang='lat' dir='ltr'>dio</span> <span class='ocrx_word' id='word_1_898' title='bbox 1664 2803 1829 2841; x_wconf 89' lang='lat' dir='ltr'>duorum</span> <span class='ocrx_word' id='word_1_899' title='bbox 1857 2804 2127 2852; x_wconf 89' lang='lat' dir='ltr'>terminorum,</span> <span class='ocrx_word' id='word_1_900' title='bbox 2166 2804 2456 2854; x_wconf 89' lang='lat' dir='ltr'>quodammodo</span> <span class='ocrx_word' id='word_1_901' title='bbox 2492 2805 2633 2855; x_wconf 90' lang='lat' dir='ltr'>aliquid</span> 
     </span>
     <span class='ocr_line' id='line_1_129' title="bbox 1570 2856 2630 2906; baseline 0.003 -14"><span class='ocrx_word' id='word_1_902' title='bbox 1570 2856 1766 2906; x_wconf 89' lang='lat' dir='ltr'>participat</span> <span class='ocrx_word' id='word_1_903' title='bbox 1785 2857 1831 2894; x_wconf 92' lang='lat' dir='ltr'>de</span> <span class='ocrx_word' id='word_1_904' title='bbox 1850 2864 2013 2906; x_wconf 89' lang='lat' dir='ltr'>utroque</span> <span class='ocrx_word' id='word_1_905' title='bbox 2043 2865 2223 2895; x_wconf 88' lang='lat' dir='ltr'>extremo.</span> <span class='ocrx_word' id='word_1_906' title='bbox 2254 2857 2358 2895; x_wconf 89' lang='lat' dir='ltr'>Sicut</span> <span class='ocrx_word' id='word_1_907' title='bbox 2381 2857 2412 2894; x_wconf 87' lang='lat' dir='ltr'>si</span> <span class='ocrx_word' id='word_1_908' title='bbox 2430 2865 2528 2895; x_wconf 89' lang='lat' dir='ltr'>terra</span> <span class='ocrx_word' id='word_1_909' title='bbox 2547 2870 2630 2896; x_wconf 88' lang='lat' dir='ltr'>mo-</span> 
     </span>
     <span class='ocr_line' id='line_1_130' title="bbox 1570 2909 2632 2957; baseline 0.001 -10"><span class='ocrx_word' id='word_1_910' title='bbox 1570 2917 1704 2947; x_wconf 92' lang='lat' dir='ltr'>veatur</span> <span class='ocrx_word' id='word_1_911' title='bbox 1730 2909 1778 2947; x_wconf 87' lang='lat' dir='ltr'>ad</span> <span class='ocrx_word' id='word_1_912' title='bbox 1798 2910 1926 2946; x_wconf 89' lang='lat' dir='ltr'>locum</span> <span class='ocrx_word' id='word_1_913' title='bbox 1954 2909 2059 2957; x_wconf 89' lang='lat' dir='ltr'>ignis,</span> <span class='ocrx_word' id='word_1_914' title='bbox 2089 2910 2182 2947; x_wconf 90' lang='lat' dir='ltr'>dum</span> <span class='ocrx_word' id='word_1_915' title='bbox 2212 2917 2267 2947; x_wconf 89' lang='lat' dir='ltr'>est</span> <span class='ocrx_word' id='word_1_916' title='bbox 2293 2910 2332 2947; x_wconf 88' lang='lat' dir='ltr'>in</span> <span class='ocrx_word' id='word_1_917' title='bbox 2359 2910 2444 2947; x_wconf 93' lang='lat' dir='ltr'>loco</span> <span class='ocrx_word' id='word_1_918' title='bbox 2473 2910 2569 2948; x_wconf 83' lang='lat' dir='ltr'>aeris</span> <span class='ocrx_word' id='word_1_919' title='bbox 2592 2911 2632 2949; x_wconf 87' lang='lat' dir='ltr'>in</span> 
     </span>
     <span class='ocr_line' id='line_1_131' title="bbox 1572 2962 2630 3012; baseline 0.002 -14"><span class='ocrx_word' id='word_1_920' title='bbox 1572 2975 1641 2999; x_wconf 89' lang='lat' dir='ltr'>suo</span> <span class='ocrx_word' id='word_1_921' title='bbox 1662 2962 1826 3009; x_wconf 92' lang='lat' dir='ltr'>moveri,</span> <span class='ocrx_word' id='word_1_922' title='bbox 1846 2969 1992 3011; x_wconf 89' lang='lat' dir='ltr'>partem</span> <span class='ocrx_word' id='word_1_923' title='bbox 2012 2962 2126 2999; x_wconf 87' lang='lat' dir='ltr'>habet</span> <span class='ocrx_word' id='word_1_924' title='bbox 2149 2963 2348 3012; x_wconf 88' lang='lat' dir='ltr'>utriusque</span> <span class='ocrx_word' id='word_1_925' title='bbox 2375 2962 2545 3010; x_wconf 82' lang='lat' dir='ltr'>termini3</span> <span class='ocrx_word' id='word_1_926' title='bbox 2574 2963 2630 3000; x_wconf 89' lang='lat' dir='ltr'>in-</span> 
     </span>
     <span class='ocr_line' id='line_1_132' title="bbox 1571 3014 2630 3064; baseline 0.002 -13"><span class='ocrx_word' id='word_1_927' title='bbox 1571 3022 1754 3064; x_wconf 89' lang='lat' dir='ltr'>quantum</span> <span class='ocrx_word' id='word_1_928' title='bbox 1770 3014 1907 3052; x_wconf 91' lang='lat' dir='ltr'>scilicet</span> <span class='ocrx_word' id='word_1_929' title='bbox 1925 3015 2030 3051; x_wconf 91' lang='lat' dir='ltr'>locus</span> <span class='ocrx_word' id='word_1_930' title='bbox 2050 3014 2145 3052; x_wconf 90' lang='lat' dir='ltr'>aeris</span> <span class='ocrx_word' id='word_1_931' title='bbox 2161 3022 2198 3052; x_wconf 91' lang='lat' dir='ltr'>et</span> <span class='ocrx_word' id='word_1_932' title='bbox 2216 3023 2271 3052; x_wconf 92' lang='lat' dir='ltr'>est</span> <span class='ocrx_word' id='word_1_933' title='bbox 2286 3027 2438 3052; x_wconf 90' lang='lat' dir='ltr'>sursum</span> <span class='ocrx_word' id='word_1_934' title='bbox 2458 3023 2630 3064; x_wconf 86' lang='lat' dir='ltr'>respectu</span> 
     </span>
     <span class='ocr_line' id='line_1_133' title="bbox 1570 3067 2489 3116; baseline 0.002 -13"><span class='ocrx_word' id='word_1_935' title='bbox 1570 3067 1642 3104; x_wconf 90' lang='lat' dir='ltr'>loci</span> <span class='ocrx_word' id='word_1_936' title='bbox 1660 3074 1792 3114; x_wconf 88' lang='lat' dir='ltr'>terrae,</span> <span class='ocrx_word' id='word_1_937' title='bbox 1823 3075 1859 3104; x_wconf 94' lang='lat' dir='ltr'>et</span> <span class='ocrx_word' id='word_1_938' title='bbox 1879 3067 2059 3104; x_wconf 89' lang='lat' dir='ltr'>deorsum</span> <span class='ocrx_word' id='word_1_939' title='bbox 2087 3076 2262 3116; x_wconf 88' lang='lat' dir='ltr'>respectu</span> <span class='ocrx_word' id='word_1_940' title='bbox 2288 3067 2361 3105; x_wconf 90' lang='lat' dir='ltr'>loci</span> <span class='ocrx_word' id='word_1_941' title='bbox 2383 3067 2489 3116; x_wconf 87' lang='lat' dir='ltr'>ignis.</span> 
     </span>
    </p>

    <p class='ocr_par' dir='ltr' id='par_1_40' title="bbox 1569 3120 2687 3486">
     <span class='ocr_line' id='line_1_134' title="bbox 1630 3120 2630 3168; baseline 0.002 -12"><span class='ocrx_word' id='word_1_942' title='bbox 1630 3121 1686 3156; x_wconf 91' lang='lat'>18.</span> <span class='ocrx_word' id='word_1_943' title='bbox 1717 3120 1823 3156; x_wconf 88' lang='lat' dir='ltr'>Haec</span> <span class='ocrx_word' id='word_1_944' title='bbox 1851 3127 1977 3156; x_wconf 87' lang='lat' dir='ltr'>autern</span> <span class='ocrx_word' id='word_1_945' title='bbox 1999 3120 2180 3168; x_wconf 89' lang='lat' dir='ltr'>expositio</span> <span class='ocrx_word' id='word_1_946' title='bbox 2210 3128 2352 3158; x_wconf 87' lang='lat' dir='ltr'>extorta</span> <span class='ocrx_word' id='word_1_947' title='bbox 2381 3128 2446 3168; x_wconf 90' lang='lat' dir='ltr'>est,</span> <span class='ocrx_word' id='word_1_948' title='bbox 2477 3127 2513 3157; x_wconf 91' lang='lat' dir='ltr'>et</span> <span class='ocrx_word' id='word_1_949' title='bbox 2540 3133 2630 3158; x_wconf 90' lang='lat' dir='ltr'>con-</span> 
     </span>
     <span class='ocr_line' id='line_1_135' title="bbox 1570 3172 2630 3223; baseline 0.001 -13"><span class='ocrx_word' id='word_1_950' title='bbox 1570 3180 1626 3210; x_wconf 91' lang='lat' dir='ltr'>tra</span> <span class='ocrx_word' id='word_1_951' title='bbox 1653 3172 1874 3221; x_wconf 90' lang='lat' dir='ltr'>opinionem</span> <span class='ocrx_word' id='word_1_952' title='bbox 1902 3172 2122 3209; x_wconf 86' lang='lat' dir='ltr'>Aristotelis.</span> <span class='ocrx_word' id='word_1_953' title='bbox 2153 3174 2201 3209; x_wconf 88' lang='lat' dir='ltr'>Et</span> <span class='ocrx_word' id='word_1_954' title='bbox 2227 3173 2351 3222; x_wconf 90' lang='lat' dir='ltr'>primo</span> <span class='ocrx_word' id='word_1_955' title='bbox 2381 3173 2537 3223; x_wconf 91' lang='lat' dir='ltr'>quidem</span> <span class='ocrx_word' id='word_1_956' title='bbox 2565 3185 2630 3223; x_wconf 85' lang='lat' dir='ltr'>ap-</span> 
     </span>
     <span class='ocr_line' id='line_1_136' title="bbox 1569 3225 2631 3275; baseline 0.003 -14"><span class='ocrx_word' id='word_1_957' title='bbox 1569 3233 1676 3275; x_wconf 85' lang='lat' dir='ltr'>paret</span> <span class='ocrx_word' id='word_1_958' title='bbox 1707 3226 1782 3262; x_wconf 91' lang='lat' dir='ltr'>hoc</span> <span class='ocrx_word' id='word_1_959' title='bbox 1815 3236 1859 3261; x_wconf 87' lang='lat' dir='ltr'>ex</span> <span class='ocrx_word' id='word_1_960' title='bbox 1892 3225 1980 3273; x_wconf 92' lang='lat' dir='ltr'>ipsis</span> <span class='ocrx_word' id='word_1_961' title='bbox 2013 3225 2140 3262; x_wconf 90' lang='lat' dir='ltr'>verbis</span> <span class='ocrx_word' id='word_1_962' title='bbox 2172 3226 2391 3263; x_wconf 86' lang='lat' dir='ltr'>Aristotelis.</span> <span class='ocrx_word' id='word_1_963' title='bbox 2431 3226 2631 3264; x_wconf 90' lang='lat' dir='ltr'>Concludit</span> 
     </span>
     <span class='ocr_line' id='line_1_137' title="bbox 1572 3278 2667 3328; baseline 0.001 -13"><span class='ocrx_word' id='word_1_964' title='bbox 1572 3278 1691 3316; x_wconf 89' lang='lat' dir='ltr'>enim:</span> <span class='ocrx_word' id='word_1_965' title='bbox 1721 3289 1866 3315; x_wconf 82' lang='lat' dir='ltr'>necesse</span> <span class='ocrx_word' id='word_1_966' title='bbox 1886 3278 2001 3327; x_wconf 82' lang='lat' dir='ltr'>igitur</span> <span class='ocrx_word' id='word_1_967' title='bbox 2027 3278 2099 3314; x_wconf 85' lang='lat' dir='ltr'>hoc</span> <span class='ocrx_word' id='word_1_968' title='bbox 2119 3280 2138 3299; x_wconf 43' lang='grc' dir='ltr'>Ψ*</span> <span class='ocrx_word' id='word_1_969' title='bbox 2157 3279 2304 3327; x_wconf 83' lang='lat' dir='ltr'>quidem</span> <span class='ocrx_word' id='word_1_970' title='bbox 2331 3279 2474 3328; x_wconf 84' lang='lat' dir='ltr'>aliquid</span> <span class='ocrx_word' id='word_1_971' title='bbox 2499 3279 2536 3316; x_wconf 86' lang='lat' dir='ltr'>in</span> <span class='ocrx_word' id='word_1_972' title='bbox 2559 3280 2631 3316; x_wconf 83' lang='lat' dir='ltr'>hoc</span> <span class='ocrx_word' id='word_1_973' title='bbox 2656 3289 2667 3299; x_wconf 89' lang='lat'><strong>·</strong></span> 
     </span>
     <span class='ocr_line' id='line_1_138' title="bbox 1570 3330 2687 3381; baseline 0.002 -14"><span class='ocrx_word' id='word_1_974' title='bbox 1570 3343 1662 3377; x_wconf 86' lang='lat' dir='ltr'>esse,</span> <span class='ocrx_word' id='word_1_975' title='bbox 1683 3331 1787 3368; x_wconf 85' lang='lat' dir='ltr'>aliud</span> <span class='ocrx_word' id='word_1_976' title='bbox 1803 3342 1892 3367; x_wconf 85' lang='lat' dir='ltr'>vero</span> <span class='ocrx_word' id='word_1_977' title='bbox 1913 3331 1949 3367; x_wconf 87' lang='lat' dir='ltr'>in</span> <span class='ocrx_word' id='word_1_978' title='bbox 1969 3331 2086 3368; x_wconf 88' lang='lat' dir='ltr'>altero</span> <span class='ocrx_word' id='word_1_979' title='bbox 2106 3332 2291 3378; x_wconf 88' lang='lat' dir='ltr'>mutantis,</span> <span class='ocrx_word' id='word_1_980' title='bbox 2311 3331 2407 3369; x_wconf 90' lang='lat' dir='ltr'>idest</span> <span class='ocrx_word' id='word_1_981' title='bbox 2426 3332 2506 3370; x_wconf 91' lang='lat' dir='ltr'>eius</span> <span class='ocrx_word' id='word_1_982' title='bbox 2525 3332 2630 3381; x_wconf 90' lang='lat' dir='ltr'>quod</span> <span class='ocrx_word' id='word_1_983' title='bbox 2681 3330 2687 3337; x_wconf 81' lang='grc'><em>’</em></span> 
     </span>
     <span class='ocr_line' id='line_1_139' title="bbox 1572 3382 2666 3434; baseline 0.002 -14"><span class='ocrx_word' id='word_1_984' title='bbox 1572 3391 1748 3421; x_wconf 77' lang='lat' dir='ltr'>mutatur,</span> <span class='ocrx_word' id='word_1_985' title='bbox 1769 3382 1954 3432; x_wconf 89' lang='lat' dir='ltr'>Loquitur</span> <span class='ocrx_word' id='word_1_986' title='bbox 1973 3395 2062 3432; x_wconf 87' lang='lat' dir='ltr'>ergo</span> <span class='ocrx_word' id='word_1_987' title='bbox 2083 3383 2130 3421; x_wconf 91' lang='lat' dir='ltr'>de</span> <span class='ocrx_word' id='word_1_988' title='bbox 2147 3384 2317 3433; x_wconf 88' lang='lat' dir='ltr'>partibus</span> <span class='ocrx_word' id='word_1_989' title='bbox 2337 3385 2498 3434; x_wconf 88' lang='lat' dir='ltr'>mobilis,</span> <span class='ocrx_word' id='word_1_990' title='bbox 2516 3386 2536 3406; x_wconf 83' lang='grc'><strong>*</strong></span> <span class='ocrx_word' id='word_1_991' title='bbox 2551 3397 2629 3422; x_wconf 89' lang='lat' dir='ltr'>non</span> <span class='ocrx_word' id='word_1_992' title='bbox 2657 3394 2666 3404; x_wconf 79' lang='grc'><em>·</em></span> 
     </span>
     <span class='ocr_line' id='line_1_140' title="bbox 1573 3436 2087 3486; baseline 0 -12"><span class='ocrx_word' id='word_1_993' title='bbox 1573 3437 1619 3474; x_wconf 92' lang='lat' dir='ltr'>de</span> <span class='ocrx_word' id='word_1_994' title='bbox 1638 3436 1807 3486; x_wconf 87' lang='lat' dir='ltr'>partibus</span> <span class='ocrx_word' id='word_1_995' title='bbox 1826 3436 2087 3474; x_wconf 81' lang='lat' dir='ltr'>terminorum.</span> 
     </span>
    </p>
   </div>
   <div class='ocr_carea' id='block_1_34' title="bbox 1570 3563 2627 3667">
    <p class='ocr_par' dir='ltr' id='par_1_41' title="bbox 1570 3563 2627 3667">
     <span class='ocr_line' id='line_1_141' title="bbox 1570 3563 2627 3598; baseline -0.001 -9"><span class='ocrx_word' id='word_1_996' title='bbox 1570 3564 1704 3590; x_wconf 77' lang='lat' dir='ltr'>concludit</span> <span class='ocrx_word' id='word_1_997' title='bbox 1721 3565 1792 3597; x_wconf 85' lang='lat' dir='ltr'>quod</span> <span class='ocrx_word' id='word_1_998' title='bbox 1811 3564 1839 3590; x_wconf 81' lang='lat' dir='ltr'>id</span> <span class='ocrx_word' id='word_1_999' title='bbox 1857 3565 1944 3595; x_wconf 85' lang='lat' dir='ltr'>MXV,</span> <span class='ocrx_word' id='word_1_1000' title='bbox 1965 3564 2011 3590; x_wconf 84' lang='lat' dir='ltr'>Sic</span> <span class='ocrx_word' id='word_1_1001' title='bbox 2028 3571 2093 3598; x_wconf 78' lang='lat' dir='ltr'>ergo</span> <span class='ocrx_word' id='word_1_1002' title='bbox 2111 3565 2244 3590; x_wconf 75' lang='lat' dir='ltr'>concludit</span> <span class='ocrx_word' id='word_1_1003' title='bbox 2261 3565 2332 3597; x_wconf 79' lang='lat' dir='ltr'>quod</span> <span class='ocrx_word' id='word_1_1004' title='bbox 2355 3564 2384 3590; x_wconf 77' lang='lat' dir='ltr'>td</span> <span class='ocrx_word' id='word_1_1005' title='bbox 2401 3563 2478 3590; x_wconf 79' lang='lat' dir='ltr'>ceteri</span> <span class='ocrx_word' id='word_1_1006' title='bbox 2497 3568 2522 3589; x_wconf 75' lang='lat' dir='ltr'>et</span> <span class='ocrx_word' id='word_1_1007' title='bbox 2539 3563 2627 3589; x_wconf 78' lang='lat' dir='ltr'>editio-</span> 
     </span>
     <span class='ocr_line' id='line_1_142' title="bbox 1571 3599 2627 3630; baseline 0 -7"><span class='ocrx_word' id='word_1_1008' title='bbox 1571 3607 1616 3624; x_wconf 74' lang='lat' dir='ltr'>nes</span> <span class='ocrx_word' id='word_1_1009' title='bbox 1636 3600 1693 3624; x_wconf 82' lang='lat' dir='ltr'>ab:</span> <span class='ocrx_word' id='word_1_1010' title='bbox 1717 3600 1762 3624; x_wconf 81' lang='lat' dir='ltr'>sed</span> <span class='ocrx_word' id='word_1_1011' title='bbox 1782 3599 1844 3624; x_wconf 75' lang='lat' dir='ltr'>haec</span> <span class='ocrx_word' id='word_1_1012' title='bbox 1862 3600 1952 3625; x_wconf 75' lang='lat' dir='ltr'>ultima</span> <span class='ocrx_word' id='word_1_1013' title='bbox 1966 3599 2042 3625; x_wconf 85' lang='lat' dir='ltr'>lectio</span> <span class='ocrx_word' id='word_1_1014' title='bbox 2054 3600 2121 3625; x_wconf 74' lang='lat' dir='ltr'>tollit</span> <span class='ocrx_word' id='word_1_1015' title='bbox 2135 3599 2324 3625; x_wconf 75' lang='lat' dir='ltr'>cohaerentiam</span> <span class='ocrx_word' id='word_1_1016' title='bbox 2342 3599 2496 3630; x_wconf 76' lang='lat' dir='ltr'>sententiae;</span> <span class='ocrx_word' id='word_1_1017' title='bbox 2515 3602 2627 3624; x_wconf 74' lang='lat' dir='ltr'>nmmen</span> 
     </span>
     <span class='ocr_line' id='line_1_143' title="bbox 1570 3634 1904 3667; baseline 0 -8"><span class='ocrx_word' id='word_1_1018' title='bbox 1570 3634 1690 3660; x_wconf 77' lang='lat' dir='ltr'>videlicet</span> <span class='ocrx_word' id='word_1_1019' title='bbox 1707 3639 1796 3667; x_wconf 79' lang='lat' dir='ltr'>posset</span> <span class='ocrx_word' id='word_1_1020' title='bbox 1814 3634 1904 3660; x_wconf 86' lang='lat' dir='ltr'>omitti.</span> 
     </span>
    </p>
   </div>
   <div class='ocr_carea' id='block_1_35' title="bbox 2625 510 2898 3996">
    <p class='ocr_par' dir='ltr' id='par_1_42' title="bbox 2625 510 2898 3996">
     <span class='ocr_line' id='line_1_144' title="bbox 2625 510 2898 3996; baseline 0 0"><span class='ocrx_word' id='word_1_1021' title='bbox 2625 510 2898 3996; x_wconf 95' lang='lat' dir='ltr'> </span> 
     </span>
    </p>
   </div>
  </div>
 </body>
</html>
