2950 4004
227 851 239 861 ⁸
254 851 323 873 Num.
339 857 387 878 seq.

226 1498 235 1507 “
253 1496 344 1524 aliquid
354 1495 440 1517 dict'tur

228 1524 303 1545 album
313 1528 441 1546 neroniano,

231 1757 241 1767 ¹*
257 1756 306 1776 eius
321 1761 369 1777 om.
385 1760 442 1776 ntro

231 1788 336 1808 uuoan.

230 2441 242 2451 ⁴
257 2440 326 2462 Num.
342 2445 391 2467 seq.

239 2816 248 2823 ·
264 2813 294 2835 Et
307 2819 354 2834 om.
370 2819 391 2834 Ρ.

243 3446 252 3453 ”
266 3445 336 3466 Num.
348 3450 422 3471 praec.

478 293 548 329 156

472 370 623 419 inquirit
649 377 776 406 utrum
796 369 936 418 aliquid
964 369 1083 418 possit
1111 381 1192 406 esse
1212 369 1251 406 in
1280 369 1422 418 seipso:
1443 381 1533 406 nam

471 425 717 470 Anaxagoras
746 435 860 470 supra
890 422 978 459 dixit
1006 421 1195 458 infinitum
1217 435 1298 459 esse
1326 422 1365 459 in
1393 423 1531 472 seipso.

471 476 601 512 Primo
641 488 728 523 ergo
757 482 888 511 movet
917 475 1209 512 dubitationem:
1239 482 1367 512 utrum
1395 475 1534 512 scilicet

471 528 609 576 aliquid
637 540 757 564 unum
787 535 823 564 et
849 527 951 564 idem
978 527 1208 576 possit'esse
1236 528 1274 564 in
1302 528 1439 577 seipso,
1469 529 1531 565 vel

471 581 581 626 nihil;
618 580 683 617 sed
713 580 842 617 omnia
870 581 931 617 vel
959 592 1148 629 nusquam
1182 580 1270 628 sint,
1304 581 1366 618 vel
1395 581 1466 618 sint
1494 580 1532 617 in

470 633 597 682 aliquo
627 633 710 670 alio.

528 687 560 722 5.
592 686 781 732 Secundo,
802 685 873 722 ibi:
902 685 1110 734 Dupliciter
1137 691 1261 722 autem
1280 687 1351 722 hoc
1376 691 1430 722 est
1448 693 1529 732 etc.,

470 738 591 775 solvit.
619 739 668 775 Et
703 739 828 787 primo
868 738 1032 776 ostendit
1064 739 1261 786 quomodo
1298 738 1417 787 possit
1449 750 1530 775 esse

470 790 611 839 aliquid
639 791 678 828 in
706 791 848 840 seipso3
876 791 1044 828 secundo
1065 791 1264 839 quomodo
1293 803 1373 828 non
1399 791 1529 839 possit,

468 843 536 881 ibi:
570 844 742 881 Primum
779 850 904 881 autem
942 855 1016 880 non
1054 843 1236 893 contingit
1270 843 1291 864 ’¹‘
1327 851 1396 880 etc.
1433 843 1532 880 Dicit

470 910 557 945 ergo
594 897 720 946 primo
756 896 860 946 quod
889 896 1086 945 dupliciter
1121 903 1246 944 potest
1283 896 1434 943 intelligi
1468 896 1531 933 ali-

468 951 560 1000 quid
588 963 670 987 esse
707 950 746 987 in
779 950 931 998 seipso:
960 962 1038 986 uno
1077 949 1195 986 modo
1227 949 1353 997 primo
1392 957 1427 986 et
1463 961 1532 998 per

466 1017 526 1050 se;
557 1003 629 1040 alio
664 1002 783 1040 modo
823 1002 1034 1039 secundum
1063 1002 1245 1048 alterum,
1274 1002 1371 1039 idest
1398 1014 1531 1040 secun-

469 1057 561 1094 dum
588 1064 748 1105 partem.
776 1056 825 1092 Et
852 1055 922 1092 isto
953 1054 1122 1092 secundo
1156 1054 1276 1091 modo
1305 1062 1430 1103 potest
1459 1055 1530 1092 dici

468 1109 607 1158 aliquid
646 1121 727 1145 esse
765 1108 803 1145 in
840 1108 977 1157 seipso.
1009 1108 1109 1144 Cum
1143 1107 1244 1144 enim
1282 1107 1438 1144 alicuius
1475 1115 1530 1144 to-

466 1163 539 1199 tius
578 1162 674 1199 duae
713 1169 838 1210 partes
876 1161 926 1198 ita
963 1173 1002 1197 se
1039 1161 1205 1197 habeant
1238 1161 1343 1210 quod
1379 1173 1455 1197 una
1487 1161 1532 1198 sit

467 1216 506 1252 in
535 1227 611 1264 quo
642 1221 697 1251 est
725 1213 884 1263 aliquid,
916 1222 951 1250 et
979 1213 1050 1250 alia
1078 1213 1124 1250 sit
1151 1214 1256 1262 quod
1294 1221 1350 1250 est
1382 1214 1420 1250 in
1448 1213 1529 1257 illa,

467 1268 635 1317 sequitur
654 1267 758 1316 quod
786 1274 908 1303 totum
929 1266 1074 1303 dicatur
1103 1274 1139 1302 et
1157 1267 1194 1302 in
1224 1278 1296 1315 quo
1316 1273 1371 1303 est
1387 1266 1530 1303 ratione

466 1321 578 1358 unius
605 1320 732 1369 partis,
755 1327 790 1356 et
817 1320 918 1368 quod
943 1325 997 1356 est
1023 1319 1059 1356 in
1092 1320 1163 1356 hoc
1191 1319 1334 1356 ratione
1363 1319 1530 1356 alterius:

469 1383 505 1411 et
533 1374 585 1410 sic
617 1381 740 1410 toturn
774 1372 918 1409 dicetur
955 1384 1036 1409 esse
1066 1372 1104 1408 in
1142 1372 1279 1420 seipso.
1311 1371 1531 1408 Invenimus

470 1427 571 1464 enim
609 1426 713 1475 quod
742 1425 882 1474 aliquid
920 1425 1054 1462 dicitur
1081 1424 1128 1461 de
1158 1425 1283 1473 aliquo
1318 1424 1531 1461 secundum

468 1487 628 1529 partem,
658 1479 752 1515 sicut
780 1477 912 1526 aliquis
941 1478 1074 1515 dicitur
1102 1477 1208 1514 albus
1238 1479 1256 1497 *³
1287 1477 1374 1525 quia
1403 1489 1532 1525 super-

469 1533 575 1570 ficies
605 1532 683 1568 eius
713 1538 768 1568 est
796 1532 896 1577 alba,
927 1538 962 1566 et
989 1531 1108 1566 homo
1139 1529 1272 1566 dicitur
1292 1529 1413 1566 sciens
1443 1529 1532 1578 quia

470 1585 624 1623 scientia
653 1591 708 1620 est
740 1584 777 1619 in
810 1591 915 1631 parte
950 1582 1218 1618 ratiocinativa.
1256 1581 1295 1618 Si
1327 1582 1438 1629 igitur
1472 1594 1532 1618 ac-

471 1639 628 1687 cipiatur
657 1637 842 1684 amphora
870 1636 981 1684 plena
1010 1634 1100 1671 vino
1130 1634 1224 1671 sicut
1251 1635 1448 1683 quoddam
1476 1642 1531 1671 to-

473 1699 554 1728 tum
584 1689 689 1726 cuius
717 1695 842 1737 partes
870 1696 956 1727 sunt
984 1688 1172 1736 amphora
1200 1695 1235 1724 et
1261 1687 1414 1735 vinum,
1439 1700 1530 1724 neu-

471 1753 527 1781 tra
558 1742 722 1791 partium
762 1741 841 1778 eius
871 1742 890 1762 ’¹‘
926 1740 993 1777 erit
1020 1740 1059 1777 in
1092 1740 1236 1788 seipsa,
1274 1740 1371 1777 idest
1407 1752 1532 1789 neque

471 1797 658 1845 amphora
686 1807 811 1842 neque
838 1793 995 1840 vinum,
1025 1793 1093 1830 sed
1120 1794 1195 1830 hoc
1222 1800 1365 1840 totum,
1396 1793 1534 1830 scilicet

471 1850 656 1898 amphora
674 1847 764 1894 vini,
787 1846 854 1883 erit
873 1847 911 1883 in
930 1846 1063 1895 seipsa,
1084 1845 1309 1894 inquantum
1327 1853 1531 1895 utrumque

472 1910 527 1940 est
554 1914 640 1951 pars
667 1900 758 1948 eius,
789 1899 927 1937 scilicet
955 1907 992 1936 et
1017 1898 1152 1935 vinum
1171 1899 1277 1947 quod
1306 1906 1361 1935 est
1384 1899 1422 1936 in
1451 1911 1530 1936 am-

470 1957 603 2005 phora,
634 1961 669 1990 et
697 1953 883 2002 amphora
911 1952 950 1988 in
977 1964 1054 2001 qua
1082 1960 1137 1989 est
1164 1952 1310 1989 vinum.
1331 1953 1405 1988 Per
1428 1952 1531 1988 hunc

470 2009 580 2057 igitur
603 2006 765 2043 modurn
794 2004 972 2053 contingit
1000 2005 1140 2054 aliquid
1168 2004 1270 2042 idem
1301 2017 1382 2041 esse
1409 2004 1448 2041 in
1476 2017 1532 2042 se-

471 2062 567 2110 ipso.
1318 2074 1321 2077 ·

526 2115 560 2150 6.
582 2112 730 2150 Deinde
760 2124 848 2148 cum
878 2110 981 2148 dicit:
1001 2110 1174 2147 Primum
1198 2115 1323 2147 autem
1352 2122 1426 2147 non
1447 2121 1533 2146 con-

472 2167 582 2216 tingit
608 2173 699 2212 etc.,
731 2164 893 2202 ostendit
921 2163 1027 2213 quod
1058 2176 1137 2200 non
1175 2162 1355 2210 contingit
1391 2162 1532 2211 aliquid

473 2232 555 2256 esse
583 2218 707 2267 primo
736 2218 774 2255 in
812 2217 949 2266 seipso.
980 2217 1028 2253 Et
1059 2216 1183 2265 primo
1220 2215 1401 2264 proponit
1429 2215 1534 2264 quod

472 2271 645 2318 intendit,
676 2271 907 2318 distinguens
934 2277 1139 2318 utrumque
1173 2269 1335 2305 modum
1365 2281 1441 2318 quo
1471 2268 1534 2305 ali-

473 2325 564 2374 quid
584 2332 638 2361 est
657 2324 695 2360 in
714 2324 851 2372 seipso,
873 2330 908 2360 et
926 2335 1002 2372 quo
1023 2335 1102 2359 non
1122 2329 1190 2368 est;
1212 2322 1379 2359 secundo
1398 2322 1536 2371 probat

472 2377 727 2427 propositum,
757 2377 825 2413 ibi:
854 2377 990 2424 Neque
1018 2376 1133 2425 igitur
1161 2375 1345 2411 inductive
1372 2374 1535 2411 conside-

473 2431 640 2467 rantibus
658 2431 678 2451 *
698 2437 765 2466 etc.
787 2429 887 2466 Dicit
915 2441 1003 2476 ergo
1033 2428 1138 2477 quod
1158 2440 1237 2465 non
1266 2427 1444 2475 contingit
1472 2427 1535 2463 ali-

474 2483 566 2532 quid
595 2495 675 2519 esse
713 2482 836 2531 primo
866 2482 905 2518 in
942 2481 1078 2530 seipso.
1118 2482 1167 2518 Et
1199 2480 1411 2517 manifestat
1444 2480 1536 2528 quid

474 2537 519 2574 sit
547 2536 686 2584 aliquid
716 2548 797 2572 esse
824 2535 949 2583 primo
978 2535 1016 2571 in
1044 2534 1189 2582 seipso,
1207 2546 1275 2582 per
1303 2533 1533 2582 oppositum.

474 2590 617 2626 Album
647 2589 747 2625 enim
777 2588 911 2625 dicitur
931 2600 1012 2624 esse
1041 2587 1079 2624 in
1100 2598 1270 2635 corpore,
1291 2586 1379 2634 quia
1407 2598 1535 2634 super-

475 2642 579 2679 ficies
600 2649 655 2678 est
682 2642 721 2678 in
741 2653 918 2691 corpore:
946 2640 1050 2677 unde
1070 2651 1149 2676 non
1170 2646 1224 2675 est
1250 2638 1376 2687 primo
1396 2638 1435 2674 in
1454 2650 1535 2674 cor-

475 2707 581 2744 pore,
603 2694 670 2731 sed
690 2694 727 2731 in
747 2693 958 2742 superficie.
979 2693 1028 2729 Et
1047 2691 1215 2728 similiter
1238 2690 1392 2727 scientia
1410 2690 1535 2738 primo

477 2747 611 2784 dicitur
639 2759 720 2784 esse
749 2747 788 2783 in
816 2746 954 2792 anima,
975 2757 1054 2781 non
1082 2751 1210 2780 autem
1238 2743 1276 2779 in
1305 2742 1472 2789 homine,
1499 2742 1536 2779 in

477 2813 554 2849 quo
584 2807 639 2836 est
656 2812 725 2848 per
744 2799 924 2835 animam.
946 2799 995 2834 Et
1010 2799 1028 2816 θ’
1049 2797 1259 2833 secundum
1286 2796 1373 2843 hoc,
1399 2795 1538 2832 scilicet

477 2853 688 2890 secundum
718 2851 886 2888 animam
916 2858 951 2887 et
979 2849 1230 2898 superficiem,
1261 2855 1347 2884 sunt
1374 2849 1537 2897 appella—

476 2906 597 2942 tiones
626 2905 763 2953 quibus
791 2903 1008 2940 nominatur
1035 2902 1153 2938 homo
1182 2901 1290 2937 albus
1312 2902 1374 2938 vel
1403 2901 1535 2949 sciens,

478 2970 566 2994 cum
595 2957 722 2994 anima
743 2964 778 2993 et
806 2955 1023 3004 superficies
1043 2954 1115 2991 sint
1143 2954 1237 2990 sicut
1259 2961 1384 3002 partes
1412 2954 1450 2990 in
1469 2955 1536 2990 ho-

478 3010 598 3047 mine:
629 3021 706 3046 non
731 3009 834 3057 quod
864 3007 1082 3056 superficies
1102 3006 1148 3043 sit
1174 3019 1273 3055 pars,
1295 3006 1362 3043 sed
1389 3006 1478 3055 quia
1497 3019 1536 3043 se

477 3063 592 3100 habet
620 3062 668 3099 ad
696 3062 858 3098 modum
890 3060 1024 3110 partis,
1056 3060 1280 3108 inquantum
1310 3067 1365 3096 est
1396 3059 1537 3108 aliquid

477 3115 655 3162 hominis,
675 3123 717 3152 ut
743 3113 925 3151 terminus
954 3113 1134 3162 corporis.
1161 3111 1200 3149 Si
1223 3119 1351 3149 autem
1381 3112 1538 3161 accipia-

478 3176 538 3205 tur
563 3168 698 3205 vinum
719 3175 754 3205 et
782 3167 967 3215 amphora
986 3178 1158 3203 seorsum
1186 3166 1233 3202 ab
1263 3165 1438 3212 invicem,
1460 3177 1537 3202 non

479 3229 566 3258 sunt
593 3228 735 3269 partes:
755 3220 857 3257 unde
878 3219 999 3256 neutri
1028 3218 1208 3267 competit
1228 3230 1309 3254 esse
1338 3217 1375 3254 in
1400 3217 1535 3266 seipso.

480 3274 558 3311 Sed
586 3286 674 3310 cum
711 3281 797 3310 sunt
825 3272 956 3320 simul,
986 3279 1115 3321 utpote
1145 3283 1232 3308 curn
1262 3271 1447 3319 amphora
1484 3278 1539 3308 est

479 3328 591 3376 plena
618 3327 723 3374 vino,
744 3334 898 3375 propter
925 3326 999 3362 hoc
1027 3324 1131 3374 quod
1161 3332 1196 3361 et
1223 3324 1408 3373 amphora
1428 3331 1464 3360 et
1482 3323 1538 3360 vi-

482 3392 574 3416 num
594 3387 679 3416 sunt
698 3387 833 3428 partes,
863 3379 966 3416 idem
996 3378 1063 3415 erit
1090 3377 1127 3415 in
1156 3376 1293 3426 seipse,
1321 3384 1363 3413 ut
1391 3377 1537 3425 exposi—

482 3439 563 3467 tum
584 3440 638 3468 est
654 3433 683 3478 *,
706 3445 782 3469 non
802 3432 938 3481 primo,
960 3432 1026 3468 sed
1046 3443 1113 3479 per
1132 3438 1274 3479 partes:
1295 3429 1390 3466 sicut
1409 3429 1537 3467 album

244 3497 455 3524 *albumpriusnon
484 3496 561 3520 non
589 3484 711 3531 primo
732 3486 751 3505 *
781 3492 835 3521 est
863 3485 900 3522 in
927 3484 1095 3531 homine,
1126 3483 1194 3520 sed
1220 3494 1289 3532 per
1317 3494 1470 3531 corpus,
1501 3490 1536 3519 et

242 3524 313 3545 codd.
329 3527 349 3545 et
365 3529 379 3544 a
391 3523 410 3544 h.

484 3535 521 3572 in
551 3548 709 3584 corpore
737 3550 804 3585 per
833 3537 1084 3585 superficiem.
1112 3537 1154 3573 In
1182 3535 1380 3585 superficie
1410 3542 1536 3572 autem

485 3601 562 3625 non
596 3597 650 3624 est
682 3601 748 3636 per
782 3589 920 3638 aliquid
955 3589 1075 3627 aliud:
1109 3588 1212 3626 unde
1243 3588 1368 3638 primo
1405 3588 1538 3626 dicitur

1110 291 1454 329 PHYSICORUM
1481 291 1830 328 ARISTOTELIS
1861 292 1954 328 LIB.
1985 293 2034 329 lV

1589 382 1670 407 esse
1699 370 1737 407 in
1763 370 1974 418 superficie.
1997 371 2080 407 Nec
2101 378 2157 407 est
2174 370 2277 408 idem
2297 371 2335 408 id
2354 371 2392 408 in
2412 383 2488 421 quo
2510 378 2565 409 est
2584 371 2647 408 ali-

1589 423 1679 472 quid
1699 423 1838 472 primo,
1860 430 1896 459 et
1923 423 2028 473 quod
2049 431 2104 460 est
2122 423 2161 460 in
2182 435 2240 471 eo,
2261 423 2356 461 sicut
2374 425 2504 461 album
2534 432 2570 462 et
2589 437 2650 462 su-

1587 476 1778 524 perficies:
1809 476 1897 525 quia
1921 477 2034 513 altera
2054 483 2141 513 sunt
2168 476 2380 513 secundum
2401 476 2568 525 speciem
2587 489 2649 514 su-

1586 529 1761 577 perficies
1790 537 1827 565 et
1854 530 1996 576 album,
2027 536 2063 566 et
2091 529 2162 566 alia
2191 537 2247 565 est
2264 536 2398 566 natura
2417 537 2454 566 et
2479 530 2648 578 potentia

1587 581 1794 630 utriusque.

1641 646 1676 682 7.
1711 633 1859 671 Deinde
1899 646 1986 671 cum
2027 634 2135 671 dicit:
2172 635 2308 682 Neque
2344 633 2461 683 igitur
2496 634 2650 671 inducti-

1586 697 1632 723 νε
1647 694 1728 733 etc.,
1749 687 2130 724 ostensadifferentia
2154 687 2249 723 inter
2267 688 2341 723 hoc
2369 687 2473 735 quod
2494 694 2549 723 est
2567 699 2650 723 esse

1585 738 1710 787 primo
1729 739 1767 775 in
1788 739 1913 788 aliquo
1943 747 1979 776 et
1997 752 2076 777 non
2103 740 2243 789 primo,
2269 739 2432 776 ostendit
2450 739 2527 776 iam
2546 739 2651 788 quod

1586 791 1676 828 nihil
1696 798 1752 828 est
1778 792 1904 840 primo
1923 791 1962 829 in
1981 792 2118 841 seipso.
2144 794 2192 829 Et
2210 792 2336 841 primo
2361 792 2523 830 ostendit
2545 792 2652 841 quod

1587 856 1664 880 non
1693 844 1739 881 sit
1767 845 1907 893 aliquid
1925 845 2050 893 primo
2071 846 2109 882 in
2138 846 2263 894 seipso
2291 857 2360 894 per
2387 858 2448 892 se;
2479 845 2650 882 secundo

1586 897 1690 946 quod
1719 909 1797 934 non
1830 897 1875 934 sit
1907 897 2045 946 aliquid
2077 898 2202 947 primo
2235 897 2274 934 in
2302 897 2427 947 seipso
2459 910 2528 948 per
2556 897 2651 934 acci-

1587 951 1692 997 dens,
1713 949 1785 987 ibi:
1811 951 1864 987 At
1879 961 1969 987 vero
1989 962 2108 999 neque
2125 951 2329 988 secundum
2348 951 2520 988 accidens
2541 950 2561 971 '¹‘
2581 958 2649 987 etc.

1585 1002 1759 1039 Primum
1788 1003 1950 1040 ostendit
1979 1003 2193 1052 dupliciter,
2224 1003 2363 1040 scilicet
2397 1002 2587 1041 inductive
2616 1010 2653 1039 et

1586 1063 1741 1092 ratione.

1639 1108 1738 1145 Dicit
1766 1120 1855 1156 ergo
1874 1107 1999 1157 primo
2029 1108 2133 1157 quod
2159 1107 2437 1144 considerando
2457 1119 2526 1156 per
2544 1107 2652 1145 indu-

1587 1161 1751 1197 ctionem
1779 1160 1819 1197 in
1856 1161 2008 1208 singulis
2045 1161 2171 1198 modis
2200 1172 2314 1209 supra
2340 1161 2360 1181 '¹‘
2398 1159 2652 1197 determinatis

1586 1213 1724 1262 quibus
1762 1212 1895 1250 dicitur
1933 1213 2075 1262 aliquid
2113 1225 2194 1250 esse
2233 1213 2271 1250 in
2309 1212 2458 1262 aliquo,
2497 1219 2654 1262 apparet

1587 1266 1690 1314 quod
1720 1265 1810 1302 nihil
1840 1273 1894 1302 est
1922 1266 1960 1302 in
1989 1266 2114 1314 seipso
2141 1265 2268 1314 primo
2298 1273 2335 1303 et
2360 1278 2430 1314 per
2449 1278 2505 1302 se:
2527 1277 2652 1314 neque

1587 1319 1690 1355 enirn
1728 1318 1869 1366 aliquid
1898 1326 1953 1354 est
1990 1325 2112 1355 totum
2140 1318 2198 1355 sui
2227 1318 2368 1367 ipsius,
2406 1331 2532 1367 neque
2564 1330 2652 1368 pars

1587 1383 1711 1420 neque
1744 1383 1883 1418 genus,
1914 1378 1951 1407 et
1978 1370 2031 1407 sic
2064 1371 2112 1407 de
2145 1371 2234 1408 aliis.
2274 1371 2387 1408 Ponit
2413 1378 2541 1408 autem
2576 1371 2652 1408 hoc

1587 1423 1852 1460 concludendo
1883 1435 1928 1459 ex
1946 1423 2164 1472 praemissis
2184 1426 2216 1471 ⁶⁴,
2255 1423 2343 1473 quia
2371 1423 2465 1461 sicut
2492 1423 2650 1461 manife-

1587 1484 1687 1513 stum
1717 1484 1772 1513 est
1798 1476 1837 1512 in
1861 1476 1947 1512 albo
1969 1483 2005 1512 et
2023 1476 2063 1513 in
2083 1476 2295 1525 superficie,
2317 1489 2415 1526 quae
2443 1489 2484 1514 se
2511 1477 2654 1514 habent

1586 1537 1628 1566 ut
1651 1529 1774 1565 forma
1794 1536 1830 1565 et
1848 1529 2017 1576 materia,
2039 1530 2144 1578 quod
2166 1530 2185 1551 *
2208 1537 2295 1566 sunt
2318 1529 2420 1567 aliud
2439 1529 2652 1567 secundum
2679 1539 2688 1549 ·

1587 1581 1754 1631 speciem
1784 1589 1819 1618 et
1845 1581 2036 1629 virtutem,
2058 1582 2108 1619 ita
2133 1582 2245 1619 etiam
2263 1589 2390 1631 potest
2415 1582 2455 1619 in
2473 1582 2652 1620 omnibus

1587 1635 1666 1672 aliis
1695 1634 1821 1672 modis
1841 1634 2082 1672 considerari.

1641 1689 1676 1725 8.
1706 1687 1857 1725 Deinde
1887 1700 1975 1724 cum
2013 1687 2118 1724 dicit:
2146 1688 2198 1724 Et
2228 1688 2374 1724 ratione
2410 1687 2650 1736 manifestum

1586 1746 1641 1777 est
1667 1747 1749 1787 etc.,
1769 1740 1907 1789 probat
1925 1740 2028 1777 idem
2056 1740 2212 1778 ratione.
2235 1741 2283 1777 Et
2303 1740 2390 1778 dicit
2409 1740 2652 1779 manifestum

1588 1805 1669 1830 esse
1697 1805 1766 1842 per
1794 1793 1980 1830 rationem
2017 1794 2123 1841 quod
2158 1793 2392 1842 impossibile
2421 1801 2477 1830 est
2510 1792 2652 1843 aliquid

1588 1858 1668 1883 esse
1697 1845 1822 1894 primo
1852 1853 1889 1882 et
1915 1858 1985 1894 per
2011 1858 2052 1882 se
2079 1846 2119 1883 in
2146 1846 2283 1895 seipso.
2313 1846 2352 1883 Si
2381 1845 2482 1883 enim
2511 1845 2652 1895 aliquid

1585 1899 1710 1947 primo
1731 1906 1768 1935 et
1785 1911 1855 1947 per
1882 1911 1921 1935 se
1941 1898 1987 1935 sit
2008 1898 2047 1935 in
2066 1898 2203 1947 seipso,
2225 1906 2374 1947 oportet
2393 1899 2497 1947 quod
2526 1899 2651 1936 eidem

1587 1959 1623 1988 et
1650 1951 1862 1988 secundum
1890 1951 1993 1988 idem
2023 1951 2225 1988 conveniat
2256 1951 2349 1988 ratio
2380 1951 2460 1988 eius
2477 1953 2496 1973 *
2516 1951 2554 1988 in
2573 1963 2650 2001 quo

1588 2011 1643 2041 est
1670 2003 1831 2053 aliquid,
1862 2011 1898 2041 et
1926 2003 2019 2040 ratio
2049 2004 2128 2041 eius
2161 2004 2266 2053 quod
2299 2011 2354 2041 est
2381 2004 2420 2041 in
2448 2016 2506 2041 eo.
2537 2003 2651 2042 Unde

1587 2064 1737 2106 oportet
1774 2057 1878 2106 quod
1913 2064 2139 2105 utrumque,
2168 2057 2306 2094 scilicet
2337 2064 2416 2094 tarn
2454 2057 2651 2094 continens

1587 2122 1703 2159 quam
1719 2117 1951 2158 contentum,
1972 2109 2018 2146 sit
2040 2118 2263 2158 utrumque;
2282 2117 2323 2146 ut
2335 2117 2428 2158 puta
2447 2109 2554 2158 quod
2571 2121 2651 2146 am·

1587 2163 1708 2212 phora
1737 2162 1782 2199 sit
1807 2174 1876 2199 vas
1905 2170 1941 2199 et
1966 2163 2102 2200 vinum
2115 2192 2124 2210 ,
2154 2170 2190 2199 et
2216 2162 2351 2199 vinum
2379 2162 2425 2199 sit
2452 2162 2587 2199 vinum
2615 2169 2654 2199 et

1589 2216 1786 2264 amphora,
1803 2215 1833 2251 si
1852 2215 1977 2263 primo
1994 2222 2030 2251 et
2042 2227 2111 2263 per
2129 2227 2170 2251 se
2190 2214 2370 2263 contingit
2381 2215 2401 2236 *
2414 2214 2554 2263 aliquid
2569 2226 2651 2252 esse

1588 2268 1627 2305 in
1655 2268 1792 2317 seipso.
1814 2268 1926 2305 Unde
1953 2268 2029 2304 hoc
2055 2267 2191 2316 posito,
2219 2267 2358 2305 scilicet
2385 2267 2490 2316 quod
2516 2267 2652 2305 vinum

1589 2322 1634 2358 sit
1662 2322 1849 2370 amphora
1877 2328 1912 2357 et
1938 2320 2085 2368 vinum,
2107 2327 2144 2357 et
2170 2321 2357 2369 amphora
2381 2320 2426 2358 sit
2453 2320 2587 2358 vinum
2615 2327 2653 2357 et

1590 2375 1787 2423 amphora,
1809 2373 1844 2410 si'
1867 2373 1950 2422 quis
1988 2372 2086 2410 dicat
2113 2374 2218 2422 quod
2254 2374 2578 2410 alterum.eorum
2607 2372 2653 2410 sit

1590 2428 1628 2464 in
1655 2427 1791 2472 altero,
1821 2433 1863 2462 ut
1889 2433 1981 2475 puta
2007 2426 2142 2463 vinum
2174 2426 2212 2462 in
2246 2426 2454 2474 amphora,
2483 2426 2653 2475 sequitur

1590 2480 1698 2528 quod
1722 2479 1856 2515 vinum
1885 2478 2085 2527 recipiatur
2112 2478 2151 2515 in
2178 2479 2366 2527 amphora
2388 2491 2468 2515 non
2493 2478 2652 2528 inquan-

1589 2541 1671 2570 tum
1699 2531 1834 2568 vinum
1863 2538 1937 2578 est,
1968 2532 2035 2568 sed
2062 2531 2288 2580 inquantum
2316 2531 2450 2568 vinum
2485 2538 2541 2568 est
2567 2531 2651 2580 illa,

1590 2585 1728 2622 scilicet
1748 2585 1945 2633 amphora.
1963 2584 2104 2631 Quare,
2120 2584 2151 2620 si
2171 2596 2251 2621 esse
2271 2583 2310 2621 in
2325 2585 2512 2633 amphora
2525 2583 2651 2633 primo

1591 2646 1626 2674 et
1652 2649 1721 2686 per
1749 2649 1789 2674 se
1818 2636 1995 2673 convenit
2023 2637 2232 2685 amphorae
2265 2649 2310 2673 ex
2339 2649 2384 2673 eo
2413 2638 2517 2686 quod
2544 2637 2651 2687 poni-

1589 2698 1650 2727 tur
1677 2689 1816 2738 aliquid
1843 2689 1968 2738 primo
1999 2697 2035 2726 et
2061 2701 2129 2738 per
2157 2702 2197 2726 se
2225 2689 2263 2726 in
2297 2690 2421 2739 seipso
2460 2701 2562 2737 esse,
2596 2702 2652 2727 se-

1591 2743 1717 2792 quitur
1754 2742 1857 2791 quod
1886 2742 1976 2779 nihil
2003 2743 2122 2791 possit
2159 2742 2230 2780 dici
2260 2755 2340 2780 esse
2368 2743 2407 2780 in
2444 2743 2651 2792 amphora,

1590 2796 1661 2833 nisi
1689 2796 1913 2844 inquantum
1932 2795 2058 2844 ipsum
2088 2803 2144 2832 est
2162 2796 2360 2845 amphora.
2388 2796 2436 2832 Et
2463 2796 2528 2843 sic,
2549 2795 2579 2833 si
2597 2795 2653 2834 vi-

1590 2861 1684 2886 num
1704 2848 1848 2885 dicatur
1867 2860 1949 2885 esse
1977 2847 2015 2885 in
2035 2849 2233 2897 amphora,
2254 2848 2422 2897 sequitur
2445 2848 2550 2898 quod
2569 2861 2652 2886 esse

1591 2902 1628 2938 in
1657 2902 1843 2950 amphora
1871 2901 2051 2950 competit
2076 2901 2181 2948 vino,
2202 2914 2280 2939 non
2307 2901 2519 2938 secundum
2547 2902 2653 2950 quod

1590 2954 1724 2991 vinum
1745 2961 1799 2991 est
1817 2954 1962 3000 vinum,
1983 2954 2050 2991 sed
2079 2954 2291 2992 secundum
2319 2954 2425 3003 quod
2441 2954 2577 2991 vinum
2597 2961 2653 2991 est

1591 3008 1788 3056 amphora.
1809 3007 1858 3043 Et
1886 3006 2022 3043 eadem
2051 3006 2206 3055 ratione,
2227 3007 2257 3044 si
2285 3007 2472 3056 amphora
2499 3006 2654 3056 recipiat

1590 3059 1736 3106 vinum,
1764 3059 1916 3108 recipiet
1942 3059 2068 3108 ipsum
2097 3072 2175 3097 non
2211 3059 2438 3108 inquantum
2466 3060 2653 3108 amphora

1593 3120 1647 3150 est
1675 3113 1871 3161 amphora,
1892 3112 1959 3149 sed
1978 3112 2202 3161 inquantum
2223 3113 2410 3161 amphora
2431 3120 2487 3149 est
2503 3112 2650 3150 vinum.

1593 3166 1679 3202 Hoc
1706 3172 1834 3202 autern
1873 3172 1927 3201 est
1955 3164 2237 3202 inconveniens.
2266 3165 2377 3203 Unde
2410 3165 2651 3203 manifestum

1593 3225 1658 3265 est,
1680 3218 1784 3267 quod
1817 3217 2029 3254 secundum
2058 3218 2213 3255 alteram
2251 3218 2438 3255 rationem
2467 3223 2528 3255 est·
2549 3218 2589 3255 id
2614 3219 2652 3256 in

1592 3283 1677 3320 quo,
1699 3278 1734 3308 et
1752 3270 1853 3320 quod
1874 3271 1910 3307 in
1930 3271 2011 3308 hoc.
2033 3271 2116 3308 Alia
2137 3278 2192 3308 est
2211 3271 2312 3308 enirn
2333 3271 2427 3308 ratio
2448 3270 2528 3308 eius
2547 3270 2652 3321 quod

1593 3331 1647 3361 est
1679 3323 1717 3361 in
1750 3323 1896 3372 aliquo,
1933 3331 1969 3360 et
2001 3323 2080 3361 eius
2108 3323 2146 3361 in
2180 3336 2257 3372 quo
2288 3331 2343 3361 est
2375 3324 2527 3373 aliquid.
2562 3324 2653 3361 Non

1591 3384 1715 3426 potest
1743 3389 1831 3424 ergo
1859 3389 1928 3425 per
1956 3389 1997 3414 se
2026 3385 2061 3413 et
2087 3376 2212 3426 primo
2245 3377 2384 3426 aliquid
2419 3389 2501 3414 esse
2528 3376 2567 3414 in
2594 3388 2651 3414 se-

1593 3442 1686 3479 1pso.

1646 3495 1681 3531 9.
1703 3482 1850 3520 Deinde
1872 3494 1958 3519 cum
1988 3482 2091 3520 dicit:
2116 3483 2168 3519 At
2184 3494 2274 3520 vero
2303 3493 2422 3531 neque
2447 3481 2649 3519 secundum

1591 3536 1762 3573 accidens
1782 3543 1864 3582 etc.,
1886 3534 2048 3572 ostendit
2065 3535 2169 3583 quod
2198 3547 2275 3572 non
2304 3534 2350 3572 sit
2368 3533 2508 3583 aliquid
2525 3532 2649 3583 primo

1592 3589 1628 3625 in
1657 3589 1781 3638 seipso
1803 3589 1914 3625 etiam
1939 3588 2150 3625 secundum
2170 3587 2354 3625 accidens.
2376 3586 2521 3624 Dicitur
2548 3585 2650 3622 enirn

2678 957 2689 968 ⁶
2703 955 2774 978 Num.
2783 962 2808 984 9.

2678 1167 2690 1179 ⁴
2704 1166 2775 1189 Num.
2789 1173 2810 1189 2.

2680 1430 2689 1439 '
2704 1429 2775 1452 Num.
2783 1435 2803 1458 5,
2814 1429 2838 1452 6.

2703 1544 2765 1567 qnae
2779 1544 2883 1565 mar.

2677 1962 2690 1974 ⁴
2703 1961 2805 1984 dudm
2815 1967 2891 1985 runc
2911 1947 2912 1950 Ἴ

2678 1988 2779 2014 errab.

2677 2225 2688 2236 ⁸
2702 2224 2810 2246 convenit
2814 2223 2860 2247 »ab
2867 2227 2891 2246 et

2679 2250 2747 2272 codd.
2761 2256 2812 2273 exc.
2830 2255 2892 2273 unm

2677 2283 2762 2300 ιικοιι.
2881 2295 2884 2298 .
