<?xml version="1.0" encoding="UTF-8"?>
<!DOCTYPE html PUBLIC "-//W3C//DTD XHTML 1.0 Transitional//EN"
    "http://www.w3.org/TR/xhtml1/DTD/xhtml1-transitional.dtd">
<html xmlns="http://www.w3.org/1999/xhtml" xml:lang="en" lang="en">
 <head>
  <title>
</title>
<meta http-equiv="Content-Type" content="text/html;charset=utf-8" />
  <meta name='ocr-system' content='tesseract 3.04.00' />
  <meta name='ocr-capabilities' content='ocr_page ocr_carea ocr_par ocr_line ocrx_word'/>
</head>
<body>
  <div class='ocr_page' id='page_1' title='image "./operaomniaiussui02thom_0369.png"; bbox 0 0 2898 3996; ppageno 0'>
   <div class='ocr_carea' id='block_1_1' title="bbox 0 145 227 3996">
    <p class='ocr_par' dir='ltr' id='par_1_1' title="bbox 0 145 227 3996">
     <span class='ocr_line' id='line_1_1' title="bbox 0 145 227 3996; baseline 0 0"><span class='ocrx_word' id='word_1_1' title='bbox 0 145 227 3996; x_wconf 95' lang='lat' dir='ltr'> </span> 
     </span>
    </p>
   </div>
   <div class='ocr_carea' id='block_1_2' title="bbox 40 1527 213 1549">
    <p class='ocr_par' dir='ltr' id='par_1_2' title="bbox 32 1507 213 1549">
     <span class='ocr_line' id='line_1_2' title="bbox 40 1527 213 1549; baseline -0.006 -6.044"><span class='ocrx_word' id='word_1_2' title='bbox 40 1535 53 1541; x_wconf 53' lang='lat'>.-</span> <span class='ocrx_word' id='word_1_3' title='bbox 77 1527 159 1549; x_wconf 54' lang='lat' dir='ltr'>praec.</span> <span class='ocrx_word' id='word_1_4' title='bbox 166 1527 213 1547; x_wconf 88' lang='lat' dir='ltr'>n.4.</span> 
     </span>
    </p>
   </div>
   <div class='ocr_carea' id='block_1_3' title="bbox 33 1549 214 1576">
    <p class='ocr_par' dir='ltr' id='par_1_3' title="bbox 33 1549 214 1576">
     <span class='ocr_line' id='line_1_3' title="bbox 33 1549 214 1576; baseline 0 -7"><span class='ocrx_word' id='word_1_5' title='bbox 33 1549 214 1576; x_wconf 63' lang='lat' dir='ltr'>aren-tentatus</span> 
     </span>
    </p>
   </div>
   <div class='ocr_carea' id='block_1_4' title="bbox 1084 283 1552 330">
    <p class='ocr_par' dir='ltr' id='par_1_4' title="bbox 1084 283 1552 330">
     <span class='ocr_line' id='line_1_4' title="bbox 1084 283 1552 330; baseline -0.002 -9"><span class='ocrx_word' id='word_1_6' title='bbox 1084 285 1195 321; x_wconf 84' lang='lat' dir='ltr'>CAP.</span> <span class='ocrx_word' id='word_1_7' title='bbox 1225 285 1292 330; x_wconf 85' lang='lat'>111,</span> <span class='ocrx_word' id='word_1_8' title='bbox 1323 283 1472 320; x_wconf 86' lang='lat' dir='ltr'>LECT.</span> <span class='ocrx_word' id='word_1_9' title='bbox 1501 284 1552 320; x_wconf 85' lang='lat' dir='ltr'>Vl</span> 
     </span>
    </p>
   </div>
   <div class='ocr_carea' id='block_1_5' title="bbox 206 363 1298 1093">
    <p class='ocr_par' dir='ltr' id='par_1_5' title="bbox 238 363 1298 728">
     <span class='ocr_line' id='line_1_5' title="bbox 239 363 1298 413; baseline -0.003 -11"><span class='ocrx_word' id='word_1_10' title='bbox 239 366 406 403; x_wconf 83' lang='lat' dir='ltr'><strong><em>maxime</em></strong></span> <span class='ocrx_word' id='word_1_11' title='bbox 424 364 585 401; x_wconf 83' lang='lat' dir='ltr'>circulus</span> <span class='ocrx_word' id='word_1_12' title='bbox 599 370 662 410; x_wconf 83' lang='lat' dir='ltr'>est,</span> <span class='ocrx_word' id='word_1_13' title='bbox 678 364 772 401; x_wconf 88' lang='lat' dir='ltr'>idest</span> <span class='ocrx_word' id='word_1_14' title='bbox 789 365 977 413; x_wconf 92' lang='lat' dir='ltr'>perfectus</span> <span class='ocrx_word' id='word_1_15' title='bbox 998 363 1170 409; x_wconf 89' lang='lat' dir='ltr'>circulus,</span> <span class='ocrx_word' id='word_1_16' title='bbox 1182 374 1298 410; x_wconf 86' lang='lat' dir='ltr'>quan-</span> 
     </span>
     <span class='ocr_line' id='line_1_6' title="bbox 239 415 1297 463; baseline -0.004 -9"><span class='ocrx_word' id='word_1_17' title='bbox 239 419 286 454; x_wconf 87' lang='lat' dir='ltr'>do</span> <span class='ocrx_word' id='word_1_18' title='bbox 313 417 481 454; x_wconf 87' lang='lat' dir='ltr'><strong><em>maxime</em></strong></span> <span class='ocrx_word' id='word_1_19' title='bbox 508 422 562 453; x_wconf 82' lang='lat' dir='ltr'>est</span> <span class='ocrx_word' id='word_1_20' title='bbox 585 418 788 454; x_wconf 83' lang='lat' dir='ltr'>secundum</span> <span class='ocrx_word' id='word_1_21' title='bbox 816 423 1004 462; x_wconf 87' lang='lat' dir='ltr'>naturam,</span> <span class='ocrx_word' id='word_1_22' title='bbox 1024 416 1119 453; x_wconf 88' lang='lat' dir='ltr'>idest</span> <span class='ocrx_word' id='word_1_23' title='bbox 1143 415 1297 463; x_wconf 89' lang='lat' dir='ltr'>quando</span> 
     </span>
     <span class='ocr_line' id='line_1_7' title="bbox 238 468 1296 521; baseline -0.003 -15"><span class='ocrx_word' id='word_1_24' title='bbox 238 470 353 507; x_wconf 89' lang='lat' dir='ltr'>habet</span> <span class='ocrx_word' id='word_1_25' title='bbox 372 469 644 521; x_wconf 83' lang='lat' dir='ltr'>perfectionem</span> <span class='ocrx_word' id='word_1_26' title='bbox 673 482 762 506; x_wconf 90' lang='lat' dir='ltr'>suae</span> <span class='ocrx_word' id='word_1_27' title='bbox 791 470 948 506; x_wconf 90' lang='lat' dir='ltr'>formae.</span> <span class='ocrx_word' id='word_1_28' title='bbox 977 468 1038 504; x_wconf 91' lang='lat' dir='ltr'>Sic</span> <span class='ocrx_word' id='word_1_29' title='bbox 1068 480 1156 515; x_wconf 91' lang='lat' dir='ltr'>ergo</span> <span class='ocrx_word' id='word_1_30' title='bbox 1185 474 1296 515; x_wconf 90' lang='lat' dir='ltr'>patet,</span> 
     </span>
     <span class='ocr_line' id='line_1_8' title="bbox 239 519 1297 570; baseline -0.004 -12"><span class='ocrx_word' id='word_1_31' title='bbox 239 522 343 570; x_wconf 92' lang='lat' dir='ltr'>quod</span> <span class='ocrx_word' id='word_1_32' title='bbox 364 534 452 558; x_wconf 89' lang='lat' dir='ltr'>cum</span> <span class='ocrx_word' id='word_1_33' title='bbox 480 522 529 558; x_wconf 90' lang='lat' dir='ltr'>ad</span> <span class='ocrx_word' id='word_1_34' title='bbox 555 522 828 570; x_wconf 86' lang='lat' dir='ltr'>perfectionem</span> <span class='ocrx_word' id='word_1_35' title='bbox 857 522 1001 558; x_wconf 87' lang='lat' dir='ltr'>formae</span> <span class='ocrx_word' id='word_1_36' title='bbox 1032 519 1226 556; x_wconf 91' lang='lat' dir='ltr'>cuiuslibet</span> <span class='ocrx_word' id='word_1_37' title='bbox 1246 519 1297 555; x_wconf 90' lang='lat' dir='ltr'>rei</span> 
     </span>
     <span class='ocr_line' id='line_1_9' title="bbox 240 571 1298 623; baseline -0.004 -12"><span class='ocrx_word' id='word_1_38' title='bbox 240 582 494 623; x_wconf 86' lang='lat' dir='ltr'>consequatur</span> <span class='ocrx_word' id='word_1_39' title='bbox 519 574 638 611; x_wconf 89' lang='lat' dir='ltr'>virtus</span> <span class='ocrx_word' id='word_1_40' title='bbox 666 574 758 621; x_wconf 91' lang='lat' dir='ltr'>eius,</span> <span class='ocrx_word' id='word_1_41' title='bbox 784 574 887 622; x_wconf 91' lang='lat' dir='ltr'>quod</span> <span class='ocrx_word' id='word_1_42' title='bbox 914 581 1004 609; x_wconf 88' lang='lat' dir='ltr'>tunc</span> <span class='ocrx_word' id='word_1_43' title='bbox 1021 577 1036 599; x_wconf 78' lang='lat'>⁷</span> <span class='ocrx_word' id='word_1_44' title='bbox 1055 571 1298 619; x_wconf 92' lang='lat' dir='ltr'>unumquod—</span> 
     </span>
     <span class='ocr_line' id='line_1_10' title="bbox 240 624 1296 675; baseline -0.004 -12"><span class='ocrx_word' id='word_1_45' title='bbox 240 639 314 675; x_wconf 89' lang='lat' dir='ltr'>que</span> <span class='ocrx_word' id='word_1_46' title='bbox 332 627 542 675; x_wconf 88' lang='lat' dir='ltr'>perfectum</span> <span class='ocrx_word' id='word_1_47' title='bbox 572 634 637 673; x_wconf 90' lang='lat' dir='ltr'>est,</span> <span class='ocrx_word' id='word_1_48' title='bbox 667 627 820 675; x_wconf 83' lang='lat' dir='ltr'>quando</span> <span class='ocrx_word' id='word_1_49' title='bbox 846 626 960 662; x_wconf 89' lang='lat' dir='ltr'>habet</span> <span class='ocrx_word' id='word_1_50' title='bbox 978 637 1088 660; x_wconf 88' lang='lat' dir='ltr'>suam</span> <span class='ocrx_word' id='word_1_51' title='bbox 1106 624 1296 661; x_wconf 89' lang='lat' dir='ltr'>virtutem.</span> 
     </span>
     <span class='ocr_line' id='line_1_11' title="bbox 241 676 1295 728; baseline -0.005 -12"><span class='ocrx_word' id='word_1_52' title='bbox 241 680 291 716; x_wconf 92' lang='lat' dir='ltr'>Et</span> <span class='ocrx_word' id='word_1_53' title='bbox 308 679 358 716; x_wconf 89' lang='lat' dir='ltr'>ita</span> <span class='ocrx_word' id='word_1_54' title='bbox 378 679 546 728; x_wconf 84' lang='lat' dir='ltr'>sequitur</span> <span class='ocrx_word' id='word_1_55' title='bbox 564 679 670 726; x_wconf 90' lang='lat' dir='ltr'>quod</span> <span class='ocrx_word' id='word_1_56' title='bbox 687 679 804 715; x_wconf 89' lang='lat' dir='ltr'>virtus</span> <span class='ocrx_word' id='word_1_57' title='bbox 824 678 870 714; x_wconf 91' lang='lat' dir='ltr'>sit</span> <span class='ocrx_word' id='word_1_58' title='bbox 892 676 1072 726; x_wconf 86' lang='lat' dir='ltr'>perfectio</span> <span class='ocrx_word' id='word_1_59' title='bbox 1095 676 1295 724; x_wconf 88' lang='lat' dir='ltr'>quaedam.</span> 
     </span>
    </p>

    <p class='ocr_par' dir='ltr' id='par_1_6' title="bbox 206 729 1298 1093">
     <span class='ocr_line' id='line_1_12' title="bbox 294 729 1297 779; baseline -0.004 -11"><span class='ocrx_word' id='word_1_60' title='bbox 294 733 352 768; x_wconf 86' lang='lat' dir='ltr'>Ex</span> <span class='ocrx_word' id='word_1_61' title='bbox 378 733 450 768; x_wconf 91' lang='lat' dir='ltr'>hac</span> <span class='ocrx_word' id='word_1_62' title='bbox 479 739 605 768; x_wconf 90' lang='lat' dir='ltr'>autem</span> <span class='ocrx_word' id='word_1_63' title='bbox 633 730 892 779; x_wconf 90' lang='lat' dir='ltr'>propositione</span> <span class='ocrx_word' id='word_1_64' title='bbox 917 729 970 766; x_wconf 93' lang='lat' dir='ltr'>sic</span> <span class='ocrx_word' id='word_1_65' title='bbox 988 729 1159 777; x_wconf 89' lang='lat' dir='ltr'>probata,</span> <span class='ocrx_word' id='word_1_66' title='bbox 1182 729 1297 765; x_wconf 91' lang='lat' dir='ltr'>Corn-</span> 
     </span>
     <span class='ocr_line' id='line_1_13' title="bbox 240 779 1298 830; baseline -0.004 -9"><span class='ocrx_word' id='word_1_67' title='bbox 240 791 429 821; x_wconf 91' lang='lat' dir='ltr'>mentator</span> <span class='ocrx_word' id='word_1_68' title='bbox 455 783 508 820; x_wconf 91' lang='lat' dir='ltr'>sic</span> <span class='ocrx_word' id='word_1_69' title='bbox 535 782 876 830; x_wconf 87' lang='lat' dir='ltr'>argumentandum</span> <span class='ocrx_word' id='word_1_70' title='bbox 906 781 994 817; x_wconf 89' lang='lat' dir='ltr'>dicit</span> <span class='ocrx_word' id='word_1_71' title='bbox 1012 779 1036 818; x_wconf 63' lang='grc' dir='ltr'>δ.</span> <span class='ocrx_word' id='word_1_72' title='bbox 1059 781 1195 818; x_wconf 91' lang='lat' dir='ltr'>Omnis</span> <span class='ocrx_word' id='word_1_73' title='bbox 1215 793 1298 829; x_wconf 90' lang='lat' dir='ltr'>per-</span> 
     </span>
     <span class='ocr_line' id='line_1_14' title="bbox 240 833 1298 883; baseline -0.003 -10"><span class='ocrx_word' id='word_1_74' title='bbox 240 836 349 873; x_wconf 89' lang='lat' dir='ltr'>fectio</span> <span class='ocrx_word' id='word_1_75' title='bbox 370 843 426 872; x_wconf 91' lang='lat' dir='ltr'>est</span> <span class='ocrx_word' id='word_1_76' title='bbox 444 835 602 883; x_wconf 89' lang='lat' dir='ltr'>simplex</span> <span class='ocrx_word' id='word_1_77' title='bbox 622 842 657 871; x_wconf 92' lang='lat' dir='ltr'>et</span> <span class='ocrx_word' id='word_1_78' title='bbox 670 833 919 871; x_wconf 88' lang='lat' dir='ltr'>indivisibilis:</span> <span class='ocrx_word' id='word_1_79' title='bbox 941 834 1151 870; x_wconf 90' lang='lat' dir='ltr'>secundum</span> <span class='ocrx_word' id='word_1_80' title='bbox 1171 842 1298 870; x_wconf 89' lang='lat' dir='ltr'>autem</span> 
     </span>
     <span class='ocr_line' id='line_1_15' title="bbox 240 883 1297 935; baseline -0.003 -10"><span class='ocrx_word' id='word_1_81' title='bbox 240 889 330 925; x_wconf 90' lang='lat' dir='ltr'>nihil</span> <span class='ocrx_word' id='word_1_82' title='bbox 350 883 508 935; x_wconf 86' lang='lat' dir='ltr'>simplex</span> <span class='ocrx_word' id='word_1_83' title='bbox 527 894 563 923; x_wconf 92' lang='lat' dir='ltr'>et</span> <span class='ocrx_word' id='word_1_84' title='bbox 581 886 806 924; x_wconf 88' lang='lat' dir='ltr'>indivisibile</span> <span class='ocrx_word' id='word_1_85' title='bbox 827 894 882 923; x_wconf 92' lang='lat' dir='ltr'>est</span> <span class='ocrx_word' id='word_1_86' title='bbox 900 886 1079 932; x_wconf 83' lang='lat' dir='ltr'>alteratio,</span> <span class='ocrx_word' id='word_1_87' title='bbox 1096 898 1219 934; x_wconf 90' lang='lat' dir='ltr'>neque</span> <span class='ocrx_word' id='word_1_88' title='bbox 1235 886 1297 922; x_wconf 86' lang='lat' dir='ltr'>ali-</span> 
     </span>
     <span class='ocr_line' id='line_1_16' title="bbox 206 939 1297 989; baseline 0.001 -15"><span class='ocrx_word' id='word_1_89' title='bbox 206 967 212 974; x_wconf 96' lang='lat'>.</span> <span class='ocrx_word' id='word_1_90' title='bbox 240 941 325 989; x_wconf 89' lang='lat' dir='ltr'>quis</span> <span class='ocrx_word' id='word_1_91' title='bbox 343 947 481 985; x_wconf 89' lang='lat' dir='ltr'>motus,</span> <span class='ocrx_word' id='word_1_92' title='bbox 497 946 539 975; x_wconf 89' lang='lat' dir='ltr'>ut</span> <span class='ocrx_word' id='word_1_93' title='bbox 557 951 671 988; x_wconf 91' lang='lat' dir='ltr'>supra</span> <span class='ocrx_word' id='word_1_94' title='bbox 691 940 710 960; x_wconf 64' lang='lat'>²³</span> <span class='ocrx_word' id='word_1_95' title='bbox 729 939 932 987; x_wconf 90' lang='lat' dir='ltr'>probatum</span> <span class='ocrx_word' id='word_1_96' title='bbox 954 946 1025 975; x_wconf 89' lang='lat' dir='ltr'>est:</span> <span class='ocrx_word' id='word_1_97' title='bbox 1056 951 1144 986; x_wconf 88' lang='lat' dir='ltr'>ergo</span> <span class='ocrx_word' id='word_1_98' title='bbox 1165 951 1297 975; x_wconf 91' lang='lat' dir='ltr'>secun-</span> 
     </span>
     <span class='ocr_line' id='line_1_17' title="bbox 241 991 1298 1039; baseline -0.001 -11"><span class='ocrx_word' id='word_1_99' title='bbox 241 993 332 1029; x_wconf 89' lang='lat' dir='ltr'>dum</span> <span class='ocrx_word' id='word_1_100' title='bbox 350 991 528 1029; x_wconf 87' lang='lat' dir='ltr'>virtutem</span> <span class='ocrx_word' id='word_1_101' title='bbox 547 1003 625 1028; x_wconf 93' lang='lat' dir='ltr'>non</span> <span class='ocrx_word' id='word_1_102' title='bbox 641 999 695 1028; x_wconf 88' lang='lat' dir='ltr'>est</span> <span class='ocrx_word' id='word_1_103' title='bbox 714 991 894 1028; x_wconf 85' lang='lat' dir='ltr'>alteratio.</span> <span class='ocrx_word' id='word_1_104' title='bbox 917 992 992 1028; x_wconf 90' lang='lat' dir='ltr'>Sed</span> <span class='ocrx_word' id='word_1_105' title='bbox 1012 991 1079 1027; x_wconf 91' lang='lat' dir='ltr'>iste</span> <span class='ocrx_word' id='word_1_106' title='bbox 1098 1003 1298 1039; x_wconf 85' lang='lat' dir='ltr'>processus</span> 
     </span>
     <span class='ocr_line' id='line_1_18' title="bbox 238 1043 1296 1093; baseline -0.001 -13"><span class='ocrx_word' id='word_1_107' title='bbox 238 1056 317 1081; x_wconf 91' lang='lat' dir='ltr'>non</span> <span class='ocrx_word' id='word_1_108' title='bbox 355 1043 535 1093; x_wconf 90' lang='lat' dir='ltr'>competit</span> <span class='ocrx_word' id='word_1_109' title='bbox 557 1044 596 1080; x_wconf 92' lang='lat' dir='ltr'>in</span> <span class='ocrx_word' id='word_1_110' title='bbox 633 1056 678 1080; x_wconf 92' lang='lat' dir='ltr'>eo</span> <span class='ocrx_word' id='word_1_111' title='bbox 717 1044 819 1093; x_wconf 92' lang='lat' dir='ltr'>quod</span> <span class='ocrx_word' id='word_1_112' title='bbox 853 1044 1024 1080; x_wconf 86' lang='lat' dir='ltr'>subditur</span> <span class='ocrx_word' id='word_1_113' title='bbox 1057 1043 1104 1080; x_wconf 92' lang='lat' dir='ltr'>de</span> <span class='ocrx_word' id='word_1_114' title='bbox 1137 1043 1296 1089; x_wconf 88' lang='lat' dir='ltr'>malitia,</span> 
     </span>
    </p>
   </div>
   <div class='ocr_carea' id='block_1_6' title="bbox 107 1095 1298 1146">
    <p class='ocr_par' dir='ltr' id='par_1_7' title="bbox 107 1095 1298 1146">
     <span class='ocr_line' id='line_1_19' title="bbox 107 1095 1298 1146; baseline -0.004 -10"><span class='ocrx_word' id='word_1_115' title='bbox 107 1125 113 1136; x_wconf 81' lang='grc'><strong><em>,</em></strong></span> <span class='ocrx_word' id='word_1_116' title='bbox 159 1108 165 1113; x_wconf 86' lang='grc'><em>·</em></span> <span class='ocrx_word' id='word_1_117' title='bbox 205 1123 211 1129; x_wconf 87' lang='grc'>-</span> <span class='ocrx_word' id='word_1_118' title='bbox 239 1097 345 1146; x_wconf 91' lang='lat' dir='ltr'>quod</span> <span class='ocrx_word' id='word_1_119' title='bbox 361 1098 379 1117; x_wconf 74' lang='lat'>’¹‘</span> <span class='ocrx_word' id='word_1_120' title='bbox 395 1096 532 1133; x_wconf 86' lang='lat' dir='ltr'>scilicet</span> <span class='ocrx_word' id='word_1_121' title='bbox 560 1104 615 1133; x_wconf 91' lang='lat' dir='ltr'>est</span> <span class='ocrx_word' id='word_1_122' title='bbox 642 1096 830 1146; x_wconf 84' lang='lat' dir='ltr'>corruptio</span> <span class='ocrx_word' id='word_1_123' title='bbox 861 1104 897 1133; x_wconf 91' lang='lat' dir='ltr'>et</span> <span class='ocrx_word' id='word_1_124' title='bbox 915 1095 1075 1132; x_wconf 92' lang='lat' dir='ltr'>remotio</span> <span class='ocrx_word' id='word_1_125' title='bbox 1103 1096 1298 1143; x_wconf 87' lang='lat' dir='ltr'>perfectio-</span> 
     </span>
    </p>
   </div>
   <div class='ocr_carea' id='block_1_7' title="bbox 240 1148 1303 3299">
    <p class='ocr_par' dir='ltr' id='par_1_8' title="bbox 240 1148 1299 1880">
     <span class='ocr_line' id='line_1_20' title="bbox 240 1148 1296 1198; baseline -0.002 -12"><span class='ocrx_word' id='word_1_126' title='bbox 240 1149 309 1186; x_wconf 85' lang='lat' dir='ltr'>nis.</span> <span class='ocrx_word' id='word_1_127' title='bbox 330 1149 410 1186; x_wconf 87' lang='lat' dir='ltr'>Etsi</span> <span class='ocrx_word' id='word_1_128' title='bbox 430 1150 532 1186; x_wconf 92' lang='lat' dir='ltr'>enim</span> <span class='ocrx_word' id='word_1_129' title='bbox 559 1149 738 1198; x_wconf 88' lang='lat' dir='ltr'>perfectio</span> <span class='ocrx_word' id='word_1_130' title='bbox 758 1149 803 1186; x_wconf 92' lang='lat' dir='ltr'>sit</span> <span class='ocrx_word' id='word_1_131' title='bbox 822 1149 980 1197; x_wconf 88' lang='lat' dir='ltr'>simplex</span> <span class='ocrx_word' id='word_1_132' title='bbox 1000 1155 1036 1185; x_wconf 92' lang='lat' dir='ltr'>et</span> <span class='ocrx_word' id='word_1_133' title='bbox 1053 1148 1296 1195; x_wconf 89' lang='lat' dir='ltr'>indivisibilis,</span> 
     </span>
     <span class='ocr_line' id='line_1_21' title="bbox 241 1201 1299 1250; baseline -0.001 -12"><span class='ocrx_word' id='word_1_134' title='bbox 241 1201 418 1239; x_wconf 86' lang='lat' dir='ltr'>recedere</span> <span class='ocrx_word' id='word_1_135' title='bbox 446 1209 575 1238; x_wconf 89' lang='lat' dir='ltr'>tamen</span> <span class='ocrx_word' id='word_1_136' title='bbox 594 1213 616 1238; x_wconf 92' lang='lat' dir='ltr'>a</span> <span class='ocrx_word' id='word_1_137' title='bbox 634 1202 864 1250; x_wconf 89' lang='lat' dir='ltr'>perfectione</span> <span class='ocrx_word' id='word_1_138' title='bbox 893 1213 971 1238; x_wconf 92' lang='lat' dir='ltr'>non</span> <span class='ocrx_word' id='word_1_139' title='bbox 995 1209 1050 1238; x_wconf 90' lang='lat' dir='ltr'>est</span> <span class='ocrx_word' id='word_1_140' title='bbox 1075 1201 1234 1250; x_wconf 86' lang='lat' dir='ltr'>simplex</span> <span class='ocrx_word' id='word_1_141' title='bbox 1263 1208 1299 1238; x_wconf 92' lang='lat' dir='ltr'>et</span> 
     </span>
     <span class='ocr_line' id='line_1_22' title="bbox 240 1253 1298 1304; baseline 0 -14"><span class='ocrx_word' id='word_1_142' title='bbox 240 1254 484 1301; x_wconf 82' lang='lat' dir='ltr'>indivisibile,</span> <span class='ocrx_word' id='word_1_143' title='bbox 518 1255 585 1291; x_wconf 90' lang='lat' dir='ltr'>sed</span> <span class='ocrx_word' id='word_1_144' title='bbox 617 1254 867 1304; x_wconf 90' lang='lat' dir='ltr'>multipliciter</span> <span class='ocrx_word' id='word_1_145' title='bbox 895 1253 1125 1301; x_wconf 89' lang='lat' dir='ltr'>contingens.</span> <span class='ocrx_word' id='word_1_146' title='bbox 1162 1255 1298 1302; x_wconf 93' lang='lat' dir='ltr'>Neque</span> 
     </span>
     <span class='ocr_line' id='line_1_23' title="bbox 242 1306 1298 1355; baseline 0 -12"><span class='ocrx_word' id='word_1_147' title='bbox 242 1314 297 1343; x_wconf 93' lang='lat' dir='ltr'>est</span> <span class='ocrx_word' id='word_1_148' title='bbox 329 1306 441 1343; x_wconf 87' lang='lat' dir='ltr'>etiam</span> <span class='ocrx_word' id='word_1_149' title='bbox 470 1307 705 1344; x_wconf 91' lang='lat' dir='ltr'>consuetudo</span> <span class='ocrx_word' id='word_1_150' title='bbox 737 1306 965 1354; x_wconf 89' lang='lat' dir='ltr'>Aristotelis,</span> <span class='ocrx_word' id='word_1_151' title='bbox 999 1314 1040 1343; x_wconf 94' lang='lat' dir='ltr'>ut</span> <span class='ocrx_word' id='word_1_152' title='bbox 1066 1306 1298 1355; x_wconf 90' lang='lat' dir='ltr'>praetermit-</span> 
     </span>
     <span class='ocr_line' id='line_1_24' title="bbox 241 1359 1299 1409; baseline 0 -13"><span class='ocrx_word' id='word_1_153' title='bbox 241 1366 294 1396; x_wconf 89' lang='lat' dir='ltr'>tat</span> <span class='ocrx_word' id='word_1_154' title='bbox 325 1359 415 1396; x_wconf 91' lang='lat' dir='ltr'>illud</span> <span class='ocrx_word' id='word_1_155' title='bbox 449 1371 494 1395; x_wconf 88' lang='lat' dir='ltr'>ex</span> <span class='ocrx_word' id='word_1_156' title='bbox 529 1372 605 1408; x_wconf 92' lang='lat' dir='ltr'>quo</span> <span class='ocrx_word' id='word_1_157' title='bbox 642 1359 894 1409; x_wconf 88' lang='lat' dir='ltr'>principaliter</span> <span class='ocrx_word' id='word_1_158' title='bbox 931 1359 1121 1396; x_wconf 87' lang='lat' dir='ltr'>conclusio</span> <span class='ocrx_word' id='word_1_159' title='bbox 1159 1359 1299 1408; x_wconf 91' lang='lat' dir='ltr'>depen-</span> 
     </span>
     <span class='ocr_line' id='line_1_25' title="bbox 242 1411 1298 1461; baseline 0 -13"><span class='ocrx_word' id='word_1_160' title='bbox 242 1411 316 1458; x_wconf 86' lang='lat' dir='ltr'>det,</span> <span class='ocrx_word' id='word_1_161' title='bbox 341 1411 448 1448; x_wconf 80' lang='lat' dir='ltr'>nisi*</span> <span class='ocrx_word' id='word_1_162' title='bbox 473 1424 517 1448; x_wconf 84' lang='lat' dir='ltr'>ex</span> <span class='ocrx_word' id='word_1_163' title='bbox 543 1412 644 1449; x_wconf 89' lang='lat' dir='ltr'>iuxta</span> <span class='ocrx_word' id='word_1_164' title='bbox 672 1412 801 1461; x_wconf 92' lang='lat' dir='ltr'>positis</span> <span class='ocrx_word' id='word_1_165' title='bbox 821 1412 972 1459; x_wconf 87' lang='lat' dir='ltr'>intelligi</span> <span class='ocrx_word' id='word_1_166' title='bbox 986 1411 1115 1460; x_wconf 89' lang='lat' dir='ltr'>possit.</span> <span class='ocrx_word' id='word_1_167' title='bbox 1145 1413 1194 1448; x_wconf 92' lang='lat' dir='ltr'>Et</span> <span class='ocrx_word' id='word_1_168' title='bbox 1212 1412 1298 1449; x_wconf 93' lang='lat' dir='ltr'>ideo</span> 
     </span>
     <span class='ocr_line' id='line_1_26' title="bbox 242 1464 1299 1512; baseline 0.001 -12"><span class='ocrx_word' id='word_1_169' title='bbox 242 1464 376 1501; x_wconf 91' lang='lat' dir='ltr'>melius</span> <span class='ocrx_word' id='word_1_170' title='bbox 409 1464 611 1501; x_wconf 91' lang='lat' dir='ltr'>dicendum</span> <span class='ocrx_word' id='word_1_171' title='bbox 640 1473 710 1511; x_wconf 91' lang='lat' dir='ltr'>est,</span> <span class='ocrx_word' id='word_1_172' title='bbox 741 1465 846 1512; x_wconf 91' lang='lat' dir='ltr'>quod</span> <span class='ocrx_word' id='word_1_173' title='bbox 869 1465 1106 1512; x_wconf 89' lang='lat' dir='ltr'>arguendum</span> <span class='ocrx_word' id='word_1_174' title='bbox 1135 1472 1190 1502; x_wconf 89' lang='lat' dir='ltr'>est</span> <span class='ocrx_word' id='word_1_175' title='bbox 1205 1466 1224 1484; x_wconf 70' lang='lat'>⁴⁶</span> <span class='ocrx_word' id='word_1_176' title='bbox 1239 1465 1299 1501; x_wconf 91' lang='lat' dir='ltr'>hic</span> 
     </span>
     <span class='ocr_line' id='line_1_27' title="bbox 242 1516 1298 1565; baseline 0.001 -12"><span class='ocrx_word' id='word_1_177' title='bbox 242 1516 289 1554; x_wconf 94' lang='lat' dir='ltr'>de</span> <span class='ocrx_word' id='word_1_178' title='bbox 317 1516 464 1563; x_wconf 90' lang='lat' dir='ltr'>virtute,</span> <span class='ocrx_word' id='word_1_179' title='bbox 485 1518 582 1554; x_wconf 90' lang='lat' dir='ltr'>sicut</span> <span class='ocrx_word' id='word_1_180' title='bbox 600 1529 713 1565; x_wconf 89' lang='lat' dir='ltr'>supra</span> <span class='ocrx_word' id='word_1_181' title='bbox 733 1519 751 1539; x_wconf 57' lang='lat' dir='ltr'>‘s</span> <span class='ocrx_word' id='word_1_182' title='bbox 772 1524 1076 1565; x_wconf 86' lang='lat' dir='ltr'>argumentatum</span> <span class='ocrx_word' id='word_1_183' title='bbox 1097 1518 1139 1538; x_wconf 64' lang='lat'>&#39;²²⁹³</span> <span class='ocrx_word' id='word_1_184' title='bbox 1168 1525 1224 1554; x_wconf 91' lang='lat' dir='ltr'>est</span> <span class='ocrx_word' id='word_1_185' title='bbox 1252 1517 1298 1554; x_wconf 91' lang='lat' dir='ltr'>de</span> 
     </span>
     <span class='ocr_line' id='line_1_28' title="bbox 242 1569 1299 1618; baseline 0.001 -13"><span class='ocrx_word' id='word_1_186' title='bbox 242 1570 364 1606; x_wconf 87' lang='lat' dir='ltr'>forma</span> <span class='ocrx_word' id='word_1_187' title='bbox 390 1576 425 1605; x_wconf 93' lang='lat' dir='ltr'>et</span> <span class='ocrx_word' id='word_1_188' title='bbox 451 1570 583 1616; x_wconf 89' lang='lat' dir='ltr'>figura.</span> <span class='ocrx_word' id='word_1_189' title='bbox 605 1569 707 1606; x_wconf 90' lang='lat' dir='ltr'>Nihil</span> <span class='ocrx_word' id='word_1_190' title='bbox 728 1570 828 1607; x_wconf 89' lang='lat' dir='ltr'>enirn</span> <span class='ocrx_word' id='word_1_191' title='bbox 849 1570 982 1607; x_wconf 92' lang='lat' dir='ltr'>dicitur</span> <span class='ocrx_word' id='word_1_192' title='bbox 1009 1570 1154 1615; x_wconf 85' lang='lat' dir='ltr'>alterari</span> <span class='ocrx_word' id='word_1_193' title='bbox 1182 1582 1299 1618; x_wconf 90' lang='lat' dir='ltr'>quan-</span> 
     </span>
     <span class='ocr_line' id='line_1_29' title="bbox 243 1621 1299 1671; baseline 0.001 -13"><span class='ocrx_word' id='word_1_194' title='bbox 243 1622 292 1658; x_wconf 92' lang='lat' dir='ltr'>do</span> <span class='ocrx_word' id='word_1_195' title='bbox 329 1621 541 1670; x_wconf 89' lang='lat' dir='ltr'>perficitur;</span> <span class='ocrx_word' id='word_1_196' title='bbox 571 1629 608 1658; x_wconf 92' lang='lat' dir='ltr'>et</span> <span class='ocrx_word' id='word_1_197' title='bbox 641 1622 775 1660; x_wconf 92' lang='lat' dir='ltr'>eadem</span> <span class='ocrx_word' id='word_1_198' title='bbox 804 1623 973 1670; x_wconf 90' lang='lat' dir='ltr'>ratione,</span> <span class='ocrx_word' id='word_1_199' title='bbox 993 1635 1116 1671; x_wconf 89' lang='lat' dir='ltr'>neque</span> <span class='ocrx_word' id='word_1_200' title='bbox 1145 1623 1299 1671; x_wconf 92' lang='lat' dir='ltr'>quando</span> 
     </span>
     <span class='ocr_line' id='line_1_30' title="bbox 242 1674 1299 1723; baseline 0.001 -13"><span class='ocrx_word' id='word_1_201' title='bbox 242 1674 505 1722; x_wconf 88' lang='lat' dir='ltr'>corrumpitur.</span> <span class='ocrx_word' id='word_1_202' title='bbox 537 1675 576 1711; x_wconf 92' lang='lat' dir='ltr'>Si</span> <span class='ocrx_word' id='word_1_203' title='bbox 610 1674 719 1722; x_wconf 87' lang='lat' dir='ltr'>igitur</span> <span class='ocrx_word' id='word_1_204' title='bbox 746 1675 864 1712; x_wconf 90' lang='lat' dir='ltr'>virtus</span> <span class='ocrx_word' id='word_1_205' title='bbox 902 1683 957 1711; x_wconf 92' lang='lat' dir='ltr'>est</span> <span class='ocrx_word' id='word_1_206' title='bbox 980 1675 1160 1723; x_wconf 86' lang='lat' dir='ltr'>perfectio</span> <span class='ocrx_word' id='word_1_207' title='bbox 1185 1688 1299 1723; x_wconf 91' lang='lat' dir='ltr'>quae-</span> 
     </span>
     <span class='ocr_line' id='line_1_31' title="bbox 242 1727 1299 1776; baseline 0.001 -13"><span class='ocrx_word' id='word_1_208' title='bbox 242 1727 343 1773; x_wconf 90' lang='lat' dir='ltr'>dam,</span> <span class='ocrx_word' id='word_1_209' title='bbox 363 1727 504 1764; x_wconf 90' lang='lat' dir='ltr'>malitia</span> <span class='ocrx_word' id='word_1_210' title='bbox 531 1739 624 1764; x_wconf 92' lang='lat' dir='ltr'>vero</span> <span class='ocrx_word' id='word_1_211' title='bbox 654 1728 855 1776; x_wconf 84' lang='lat' dir='ltr'>corruptio,</span> <span class='ocrx_word' id='word_1_212' title='bbox 884 1727 1095 1764; x_wconf 89' lang='lat' dir='ltr'>secundum</span> <span class='ocrx_word' id='word_1_213' title='bbox 1122 1728 1299 1765; x_wconf 90' lang='lat' dir='ltr'>virtutem</span> 
     </span>
     <span class='ocr_line' id='line_1_32' title="bbox 243 1779 1298 1828; baseline 0 -12"><span class='ocrx_word' id='word_1_214' title='bbox 243 1786 279 1816; x_wconf 90' lang='lat' dir='ltr'>et</span> <span class='ocrx_word' id='word_1_215' title='bbox 306 1779 487 1816; x_wconf 89' lang='lat' dir='ltr'>malitiam</span> <span class='ocrx_word' id='word_1_216' title='bbox 511 1792 589 1817; x_wconf 92' lang='lat' dir='ltr'>non</span> <span class='ocrx_word' id='word_1_217' title='bbox 617 1788 671 1816; x_wconf 89' lang='lat' dir='ltr'>est</span> <span class='ocrx_word' id='word_1_218' title='bbox 689 1780 869 1827; x_wconf 87' lang='lat' dir='ltr'>alteratio,</span> <span class='ocrx_word' id='word_1_219' title='bbox 895 1780 991 1817; x_wconf 90' lang='lat' dir='ltr'>sicut</span> <span class='ocrx_word' id='word_1_220' title='bbox 1017 1791 1142 1828; x_wconf 91' lang='lat' dir='ltr'>neque</span> <span class='ocrx_word' id='word_1_221' title='bbox 1166 1793 1298 1817; x_wconf 89' lang='lat' dir='ltr'>secun-</span> 
     </span>
     <span class='ocr_line' id='line_1_33' title="bbox 244 1831 745 1880; baseline 0.002 -12"><span class='ocrx_word' id='word_1_222' title='bbox 244 1831 336 1868; x_wconf 90' lang='lat' dir='ltr'>dum</span> <span class='ocrx_word' id='word_1_223' title='bbox 364 1832 505 1868; x_wconf 90' lang='lat' dir='ltr'>formas</span> <span class='ocrx_word' id='word_1_224' title='bbox 533 1840 569 1869; x_wconf 92' lang='lat' dir='ltr'>et</span> <span class='ocrx_word' id='word_1_225' title='bbox 595 1833 745 1880; x_wconf 87' lang='lat' dir='ltr'>figuras.</span> 
     </span>
    </p>

    <p class='ocr_par' dir='ltr' id='par_1_9' title="bbox 242 1884 1300 2301">
     <span class='ocr_line' id='line_1_34' title="bbox 296 1884 1298 1935; baseline 0.001 -14"><span class='ocrx_word' id='word_1_226' title='bbox 296 1885 486 1922; x_wconf 82' lang='lat' dir='ltr'>3.Deinde</span> <span class='ocrx_word' id='word_1_227' title='bbox 502 1897 590 1921; x_wconf 92' lang='lat' dir='ltr'>curn</span> <span class='ocrx_word' id='word_1_228' title='bbox 606 1884 708 1922; x_wconf 81' lang='lat' dir='ltr'>dicit:</span> <span class='ocrx_word' id='word_1_229' title='bbox 722 1886 785 1922; x_wconf 88' lang='lat' dir='ltr'>Fit</span> <span class='ocrx_word' id='word_1_230' title='bbox 797 1886 943 1933; x_wconf 86' lang='lat' dir='ltr'>quidem</span> <span class='ocrx_word' id='word_1_231' title='bbox 957 1885 1073 1935; x_wconf 82' lang='lat' dir='ltr'>igitur</span> <span class='ocrx_word' id='word_1_232' title='bbox 1083 1893 1165 1932; x_wconf 90' lang='lat' dir='ltr'>etc.,</span> <span class='ocrx_word' id='word_1_233' title='bbox 1175 1893 1298 1922; x_wconf 89' lang='lat' dir='ltr'>osten-</span> 
     </span>
     <span class='ocr_line' id='line_1_35' title="bbox 243 1936 1298 1985; baseline 0.001 -12"><span class='ocrx_word' id='word_1_234' title='bbox 243 1936 296 1973; x_wconf 88' lang='lat' dir='ltr'>dit</span> <span class='ocrx_word' id='word_1_235' title='bbox 317 1937 422 1985; x_wconf 90' lang='lat' dir='ltr'>quod</span> <span class='ocrx_word' id='word_1_236' title='bbox 449 1938 711 1974; x_wconf 86' lang='lat' dir='ltr'>transmutatio</span> <span class='ocrx_word' id='word_1_237' title='bbox 738 1938 885 1974; x_wconf 88' lang='lat' dir='ltr'>virtutis</span> <span class='ocrx_word' id='word_1_238' title='bbox 913 1945 950 1974; x_wconf 93' lang='lat' dir='ltr'>et</span> <span class='ocrx_word' id='word_1_239' title='bbox 976 1938 1139 1974; x_wconf 87' lang='lat' dir='ltr'>malitiae</span> <span class='ocrx_word' id='word_1_240' title='bbox 1168 1950 1298 1974; x_wconf 90' lang='lat' dir='ltr'>conse-</span> 
     </span>
     <span class='ocr_line' id='line_1_36' title="bbox 242 1989 1300 2039; baseline 0.002 -14"><span class='ocrx_word' id='word_1_241' title='bbox 242 1989 368 2037; x_wconf 90' lang='lat' dir='ltr'>quitur</span> <span class='ocrx_word' id='word_1_242' title='bbox 394 1989 558 2038; x_wconf 91' lang='lat' dir='ltr'>aliquam</span> <span class='ocrx_word' id='word_1_243' title='bbox 587 1990 856 2027; x_wconf 87' lang='lat' dir='ltr'>alterationem.</span> <span class='ocrx_word' id='word_1_244' title='bbox 892 1991 941 2027; x_wconf 88' lang='lat' dir='ltr'>Et</span> <span class='ocrx_word' id='word_1_245' title='bbox 967 1990 1092 2039; x_wconf 89' lang='lat' dir='ltr'>primo</span> <span class='ocrx_word' id='word_1_246' title='bbox 1121 1991 1300 2039; x_wconf 85' lang='lat' dir='ltr'>proponit</span> 
     </span>
     <span class='ocr_line' id='line_1_37' title="bbox 243 2042 1298 2091; baseline 0.002 -13"><span class='ocrx_word' id='word_1_247' title='bbox 243 2042 347 2091; x_wconf 92' lang='lat' dir='ltr'>quod</span> <span class='ocrx_word' id='word_1_248' title='bbox 366 2042 537 2080; x_wconf 90' lang='lat' dir='ltr'>intendit:</span> <span class='ocrx_word' id='word_1_249' title='bbox 559 2050 594 2079; x_wconf 89' lang='lat' dir='ltr'>et</span> <span class='ocrx_word' id='word_1_250' title='bbox 613 2042 700 2079; x_wconf 89' lang='lat' dir='ltr'>dicit</span> <span class='ocrx_word' id='word_1_251' title='bbox 720 2043 822 2091; x_wconf 92' lang='lat' dir='ltr'>quod</span> <span class='ocrx_word' id='word_1_252' title='bbox 842 2043 1010 2091; x_wconf 90' lang='lat' dir='ltr'>acceptio</span> <span class='ocrx_word' id='word_1_253' title='bbox 1021 2043 1166 2080; x_wconf 91' lang='lat' dir='ltr'>virtutis</span> <span class='ocrx_word' id='word_1_254' title='bbox 1186 2051 1222 2080; x_wconf 87' lang='lat' dir='ltr'>et</span> <span class='ocrx_word' id='word_1_255' title='bbox 1242 2056 1298 2080; x_wconf 92' lang='lat' dir='ltr'>re-</span> 
     </span>
     <span class='ocr_line' id='line_1_38' title="bbox 243 2095 1300 2143; baseline 0.002 -13"><span class='ocrx_word' id='word_1_256' title='bbox 243 2095 362 2131; x_wconf 88' lang='lat' dir='ltr'>motio</span> <span class='ocrx_word' id='word_1_257' title='bbox 383 2095 556 2141; x_wconf 86' lang='lat' dir='ltr'>malitiae,</span> <span class='ocrx_word' id='word_1_258' title='bbox 577 2103 642 2131; x_wconf 88' lang='lat' dir='ltr'>aut</span> <span class='ocrx_word' id='word_1_259' title='bbox 669 2108 689 2132; x_wconf 94' lang='lat' dir='ltr'>e</span> <span class='ocrx_word' id='word_1_260' title='bbox 719 2096 904 2132; x_wconf 90' lang='lat' dir='ltr'>contrario</span> <span class='ocrx_word' id='word_1_261' title='bbox 920 2097 952 2142; x_wconf 51' lang='grc' dir='ltr'>ὕ,</span> <span class='ocrx_word' id='word_1_262' title='bbox 972 2096 1015 2132; x_wconf 93' lang='lat' dir='ltr'>fit</span> <span class='ocrx_word' id='word_1_263' title='bbox 1043 2108 1131 2132; x_wconf 90' lang='lat' dir='ltr'>cum</span> <span class='ocrx_word' id='word_1_264' title='bbox 1159 2096 1300 2143; x_wconf 89' lang='lat' dir='ltr'>aliquid</span> 
     </span>
     <span class='ocr_line' id='line_1_39' title="bbox 243 2147 1299 2196; baseline 0.002 -14"><span class='ocrx_word' id='word_1_265' title='bbox 243 2147 428 2193; x_wconf 88' lang='lat' dir='ltr'>alteratur,</span> <span class='ocrx_word' id='word_1_266' title='bbox 449 2148 497 2184; x_wconf 88' lang='lat' dir='ltr'>ad</span> <span class='ocrx_word' id='word_1_267' title='bbox 526 2147 631 2184; x_wconf 90' lang='lat' dir='ltr'>cuius</span> <span class='ocrx_word' id='word_1_268' title='bbox 659 2148 915 2185; x_wconf 86' lang='lat' dir='ltr'>alterationem</span> <span class='ocrx_word' id='word_1_269' title='bbox 937 2148 1176 2196; x_wconf 91' lang='lat' dir='ltr'>consequitur</span> <span class='ocrx_word' id='word_1_270' title='bbox 1195 2161 1299 2185; x_wconf 91' lang='lat' dir='ltr'>acce-</span> 
     </span>
     <span class='ocr_line' id='line_1_40' title="bbox 242 2199 1299 2247; baseline 0.002 -12"><span class='ocrx_word' id='word_1_271' title='bbox 242 2199 321 2247; x_wconf 92' lang='lat' dir='ltr'>ptio</span> <span class='ocrx_word' id='word_1_272' title='bbox 349 2206 386 2236; x_wconf 91' lang='lat' dir='ltr'>et</span> <span class='ocrx_word' id='word_1_273' title='bbox 414 2199 573 2236; x_wconf 89' lang='lat' dir='ltr'>remotio</span> <span class='ocrx_word' id='word_1_274' title='bbox 601 2199 747 2236; x_wconf 84' lang='lat' dir='ltr'>virtutis</span> <span class='ocrx_word' id='word_1_275' title='bbox 786 2208 822 2237; x_wconf 91' lang='lat' dir='ltr'>et</span> <span class='ocrx_word' id='word_1_276' title='bbox 857 2200 1041 2236; x_wconf 88' lang='lat' dir='ltr'>malitiae:</span> <span class='ocrx_word' id='word_1_277' title='bbox 1071 2201 1138 2237; x_wconf 92' lang='lat' dir='ltr'>sed</span> <span class='ocrx_word' id='word_1_278' title='bbox 1171 2208 1299 2238; x_wconf 88' lang='lat' dir='ltr'>tamen</span> 
     </span>
     <span class='ocr_line' id='line_1_41' title="bbox 243 2252 1256 2301; baseline 0.002 -13"><span class='ocrx_word' id='word_1_279' title='bbox 243 2259 420 2288; x_wconf 90' lang='lat' dir='ltr'>neutrum</span> <span class='ocrx_word' id='word_1_280' title='bbox 447 2252 586 2288; x_wconf 88' lang='lat' dir='ltr'>horum</span> <span class='ocrx_word' id='word_1_281' title='bbox 616 2259 671 2288; x_wconf 92' lang='lat' dir='ltr'>est</span> <span class='ocrx_word' id='word_1_282' title='bbox 697 2252 863 2289; x_wconf 88' lang='lat' dir='ltr'>alteratio</span> <span class='ocrx_word' id='word_1_283' title='bbox 891 2252 1015 2301; x_wconf 93' lang='lat' dir='ltr'>primo</span> <span class='ocrx_word' id='word_1_284' title='bbox 1045 2260 1081 2289; x_wconf 91' lang='lat' dir='ltr'>et</span> <span class='ocrx_word' id='word_1_285' title='bbox 1108 2265 1177 2301; x_wconf 91' lang='lat' dir='ltr'>per</span> <span class='ocrx_word' id='word_1_286' title='bbox 1205 2266 1256 2290; x_wconf 91' lang='lat' dir='ltr'>se.</span> 
     </span>
    </p>

    <p class='ocr_par' dir='ltr' id='par_1_10' title="bbox 243 2303 1303 3299">
     <span class='ocr_line' id='line_1_42' title="bbox 296 2303 1297 2352; baseline 0.002 -12"><span class='ocrx_word' id='word_1_287' title='bbox 296 2303 445 2341; x_wconf 89' lang='lat' dir='ltr'>Deinde</span> <span class='ocrx_word' id='word_1_288' title='bbox 468 2316 556 2341; x_wconf 91' lang='lat' dir='ltr'>cum</span> <span class='ocrx_word' id='word_1_289' title='bbox 577 2304 680 2341; x_wconf 90' lang='lat' dir='ltr'>dicit:</span> <span class='ocrx_word' id='word_1_290' title='bbox 718 2306 827 2347; x_wconf 85' lang='lat' dir='ltr'>Quod</span> <span class='ocrx_word' id='word_1_291' title='bbox 852 2311 976 2341; x_wconf 87' lang='lat' dir='ltr'>autem</span> <span class='ocrx_word' id='word_1_292' title='bbox 1008 2305 1184 2342; x_wconf 86' lang='lat' dir='ltr'>alteretur</span> <span class='ocrx_word' id='word_1_293' title='bbox 1212 2314 1297 2352; x_wconf 88' lang='lat' dir='ltr'>etc.,</span> 
     </span>
     <span class='ocr_line' id='line_1_43' title="bbox 243 2356 1300 2405; baseline 0.003 -13"><span class='ocrx_word' id='word_1_294' title='bbox 243 2357 379 2404; x_wconf 90' lang='lat' dir='ltr'>probat</span> <span class='ocrx_word' id='word_1_295' title='bbox 405 2356 660 2405; x_wconf 92' lang='lat' dir='ltr'>propositum:</span> <span class='ocrx_word' id='word_1_296' title='bbox 695 2365 731 2394; x_wconf 92' lang='lat' dir='ltr'>et</span> <span class='ocrx_word' id='word_1_297' title='bbox 758 2357 846 2394; x_wconf 92' lang='lat' dir='ltr'>dicit</span> <span class='ocrx_word' id='word_1_298' title='bbox 872 2358 1115 2394; x_wconf 86' lang='lat' dir='ltr'>manifestum</span> <span class='ocrx_word' id='word_1_299' title='bbox 1144 2370 1225 2395; x_wconf 91' lang='lat' dir='ltr'>esse</span> <span class='ocrx_word' id='word_1_300' title='bbox 1255 2371 1300 2395; x_wconf 85' lang='lat' dir='ltr'>ex</span> 
     </span>
     <span class='ocr_line' id='line_1_44' title="bbox 244 2409 1300 2458; baseline 0.002 -13"><span class='ocrx_word' id='word_1_301' title='bbox 244 2409 498 2456; x_wconf 89' lang='lat' dir='ltr'>sequentibus,</span> <span class='ocrx_word' id='word_1_302' title='bbox 519 2409 622 2458; x_wconf 94' lang='lat' dir='ltr'>quod</span> <span class='ocrx_word' id='word_1_303' title='bbox 642 2418 815 2458; x_wconf 92' lang='lat' dir='ltr'>oporteat</span> <span class='ocrx_word' id='word_1_304' title='bbox 833 2410 971 2458; x_wconf 91' lang='lat' dir='ltr'>aliquid</span> <span class='ocrx_word' id='word_1_305' title='bbox 991 2411 1136 2447; x_wconf 91' lang='lat' dir='ltr'>alterari</span> <span class='ocrx_word' id='word_1_306' title='bbox 1155 2411 1202 2447; x_wconf 88' lang='lat' dir='ltr'>ad</span> <span class='ocrx_word' id='word_1_307' title='bbox 1220 2411 1300 2447; x_wconf 83' lang='lat' dir='ltr'>hoc</span> 
     </span>
     <span class='ocr_line' id='line_1_45' title="bbox 244 2461 1297 2510; baseline 0.003 -12"><span class='ocrx_word' id='word_1_308' title='bbox 244 2461 349 2510; x_wconf 92' lang='lat' dir='ltr'>quod</span> <span class='ocrx_word' id='word_1_309' title='bbox 376 2461 579 2510; x_wconf 88' lang='lat' dir='ltr'>accipiatur</span> <span class='ocrx_word' id='word_1_310' title='bbox 598 2470 634 2499; x_wconf 88' lang='lat' dir='ltr'>et</span> <span class='ocrx_word' id='word_1_311' title='bbox 656 2470 900 2500; x_wconf 89' lang='lat' dir='ltr'>removeatur</span> <span class='ocrx_word' id='word_1_312' title='bbox 921 2463 1039 2499; x_wconf 93' lang='lat' dir='ltr'>virtus</span> <span class='ocrx_word' id='word_1_313' title='bbox 1066 2464 1127 2499; x_wconf 91' lang='lat' dir='ltr'>vel</span> <span class='ocrx_word' id='word_1_314' title='bbox 1147 2463 1297 2501; x_wconf 90' lang='lat' dir='ltr'>malitia.</span> 
     </span>
     <span class='ocr_line' id='line_1_46' title="bbox 244 2514 1298 2564; baseline 0.003 -14"><span class='ocrx_word' id='word_1_315' title='bbox 244 2514 293 2551; x_wconf 91' lang='lat' dir='ltr'>Et</span> <span class='ocrx_word' id='word_1_316' title='bbox 318 2515 393 2551; x_wconf 92' lang='lat' dir='ltr'>hoc</span> <span class='ocrx_word' id='word_1_317' title='bbox 410 2514 560 2551; x_wconf 91' lang='lat' dir='ltr'>videtur</span> <span class='ocrx_word' id='word_1_318' title='bbox 581 2516 744 2563; x_wconf 89' lang='lat' dir='ltr'>probare</span> <span class='ocrx_word' id='word_1_319' title='bbox 764 2515 967 2564; x_wconf 89' lang='lat' dir='ltr'>dupliciter.</span> <span class='ocrx_word' id='word_1_320' title='bbox 989 2515 1117 2552; x_wconf 86' lang='lat' dir='ltr'>Primo</span> <span class='ocrx_word' id='word_1_321' title='bbox 1144 2516 1298 2563; x_wconf 89' lang='lat' dir='ltr'>quidem</span> 
     </span>
     <span class='ocr_line' id='line_1_47' title="bbox 245 2566 1299 2616; baseline 0.003 -14"><span class='ocrx_word' id='word_1_322' title='bbox 245 2566 454 2604; x_wconf 89' lang='lat' dir='ltr'>secundum</span> <span class='ocrx_word' id='word_1_323' title='bbox 483 2567 825 2616; x_wconf 76' lang='lat' dir='ltr'>duas*opiniones</span> <span class='ocrx_word' id='word_1_324' title='bbox 853 2568 1053 2605; x_wconf 89' lang='lat' dir='ltr'>hominum</span> <span class='ocrx_word' id='word_1_325' title='bbox 1089 2568 1135 2605; x_wconf 92' lang='lat' dir='ltr'>de</span> <span class='ocrx_word' id='word_1_326' title='bbox 1163 2569 1299 2605; x_wconf 89' lang='lat' dir='ltr'>virtute</span> 
     </span>
     <span class='ocr_line' id='line_1_48' title="bbox 246 2619 1299 2658; baseline 0.003 -3"><span class='ocrx_word' id='word_1_327' title='bbox 246 2626 282 2655; x_wconf 91' lang='lat' dir='ltr'>et</span> <span class='ocrx_word' id='word_1_328' title='bbox 307 2619 458 2656; x_wconf 88' lang='lat' dir='ltr'>malitia.</span> <span class='ocrx_word' id='word_1_329' title='bbox 481 2619 595 2656; x_wconf 89' lang='lat' dir='ltr'>Stoici</span> <span class='ocrx_word' id='word_1_330' title='bbox 624 2620 725 2657; x_wconf 91' lang='lat' dir='ltr'>enim</span> <span class='ocrx_word' id='word_1_331' title='bbox 746 2621 916 2657; x_wconf 84' lang='lat' dir='ltr'>dixerunt</span> <span class='ocrx_word' id='word_1_332' title='bbox 941 2621 1096 2657; x_wconf 91' lang='lat' dir='ltr'>virtutes</span> <span class='ocrx_word' id='word_1_333' title='bbox 1121 2633 1201 2657; x_wconf 90' lang='lat' dir='ltr'>esse</span> <span class='ocrx_word' id='word_1_334' title='bbox 1230 2622 1299 2658; x_wconf 88' lang='lat' dir='ltr'>im-</span> 
     </span>
     <span class='ocr_line' id='line_1_49' title="bbox 244 2671 1300 2721; baseline 0.003 -14"><span class='ocrx_word' id='word_1_335' title='bbox 244 2671 505 2719; x_wconf 89' lang='lat' dir='ltr'>passibilitates</span> <span class='ocrx_word' id='word_1_336' title='bbox 529 2672 713 2720; x_wconf 91' lang='lat' dir='ltr'>quasdam</span> <span class='ocrx_word' id='word_1_337' title='bbox 725 2702 734 2719; x_wconf 90' lang='lat'>,</span> <span class='ocrx_word' id='word_1_338' title='bbox 763 2685 834 2710; x_wconf 92' lang='lat' dir='ltr'>nec</span> <span class='ocrx_word' id='word_1_339' title='bbox 853 2686 966 2721; x_wconf 91' lang='lat' dir='ltr'>posse</span> <span class='ocrx_word' id='word_1_340' title='bbox 987 2686 1068 2710; x_wconf 92' lang='lat' dir='ltr'>esse</span> <span class='ocrx_word' id='word_1_341' title='bbox 1087 2673 1264 2711; x_wconf 89' lang='lat' dir='ltr'>virtutem</span> <span class='ocrx_word' id='word_1_342' title='bbox 1282 2675 1300 2695; x_wconf 71' lang='lat'>&#39;³‘</span> 
     </span>
     <span class='ocr_line' id='line_1_50' title="bbox 245 2723 1300 2774; baseline 0.004 -15"><span class='ocrx_word' id='word_1_343' title='bbox 245 2724 283 2760; x_wconf 90' lang='lat' dir='ltr'>in</span> <span class='ocrx_word' id='word_1_344' title='bbox 311 2723 450 2771; x_wconf 83' lang='lat' dir='ltr'>anima,</span> <span class='ocrx_word' id='word_1_345' title='bbox 470 2723 540 2760; x_wconf 91' lang='lat' dir='ltr'>nisi</span> <span class='ocrx_word' id='word_1_346' title='bbox 568 2725 722 2762; x_wconf 90' lang='lat' dir='ltr'>remotis</span> <span class='ocrx_word' id='word_1_347' title='bbox 751 2726 928 2762; x_wconf 91' lang='lat' dir='ltr'>omnibus</span> <span class='ocrx_word' id='word_1_348' title='bbox 957 2726 1195 2774; x_wconf 87' lang='lat' dir='ltr'>passionibus</span> <span class='ocrx_word' id='word_1_349' title='bbox 1224 2727 1300 2764; x_wconf 89' lang='lat' dir='ltr'>ani—</span> 
     </span>
     <span class='ocr_line' id='line_1_51' title="bbox 246 2777 1300 2826; baseline 0.004 -15"><span class='ocrx_word' id='word_1_350' title='bbox 246 2788 343 2822; x_wconf 89' lang='lat' dir='ltr'>mae,</span> <span class='ocrx_word' id='word_1_351' title='bbox 365 2788 463 2824; x_wconf 87' lang='lat' dir='ltr'>quae</span> <span class='ocrx_word' id='word_1_352' title='bbox 487 2784 573 2813; x_wconf 92' lang='lat' dir='ltr'>sunt</span> <span class='ocrx_word' id='word_1_353' title='bbox 590 2777 714 2824; x_wconf 91' lang='lat' dir='ltr'>timor,</span> <span class='ocrx_word' id='word_1_354' title='bbox 735 2790 832 2826; x_wconf 90' lang='lat' dir='ltr'>spes,</span> <span class='ocrx_word' id='word_1_355' title='bbox 854 2786 890 2814; x_wconf 91' lang='lat' dir='ltr'>et</span> <span class='ocrx_word' id='word_1_356' title='bbox 907 2778 1136 2815; x_wconf 90' lang='lat' dir='ltr'>huiusmodi.</span> <span class='ocrx_word' id='word_1_357' title='bbox 1163 2779 1300 2816; x_wconf 89' lang='lat' dir='ltr'>Huius-</span> 
     </span>
     <span class='ocr_line' id='line_1_52' title="bbox 246 2828 1301 2879; baseline 0.004 -15"><span class='ocrx_word' id='word_1_358' title='bbox 246 2828 352 2865; x_wconf 89' lang='lat' dir='ltr'>modi</span> <span class='ocrx_word' id='word_1_359' title='bbox 381 2828 482 2865; x_wconf 88' lang='lat' dir='ltr'>enim</span> <span class='ocrx_word' id='word_1_360' title='bbox 501 2829 696 2877; x_wconf 89' lang='lat' dir='ltr'>passiones</span> <span class='ocrx_word' id='word_1_361' title='bbox 715 2830 889 2867; x_wconf 90' lang='lat' dir='ltr'>dicebant</span> <span class='ocrx_word' id='word_1_362' title='bbox 917 2843 997 2867; x_wconf 91' lang='lat' dir='ltr'>esse</span> <span class='ocrx_word' id='word_1_363' title='bbox 1020 2831 1204 2879; x_wconf 89' lang='lat' dir='ltr'>quasdam</span> <span class='ocrx_word' id='word_1_364' title='bbox 1224 2832 1301 2868; x_wconf 88' lang='lat' dir='ltr'>ani-</span> 
     </span>
     <span class='ocr_line' id='line_1_53' title="bbox 246 2882 1300 2930; baseline 0.003 -13"><span class='ocrx_word' id='word_1_365' title='bbox 246 2893 333 2917; x_wconf 89' lang='lat' dir='ltr'>mae</span> <span class='ocrx_word' id='word_1_366' title='bbox 370 2882 670 2929; x_wconf 86' lang='lat' dir='ltr'>perturbationes</span> <span class='ocrx_word' id='word_1_367' title='bbox 708 2882 787 2919; x_wconf 92' lang='lat' dir='ltr'>sive</span> <span class='ocrx_word' id='word_1_368' title='bbox 824 2883 1093 2930; x_wconf 90' lang='lat' dir='ltr'>aegritudines:</span> <span class='ocrx_word' id='word_1_369' title='bbox 1123 2883 1300 2921; x_wconf 90' lang='lat' dir='ltr'>virtutem</span> 
     </span>
     <span class='ocr_line' id='line_1_54' title="bbox 247 2934 1300 2984; baseline 0.004 -15"><span class='ocrx_word' id='word_1_370' title='bbox 247 2941 375 2970; x_wconf 90' lang='lat' dir='ltr'>autem</span> <span class='ocrx_word' id='word_1_371' title='bbox 395 2946 476 2970; x_wconf 91' lang='lat' dir='ltr'>esse</span> <span class='ocrx_word' id='word_1_372' title='bbox 507 2934 680 2971; x_wconf 88' lang='lat' dir='ltr'>dicebant</span> <span class='ocrx_word' id='word_1_373' title='bbox 707 2935 899 2983; x_wconf 89' lang='lat' dir='ltr'>quandam</span> <span class='ocrx_word' id='word_1_374' title='bbox 927 2936 1034 2983; x_wconf 90' lang='lat' dir='ltr'>quasi</span> <span class='ocrx_word' id='word_1_375' title='bbox 1062 2936 1300 2984; x_wconf 90' lang='lat' dir='ltr'>tranquillita—</span> 
     </span>
     <span class='ocr_line' id='line_1_55' title="bbox 247 2986 1299 3037; baseline 0.004 -15"><span class='ocrx_word' id='word_1_376' title='bbox 247 2993 324 3022; x_wconf 91' lang='lat' dir='ltr'>tem</span> <span class='ocrx_word' id='word_1_377' title='bbox 353 2986 501 3023; x_wconf 88' lang='lat' dir='ltr'>animae</span> <span class='ocrx_word' id='word_1_378' title='bbox 522 2994 558 3023; x_wconf 91' lang='lat' dir='ltr'>et</span> <span class='ocrx_word' id='word_1_379' title='bbox 576 2987 784 3024; x_wconf 89' lang='lat' dir='ltr'>sanitatem.</span> <span class='ocrx_word' id='word_1_380' title='bbox 805 2988 915 3037; x_wconf 89' lang='lat' dir='ltr'>Unde</span> <span class='ocrx_word' id='word_1_381' title='bbox 941 3001 960 3024; x_wconf 93' lang='lat' dir='ltr'>e</span> <span class='ocrx_word' id='word_1_382' title='bbox 982 2989 1168 3025; x_wconf 91' lang='lat' dir='ltr'>contrario</span> <span class='ocrx_word' id='word_1_383' title='bbox 1184 2989 1204 3010; x_wconf 74' lang='lat'>’²‘</span> <span class='ocrx_word' id='word_1_384' title='bbox 1221 3002 1299 3026; x_wconf 91' lang='lat' dir='ltr'>ma-</span> 
     </span>
     <span class='ocr_line' id='line_1_56' title="bbox 246 3037 1300 3090; baseline 0.004 -16"><span class='ocrx_word' id='word_1_385' title='bbox 246 3037 363 3074; x_wconf 90' lang='lat' dir='ltr'>litiam</span> <span class='ocrx_word' id='word_1_386' title='bbox 392 3038 565 3076; x_wconf 89' lang='lat' dir='ltr'>dicebant</span> <span class='ocrx_word' id='word_1_387' title='bbox 598 3051 679 3077; x_wconf 90' lang='lat' dir='ltr'>esse</span> <span class='ocrx_word' id='word_1_388' title='bbox 708 3052 863 3077; x_wconf 90' lang='lat' dir='ltr'>omnem</span> <span class='ocrx_word' id='word_1_389' title='bbox 901 3041 1049 3078; x_wconf 91' lang='lat' dir='ltr'>animae</span> <span class='ocrx_word' id='word_1_390' title='bbox 1080 3042 1300 3090; x_wconf 88' lang='lat' dir='ltr'>passibilita-</span> 
     </span>
     <span class='ocr_line' id='line_1_57' title="bbox 246 3090 1300 3141; baseline 0.005 -15"><span class='ocrx_word' id='word_1_391' title='bbox 246 3098 336 3127; x_wconf 89' lang='lat' dir='ltr'>tem.</span> <span class='ocrx_word' id='word_1_392' title='bbox 367 3090 507 3138; x_wconf 92' lang='lat' dir='ltr'>Opinio</span> <span class='ocrx_word' id='word_1_393' title='bbox 534 3104 627 3128; x_wconf 90' lang='lat' dir='ltr'>vero</span> <span class='ocrx_word' id='word_1_394' title='bbox 657 3092 989 3141; x_wconf 89' lang='lat' dir='ltr'>Peripateticorum</span> <span class='ocrx_word' id='word_1_395' title='bbox 1027 3094 1074 3130; x_wconf 89' lang='lat' dir='ltr'>ab</span> <span class='ocrx_word' id='word_1_396' title='bbox 1102 3095 1300 3131; x_wconf 91' lang='lat' dir='ltr'>Aristotele</span> 
     </span>
     <span class='ocr_line' id='line_1_58' title="bbox 249 3142 1301 3195; baseline 0.005 -17"><span class='ocrx_word' id='word_1_397' title='bbox 249 3142 428 3188; x_wconf 88' lang='lat' dir='ltr'>derivata,</span> <span class='ocrx_word' id='word_1_398' title='bbox 449 3151 504 3180; x_wconf 91' lang='lat' dir='ltr'>est</span> <span class='ocrx_word' id='word_1_399' title='bbox 522 3145 626 3192; x_wconf 92' lang='lat' dir='ltr'>quod</span> <span class='ocrx_word' id='word_1_400' title='bbox 643 3145 761 3182; x_wconf 90' lang='lat' dir='ltr'>virtus</span> <span class='ocrx_word' id='word_1_401' title='bbox 786 3146 962 3183; x_wconf 89' lang='lat' dir='ltr'>consistat</span> <span class='ocrx_word' id='word_1_402' title='bbox 979 3146 1018 3182; x_wconf 89' lang='lat' dir='ltr'>in</span> <span class='ocrx_word' id='word_1_403' title='bbox 1038 3147 1161 3195; x_wconf 91' lang='lat' dir='ltr'>aliqua</span> <span class='ocrx_word' id='word_1_404' title='bbox 1182 3147 1301 3183; x_wconf 90' lang='lat' dir='ltr'>deter-</span> 
     </span>
     <span class='ocr_line' id='line_1_59' title="bbox 249 3195 1301 3247; baseline 0.004 -16"><span class='ocrx_word' id='word_1_405' title='bbox 249 3195 389 3231; x_wconf 89' lang='lat' dir='ltr'>minata</span> <span class='ocrx_word' id='word_1_406' title='bbox 405 3196 424 3216; x_wconf 67' lang='lat'>³³²</span> <span class='ocrx_word' id='word_1_407' title='bbox 439 3197 698 3234; x_wconf 88' lang='lat' dir='ltr'>moderatione</span> <span class='ocrx_word' id='word_1_408' title='bbox 720 3198 954 3247; x_wconf 89' lang='lat' dir='ltr'>passionum.</span> <span class='ocrx_word' id='word_1_409' title='bbox 985 3199 1186 3235; x_wconf 89' lang='lat' dir='ltr'>Constituit</span> <span class='ocrx_word' id='word_1_410' title='bbox 1201 3200 1301 3236; x_wconf 90' lang='lat' dir='ltr'>enim</span> 
     </span>
     <span class='ocr_line' id='line_1_60' title="bbox 247 3247 1303 3299; baseline 0.004 -16"><span class='ocrx_word' id='word_1_411' title='bbox 247 3247 365 3284; x_wconf 91' lang='lat' dir='ltr'>virtus</span> <span class='ocrx_word' id='word_1_412' title='bbox 394 3248 546 3286; x_wconf 86' lang='lat' dir='ltr'>moralis</span> <span class='ocrx_word' id='word_1_413' title='bbox 573 3250 744 3287; x_wconf 89' lang='lat' dir='ltr'>medium</span> <span class='ocrx_word' id='word_1_414' title='bbox 768 3251 805 3287; x_wconf 91' lang='lat' dir='ltr'>in</span> <span class='ocrx_word' id='word_1_415' title='bbox 832 3251 1082 3299; x_wconf 88' lang='lat' dir='ltr'>passionibus,</span> <span class='ocrx_word' id='word_1_416' title='bbox 1102 3258 1143 3287; x_wconf 94' lang='lat' dir='ltr'>ut</span> <span class='ocrx_word' id='word_1_417' title='bbox 1171 3251 1303 3288; x_wconf 88' lang='lat' dir='ltr'>dicitur</span> 
     </span>
    </p>
   </div>
   <div class='ocr_carea' id='block_1_8' title="bbox 249 3382 1303 3625">
    <p class='ocr_par' dir='ltr' id='par_1_11' title="bbox 250 3382 1303 3555">
     <span class='ocr_line' id='line_1_61' title="bbox 303 3382 1302 3417; baseline 0.003 -10"><span class='ocrx_word' id='word_1_418' title='bbox 303 3382 330 3417; x_wconf 92' lang='grc' dir='ltr'>γ)</span> <span class='ocrx_word' id='word_1_419' title='bbox 346 3383 390 3408; x_wconf 88' lang='lat' dir='ltr'>Sic</span> <span class='ocrx_word' id='word_1_420' title='bbox 404 3390 468 3415; x_wconf 83' lang='lat' dir='ltr'>ergo</span> <span class='ocrx_word' id='word_1_421' title='bbox 481 3385 566 3414; x_wconf 81' lang='lat' dir='ltr'>patet,</span> <span class='ocrx_word' id='word_1_422' title='bbox 579 3383 650 3414; x_wconf 79' lang='lat' dir='ltr'>quod</span> <span class='ocrx_word' id='word_1_423' title='bbox 667 3390 726 3407; x_wconf 87' lang='lat' dir='ltr'>cum</span> <span class='ocrx_word' id='word_1_424' title='bbox 744 3383 813 3408; x_wconf 83' lang='lat' dir='ltr'>ad...</span> <span class='ocrx_word' id='word_1_425' title='bbox 828 3384 897 3414; x_wconf 81' lang='lat' dir='ltr'>quod</span> <span class='ocrx_word' id='word_1_426' title='bbox 916 3387 986 3408; x_wconf 82' lang='lat' dir='ltr'>tunc.</span> <span class='ocrx_word' id='word_1_427' title='bbox 1000 3397 1017 3402; x_wconf 91' lang='lat'>-</span> <span class='ocrx_word' id='word_1_428' title='bbox 1037 3385 1071 3408; x_wconf 80' lang='lat' dir='ltr'>lta</span> <span class='ocrx_word' id='word_1_429' title='bbox 1090 3385 1302 3410; x_wconf 82' lang='lat' dir='ltr'>BCDHFMNOR</span> 
     </span>
     <span class='ocr_line' id='line_1_62' title="bbox 250 3417 1303 3451; baseline 0.002 -9"><span class='ocrx_word' id='word_1_430' title='bbox 250 3419 308 3448; x_wconf 89' lang='lat' dir='ltr'>VZ;</span> <span class='ocrx_word' id='word_1_431' title='bbox 328 3418 373 3442; x_wconf 88' lang='lat' dir='ltr'>Sic</span> <span class='ocrx_word' id='word_1_432' title='bbox 386 3425 451 3450; x_wconf 82' lang='lat' dir='ltr'>ergo</span> <span class='ocrx_word' id='word_1_433' title='bbox 459 3420 537 3449; x_wconf 81' lang='lat' dir='ltr'>patet</span> <span class='ocrx_word' id='word_1_434' title='bbox 549 3417 620 3449; x_wconf 83' lang='lat' dir='ltr'>quod</span> <span class='ocrx_word' id='word_1_435' title='bbox 634 3425 692 3442; x_wconf 84' lang='lat' dir='ltr'>cum</span> <span class='ocrx_word' id='word_1_436' title='bbox 707 3418 768 3442; x_wconf 80' lang='lat' dir='ltr'>ad...</span> <span class='ocrx_word' id='word_1_437' title='bbox 783 3418 845 3449; x_wconf 86' lang='lat' dir='ltr'>quia</span> <span class='ocrx_word' id='word_1_438' title='bbox 864 3421 926 3442; x_wconf 83' lang='lat' dir='ltr'>tunc</span> <span class='ocrx_word' id='word_1_439' title='bbox 944 3423 992 3443; x_wconf 78' lang='lat' dir='ltr'>cet.</span> <span class='ocrx_word' id='word_1_440' title='bbox 1011 3423 1036 3443; x_wconf 83' lang='lat' dir='ltr'>et</span> <span class='ocrx_word' id='word_1_441' title='bbox 1053 3425 1084 3447; x_wconf 87' lang='lat' dir='ltr'>a,</span> <span class='ocrx_word' id='word_1_442' title='bbox 1104 3420 1174 3451; x_wconf 88' lang='lat' dir='ltr'>quod</span> <span class='ocrx_word' id='word_1_443' title='bbox 1193 3420 1228 3444; x_wconf 84' lang='lat' dir='ltr'>Pb</span> <span class='ocrx_word' id='word_1_444' title='bbox 1247 3428 1303 3444; x_wconf 87' lang='lat' dir='ltr'>cor-</span> 
     </span>
     <span class='ocr_line' id='line_1_63' title="bbox 250 3453 1303 3486; baseline 0.001 -8"><span class='ocrx_word' id='word_1_445' title='bbox 250 3454 334 3485; x_wconf 78' lang='lat' dir='ltr'>rigunt</span> <span class='ocrx_word' id='word_1_446' title='bbox 359 3453 527 3485; x_wconf 85' lang='lat' dir='ltr'>expungendo</span> <span class='ocrx_word' id='word_1_447' title='bbox 549 3459 616 3477; x_wconf 87' lang='lat' dir='ltr'>cum.</span> <span class='ocrx_word' id='word_1_448' title='bbox 631 3453 697 3477; x_wconf 85' lang='lat' dir='ltr'>—lbi</span> <span class='ocrx_word' id='word_1_449' title='bbox 715 3453 820 3484; x_wconf 77' lang='lat' dir='ltr'>quando</span> <span class='ocrx_word' id='word_1_450' title='bbox 843 3453 920 3478; x_wconf 81' lang='lat' dir='ltr'>habet</span> <span class='ocrx_word' id='word_1_451' title='bbox 937 3460 1012 3478; x_wconf 80' lang='lat' dir='ltr'>suam</span> <span class='ocrx_word' id='word_1_452' title='bbox 1036 3454 1172 3483; x_wconf 75' lang='lat' dir='ltr'>uirtutem,</span> <span class='ocrx_word' id='word_1_453' title='bbox 1197 3455 1303 3486; x_wconf 83' lang='lat' dir='ltr'>quando</span> 
     </span>
     <span class='ocr_line' id='line_1_64' title="bbox 250 3487 1303 3520; baseline 0.002 -8"><span class='ocrx_word' id='word_1_454' title='bbox 250 3488 327 3513; x_wconf 84' lang='lat' dir='ltr'>habet</span> <span class='ocrx_word' id='word_1_455' title='bbox 341 3495 415 3512; x_wconf 87' lang='lat' dir='ltr'>suam</span> <span class='ocrx_word' id='word_1_456' title='bbox 429 3487 547 3520; x_wconf 85' lang='lat' dir='ltr'>sormam</span> <span class='ocrx_word' id='word_1_457' title='bbox 563 3487 630 3512; x_wconf 86' lang='lat' dir='ltr'>idest</span> <span class='ocrx_word' id='word_1_458' title='bbox 647 3493 722 3511; x_wconf 85' lang='lat' dir='ltr'>suam</span> <span class='ocrx_word' id='word_1_459' title='bbox 743 3488 864 3512; x_wconf 76' lang='lat' dir='ltr'>virtutem</span> <span class='ocrx_word' id='word_1_460' title='bbox 878 3496 969 3512; x_wconf 85' lang='lat' dir='ltr'>omnes</span> <span class='ocrx_word' id='word_1_461' title='bbox 984 3488 1050 3518; x_wconf 87' lang='lat' dir='ltr'>edd.;</span> <span class='ocrx_word' id='word_1_462' title='bbox 1065 3489 1111 3513; x_wconf 87' lang='lat' dir='ltr'>sed</span> <span class='ocrx_word' id='word_1_463' title='bbox 1124 3496 1215 3513; x_wconf 87' lang='lat' dir='ltr'>omnes</span> <span class='ocrx_word' id='word_1_464' title='bbox 1229 3490 1303 3514; x_wconf 90' lang='lat' dir='ltr'>codd.</span> 
     </span>
     <span class='ocr_line' id='line_1_65' title="bbox 250 3522 1022 3555; baseline 0 -8"><span class='ocrx_word' id='word_1_465' title='bbox 250 3530 303 3548; x_wconf 90' lang='lat' dir='ltr'>om.</span> <span class='ocrx_word' id='word_1_466' title='bbox 321 3530 396 3547; x_wconf 82' lang='lat' dir='ltr'>suam</span> <span class='ocrx_word' id='word_1_467' title='bbox 408 3524 529 3555; x_wconf 88' lang='lat' dir='ltr'>formam</span> <span class='ocrx_word' id='word_1_468' title='bbox 549 3522 623 3550; x_wconf 82' lang='lat' dir='ltr'>idest,</span> <span class='ocrx_word' id='word_1_469' title='bbox 643 3529 709 3554; x_wconf 86' lang='lat' dir='ltr'>quae</span> <span class='ocrx_word' id='word_1_470' title='bbox 727 3522 759 3546; x_wconf 87' lang='lat' dir='ltr'>ad</span> <span class='ocrx_word' id='word_1_471' title='bbox 777 3530 831 3546; x_wconf 87' lang='lat' dir='ltr'>rem</span> <span class='ocrx_word' id='word_1_472' title='bbox 851 3530 902 3547; x_wconf 90' lang='lat' dir='ltr'>non</span> <span class='ocrx_word' id='word_1_473' title='bbox 920 3523 1022 3547; x_wconf 82' lang='lat' dir='ltr'>faciunt.</span> 
     </span>
    </p>

    <p class='ocr_par' dir='ltr' id='par_1_12' title="bbox 249 3556 1303 3625">
     <span class='ocr_line' id='line_1_66' title="bbox 304 3556 1302 3590; baseline 0 -8"><span class='ocrx_word' id='word_1_474' title='bbox 304 3556 328 3590; x_wconf 81' lang='grc' dir='ltr'>ὃ)</span> <span class='ocrx_word' id='word_1_475' title='bbox 347 3557 587 3590; x_wconf 82' lang='lat' dir='ltr'>argumentandum</span> <span class='ocrx_word' id='word_1_476' title='bbox 608 3557 680 3582; x_wconf 87' lang='lat' dir='ltr'>dicit.</span> <span class='ocrx_word' id='word_1_477' title='bbox 694 3571 712 3575; x_wconf 89' lang='lat'>—</span> <span class='ocrx_word' id='word_1_478' title='bbox 729 3561 932 3590; x_wconf 82' lang='lat' dir='ltr'>argumentatur</span> <span class='ocrx_word' id='word_1_479' title='bbox 951 3558 987 3586; x_wconf 90' lang='lat' dir='ltr'>D,</span> <span class='ocrx_word' id='word_1_480' title='bbox 1011 3558 1222 3590; x_wconf 81' lang='lat' dir='ltr'>argumentando</span> <span class='ocrx_word' id='word_1_481' title='bbox 1241 3559 1302 3586; x_wconf 84' lang='lat' dir='ltr'>(ar-</span> 
     </span>
     <span class='ocr_line' id='line_1_67' title="bbox 249 3592 1303 3625; baseline 0 -8"><span class='ocrx_word' id='word_1_482' title='bbox 249 3593 373 3625; x_wconf 82' lang='lat' dir='ltr'>guendo)</span> <span class='ocrx_word' id='word_1_483' title='bbox 397 3593 461 3618; x_wconf 83' lang='lat' dir='ltr'>dicit</span> <span class='ocrx_word' id='word_1_484' title='bbox 479 3592 662 3617; x_wconf 85' lang='lat' dir='ltr'>BCEDFLST.</span> <span class='ocrx_word' id='word_1_485' title='bbox 674 3605 693 3610; x_wconf 84' lang='lat'><em>—</em></span> <span class='ocrx_word' id='word_1_486' title='bbox 710 3593 760 3617; x_wconf 84' lang='lat' dir='ltr'>Pro</span> <span class='ocrx_word' id='word_1_487' title='bbox 778 3593 919 3617; x_wconf 83' lang='lat' dir='ltr'>secundum</span> <span class='ocrx_word' id='word_1_488' title='bbox 943 3595 1030 3618; x_wconf 88' lang='lat' dir='ltr'>autem</span> <span class='ocrx_word' id='word_1_489' title='bbox 1055 3593 1119 3618; x_wconf 72' lang='lat' dir='ltr'>nihil</span> <span class='ocrx_word' id='word_1_490' title='bbox 1138 3599 1194 3623; x_wconf 77' lang='lat' dir='ltr'>etc.,</span> <span class='ocrx_word' id='word_1_491' title='bbox 1214 3594 1253 3618; x_wconf 88' lang='lat' dir='ltr'>ed.</span> <span class='ocrx_word' id='word_1_492' title='bbox 1272 3600 1303 3617; x_wconf 84' lang='lat' dir='ltr'>a:</span> 
     </span>
    </p>
   </div>
   <div class='ocr_carea' id='block_1_9' title="bbox 2337 282 2410 328">
    <p class='ocr_par' dir='ltr' id='par_1_13' title="bbox 2337 282 2410 328">
     <span class='ocr_line' id='line_1_68' title="bbox 2337 282 2410 328; baseline 0 -10"><span class='ocrx_word' id='word_1_493' title='bbox 2337 282 2410 328; x_wconf 86' lang='lat'>343</span> 
     </span>
    </p>
   </div>
   <div class='ocr_carea' id='block_1_10' title="bbox 1351 359 2414 2197">
    <p class='ocr_par' dir='ltr' id='par_1_14' title="bbox 1351 359 2413 1028">
     <span class='ocr_line' id='line_1_69' title="bbox 1354 359 2413 398; baseline -0.002 -1"><span class='ocrx_word' id='word_1_494' title='bbox 1354 361 1391 397; x_wconf 92' lang='lat' dir='ltr'>in</span> <span class='ocrx_word' id='word_1_495' title='bbox 1408 363 1439 397; x_wconf 89' lang='lat' dir='ltr'>II</span> <span class='ocrx_word' id='word_1_496' title='bbox 1459 363 1678 398; x_wconf 83' lang='lat' dir='ltr'>Ethicorum</span> <span class='ocrx_word' id='word_1_497' title='bbox 1693 363 1722 398; x_wconf 52' lang='grc' dir='ltr'>’ἢ</span> <span class='ocrx_word' id='word_1_498' title='bbox 1746 362 1794 398; x_wconf 88' lang='lat' dir='ltr'>Et</span> <span class='ocrx_word' id='word_1_499' title='bbox 1813 360 2023 398; x_wconf 90' lang='lat' dir='ltr'>secundum</span> <span class='ocrx_word' id='word_1_500' title='bbox 2042 360 2117 396; x_wconf 92' lang='lat' dir='ltr'>hoc</span> <span class='ocrx_word' id='word_1_501' title='bbox 2138 359 2250 396; x_wconf 92' lang='lat' dir='ltr'>etiam</span> <span class='ocrx_word' id='word_1_502' title='bbox 2271 359 2413 396; x_wconf 89' lang='lat' dir='ltr'>malitia</span> 
     </span>
     <span class='ocr_line' id='line_1_70' title="bbox 1353 412 2411 462; baseline -0.002 -12"><span class='ocrx_word' id='word_1_503' title='bbox 1353 414 1478 450; x_wconf 89' lang='lat' dir='ltr'>virtuti</span> <span class='ocrx_word' id='word_1_504' title='bbox 1508 414 1681 462; x_wconf 90' lang='lat' dir='ltr'>opposita</span> <span class='ocrx_word' id='word_1_505' title='bbox 1710 427 1787 451; x_wconf 91' lang='lat' dir='ltr'>non</span> <span class='ocrx_word' id='word_1_506' title='bbox 1816 413 1882 450; x_wconf 90' lang='lat' dir='ltr'>erit</span> <span class='ocrx_word' id='word_1_507' title='bbox 1911 413 2196 461; x_wconf 89' lang='lat' dir='ltr'>qualiscumque</span> <span class='ocrx_word' id='word_1_508' title='bbox 2229 412 2411 461; x_wconf 90' lang='lat' dir='ltr'>passibili-</span> 
     </span>
     <span class='ocr_line' id='line_1_71' title="bbox 1352 465 2411 515; baseline -0.001 -13"><span class='ocrx_word' id='word_1_509' title='bbox 1352 473 1419 512; x_wconf 90' lang='lat' dir='ltr'>tas,</span> <span class='ocrx_word' id='word_1_510' title='bbox 1441 466 1507 502; x_wconf 89' lang='lat' dir='ltr'>sed</span> <span class='ocrx_word' id='word_1_511' title='bbox 1536 468 1725 515; x_wconf 90' lang='lat' dir='ltr'>quaedam</span> <span class='ocrx_word' id='word_1_512' title='bbox 1759 466 1929 503; x_wconf 89' lang='lat' dir='ltr'>habilitas</span> <span class='ocrx_word' id='word_1_513' title='bbox 1957 467 2006 502; x_wconf 86' lang='lat' dir='ltr'>ad</span> <span class='ocrx_word' id='word_1_514' title='bbox 2041 465 2236 514; x_wconf 87' lang='lat' dir='ltr'>passiones</span> <span class='ocrx_word' id='word_1_515' title='bbox 2266 473 2411 501; x_wconf 91' lang='lat' dir='ltr'>contra-</span> 
     </span>
     <span class='ocr_line' id='line_1_72' title="bbox 1353 518 2410 567; baseline 0 -13"><span class='ocrx_word' id='word_1_516' title='bbox 1353 518 1424 554; x_wconf 91' lang='lat' dir='ltr'>rias</span> <span class='ocrx_word' id='word_1_517' title='bbox 1452 518 1598 565; x_wconf 91' lang='lat' dir='ltr'>virtuti,</span> <span class='ocrx_word' id='word_1_518' title='bbox 1628 532 1724 567; x_wconf 91' lang='lat' dir='ltr'>quae</span> <span class='ocrx_word' id='word_1_519' title='bbox 1754 519 1892 555; x_wconf 90' lang='lat' dir='ltr'>scilicet</span> <span class='ocrx_word' id='word_1_520' title='bbox 1919 525 2005 555; x_wconf 91' lang='lat' dir='ltr'>sunt</span> <span class='ocrx_word' id='word_1_521' title='bbox 2033 518 2243 555; x_wconf 91' lang='lat' dir='ltr'>secundum</span> <span class='ocrx_word' id='word_1_522' title='bbox 2282 530 2410 566; x_wconf 91' lang='lat' dir='ltr'>super-</span> 
     </span>
     <span class='ocr_line' id='line_1_73' title="bbox 1352 570 2410 608; baseline -0.001 -1"><span class='ocrx_word' id='word_1_523' title='bbox 1352 571 1622 607; x_wconf 88' lang='lat' dir='ltr'>abundantiam</span> <span class='ocrx_word' id='word_1_524' title='bbox 1653 580 1689 608; x_wconf 91' lang='lat' dir='ltr'>et</span> <span class='ocrx_word' id='word_1_525' title='bbox 1713 571 1914 608; x_wconf 88' lang='lat' dir='ltr'>defectum.</span> <span class='ocrx_word' id='word_1_526' title='bbox 1935 570 2162 608; x_wconf 89' lang='lat' dir='ltr'>Utrumlibet</span> <span class='ocrx_word' id='word_1_527' title='bbox 2190 577 2317 606; x_wconf 90' lang='lat' dir='ltr'>autem</span> <span class='ocrx_word' id='word_1_528' title='bbox 2345 582 2410 607; x_wconf 92' lang='lat' dir='ltr'>ve-</span> 
     </span>
     <span class='ocr_line' id='line_1_74' title="bbox 1352 623 2412 672; baseline 0 -13"><span class='ocrx_word' id='word_1_529' title='bbox 1352 629 1436 659; x_wconf 86' lang='lat' dir='ltr'>rum</span> <span class='ocrx_word' id='word_1_530' title='bbox 1466 623 1511 659; x_wconf 91' lang='lat' dir='ltr'>sit</span> <span class='ocrx_word' id='word_1_531' title='bbox 1529 629 1556 670; x_wconf 77' lang='lat'>⁸,</span> <span class='ocrx_word' id='word_1_532' title='bbox 1578 626 1725 672; x_wconf 88' lang='lat' dir='ltr'>oportet</span> <span class='ocrx_word' id='word_1_533' title='bbox 1753 624 1800 661; x_wconf 90' lang='lat' dir='ltr'>ad</span> <span class='ocrx_word' id='word_1_534' title='bbox 1825 623 2084 672; x_wconf 89' lang='lat' dir='ltr'>acceptionem</span> <span class='ocrx_word' id='word_1_535' title='bbox 2112 623 2275 669; x_wconf 89' lang='lat' dir='ltr'>virtutis,</span> <span class='ocrx_word' id='word_1_536' title='bbox 2305 623 2412 671; x_wconf 92' lang='lat' dir='ltr'>quod</span> 
     </span>
     <span class='ocr_line' id='line_1_75' title="bbox 1351 675 2410 724; baseline -0.001 -12"><span class='ocrx_word' id='word_1_537' title='bbox 1351 676 1417 712; x_wconf 91' lang='lat' dir='ltr'>fiat</span> <span class='ocrx_word' id='word_1_538' title='bbox 1445 676 1568 724; x_wconf 89' lang='lat' dir='ltr'>aliqua</span> <span class='ocrx_word' id='word_1_539' title='bbox 1587 677 1847 713; x_wconf 89' lang='lat' dir='ltr'>transmutatio</span> <span class='ocrx_word' id='word_1_540' title='bbox 1874 676 2084 713; x_wconf 87' lang='lat' dir='ltr'>secundum</span> <span class='ocrx_word' id='word_1_541' title='bbox 2108 675 2321 724; x_wconf 81' lang='lat' dir='ltr'>passiones3</span> <span class='ocrx_word' id='word_1_542' title='bbox 2343 675 2410 712; x_wconf 91' lang='lat' dir='ltr'>sci-</span> 
     </span>
     <span class='ocr_line' id='line_1_76' title="bbox 1352 728 2409 777; baseline 0 -13"><span class='ocrx_word' id='word_1_543' title='bbox 1352 728 1437 765; x_wconf 91' lang='lat' dir='ltr'>licet</span> <span class='ocrx_word' id='word_1_544' title='bbox 1463 729 1525 765; x_wconf 91' lang='lat' dir='ltr'>vel</span> <span class='ocrx_word' id='word_1_545' title='bbox 1554 729 1658 776; x_wconf 90' lang='lat' dir='ltr'>quod</span> <span class='ocrx_word' id='word_1_546' title='bbox 1695 729 1890 777; x_wconf 89' lang='lat' dir='ltr'>passiones</span> <span class='ocrx_word' id='word_1_547' title='bbox 1927 728 2088 765; x_wconf 89' lang='lat' dir='ltr'>totaliter</span> <span class='ocrx_word' id='word_1_548' title='bbox 2120 735 2409 774; x_wconf 86' lang='lat' dir='ltr'>removeantur,</span> 
     </span>
     <span class='ocr_line' id='line_1_77' title="bbox 1351 781 2410 829; baseline -0.001 -12"><span class='ocrx_word' id='word_1_549' title='bbox 1351 782 1413 817; x_wconf 91' lang='lat' dir='ltr'>vel</span> <span class='ocrx_word' id='word_1_550' title='bbox 1451 781 1556 829; x_wconf 90' lang='lat' dir='ltr'>quod</span> <span class='ocrx_word' id='word_1_551' title='bbox 1593 782 1869 818; x_wconf 90' lang='lat' dir='ltr'>modificentur.</span> <span class='ocrx_word' id='word_1_552' title='bbox 1904 781 2105 817; x_wconf 87' lang='lat' dir='ltr'>Passiones</span> <span class='ocrx_word' id='word_1_553' title='bbox 2142 787 2292 826; x_wconf 90' lang='lat' dir='ltr'>autern,</span> <span class='ocrx_word' id='word_1_554' title='bbox 2323 793 2410 816; x_wconf 90' lang='lat' dir='ltr'>cum</span> 
     </span>
     <span class='ocr_line' id='line_1_78' title="bbox 1353 833 2413 882; baseline -0.002 -12"><span class='ocrx_word' id='word_1_555' title='bbox 1353 834 1425 870; x_wconf 89' lang='lat' dir='ltr'>sint</span> <span class='ocrx_word' id='word_1_556' title='bbox 1443 833 1481 870; x_wconf 91' lang='lat' dir='ltr'>in</span> <span class='ocrx_word' id='word_1_557' title='bbox 1501 834 1668 882; x_wconf 91' lang='lat' dir='ltr'>appetitu</span> <span class='ocrx_word' id='word_1_558' title='bbox 1697 835 1887 880; x_wconf 90' lang='lat' dir='ltr'>sensitivo,</span> <span class='ocrx_word' id='word_1_559' title='bbox 1909 833 2120 870; x_wconf 90' lang='lat' dir='ltr'>secundum</span> <span class='ocrx_word' id='word_1_560' title='bbox 2140 845 2204 869; x_wconf 90' lang='lat' dir='ltr'>eas</span> <span class='ocrx_word' id='word_1_561' title='bbox 2234 833 2413 880; x_wconf 88' lang='lat' dir='ltr'>contingit</span> 
     </span>
     <span class='ocr_line' id='line_1_79' title="bbox 1353 885 2412 935; baseline -0.001 -13"><span class='ocrx_word' id='word_1_562' title='bbox 1353 886 1531 922; x_wconf 90' lang='lat' dir='ltr'>alteratio.</span> <span class='ocrx_word' id='word_1_563' title='bbox 1563 887 1799 935; x_wconf 89' lang='lat' dir='ltr'>Relinquitur</span> <span class='ocrx_word' id='word_1_564' title='bbox 1827 899 1915 934; x_wconf 89' lang='lat' dir='ltr'>ergo</span> <span class='ocrx_word' id='word_1_565' title='bbox 1954 886 2058 934; x_wconf 91' lang='lat' dir='ltr'>quod</span> <span class='ocrx_word' id='word_1_566' title='bbox 2086 885 2253 933; x_wconf 91' lang='lat' dir='ltr'>acceptio</span> <span class='ocrx_word' id='word_1_567' title='bbox 2293 893 2329 921; x_wconf 92' lang='lat' dir='ltr'>et</span> <span class='ocrx_word' id='word_1_568' title='bbox 2357 897 2412 921; x_wconf 91' lang='lat' dir='ltr'>re-</span> 
     </span>
     <span class='ocr_line' id='line_1_80' title="bbox 1352 937 2411 986; baseline -0.001 -12"><span class='ocrx_word' id='word_1_569' title='bbox 1352 939 1471 974; x_wconf 91' lang='lat' dir='ltr'>motio</span> <span class='ocrx_word' id='word_1_570' title='bbox 1500 939 1644 976; x_wconf 88' lang='lat' dir='ltr'>virtutis</span> <span class='ocrx_word' id='word_1_571' title='bbox 1665 947 1700 976; x_wconf 93' lang='lat' dir='ltr'>et</span> <span class='ocrx_word' id='word_1_572' title='bbox 1719 939 1882 976; x_wconf 88' lang='lat' dir='ltr'>malitiae</span> <span class='ocrx_word' id='word_1_573' title='bbox 1911 939 1990 975; x_wconf 82' lang='lat' dir='ltr'>sit*</span> <span class='ocrx_word' id='word_1_574' title='bbox 2007 937 2217 974; x_wconf 89' lang='lat' dir='ltr'>secundum</span> <span class='ocrx_word' id='word_1_575' title='bbox 2247 938 2411 986; x_wconf 88' lang='lat' dir='ltr'>aliquam</span> 
     </span>
     <span class='ocr_line' id='line_1_81' title="bbox 1353 991 1622 1028; baseline 0.004 -1"><span class='ocrx_word' id='word_1_576' title='bbox 1353 991 1622 1028; x_wconf 89' lang='lat' dir='ltr'>alterationem.</span> 
     </span>
    </p>

    <p class='ocr_par' dir='ltr' id='par_1_15' title="bbox 1353 1042 2414 2197">
     <span class='ocr_line' id='line_1_82' title="bbox 1405 1042 2413 1090; baseline -0.001 -11"><span class='ocrx_word' id='word_1_577' title='bbox 1405 1055 1442 1089; x_wconf 89' lang='lat'>4.</span> <span class='ocrx_word' id='word_1_578' title='bbox 1466 1043 1732 1080; x_wconf 84' lang='lat' dir='ltr'>Secundoibi:</span> <span class='ocrx_word' id='word_1_579' title='bbox 1752 1045 1803 1079; x_wconf 89' lang='lat' dir='ltr'>Et</span> <span class='ocrx_word' id='word_1_580' title='bbox 1820 1049 1933 1080; x_wconf 87' lang='lat' dir='ltr'>totam</span> <span class='ocrx_word' id='word_1_581' title='bbox 1962 1043 2145 1080; x_wconf 85' lang='lat' dir='ltr'>moralem</span> <span class='ocrx_word' id='word_1_582' title='bbox 2175 1050 2256 1088; x_wconf 91' lang='lat' dir='ltr'>etc.,</span> <span class='ocrx_word' id='word_1_583' title='bbox 2276 1042 2413 1090; x_wconf 90' lang='lat' dir='ltr'>probat</span> 
     </span>
     <span class='ocr_line' id='line_1_83' title="bbox 1353 1094 2413 1143; baseline 0 -12"><span class='ocrx_word' id='word_1_584' title='bbox 1353 1094 1455 1131; x_wconf 91' lang='lat' dir='ltr'>idem</span> <span class='ocrx_word' id='word_1_585' title='bbox 1484 1096 1546 1131; x_wconf 91' lang='lat' dir='ltr'>sic.</span> <span class='ocrx_word' id='word_1_586' title='bbox 1569 1096 1706 1132; x_wconf 88' lang='lat' dir='ltr'>Omnis</span> <span class='ocrx_word' id='word_1_587' title='bbox 1725 1096 1842 1132; x_wconf 88' lang='lat' dir='ltr'>virtus</span> <span class='ocrx_word' id='word_1_588' title='bbox 1862 1096 2016 1132; x_wconf 88' lang='lat' dir='ltr'>moralis</span> <span class='ocrx_word' id='word_1_589' title='bbox 2037 1095 2202 1132; x_wconf 86' lang='lat' dir='ltr'>consistit</span> <span class='ocrx_word' id='word_1_590' title='bbox 2229 1095 2268 1131; x_wconf 90' lang='lat' dir='ltr'>in</span> <span class='ocrx_word' id='word_1_591' title='bbox 2288 1094 2413 1143; x_wconf 88' lang='lat' dir='ltr'>aliqua</span> 
     </span>
     <span class='ocr_line' id='line_1_84' title="bbox 1354 1147 2413 1196; baseline 0 -12"><span class='ocrx_word' id='word_1_592' title='bbox 1354 1147 1600 1184; x_wconf 89' lang='lat' dir='ltr'>delectatione</span> <span class='ocrx_word' id='word_1_593' title='bbox 1630 1155 1666 1184; x_wconf 92' lang='lat' dir='ltr'>et</span> <span class='ocrx_word' id='word_1_594' title='bbox 1693 1148 1849 1184; x_wconf 89' lang='lat' dir='ltr'>tristitia:</span> <span class='ocrx_word' id='word_1_595' title='bbox 1880 1160 1958 1184; x_wconf 92' lang='lat' dir='ltr'>non</span> <span class='ocrx_word' id='word_1_596' title='bbox 1987 1148 2087 1184; x_wconf 90' lang='lat' dir='ltr'>enirn</span> <span class='ocrx_word' id='word_1_597' title='bbox 2117 1155 2171 1184; x_wconf 90' lang='lat' dir='ltr'>est</span> <span class='ocrx_word' id='word_1_598' title='bbox 2198 1147 2327 1194; x_wconf 87' lang='lat' dir='ltr'>iustus,</span> <span class='ocrx_word' id='word_1_599' title='bbox 2349 1147 2413 1196; x_wconf 90' lang='lat' dir='ltr'>qui</span> 
     </span>
     <span class='ocr_line' id='line_1_85' title="bbox 1353 1200 2411 1248; baseline 0 -12"><span class='ocrx_word' id='word_1_600' title='bbox 1353 1212 1431 1237; x_wconf 91' lang='lat' dir='ltr'>non</span> <span class='ocrx_word' id='word_1_601' title='bbox 1468 1200 1606 1248; x_wconf 87' lang='lat' dir='ltr'>gaudet</span> <span class='ocrx_word' id='word_1_602' title='bbox 1641 1200 1744 1236; x_wconf 91' lang='lat' dir='ltr'>iustis</span> <span class='ocrx_word' id='word_1_603' title='bbox 1783 1200 2064 1248; x_wconf 87' lang='lat' dir='ltr'>operationibus</span> <span class='ocrx_word' id='word_1_604' title='bbox 2103 1209 2138 1237; x_wconf 89' lang='lat' dir='ltr'>et</span> <span class='ocrx_word' id='word_1_605' title='bbox 2174 1200 2337 1236; x_wconf 84' lang='lat' dir='ltr'>tristatur</span> <span class='ocrx_word' id='word_1_606' title='bbox 2365 1200 2411 1237; x_wconf 92' lang='lat' dir='ltr'>de</span> 
     </span>
     <span class='ocr_line' id='line_1_86' title="bbox 1355 1252 2411 1299; baseline 0 -10"><span class='ocrx_word' id='word_1_607' title='bbox 1355 1253 1560 1299; x_wconf 88' lang='lat' dir='ltr'>contrariis,</span> <span class='ocrx_word' id='word_1_608' title='bbox 1587 1260 1622 1289; x_wconf 94' lang='lat' dir='ltr'>et</span> <span class='ocrx_word' id='word_1_609' title='bbox 1650 1252 1770 1289; x_wconf 91' lang='lat' dir='ltr'>simile</span> <span class='ocrx_word' id='word_1_610' title='bbox 1799 1260 1854 1289; x_wconf 88' lang='lat' dir='ltr'>est</span> <span class='ocrx_word' id='word_1_611' title='bbox 1882 1252 1919 1288; x_wconf 92' lang='lat' dir='ltr'>in</span> <span class='ocrx_word' id='word_1_612' title='bbox 1948 1253 2027 1289; x_wconf 88' lang='lat' dir='ltr'>aliis</span> <span class='ocrx_word' id='word_1_613' title='bbox 2059 1252 2257 1289; x_wconf 89' lang='lat' dir='ltr'>virtutibus</span> <span class='ocrx_word' id='word_1_614' title='bbox 2286 1265 2411 1289; x_wconf 87' lang='lat' dir='ltr'>mora-</span> 
     </span>
     <span class='ocr_line' id='line_1_87' title="bbox 1354 1305 2411 1354; baseline -0.001 -12"><span class='ocrx_word' id='word_1_615' title='bbox 1354 1306 1462 1342; x_wconf 89' lang='lat' dir='ltr'>libus.</span> <span class='ocrx_word' id='word_1_616' title='bbox 1484 1307 1532 1342; x_wconf 88' lang='lat' dir='ltr'>Et</span> <span class='ocrx_word' id='word_1_617' title='bbox 1550 1306 1625 1342; x_wconf 94' lang='lat' dir='ltr'>hoc</span> <span class='ocrx_word' id='word_1_618' title='bbox 1643 1305 1730 1342; x_wconf 91' lang='lat' dir='ltr'>ideo</span> <span class='ocrx_word' id='word_1_619' title='bbox 1752 1307 1783 1352; x_wconf 48' lang='lat' dir='ltr'>fi,</span> <span class='ocrx_word' id='word_1_620' title='bbox 1800 1305 1887 1354; x_wconf 89' lang='lat' dir='ltr'>quia</span> <span class='ocrx_word' id='word_1_621' title='bbox 1907 1305 2031 1341; x_wconf 91' lang='lat' dir='ltr'>omnis</span> <span class='ocrx_word' id='word_1_622' title='bbox 2052 1305 2278 1353; x_wconf 86' lang='lat' dir='ltr'>appetitivae</span> <span class='ocrx_word' id='word_1_623' title='bbox 2296 1305 2411 1341; x_wconf 88' lang='lat' dir='ltr'>virtu-</span> 
     </span>
     <span class='ocr_line' id='line_1_88' title="bbox 1353 1358 2414 1407; baseline 0 -13"><span class='ocrx_word' id='word_1_624' title='bbox 1353 1358 1410 1404; x_wconf 90' lang='lat' dir='ltr'>tis,</span> <span class='ocrx_word' id='word_1_625' title='bbox 1431 1359 1470 1395; x_wconf 92' lang='lat' dir='ltr'>in</span> <span class='ocrx_word' id='word_1_626' title='bbox 1498 1371 1573 1407; x_wconf 93' lang='lat' dir='ltr'>qua</span> <span class='ocrx_word' id='word_1_627' title='bbox 1593 1365 1647 1395; x_wconf 91' lang='lat' dir='ltr'>est</span> <span class='ocrx_word' id='word_1_628' title='bbox 1674 1358 1792 1395; x_wconf 88' lang='lat' dir='ltr'>virtus</span> <span class='ocrx_word' id='word_1_629' title='bbox 1811 1358 1976 1404; x_wconf 90' lang='lat' dir='ltr'>moralis,</span> <span class='ocrx_word' id='word_1_630' title='bbox 1998 1358 2167 1406; x_wconf 90' lang='lat' dir='ltr'>operatio</span> <span class='ocrx_word' id='word_1_631' title='bbox 2193 1358 2414 1394; x_wconf 89' lang='lat' dir='ltr'>terminatur</span> 
     </span>
     <span class='ocr_line' id='line_1_89' title="bbox 1354 1410 2411 1456; baseline -0.001 -9"><span class='ocrx_word' id='word_1_632' title='bbox 1354 1411 1403 1447; x_wconf 91' lang='lat' dir='ltr'>ad</span> <span class='ocrx_word' id='word_1_633' title='bbox 1445 1411 1734 1448; x_wconf 89' lang='lat' dir='ltr'>delectationem</span> <span class='ocrx_word' id='word_1_634' title='bbox 1777 1418 1814 1447; x_wconf 93' lang='lat' dir='ltr'>et</span> <span class='ocrx_word' id='word_1_635' title='bbox 1849 1410 2058 1456; x_wconf 89' lang='lat' dir='ltr'>tristitiam;</span> <span class='ocrx_word' id='word_1_636' title='bbox 2093 1423 2180 1447; x_wconf 90' lang='lat' dir='ltr'>curn</span> <span class='ocrx_word' id='word_1_637' title='bbox 2215 1410 2411 1446; x_wconf 90' lang='lat' dir='ltr'>delectatio</span> 
     </span>
     <span class='ocr_line' id='line_1_90' title="bbox 1354 1463 2413 1512; baseline -0.001 -12"><span class='ocrx_word' id='word_1_638' title='bbox 1354 1471 1608 1512; x_wconf 88' lang='lat' dir='ltr'>consequatur</span> <span class='ocrx_word' id='word_1_639' title='bbox 1636 1476 1680 1500; x_wconf 86' lang='lat' dir='ltr'>ex</span> <span class='ocrx_word' id='word_1_640' title='bbox 1708 1463 1909 1512; x_wconf 88' lang='lat' dir='ltr'>adeptione</span> <span class='ocrx_word' id='word_1_641' title='bbox 1939 1463 2018 1500; x_wconf 91' lang='lat' dir='ltr'>eius</span> <span class='ocrx_word' id='word_1_642' title='bbox 2038 1463 2076 1500; x_wconf 90' lang='lat' dir='ltr'>in</span> <span class='ocrx_word' id='word_1_643' title='bbox 2095 1463 2200 1512; x_wconf 89' lang='lat' dir='ltr'>quod</span> <span class='ocrx_word' id='word_1_644' title='bbox 2228 1463 2413 1512; x_wconf 89' lang='lat' dir='ltr'>appetitus</span> 
     </span>
     <span class='ocr_line' id='line_1_91' title="bbox 1353 1515 2414 1564; baseline 0 -11"><span class='ocrx_word' id='word_1_645' title='bbox 1353 1517 1479 1562; x_wconf 88' lang='lat' dir='ltr'>fertur,</span> <span class='ocrx_word' id='word_1_646' title='bbox 1504 1516 1646 1553; x_wconf 89' lang='lat' dir='ltr'>tristitia</span> <span class='ocrx_word' id='word_1_647' title='bbox 1672 1529 1766 1553; x_wconf 92' lang='lat' dir='ltr'>vero</span> <span class='ocrx_word' id='word_1_648' title='bbox 1796 1528 1840 1552; x_wconf 86' lang='lat' dir='ltr'>ex</span> <span class='ocrx_word' id='word_1_649' title='bbox 1877 1516 2170 1564; x_wconf 88' lang='lat' dir='ltr'>superventione</span> <span class='ocrx_word' id='word_1_650' title='bbox 2200 1515 2280 1552; x_wconf 92' lang='lat' dir='ltr'>eius</span> <span class='ocrx_word' id='word_1_651' title='bbox 2309 1516 2414 1564; x_wconf 91' lang='lat' dir='ltr'>quod</span> 
     </span>
     <span class='ocr_line' id='line_1_92' title="bbox 1354 1569 2413 1618; baseline 0 -13"><span class='ocrx_word' id='word_1_652' title='bbox 1354 1569 1540 1618; x_wconf 90' lang='lat' dir='ltr'>appetitus</span> <span class='ocrx_word' id='word_1_653' title='bbox 1569 1569 1711 1616; x_wconf 90' lang='lat' dir='ltr'>refugit.</span> <span class='ocrx_word' id='word_1_654' title='bbox 1733 1569 1842 1606; x_wconf 91' lang='lat' dir='ltr'>Unde</span> <span class='ocrx_word' id='word_1_655' title='bbox 1872 1569 2143 1617; x_wconf 89' lang='lat' dir='ltr'>concupiscens</span> <span class='ocrx_word' id='word_1_656' title='bbox 2167 1569 2229 1606; x_wconf 91' lang='lat' dir='ltr'>vel</span> <span class='ocrx_word' id='word_1_657' title='bbox 2258 1581 2413 1617; x_wconf 90' lang='lat' dir='ltr'>sperans</span> 
     </span>
     <span class='ocr_line' id='line_1_93' title="bbox 1355 1621 2414 1670; baseline 0 -12"><span class='ocrx_word' id='word_1_658' title='bbox 1355 1622 1569 1668; x_wconf 90' lang='lat' dir='ltr'>delectatur,</span> <span class='ocrx_word' id='word_1_659' title='bbox 1590 1621 1744 1670; x_wconf 87' lang='lat' dir='ltr'>quando</span> <span class='ocrx_word' id='word_1_660' title='bbox 1775 1621 2016 1670; x_wconf 90' lang='lat' dir='ltr'>consequitur</span> <span class='ocrx_word' id='word_1_661' title='bbox 2042 1621 2148 1670; x_wconf 91' lang='lat' dir='ltr'>quod</span> <span class='ocrx_word' id='word_1_662' title='bbox 2183 1621 2414 1670; x_wconf 88' lang='lat' dir='ltr'>concupiscit</span> 
     </span>
     <span class='ocr_line' id='line_1_94' title="bbox 1353 1674 2412 1723; baseline -0.001 -12"><span class='ocrx_word' id='word_1_663' title='bbox 1353 1676 1415 1711; x_wconf 90' lang='lat' dir='ltr'>vel</span> <span class='ocrx_word' id='word_1_664' title='bbox 1443 1682 1582 1723; x_wconf 87' lang='lat' dir='ltr'>sperat;</span> <span class='ocrx_word' id='word_1_665' title='bbox 1613 1682 1648 1711; x_wconf 93' lang='lat' dir='ltr'>et</span> <span class='ocrx_word' id='word_1_666' title='bbox 1676 1674 1843 1711; x_wconf 90' lang='lat' dir='ltr'>similiter</span> <span class='ocrx_word' id='word_1_667' title='bbox 1879 1674 1992 1711; x_wconf 89' lang='lat' dir='ltr'>iratus</span> <span class='ocrx_word' id='word_1_668' title='bbox 2031 1674 2183 1722; x_wconf 92' lang='lat' dir='ltr'>quando</span> <span class='ocrx_word' id='word_1_669' title='bbox 2216 1674 2340 1722; x_wconf 89' lang='lat' dir='ltr'>punit;</span> <span class='ocrx_word' id='word_1_670' title='bbox 2370 1674 2412 1711; x_wconf 90' lang='lat' dir='ltr'>ti-</span> 
     </span>
     <span class='ocr_line' id='line_1_95' title="bbox 1355 1727 2413 1775; baseline -0.001 -11"><span class='ocrx_word' id='word_1_671' title='bbox 1355 1740 1463 1764; x_wconf 90' lang='lat' dir='ltr'>mens</span> <span class='ocrx_word' id='word_1_672' title='bbox 1491 1740 1584 1764; x_wconf 88' lang='lat' dir='ltr'>vero</span> <span class='ocrx_word' id='word_1_673' title='bbox 1606 1735 1642 1764; x_wconf 91' lang='lat' dir='ltr'>et</span> <span class='ocrx_word' id='word_1_674' title='bbox 1665 1727 1798 1764; x_wconf 91' lang='lat' dir='ltr'>odiens</span> <span class='ocrx_word' id='word_1_675' title='bbox 1817 1727 1989 1773; x_wconf 89' lang='lat' dir='ltr'>tristatur,</span> <span class='ocrx_word' id='word_1_676' title='bbox 2011 1727 2164 1775; x_wconf 89' lang='lat' dir='ltr'>quando</span> <span class='ocrx_word' id='word_1_677' title='bbox 2195 1727 2413 1775; x_wconf 88' lang='lat' dir='ltr'>supervenit</span> 
     </span>
     <span class='ocr_line' id='line_1_96' title="bbox 1354 1780 2411 1828; baseline 0 -12"><span class='ocrx_word' id='word_1_678' title='bbox 1354 1781 1499 1816; x_wconf 90' lang='lat' dir='ltr'>malum</span> <span class='ocrx_word' id='word_1_679' title='bbox 1529 1780 1632 1828; x_wconf 91' lang='lat' dir='ltr'>quod</span> <span class='ocrx_word' id='word_1_680' title='bbox 1652 1780 1794 1827; x_wconf 86' lang='lat' dir='ltr'>refugit.</span> <span class='ocrx_word' id='word_1_681' title='bbox 1816 1780 1952 1816; x_wconf 89' lang='lat' dir='ltr'>Omnis</span> <span class='ocrx_word' id='word_1_682' title='bbox 1972 1788 2098 1816; x_wconf 89' lang='lat' dir='ltr'>autem</span> <span class='ocrx_word' id='word_1_683' title='bbox 2127 1780 2269 1816; x_wconf 89' lang='lat' dir='ltr'>tristitia</span> <span class='ocrx_word' id='word_1_684' title='bbox 2293 1787 2328 1816; x_wconf 92' lang='lat' dir='ltr'>et</span> <span class='ocrx_word' id='word_1_685' title='bbox 2348 1780 2411 1816; x_wconf 90' lang='lat' dir='ltr'>de—</span> 
     </span>
     <span class='ocr_line' id='line_1_97' title="bbox 1353 1833 2411 1881; baseline 0.001 -13"><span class='ocrx_word' id='word_1_686' title='bbox 1353 1833 1499 1869; x_wconf 90' lang='lat' dir='ltr'>lectatio</span> <span class='ocrx_word' id='word_1_687' title='bbox 1522 1833 1585 1869; x_wconf 93' lang='lat' dir='ltr'>vel</span> <span class='ocrx_word' id='word_1_688' title='bbox 1614 1839 1669 1868; x_wconf 90' lang='lat' dir='ltr'>est</span> <span class='ocrx_word' id='word_1_689' title='bbox 1700 1833 1909 1869; x_wconf 89' lang='lat' dir='ltr'>secundum</span> <span class='ocrx_word' id='word_1_690' title='bbox 1939 1840 2064 1869; x_wconf 89' lang='lat' dir='ltr'>actum</span> <span class='ocrx_word' id='word_1_691' title='bbox 2095 1833 2140 1868; x_wconf 93' lang='lat' dir='ltr'>de</span> <span class='ocrx_word' id='word_1_692' title='bbox 2170 1845 2208 1869; x_wconf 90' lang='lat' dir='ltr'>re</span> <span class='ocrx_word' id='word_1_693' title='bbox 2235 1845 2411 1881; x_wconf 89' lang='lat' dir='ltr'>praesen-</span> 
     </span>
     <span class='ocr_line' id='line_1_98' title="bbox 1353 1885 2412 1934; baseline 0 -12"><span class='ocrx_word' id='word_1_694' title='bbox 1353 1885 1396 1932; x_wconf 91' lang='lat' dir='ltr'>ti,</span> <span class='ocrx_word' id='word_1_695' title='bbox 1421 1886 1483 1922; x_wconf 93' lang='lat' dir='ltr'>vel</span> <span class='ocrx_word' id='word_1_696' title='bbox 1516 1897 1584 1934; x_wconf 91' lang='lat' dir='ltr'>per</span> <span class='ocrx_word' id='word_1_697' title='bbox 1611 1885 1839 1921; x_wconf 89' lang='lat' dir='ltr'>memoriam</span> <span class='ocrx_word' id='word_1_698' title='bbox 1873 1885 1919 1921; x_wconf 90' lang='lat' dir='ltr'>de</span> <span class='ocrx_word' id='word_1_699' title='bbox 1949 1898 1987 1921; x_wconf 91' lang='lat' dir='ltr'>re</span> <span class='ocrx_word' id='word_1_700' title='bbox 2021 1885 2229 1934; x_wconf 89' lang='lat' dir='ltr'>praeterita,</span> <span class='ocrx_word' id='word_1_701' title='bbox 2259 1886 2320 1922; x_wconf 90' lang='lat' dir='ltr'>vel</span> <span class='ocrx_word' id='word_1_702' title='bbox 2344 1897 2412 1934; x_wconf 90' lang='lat' dir='ltr'>per</span> 
     </span>
     <span class='ocr_line' id='line_1_99' title="bbox 1354 1937 2411 1987; baseline 0 -13"><span class='ocrx_word' id='word_1_703' title='bbox 1354 1947 1461 1987; x_wconf 90' lang='lat' dir='ltr'>spem</span> <span class='ocrx_word' id='word_1_704' title='bbox 1483 1938 1529 1975; x_wconf 94' lang='lat' dir='ltr'>de</span> <span class='ocrx_word' id='word_1_705' title='bbox 1550 1939 1674 1974; x_wconf 86' lang='lat' dir='ltr'>futuro</span> <span class='ocrx_word' id='word_1_706' title='bbox 1697 1939 1727 1974; x_wconf 43' lang='grc' dir='ltr'>ἵ</span> <span class='ocrx_word' id='word_1_707' title='bbox 1751 1938 1790 1974; x_wconf 89' lang='lat' dir='ltr'>Si</span> <span class='ocrx_word' id='word_1_708' title='bbox 1806 1950 1894 1985; x_wconf 88' lang='lat' dir='ltr'>ergo</span> <span class='ocrx_word' id='word_1_709' title='bbox 1915 1937 1960 1974; x_wconf 89' lang='lat' dir='ltr'>sit</span> <span class='ocrx_word' id='word_1_710' title='bbox 1981 1938 2175 1975; x_wconf 89' lang='lat' dir='ltr'>delectatio</span> <span class='ocrx_word' id='word_1_711' title='bbox 2201 1939 2411 1975; x_wconf 91' lang='lat' dir='ltr'>secundum</span> 
     </span>
     <span class='ocr_line' id='line_1_100' title="bbox 1354 1990 2411 2037; baseline 0 -10"><span class='ocrx_word' id='word_1_712' title='bbox 1354 1998 1492 2037; x_wconf 90' lang='lat' dir='ltr'>actum,</span> <span class='ocrx_word' id='word_1_713' title='bbox 1513 1991 1624 2027; x_wconf 91' lang='lat' dir='ltr'>huius</span> <span class='ocrx_word' id='word_1_714' title='bbox 1653 1990 1908 2027; x_wconf 88' lang='lat' dir='ltr'>delectationis</span> <span class='ocrx_word' id='word_1_715' title='bbox 1938 2003 2050 2027; x_wconf 90' lang='lat' dir='ltr'>causa</span> <span class='ocrx_word' id='word_1_716' title='bbox 2079 1999 2134 2027; x_wconf 91' lang='lat' dir='ltr'>est</span> <span class='ocrx_word' id='word_1_717' title='bbox 2162 2003 2310 2027; x_wconf 91' lang='lat' dir='ltr'>sensus:</span> <span class='ocrx_word' id='word_1_718' title='bbox 2333 2003 2411 2027; x_wconf 92' lang='lat' dir='ltr'>non</span> 
     </span>
     <span class='ocr_line' id='line_1_101' title="bbox 1355 2043 2410 2080; baseline -0.001 0"><span class='ocrx_word' id='word_1_719' title='bbox 1355 2044 1455 2080; x_wconf 91' lang='lat' dir='ltr'>enim</span> <span class='ocrx_word' id='word_1_720' title='bbox 1485 2043 1716 2080; x_wconf 89' lang='lat' dir='ltr'>conveniens</span> <span class='ocrx_word' id='word_1_721' title='bbox 1738 2043 1981 2079; x_wconf 89' lang='lat' dir='ltr'>coniunctum</span> <span class='ocrx_word' id='word_1_722' title='bbox 2007 2044 2293 2080; x_wconf 88' lang='lat' dir='ltr'>delectationem</span> <span class='ocrx_word' id='word_1_723' title='bbox 2314 2044 2410 2079; x_wconf 89' lang='lat' dir='ltr'>face-</span> 
     </span>
     <span class='ocr_line' id='line_1_102' title="bbox 1354 2096 2411 2142; baseline -0.001 -9"><span class='ocrx_word' id='word_1_724' title='bbox 1354 2104 1419 2142; x_wconf 90' lang='lat' dir='ltr'>ret,</span> <span class='ocrx_word' id='word_1_725' title='bbox 1441 2096 1471 2132; x_wconf 87' lang='lat' dir='ltr'>si</span> <span class='ocrx_word' id='word_1_726' title='bbox 1498 2109 1576 2133; x_wconf 91' lang='lat' dir='ltr'>non</span> <span class='ocrx_word' id='word_1_727' title='bbox 1596 2096 1802 2133; x_wconf 90' lang='lat' dir='ltr'>sentiretur.</span> <span class='ocrx_word' id='word_1_728' title='bbox 1826 2096 2003 2132; x_wconf 88' lang='lat' dir='ltr'>Similiter</span> <span class='ocrx_word' id='word_1_729' title='bbox 2030 2104 2156 2133; x_wconf 90' lang='lat' dir='ltr'>autem</span> <span class='ocrx_word' id='word_1_730' title='bbox 2182 2097 2212 2132; x_wconf 93' lang='lat' dir='ltr'>si</span> <span class='ocrx_word' id='word_1_731' title='bbox 2240 2096 2285 2132; x_wconf 91' lang='lat' dir='ltr'>sit</span> <span class='ocrx_word' id='word_1_732' title='bbox 2313 2096 2411 2132; x_wconf 88' lang='lat' dir='ltr'>dele-</span> 
     </span>
     <span class='ocr_line' id='line_1_103' title="bbox 1355 2149 2412 2197; baseline 0 -12"><span class='ocrx_word' id='word_1_733' title='bbox 1355 2149 1464 2185; x_wconf 89' lang='lat' dir='ltr'>ctatio</span> <span class='ocrx_word' id='word_1_734' title='bbox 1492 2161 1560 2197; x_wconf 88' lang='lat' dir='ltr'>per</span> <span class='ocrx_word' id='word_1_735' title='bbox 1578 2149 1805 2185; x_wconf 91' lang='lat' dir='ltr'>memoriam</span> <span class='ocrx_word' id='word_1_736' title='bbox 1834 2150 1895 2185; x_wconf 92' lang='lat' dir='ltr'>vel</span> <span class='ocrx_word' id='word_1_737' title='bbox 1915 2161 1983 2197; x_wconf 91' lang='lat' dir='ltr'>per</span> <span class='ocrx_word' id='word_1_738' title='bbox 2011 2161 2130 2197; x_wconf 91' lang='lat' dir='ltr'>spem,</span> <span class='ocrx_word' id='word_1_739' title='bbox 2151 2150 2226 2185; x_wconf 91' lang='lat' dir='ltr'>hoc</span> <span class='ocrx_word' id='word_1_740' title='bbox 2254 2161 2276 2185; x_wconf 88' lang='lat' dir='ltr'>a</span> <span class='ocrx_word' id='word_1_741' title='bbox 2299 2161 2412 2185; x_wconf 89' lang='lat' dir='ltr'>sensu</span> 
     </span>
    </p>
   </div>
   <div class='ocr_carea' id='block_1_11' title="bbox 1349 2201 2411 2250">
    <p class='ocr_par' dir='ltr' id='par_1_16' title="bbox 1349 2201 2411 2250">
     <span class='ocr_line' id='line_1_104' title="bbox 1349 2201 2411 2250; baseline 0.001 -13"><span class='ocrx_word' id='word_1_742' title='bbox 1349 2202 1534 2249; x_wconf 87' lang='lat' dir='ltr'>procedit,</span> <span class='ocrx_word' id='word_1_743' title='bbox 1548 2202 1639 2238; x_wconf 90' lang='lat' dir='ltr'>dum</span> <span class='ocrx_word' id='word_1_744' title='bbox 1654 2202 1716 2237; x_wconf 92' lang='lat' dir='ltr'>vel</span> <span class='ocrx_word' id='word_1_745' title='bbox 1735 2201 2011 2238; x_wconf 90' lang='lat' dir='ltr'>reminiscimur</span> <span class='ocrx_word' id='word_1_746' title='bbox 2021 2203 2040 2223; x_wconf 39' lang='grc' dir='ltr'>ὃ·</span> <span class='ocrx_word' id='word_1_747' title='bbox 2051 2203 2179 2250; x_wconf 91' lang='lat' dir='ltr'>quales</span> <span class='ocrx_word' id='word_1_748' title='bbox 2198 2203 2411 2250; x_wconf 90' lang='lat' dir='ltr'>voluptates</span> 
     </span>
    </p>
   </div>
   <div class='ocr_carea' id='block_1_12' title="bbox 1352 2254 2412 3302">
    <p class='ocr_par' dir='ltr' id='par_1_17' title="bbox 1352 2254 2412 3091">
     <span class='ocr_line' id='line_1_105' title="bbox 1353 2254 2411 2303; baseline 0 -13"><span class='ocrx_word' id='word_1_749' title='bbox 1353 2254 1454 2302; x_wconf 89' lang='lat' dir='ltr'>passi</span> <span class='ocrx_word' id='word_1_750' title='bbox 1482 2266 1614 2290; x_wconf 89' lang='lat' dir='ltr'>sumus</span> <span class='ocrx_word' id='word_1_751' title='bbox 1634 2255 1844 2290; x_wconf 89' lang='lat' dir='ltr'>secundum</span> <span class='ocrx_word' id='word_1_752' title='bbox 1874 2266 2027 2290; x_wconf 89' lang='lat' dir='ltr'>sensum</span> <span class='ocrx_word' id='word_1_753' title='bbox 2051 2254 2089 2290; x_wconf 91' lang='lat' dir='ltr'>in</span> <span class='ocrx_word' id='word_1_754' title='bbox 2116 2255 2328 2303; x_wconf 88' lang='lat' dir='ltr'>praeterito,</span> <span class='ocrx_word' id='word_1_755' title='bbox 2349 2255 2411 2290; x_wconf 87' lang='lat' dir='ltr'>vel</span> 
     </span>
     <span class='ocr_line' id='line_1_106' title="bbox 1355 2306 2409 2355; baseline 0.001 -13"><span class='ocrx_word' id='word_1_756' title='bbox 1355 2307 1446 2343; x_wconf 90' lang='lat' dir='ltr'>dum</span> <span class='ocrx_word' id='word_1_757' title='bbox 1467 2319 1663 2354; x_wconf 90' lang='lat' dir='ltr'>speramus</span> <span class='ocrx_word' id='word_1_758' title='bbox 1683 2308 1813 2354; x_wconf 90' lang='lat' dir='ltr'>quales</span> <span class='ocrx_word' id='word_1_759' title='bbox 1832 2306 2021 2354; x_wconf 89' lang='lat' dir='ltr'>patiemur</span> <span class='ocrx_word' id='word_1_760' title='bbox 2040 2307 2079 2343; x_wconf 93' lang='lat' dir='ltr'>in</span> <span class='ocrx_word' id='word_1_761' title='bbox 2098 2307 2235 2343; x_wconf 85' lang='lat' dir='ltr'>futuro.</span> <span class='ocrx_word' id='word_1_762' title='bbox 2257 2308 2313 2343; x_wconf 84' lang='lat' dir='ltr'>Ex</span> <span class='ocrx_word' id='word_1_763' title='bbox 2334 2319 2409 2355; x_wconf 92' lang='lat' dir='ltr'>quo</span> 
     </span>
     <span class='ocr_line' id='line_1_107' title="bbox 1353 2359 2409 2408; baseline 0.001 -13"><span class='ocrx_word' id='word_1_764' title='bbox 1353 2366 1455 2407; x_wconf 91' lang='lat' dir='ltr'>patet</span> <span class='ocrx_word' id='word_1_765' title='bbox 1483 2360 1586 2407; x_wconf 92' lang='lat' dir='ltr'>quod</span> <span class='ocrx_word' id='word_1_766' title='bbox 1615 2359 1810 2396; x_wconf 89' lang='lat' dir='ltr'>delectatio</span> <span class='ocrx_word' id='word_1_767' title='bbox 1840 2366 1876 2395; x_wconf 92' lang='lat' dir='ltr'>et</span> <span class='ocrx_word' id='word_1_768' title='bbox 1912 2359 2055 2395; x_wconf 89' lang='lat' dir='ltr'>tristitia</span> <span class='ocrx_word' id='word_1_769' title='bbox 2086 2360 2297 2396; x_wconf 91' lang='lat' dir='ltr'>secundum</span> <span class='ocrx_word' id='word_1_770' title='bbox 2325 2372 2409 2408; x_wconf 90' lang='lat' dir='ltr'>par-</span> 
     </span>
     <span class='ocr_line' id='line_1_108' title="bbox 1353 2411 2412 2459; baseline 0.001 -12"><span class='ocrx_word' id='word_1_771' title='bbox 1353 2419 1431 2448; x_wconf 90' lang='lat' dir='ltr'>tem</span> <span class='ocrx_word' id='word_1_772' title='bbox 1460 2411 1677 2448; x_wconf 88' lang='lat' dir='ltr'>sensitivam</span> <span class='ocrx_word' id='word_1_773' title='bbox 1707 2419 1775 2458; x_wconf 89' lang='lat' dir='ltr'>est,</span> <span class='ocrx_word' id='word_1_774' title='bbox 1805 2411 1843 2448; x_wconf 93' lang='lat' dir='ltr'>in</span> <span class='ocrx_word' id='word_1_775' title='bbox 1871 2423 1947 2459; x_wconf 86' lang='lat' dir='ltr'>qua</span> <span class='ocrx_word' id='word_1_776' title='bbox 1984 2412 2149 2448; x_wconf 84' lang='lat' dir='ltr'>alteratio</span> <span class='ocrx_word' id='word_1_777' title='bbox 2188 2412 2340 2459; x_wconf 88' lang='lat' dir='ltr'>accidit,</span> <span class='ocrx_word' id='word_1_778' title='bbox 2370 2420 2412 2448; x_wconf 92' lang='lat' dir='ltr'>ut</span> 
     </span>
     <span class='ocr_line' id='line_1_109' title="bbox 1355 2464 2409 2512; baseline 0 -11"><span class='ocrx_word' id='word_1_779' title='bbox 1355 2477 1468 2512; x_wconf 91' lang='lat' dir='ltr'>supra</span> <span class='ocrx_word' id='word_1_780' title='bbox 1489 2465 1508 2485; x_wconf 63' lang='lat'>‘³‘</span> <span class='ocrx_word' id='word_1_781' title='bbox 1529 2464 1669 2501; x_wconf 90' lang='lat' dir='ltr'>dictum</span> <span class='ocrx_word' id='word_1_782' title='bbox 1690 2472 1753 2501; x_wconf 92' lang='lat' dir='ltr'>est.</span> <span class='ocrx_word' id='word_1_783' title='bbox 1781 2464 1820 2500; x_wconf 91' lang='lat' dir='ltr'>Si</span> <span class='ocrx_word' id='word_1_784' title='bbox 1849 2476 1937 2511; x_wconf 89' lang='lat' dir='ltr'>ergo</span> <span class='ocrx_word' id='word_1_785' title='bbox 1956 2464 2074 2501; x_wconf 88' lang='lat' dir='ltr'>virtus</span> <span class='ocrx_word' id='word_1_786' title='bbox 2095 2465 2247 2501; x_wconf 88' lang='lat' dir='ltr'>moralis</span> <span class='ocrx_word' id='word_1_787' title='bbox 2277 2472 2312 2501; x_wconf 92' lang='lat' dir='ltr'>et</span> <span class='ocrx_word' id='word_1_788' title='bbox 2329 2477 2409 2501; x_wconf 90' lang='lat' dir='ltr'>ma-</span> 
     </span>
     <span class='ocr_line' id='line_1_110' title="bbox 1354 2516 2409 2565; baseline 0 -12"><span class='ocrx_word' id='word_1_789' title='bbox 1354 2517 1428 2553; x_wconf 90' lang='lat' dir='ltr'>litia</span> <span class='ocrx_word' id='word_1_790' title='bbox 1465 2517 1639 2565; x_wconf 89' lang='lat' dir='ltr'>opposita</span> <span class='ocrx_word' id='word_1_791' title='bbox 1672 2517 1710 2552; x_wconf 92' lang='lat' dir='ltr'>in</span> <span class='ocrx_word' id='word_1_792' title='bbox 1745 2516 1990 2553; x_wconf 90' lang='lat' dir='ltr'>delectatione</span> <span class='ocrx_word' id='word_1_793' title='bbox 2020 2524 2056 2553; x_wconf 91' lang='lat' dir='ltr'>et</span> <span class='ocrx_word' id='word_1_794' title='bbox 2083 2517 2225 2553; x_wconf 89' lang='lat' dir='ltr'>tristitia</span> <span class='ocrx_word' id='word_1_795' title='bbox 2253 2525 2324 2562; x_wconf 74' lang='lat' dir='ltr'>est,</span> <span class='ocrx_word' id='word_1_796' title='bbox 2354 2530 2409 2553; x_wconf 92' lang='lat' dir='ltr'>se-</span> 
     </span>
     <span class='ocr_line' id='line_1_111' title="bbox 1356 2569 2410 2606; baseline -0.001 0"><span class='ocrx_word' id='word_1_797' title='bbox 1356 2570 1523 2606; x_wconf 90' lang='lat' dir='ltr'>cundum</span> <span class='ocrx_word' id='word_1_798' title='bbox 1553 2569 1840 2606; x_wconf 89' lang='lat' dir='ltr'>delectationem</span> <span class='ocrx_word' id='word_1_799' title='bbox 1878 2576 2006 2606; x_wconf 91' lang='lat' dir='ltr'>autem</span> <span class='ocrx_word' id='word_1_800' title='bbox 2035 2577 2070 2605; x_wconf 91' lang='lat' dir='ltr'>et</span> <span class='ocrx_word' id='word_1_801' title='bbox 2102 2569 2285 2606; x_wconf 88' lang='lat' dir='ltr'>tristitiam</span> <span class='ocrx_word' id='word_1_802' title='bbox 2323 2570 2410 2606; x_wconf 91' lang='lat' dir='ltr'>alte-</span> 
     </span>
     <span class='ocr_line' id='line_1_112' title="bbox 1355 2622 2409 2670; baseline 0 -12"><span class='ocrx_word' id='word_1_803' title='bbox 1355 2622 1426 2659; x_wconf 89' lang='lat' dir='ltr'>rari</span> <span class='ocrx_word' id='word_1_804' title='bbox 1456 2622 1652 2669; x_wconf 89' lang='lat' dir='ltr'>contingit:</span> <span class='ocrx_word' id='word_1_805' title='bbox 1674 2622 1841 2670; x_wconf 89' lang='lat' dir='ltr'>sequitur</span> <span class='ocrx_word' id='word_1_806' title='bbox 1868 2622 1973 2669; x_wconf 90' lang='lat' dir='ltr'>quod</span> <span class='ocrx_word' id='word_1_807' title='bbox 1996 2622 2164 2670; x_wconf 89' lang='lat' dir='ltr'>acceptio</span> <span class='ocrx_word' id='word_1_808' title='bbox 2185 2630 2222 2658; x_wconf 93' lang='lat' dir='ltr'>et</span> <span class='ocrx_word' id='word_1_809' title='bbox 2249 2622 2409 2659; x_wconf 91' lang='lat' dir='ltr'>remotio</span> 
     </span>
     <span class='ocr_line' id='line_1_113' title="bbox 1352 2674 2411 2723; baseline 0 -12"><span class='ocrx_word' id='word_1_810' title='bbox 1352 2675 1497 2712; x_wconf 88' lang='lat' dir='ltr'>virtutis</span> <span class='ocrx_word' id='word_1_811' title='bbox 1518 2682 1553 2710; x_wconf 92' lang='lat' dir='ltr'>et</span> <span class='ocrx_word' id='word_1_812' title='bbox 1572 2674 1733 2711; x_wconf 88' lang='lat' dir='ltr'>malitiae</span> <span class='ocrx_word' id='word_1_813' title='bbox 1754 2675 1799 2711; x_wconf 92' lang='lat' dir='ltr'>sit</span> <span class='ocrx_word' id='word_1_814' title='bbox 1819 2682 2091 2723; x_wconf 89' lang='lat' dir='ltr'>consequenter</span> <span class='ocrx_word' id='word_1_815' title='bbox 2109 2675 2157 2711; x_wconf 91' lang='lat' dir='ltr'>ad</span> <span class='ocrx_word' id='word_1_816' title='bbox 2176 2675 2340 2723; x_wconf 87' lang='lat' dir='ltr'>aliquam</span> <span class='ocrx_word' id='word_1_817' title='bbox 2360 2676 2411 2711; x_wconf 90' lang='lat' dir='ltr'>al·</span> 
     </span>
     <span class='ocr_line' id='line_1_114' title="bbox 1353 2727 2411 2775; baseline -0.001 -11"><span class='ocrx_word' id='word_1_818' title='bbox 1353 2728 1588 2764; x_wconf 89' lang='lat' dir='ltr'>terationem.</span> <span class='ocrx_word' id='word_1_819' title='bbox 1600 2748 1624 2755; x_wconf 91' lang='lat'><em>-</em></span> <span class='ocrx_word' id='word_1_820' title='bbox 1637 2727 1714 2764; x_wconf 90' lang='lat' dir='ltr'>Sed</span> <span class='ocrx_word' id='word_1_821' title='bbox 1733 2729 1954 2774; x_wconf 91' lang='lat' dir='ltr'>notandum,</span> <span class='ocrx_word' id='word_1_822' title='bbox 1968 2727 2070 2775; x_wconf 90' lang='lat' dir='ltr'>quod</span> <span class='ocrx_word' id='word_1_823' title='bbox 2085 2727 2273 2775; x_wconf 89' lang='lat' dir='ltr'>signanter</span> <span class='ocrx_word' id='word_1_824' title='bbox 2293 2727 2411 2764; x_wconf 72' lang='lat' dir='ltr'>dixit*</span> 
     </span>
     <span class='ocr_line' id='line_1_115' title="bbox 1354 2780 2411 2817; baseline 0 -1"><span class='ocrx_word' id='word_1_825' title='bbox 1354 2788 1471 2817; x_wconf 91' lang='lat' dir='ltr'>totam</span> <span class='ocrx_word' id='word_1_826' title='bbox 1499 2780 1679 2816; x_wconf 88' lang='lat' dir='ltr'>virtutem</span> <span class='ocrx_word' id='word_1_827' title='bbox 1699 2780 1885 2816; x_wconf 91' lang='lat' dir='ltr'>moralem</span> <span class='ocrx_word' id='word_1_828' title='bbox 1904 2780 1943 2816; x_wconf 91' lang='lat' dir='ltr'>in</span> <span class='ocrx_word' id='word_1_829' title='bbox 1963 2780 2271 2816; x_wconf 90' lang='lat' dir='ltr'>delectationibus</span> <span class='ocrx_word' id='word_1_830' title='bbox 2296 2787 2332 2816; x_wconf 91' lang='lat' dir='ltr'>et</span> <span class='ocrx_word' id='word_1_831' title='bbox 2350 2780 2411 2816; x_wconf 90' lang='lat' dir='ltr'>tri-</span> 
     </span>
     <span class='ocr_line' id='line_1_116' title="bbox 1354 2832 2410 2880; baseline 0 -11"><span class='ocrx_word' id='word_1_832' title='bbox 1354 2833 1458 2869; x_wconf 90' lang='lat' dir='ltr'>stitiis</span> <span class='ocrx_word' id='word_1_833' title='bbox 1487 2845 1588 2879; x_wconf 87' lang='lat' dir='ltr'>esse,</span> <span class='ocrx_word' id='word_1_834' title='bbox 1618 2833 1666 2869; x_wconf 91' lang='lat' dir='ltr'>ad</span> <span class='ocrx_word' id='word_1_835' title='bbox 1695 2832 1944 2869; x_wconf 85' lang='lat' dir='ltr'>differentiam</span> <span class='ocrx_word' id='word_1_836' title='bbox 1971 2833 2226 2869; x_wconf 89' lang='lat' dir='ltr'>intellectualis</span> <span class='ocrx_word' id='word_1_837' title='bbox 2253 2833 2410 2880; x_wconf 88' lang='lat' dir='ltr'>virtutis,</span> 
     </span>
     <span class='ocr_line' id='line_1_117' title="bbox 1355 2885 2412 2933; baseline 0.001 -12"><span class='ocrx_word' id='word_1_838' title='bbox 1355 2898 1452 2933; x_wconf 90' lang='lat' dir='ltr'>quae</span> <span class='ocrx_word' id='word_1_839' title='bbox 1482 2885 1595 2922; x_wconf 92' lang='lat' dir='ltr'>etiam</span> <span class='ocrx_word' id='word_1_840' title='bbox 1629 2898 1738 2922; x_wconf 91' lang='lat' dir='ltr'>suam</span> <span class='ocrx_word' id='word_1_841' title='bbox 1771 2885 2059 2922; x_wconf 87' lang='lat' dir='ltr'>delectationem</span> <span class='ocrx_word' id='word_1_842' title='bbox 2097 2886 2226 2922; x_wconf 89' lang='lat' dir='ltr'>habet:</span> <span class='ocrx_word' id='word_1_843' title='bbox 2257 2885 2324 2922; x_wconf 89' lang='lat' dir='ltr'>sed</span> <span class='ocrx_word' id='word_1_844' title='bbox 2353 2885 2412 2922; x_wconf 91' lang='lat' dir='ltr'>illa</span> 
     </span>
     <span class='ocr_line' id='line_1_118' title="bbox 1356 2938 2412 2984; baseline 0 -10"><span class='ocrx_word' id='word_1_845' title='bbox 1356 2938 1552 2975; x_wconf 87' lang='lat' dir='ltr'>delectatio</span> <span class='ocrx_word' id='word_1_846' title='bbox 1582 2950 1661 2974; x_wconf 90' lang='lat' dir='ltr'>non</span> <span class='ocrx_word' id='word_1_847' title='bbox 1691 2945 1745 2974; x_wconf 91' lang='lat' dir='ltr'>est</span> <span class='ocrx_word' id='word_1_848' title='bbox 1772 2938 1982 2975; x_wconf 90' lang='lat' dir='ltr'>secundum</span> <span class='ocrx_word' id='word_1_849' title='bbox 2011 2951 2181 2984; x_wconf 89' lang='lat' dir='ltr'>sensum;</span> <span class='ocrx_word' id='word_1_850' title='bbox 2211 2938 2312 2974; x_wconf 90' lang='lat' dir='ltr'>unde</span> <span class='ocrx_word' id='word_1_851' title='bbox 2341 2951 2412 2974; x_wconf 91' lang='lat' dir='ltr'>nec</span> 
     </span>
     <span class='ocr_line' id='line_1_119' title="bbox 1356 2990 2412 3037; baseline 0 -10"><span class='ocrx_word' id='word_1_852' title='bbox 1356 2990 1585 3027; x_wconf 88' lang='lat' dir='ltr'>contrarium</span> <span class='ocrx_word' id='word_1_853' title='bbox 1628 2991 1762 3037; x_wconf 92' lang='lat' dir='ltr'>habet,</span> <span class='ocrx_word' id='word_1_854' title='bbox 1791 3003 1861 3027; x_wconf 90' lang='lat' dir='ltr'>nec</span> <span class='ocrx_word' id='word_1_855' title='bbox 1895 2991 2106 3028; x_wconf 90' lang='lat' dir='ltr'>secundum</span> <span class='ocrx_word' id='word_1_856' title='bbox 2144 3004 2230 3028; x_wconf 90' lang='lat' dir='ltr'>earn</span> <span class='ocrx_word' id='word_1_857' title='bbox 2267 2990 2412 3027; x_wconf 89' lang='lat' dir='ltr'>alterari</span> 
     </span>
     <span class='ocr_line' id='line_1_120' title="bbox 1357 3043 1933 3091; baseline 0 -12"><span class='ocrx_word' id='word_1_858' title='bbox 1357 3043 1544 3090; x_wconf 86' lang='lat' dir='ltr'>contingit,</span> <span class='ocrx_word' id='word_1_859' title='bbox 1567 3043 1636 3080; x_wconf 91' lang='lat' dir='ltr'>nisi</span> <span class='ocrx_word' id='word_1_860' title='bbox 1664 3043 1933 3091; x_wconf 89' lang='lat' dir='ltr'>metaphorice.</span> 
     </span>
    </p>

    <p class='ocr_par' dir='ltr' id='par_1_18' title="bbox 1356 3096 2411 3302">
     <span class='ocr_line' id='line_1_121' title="bbox 1413 3096 2411 3143; baseline -0.001 -11"><span class='ocrx_word' id='word_1_861' title='bbox 1413 3097 1445 3133; x_wconf 88' lang='grc'>5.</span> <span class='ocrx_word' id='word_1_862' title='bbox 1466 3096 1614 3133; x_wconf 90' lang='lat' dir='ltr'>Deinde</span> <span class='ocrx_word' id='word_1_863' title='bbox 1635 3109 1723 3132; x_wconf 90' lang='lat' dir='ltr'>curn</span> <span class='ocrx_word' id='word_1_864' title='bbox 1743 3096 1849 3133; x_wconf 88' lang='lat' dir='ltr'>dicit:</span> <span class='ocrx_word' id='word_1_865' title='bbox 1869 3097 1920 3132; x_wconf 83' lang='lat' dir='ltr'>At</span> <span class='ocrx_word' id='word_1_866' title='bbox 1937 3107 2026 3132; x_wconf 78' lang='lat' dir='ltr'>vero</span> <span class='ocrx_word' id='word_1_867' title='bbox 2047 3107 2165 3143; x_wconf 84' lang='lat' dir='ltr'>neque</span> <span class='ocrx_word' id='word_1_868' title='bbox 2186 3103 2267 3141; x_wconf 89' lang='lat' dir='ltr'>ete.,</span> <span class='ocrx_word' id='word_1_869' title='bbox 2290 3103 2411 3132; x_wconf 92' lang='lat' dir='ltr'>osten-</span> 
     </span>
     <span class='ocr_line' id='line_1_122' title="bbox 1358 3147 2410 3196; baseline -0.001 -12"><span class='ocrx_word' id='word_1_870' title='bbox 1358 3148 1410 3185; x_wconf 92' lang='lat' dir='ltr'>dit</span> <span class='ocrx_word' id='word_1_871' title='bbox 1437 3149 1540 3196; x_wconf 90' lang='lat' dir='ltr'>quod</span> <span class='ocrx_word' id='word_1_872' title='bbox 1579 3148 1746 3185; x_wconf 91' lang='lat' dir='ltr'>alteratio</span> <span class='ocrx_word' id='word_1_873' title='bbox 1785 3161 1862 3184; x_wconf 92' lang='lat' dir='ltr'>non</span> <span class='ocrx_word' id='word_1_874' title='bbox 1892 3156 1946 3184; x_wconf 88' lang='lat' dir='ltr'>est</span> <span class='ocrx_word' id='word_1_875' title='bbox 1972 3149 2010 3184; x_wconf 92' lang='lat' dir='ltr'>in</span> <span class='ocrx_word' id='word_1_876' title='bbox 2046 3156 2151 3196; x_wconf 90' lang='lat' dir='ltr'>parte</span> <span class='ocrx_word' id='word_1_877' title='bbox 2180 3148 2328 3184; x_wconf 89' lang='lat' dir='ltr'>animae</span> <span class='ocrx_word' id='word_1_878' title='bbox 2357 3147 2410 3183; x_wconf 91' lang='lat' dir='ltr'>in-</span> 
     </span>
     <span class='ocr_line' id='line_1_123' title="bbox 1356 3199 2410 3249; baseline -0.001 -13"><span class='ocrx_word' id='word_1_879' title='bbox 1356 3201 1551 3237; x_wconf 90' lang='lat' dir='ltr'>tellectiva.</span> <span class='ocrx_word' id='word_1_880' title='bbox 1582 3202 1630 3237; x_wconf 91' lang='lat' dir='ltr'>Et</span> <span class='ocrx_word' id='word_1_881' title='bbox 1657 3201 1779 3249; x_wconf 88' lang='lat' dir='ltr'>primo</span> <span class='ocrx_word' id='word_1_882' title='bbox 1809 3202 1944 3249; x_wconf 90' lang='lat' dir='ltr'>probat</span> <span class='ocrx_word' id='word_1_883' title='bbox 1979 3202 2053 3237; x_wconf 92' lang='lat' dir='ltr'>hoc</span> <span class='ocrx_word' id='word_1_884' title='bbox 2080 3201 2118 3236; x_wconf 89' lang='lat' dir='ltr'>in</span> <span class='ocrx_word' id='word_1_885' title='bbox 2146 3199 2324 3247; x_wconf 86' lang='lat' dir='ltr'>generali;</span> <span class='ocrx_word' id='word_1_886' title='bbox 2355 3212 2410 3235; x_wconf 88' lang='lat' dir='ltr'>se-</span> 
     </span>
     <span class='ocr_line' id='line_1_124' title="bbox 1358 3253 2408 3302; baseline -0.002 -13"><span class='ocrx_word' id='word_1_887' title='bbox 1358 3254 1482 3290; x_wconf 93' lang='lat' dir='ltr'>cundo</span> <span class='ocrx_word' id='word_1_888' title='bbox 1520 3253 1558 3289; x_wconf 93' lang='lat' dir='ltr'>in</span> <span class='ocrx_word' id='word_1_889' title='bbox 1586 3253 1757 3302; x_wconf 90' lang='lat' dir='ltr'>speciali,</span> <span class='ocrx_word' id='word_1_890' title='bbox 1787 3253 1854 3289; x_wconf 88' lang='lat' dir='ltr'>ibi:</span> <span class='ocrx_word' id='word_1_891' title='bbox 1884 3253 2018 3300; x_wconf 85' lang='lat' dir='ltr'>Neque</span> <span class='ocrx_word' id='word_1_892' title='bbox 2046 3253 2161 3301; x_wconf 78' lang='lat' dir='ltr'>igitur</span> <span class='ocrx_word' id='word_1_893' title='bbox 2187 3253 2325 3288; x_wconf 70' lang='lat' dir='ltr'>actus*</span> <span class='ocrx_word' id='word_1_894' title='bbox 2342 3259 2408 3288; x_wconf 90' lang='lat' dir='ltr'>etc.</span> 
     </span>
    </p>
   </div>
   <div class='ocr_carea' id='block_1_13' title="bbox 1355 3386 2412 3627">
    <p class='ocr_par' dir='ltr' id='par_1_19' title="bbox 1355 3386 2412 3523">
     <span class='ocr_line' id='line_1_125' title="bbox 1355 3386 2411 3419; baseline -0.002 -7"><span class='ocrx_word' id='word_1_895' title='bbox 1355 3390 1404 3411; x_wconf 82' lang='lat' dir='ltr'>aut</span> <span class='ocrx_word' id='word_1_896' title='bbox 1422 3387 1487 3412; x_wconf 86' lang='lat' dir='ltr'>nihil</span> <span class='ocrx_word' id='word_1_897' title='bbox 1505 3388 1658 3419; x_wconf 79' lang='lat' dir='ltr'>simpliciter</span> <span class='ocrx_word' id='word_1_898' title='bbox 1676 3390 1702 3412; x_wconf 87' lang='lat' dir='ltr'>et</span> <span class='ocrx_word' id='word_1_899' title='bbox 1720 3387 1877 3411; x_wconf 81' lang='lat' dir='ltr'>indivisibile</span> <span class='ocrx_word' id='word_1_900' title='bbox 1895 3390 1934 3411; x_wconf 84' lang='lat' dir='ltr'>est</span> <span class='ocrx_word' id='word_1_901' title='bbox 1953 3387 2077 3411; x_wconf 79' lang='lat' dir='ltr'>alteratio</span> <span class='ocrx_word' id='word_1_902' title='bbox 2097 3391 2158 3417; x_wconf 82' lang='lat' dir='ltr'>etc.;</span> <span class='ocrx_word' id='word_1_903' title='bbox 2178 3386 2227 3410; x_wconf 89' lang='lat' dir='ltr'>hoc</span> <span class='ocrx_word' id='word_1_904' title='bbox 2242 3386 2383 3419; x_wconf 78' lang='lat' dir='ltr'>corrrigunt</span> <span class='ocrx_word' id='word_1_905' title='bbox 2396 3388 2411 3411; x_wconf 86' lang='lat' dir='ltr'>b</span> 
     </span>
     <span class='ocr_line' id='line_1_126' title="bbox 1356 3421 2411 3453; baseline 0 -7"><span class='ocrx_word' id='word_1_906' title='bbox 1356 3426 1381 3445; x_wconf 85' lang='lat' dir='ltr'>et</span> <span class='ocrx_word' id='word_1_907' title='bbox 1394 3422 1484 3446; x_wconf 83' lang='lat' dir='ltr'>Venet.</span> <span class='ocrx_word' id='word_1_908' title='bbox 1502 3421 1575 3453; x_wconf 82' lang='lat'>1504,</span> <span class='ocrx_word' id='word_1_909' title='bbox 1594 3421 1674 3453; x_wconf 81' lang='lat'>1545:</span> <span class='ocrx_word' id='word_1_910' title='bbox 1689 3422 1735 3446; x_wconf 84' lang='lat' dir='ltr'>sed</span> <span class='ocrx_word' id='word_1_911' title='bbox 1749 3421 1813 3445; x_wconf 86' lang='lat' dir='ltr'>nihil</span> <span class='ocrx_word' id='word_1_912' title='bbox 1825 3422 1941 3452; x_wconf 85' lang='lat' dir='ltr'>simplex</span> <span class='ocrx_word' id='word_1_913' title='bbox 1955 3424 1981 3445; x_wconf 86' lang='lat' dir='ltr'>et</span> <span class='ocrx_word' id='word_1_914' title='bbox 1995 3421 2153 3445; x_wconf 76' lang='lat' dir='ltr'>indivisibile</span> <span class='ocrx_word' id='word_1_915' title='bbox 2165 3425 2204 3446; x_wconf 84' lang='lat' dir='ltr'>est</span> <span class='ocrx_word' id='word_1_916' title='bbox 2220 3422 2344 3446; x_wconf 77' lang='lat' dir='ltr'>alteratio</span> <span class='ocrx_word' id='word_1_917' title='bbox 2355 3427 2411 3450; x_wconf 85' lang='lat' dir='ltr'>etc.,·</span> 
     </span>
     <span class='ocr_line' id='line_1_127' title="bbox 1355 3455 2412 3488; baseline 0.003 -9"><span class='ocrx_word' id='word_1_918' title='bbox 1355 3455 1446 3481; x_wconf 86' lang='lat' dir='ltr'>Venet.</span> <span class='ocrx_word' id='word_1_919' title='bbox 1465 3456 1539 3487; x_wconf 84' lang='lat'>1551,</span> <span class='ocrx_word' id='word_1_920' title='bbox 1562 3456 1626 3481; x_wconf 81' lang='lat'>1552</span> <span class='ocrx_word' id='word_1_921' title='bbox 1647 3462 1671 3481; x_wconf 86' lang='lat' dir='ltr'>et</span> <span class='ocrx_word' id='word_1_922' title='bbox 1690 3457 1721 3480; x_wconf 85' lang='lat' dir='ltr'>P:</span> <span class='ocrx_word' id='word_1_923' title='bbox 1740 3457 1787 3480; x_wconf 85' lang='lat' dir='ltr'>sed</span> <span class='ocrx_word' id='word_1_924' title='bbox 1806 3456 1830 3480; x_wconf 88' lang='lat' dir='ltr'>in</span> <span class='ocrx_word' id='word_1_925' title='bbox 1846 3456 1958 3487; x_wconf 83' lang='lat' dir='ltr'>simplici</span> <span class='ocrx_word' id='word_1_926' title='bbox 1975 3459 2023 3480; x_wconf 87' lang='lat' dir='ltr'>aut</span> <span class='ocrx_word' id='word_1_927' title='bbox 2041 3459 2067 3480; x_wconf 85' lang='lat' dir='ltr'>et</span> <span class='ocrx_word' id='word_1_928' title='bbox 2086 3455 2115 3488; x_wconf 80' lang='lat' dir='ltr'>(l)</span> <span class='ocrx_word' id='word_1_929' title='bbox 2135 3456 2288 3481; x_wconf 79' lang='lat' dir='ltr'>indivisibili</span> <span class='ocrx_word' id='word_1_930' title='bbox 2307 3464 2357 3481; x_wconf 82' lang='lat' dir='ltr'>non</span> <span class='ocrx_word' id='word_1_931' title='bbox 2373 3460 2412 3482; x_wconf 86' lang='lat' dir='ltr'>est</span> 
     </span>
     <span class='ocr_line' id='line_1_128' title="bbox 1355 3489 2300 3523; baseline 0 -7"><span class='ocrx_word' id='word_1_932' title='bbox 1355 3491 1478 3516; x_wconf 82' lang='lat' dir='ltr'>alteratio</span> <span class='ocrx_word' id='word_1_933' title='bbox 1498 3496 1579 3523; x_wconf 80' lang='lat' dir='ltr'>neque</span> <span class='ocrx_word' id='word_1_934' title='bbox 1597 3492 1664 3516; x_wconf 86' lang='lat' dir='ltr'>alius</span> <span class='ocrx_word' id='word_1_935' title='bbox 1684 3494 1775 3519; x_wconf 89' lang='lat' dir='ltr'>motus,</span> <span class='ocrx_word' id='word_1_936' title='bbox 1797 3494 1825 3514; x_wconf 85' lang='lat' dir='ltr'>ut</span> <span class='ocrx_word' id='word_1_937' title='bbox 1838 3491 1980 3522; x_wconf 78' lang='lat' dir='ltr'>probatum</span> <span class='ocrx_word' id='word_1_938' title='bbox 2000 3494 2039 3515; x_wconf 88' lang='lat' dir='ltr'>est</span> <span class='ocrx_word' id='word_1_939' title='bbox 2058 3491 2083 3515; x_wconf 89' lang='lat' dir='ltr'>in</span> <span class='ocrx_word' id='word_1_940' title='bbox 2103 3491 2195 3522; x_wconf 84' lang='lat' dir='ltr'>quinto</span> <span class='ocrx_word' id='word_1_941' title='bbox 2214 3489 2300 3516; x_wconf 55' lang='lat' dir='ltr'>huius.</span> 
     </span>
    </p>

    <p class='ocr_par' dir='ltr' id='par_1_20' title="bbox 1355 3525 2411 3627">
     <span class='ocr_line' id='line_1_129' title="bbox 1408 3525 2411 3559; baseline 0.002 -10"><span class='ocrx_word' id='word_1_942' title='bbox 1408 3526 1429 3557; x_wconf 84' lang='grc' dir='ltr'>ε)</span> <span class='ocrx_word' id='word_1_943' title='bbox 1453 3526 1608 3556; x_wconf 83' lang='lat' dir='ltr'>Utrumlibet</span> <span class='ocrx_word' id='word_1_944' title='bbox 1626 3529 1714 3550; x_wconf 86' lang='lat' dir='ltr'>autem</span> <span class='ocrx_word' id='word_1_945' title='bbox 1734 3532 1823 3550; x_wconf 83' lang='lat' dir='ltr'>verum</span> <span class='ocrx_word' id='word_1_946' title='bbox 1841 3525 1883 3550; x_wconf 85' lang='lat' dir='ltr'>sit.</span> <span class='ocrx_word' id='word_1_947' title='bbox 1897 3539 1916 3544; x_wconf 94' lang='lat'>—</span> <span class='ocrx_word' id='word_1_948' title='bbox 1934 3526 1983 3549; x_wconf 88' lang='lat' dir='ltr'>Pro</span> <span class='ocrx_word' id='word_1_949' title='bbox 2003 3526 2167 3554; x_wconf 86' lang='lat' dir='ltr'>utrumlibet,</span> <span class='ocrx_word' id='word_1_950' title='bbox 2191 3527 2370 3559; x_wconf 83' lang='lat' dir='ltr'>quodcumque</span> <span class='ocrx_word' id='word_1_951' title='bbox 2389 3527 2411 3551; x_wconf 92' lang='lat' dir='ltr'>D</span> 
     </span>
     <span class='ocr_line' id='line_1_130' title="bbox 1356 3561 2411 3593; baseline 0.004 -10"><span class='ocrx_word' id='word_1_952' title='bbox 1356 3565 1381 3583; x_wconf 87' lang='lat' dir='ltr'>et</span> <span class='ocrx_word' id='word_1_953' title='bbox 1400 3568 1488 3593; x_wconf 82' lang='lat' dir='ltr'>margo</span> <span class='ocrx_word' id='word_1_954' title='bbox 1508 3562 1546 3591; x_wconf 85' lang='lat' dir='ltr'>H,</span> <span class='ocrx_word' id='word_1_955' title='bbox 1566 3564 1704 3592; x_wconf 82' lang='lat' dir='ltr'>utrumque</span> <span class='ocrx_word' id='word_1_956' title='bbox 1722 3561 1757 3590; x_wconf 83' lang='grc' dir='ltr'>Κ,</span> <span class='ocrx_word' id='word_1_957' title='bbox 1782 3563 1870 3584; x_wconf 87' lang='lat' dir='ltr'>utrum</span> <span class='ocrx_word' id='word_1_958' title='bbox 1890 3561 1927 3589; x_wconf 69' lang='lat' dir='ltr'>sl,</span> <span class='ocrx_word' id='word_1_959' title='bbox 1952 3568 2010 3584; x_wconf 87' lang='lat' dir='ltr'>cum</span> <span class='ocrx_word' id='word_1_960' title='bbox 2031 3561 2182 3586; x_wconf 77' lang='lat' dir='ltr'>utrumlibet</span> <span class='ocrx_word' id='word_1_961' title='bbox 2200 3562 2251 3592; x_wconf 82' lang='lat' dir='ltr'>Pb;</span> <span class='ocrx_word' id='word_1_962' title='bbox 2276 3562 2310 3586; x_wconf 87' lang='lat' dir='ltr'>R:</span> <span class='ocrx_word' id='word_1_963' title='bbox 2334 3562 2411 3587; x_wconf 85' lang='lat' dir='ltr'>Utro-</span> 
     </span>
     <span class='ocr_line' id='line_1_131' title="bbox 1355 3594 2138 3627; baseline 0.003 -9"><span class='ocrx_word' id='word_1_964' title='bbox 1355 3594 1417 3619; x_wconf 85' lang='lat' dir='ltr'>libet</span> <span class='ocrx_word' id='word_1_965' title='bbox 1434 3599 1522 3620; x_wconf 86' lang='lat' dir='ltr'>autem</span> <span class='ocrx_word' id='word_1_966' title='bbox 1543 3596 1620 3620; x_wconf 84' lang='lat' dir='ltr'>modo</span> <span class='ocrx_word' id='word_1_967' title='bbox 1638 3595 1680 3624; x_wconf 81' lang='lat' dir='ltr'>sit,</span> <span class='ocrx_word' id='word_1_968' title='bbox 1699 3598 1802 3626; x_wconf 85' lang='lat' dir='ltr'>oportet</span> <span class='ocrx_word' id='word_1_969' title='bbox 1813 3595 1878 3627; x_wconf 84' lang='lat' dir='ltr'>fieri</span> <span class='ocrx_word' id='word_1_970' title='bbox 1896 3596 2071 3627; x_wconf 81' lang='lat' dir='ltr'>acceptionem</span> <span class='ocrx_word' id='word_1_971' title='bbox 2090 3600 2138 3620; x_wconf 87' lang='lat' dir='ltr'>etc.</span> 
     </span>
    </p>
   </div>
   <div class='ocr_carea' id='block_1_14' title="bbox 2417 368 2652 449">
    <p class='ocr_par' dir='ltr' id='par_1_21' title="bbox 2417 368 2652 449">
     <span class='ocr_line' id='line_1_132' title="bbox 2417 368 2652 397; baseline 0.004 -8"><span class='ocrx_word' id='word_1_972' title='bbox 2417 374 2419 378; x_wconf 93' lang='lat'>·</span> <span class='ocrx_word' id='word_1_973' title='bbox 2441 368 2492 390; x_wconf 81' lang='lat' dir='ltr'>‘Ca</span> <span class='ocrx_word' id='word_1_974' title='bbox 2511 374 2652 397; x_wconf 74' lang='lat' dir='ltr'>.v11‚seqq.-</span> 
     </span>
     <span class='ocr_line' id='line_1_133' title="bbox 2441 394 2651 422; baseline 0.01 -7"><span class='ocrx_word' id='word_1_975' title='bbox 2441 394 2465 415; x_wconf 85' lang='lat' dir='ltr'>S.</span> <span class='ocrx_word' id='word_1_976' title='bbox 2506 395 2540 422; x_wconf 88' lang='lat' dir='ltr'>h.,</span> <span class='ocrx_word' id='word_1_977' title='bbox 2558 396 2610 417; x_wconf 85' lang='lat' dir='ltr'>lect.</span> <span class='ocrx_word' id='word_1_978' title='bbox 2629 402 2651 417; x_wconf 73' lang='lat' dir='ltr'>vr</span> 
     </span>
     <span class='ocr_line' id='line_1_134' title="bbox 2440 427 2504 449; baseline 0.016 -8"><span class='ocrx_word' id='word_1_979' title='bbox 2440 427 2504 449; x_wconf 84' lang='lat' dir='ltr'>seqq.</span> 
     </span>
    </p>
   </div>
   <div class='ocr_carea' id='block_1_15' title="bbox 2440 941 2651 1015">
    <p class='ocr_par' dir='ltr' id='par_1_22' title="bbox 2440 941 2651 1015">
     <span class='ocr_line' id='line_1_135' title="bbox 2440 941 2651 968; baseline 0 -6"><span class='ocrx_word' id='word_1_980' title='bbox 2440 942 2449 951; x_wconf 81' lang='lat'>&#39;¹</span> <span class='ocrx_word' id='word_1_981' title='bbox 2464 941 2512 962; x_wconf 81' lang='lat' dir='ltr'>sint</span> <span class='ocrx_word' id='word_1_982' title='bbox 2524 947 2588 967; x_wconf 67' lang='lat' dir='ltr'>mas,</span> <span class='ocrx_word' id='word_1_983' title='bbox 2600 941 2651 968; x_wconf 83' lang='lat' dir='ltr'>fiat</span> 
     </span>
     <span class='ocr_line' id='line_1_136' title="bbox 2440 967 2651 994; baseline 0.005 -6"><span class='ocrx_word' id='word_1_984' title='bbox 2440 973 2461 992; x_wconf 78' lang='grc' dir='ltr'>ε,</span> <span class='ocrx_word' id='word_1_985' title='bbox 2469 967 2503 994; x_wconf 80' lang='lat' dir='ltr'>fit</span> <span class='ocrx_word' id='word_1_986' title='bbox 2516 971 2558 989; x_wconf 88' lang='lat' dir='ltr'>cet.</span> <span class='ocrx_word' id='word_1_987' title='bbox 2575 973 2624 989; x_wconf 80' lang='lat' dir='ltr'>exc.</span> <span class='ocrx_word' id='word_1_988' title='bbox 2637 973 2651 988; x_wconf 72' lang='grc' dir='ltr'><strong>Β</strong></span> 
     </span>
     <span class='ocr_line' id='line_1_137' title="bbox 2440 999 2524 1015; baseline 0.012 -1"><span class='ocrx_word' id='word_1_989' title='bbox 2440 999 2524 1015; x_wconf 66' lang='lat' dir='ltr'>rcfluo.</span> 
     </span>
    </p>
   </div>
   <div class='ocr_carea' id='block_1_16' title="bbox 2439 1311 2651 1358">
    <p class='ocr_par' dir='ltr' id='par_1_23' title="bbox 2439 1311 2651 1358">
     <span class='ocr_line' id='line_1_138' title="bbox 2440 1311 2651 1332; baseline 0.005 -1"><span class='ocrx_word' id='word_1_990' title='bbox 2440 1311 2449 1320; x_wconf 75' lang='lat'><em>*</em></span> <span class='ocrx_word' id='word_1_991' title='bbox 2465 1313 2500 1331; x_wconf 77' lang='lat' dir='ltr'>est</span> <span class='ocrx_word' id='word_1_992' title='bbox 2513 1311 2565 1332; x_wconf 79' lang='lat' dir='ltr'>add.</span> <span class='ocrx_word' id='word_1_993' title='bbox 2578 1317 2651 1332; x_wconf 68' lang='lat' dir='ltr'>sutrii</span> 
     </span>
     <span class='ocr_line' id='line_1_139' title="bbox 2439 1343 2535 1358; baseline 0 0"><span class='ocrx_word' id='word_1_994' title='bbox 2439 1343 2535 1358; x_wconf 70' lang='lat' dir='ltr'>Lnonsz.</span> 
     </span>
    </p>
   </div>
   <div class='ocr_carea' id='block_1_17' title="bbox 2437 1941 2628 1994">
    <p class='ocr_par' dir='ltr' id='par_1_24' title="bbox 2437 1941 2628 1994">
     <span class='ocr_line' id='line_1_140' title="bbox 2438 1941 2628 1968; baseline 0 -6"><span class='ocrx_word' id='word_1_995' title='bbox 2438 1943 2448 1951; x_wconf 85' lang='lat'>&#39;¹</span> <span class='ocrx_word' id='word_1_996' title='bbox 2456 1941 2544 1968; x_wconf 83' lang='lat' dir='ltr'>sutura</span> <span class='ocrx_word' id='word_1_997' title='bbox 2559 1947 2584 1968; x_wconf 77' lang='lat' dir='ltr'>B,</span> <span class='ocrx_word' id='word_1_998' title='bbox 2600 1947 2628 1962; x_wconf 88' lang='lat' dir='ltr'>re</span> 
     </span>
     <span class='ocr_line' id='line_1_141' title="bbox 2437 1968 2557 1994; baseline 0 -6"><span class='ocrx_word' id='word_1_999' title='bbox 2437 1968 2520 1994; x_wconf 75' lang='lat' dir='ltr'>futura</span> <span class='ocrx_word' id='word_1_1000' title='bbox 2535 1974 2557 1989; x_wconf 80' lang='lat' dir='ltr'>D.</span> 
     </span>
    </p>
   </div>
   <div class='ocr_carea' id='block_1_18' title="bbox 2439 2209 2650 2282">
    <p class='ocr_par' dir='ltr' id='par_1_25' title="bbox 2439 2209 2650 2282">
     <span class='ocr_line' id='line_1_142' title="bbox 2439 2209 2649 2229; baseline 0 0"><span class='ocrx_word' id='word_1_1001' title='bbox 2439 2210 2448 2218; x_wconf 64' lang='lat'>⁸</span> <span class='ocrx_word' id='word_1_1002' title='bbox 2470 2209 2649 2229; x_wconf 84' lang='lat' dir='ltr'>reminiscuntur</span> 
     </span>
     <span class='ocr_line' id='line_1_143' title="bbox 2439 2235 2650 2258; baseline 0.005 -3"><span class='ocrx_word' id='word_1_1003' title='bbox 2439 2235 2475 2255; x_wconf 86' lang='lat' dir='ltr'>ed.</span> <span class='ocrx_word' id='word_1_1004' title='bbox 2486 2241 2509 2258; x_wconf 78' lang='lat' dir='ltr'>a.</span> <span class='ocrx_word' id='word_1_1005' title='bbox 2521 2235 2650 2256; x_wconf 78' lang='lat' dir='ltr'>reminisci-</span> 
     </span>
     <span class='ocr_line' id='line_1_144' title="bbox 2439 2263 2542 2282; baseline 0 0"><span class='ocrx_word' id='word_1_1006' title='bbox 2439 2263 2477 2282; x_wconf 86' lang='lat' dir='ltr'>tur</span> <span class='ocrx_word' id='word_1_1007' title='bbox 2490 2267 2542 2282; x_wconf 67' lang='lat' dir='ltr'>pov,</span> 
     </span>
    </p>
   </div>
   <div class='ocr_carea' id='block_1_19' title="bbox 2438 2474 2630 2499">
    <p class='ocr_par' dir='ltr' id='par_1_26' title="bbox 2438 2474 2630 2499">
     <span class='ocr_line' id='line_1_145' title="bbox 2438 2474 2630 2499; baseline -0.01 -3"><span class='ocrx_word' id='word_1_1008' title='bbox 2438 2475 2447 2483; x_wconf 82' lang='lat'>&#39;¹</span> <span class='ocrx_word' id='word_1_1009' title='bbox 2462 2474 2524 2495; x_wconf 86' lang='lat' dir='ltr'>Lect.</span> <span class='ocrx_word' id='word_1_1010' title='bbox 2536 2480 2564 2499; x_wconf 71' lang='grc' dir='ltr'>ιν,</span> <span class='ocrx_word' id='word_1_1011' title='bbox 2577 2480 2598 2496; x_wconf 89' lang='lat' dir='ltr'>n.</span> <span class='ocrx_word' id='word_1_1012' title='bbox 2610 2479 2630 2494; x_wconf 83' lang='lat'>2.</span> 
     </span>
    </p>
   </div>
   <div class='ocr_carea' id='block_1_20' title="bbox 2438 2732 2612 2753">
    <p class='ocr_par' dir='ltr' id='par_1_27' title="bbox 2438 2732 2612 2753">
     <span class='ocr_line' id='line_1_146' title="bbox 2438 2732 2612 2753; baseline -0.006 0"><span class='ocrx_word' id='word_1_1013' title='bbox 2438 2734 2447 2741; x_wconf 85' lang='lat'>&#39;¹</span> <span class='ocrx_word' id='word_1_1014' title='bbox 2464 2732 2521 2753; x_wconf 77' lang='lat' dir='ltr'>dicit</span> <span class='ocrx_word' id='word_1_1015' title='bbox 2534 2737 2612 2753; x_wconf 75' lang='lat' dir='ltr'>poi-os.</span> 
     </span>
    </p>
   </div>
   <div class='ocr_carea' id='block_1_21' title="bbox 2439 3254 2595 3282">
    <p class='ocr_par' dir='ltr' id='par_1_28' title="bbox 2439 3254 2595 3282">
     <span class='ocr_line' id='line_1_147' title="bbox 2439 3254 2595 3282; baseline 0.006 -7"><span class='ocrx_word' id='word_1_1016' title='bbox 2439 3255 2448 3264; x_wconf 74' lang='lat'><em>⁶</em></span> <span class='ocrx_word' id='word_1_1017' title='bbox 2463 3254 2532 3276; x_wconf 87' lang='lat' dir='ltr'>Num.</span> <span class='ocrx_word' id='word_1_1018' title='bbox 2548 3261 2595 3282; x_wconf 62' lang='lat' dir='ltr'>seq.</span> 
     </span>
    </p>
   </div>
  </div>
 </body>
</html>
