2898 3996
24 644 27 646 μ
79 652 93 664 “
105 651 176 674 Num.
189 656 201 679 5
215 656 264 679 seq.

80 755 91 765 “
109 754 208 777 medium
222 754 291 777 codd.

80 787 131 803 exc.
145 787 224 803 musi..

1201 299 1311 335 CAP.
1342 299 1374 345 1,

319 378 438 415 sibilia
467 377 655 415 dividatur
672 383 695 414 ⁶.
718 377 794 414 Sed
821 377 896 414 hoc
924 385 980 414 est
1002 377 1149 423 falsum,
1181 389 1267 413 cum
1296 376 1376 413 nul-

317 431 398 467 lum
418 430 685 467 continuorum
705 430 750 466 sit
778 429 962 467 divisibile
981 430 1019 466 in
1047 428 1302 477 impartibilia:
1324 428 1376 464 sic

319 482 422 520 enim
450 495 528 520 non
565 490 662 519 esset
690 481 873 520 divisibile
910 482 951 518 in
986 481 1187 518 infinitum.
1217 481 1375 516 Nullum

318 535 427 583 igitur
455 535 676 573 continuum
705 534 945 583 componitur
973 546 1018 571 ex
1050 532 1347 570 indivisibilibus.

371 600 408 636 7.
429 588 576 626 Deinde
597 599 684 624 cum
705 587 808 624 dicit:
836 586 996 624 Nullum
1015 591 1139 622 autem
1163 585 1267 621 aliud
1293 592 1374 631 etc.,

318 641 532 678 manifestat
551 641 628 678 duo
647 651 745 687 quae
765 651 879 688 supra
895 639 915 660 *
933 638 1086 675 dixerat.
1107 637 1283 683 Quorum
1302 637 1375 685 pri-

319 705 427 730 mum
455 693 534 741 fuit,
556 693 660 742 quod
687 692 783 728 inter
809 692 885 728 duo
921 697 1061 738 puncta
1089 689 1134 725 sit
1169 689 1268 726 linea
1296 701 1375 726 me-

319 745 382 783 dia
399 746 434 793 *,
473 753 509 782 et
534 745 631 782 inter
658 744 734 780 duo
763 755 884 790 nunc,
913 749 1076 790 tempus.
1111 742 1160 778 Et
1194 742 1269 778 hoc
1296 754 1374 778 ma-

317 798 466 835 nifestat
502 797 567 835 sic.
597 796 637 834 Si
665 803 752 832 sunt
789 794 864 831 duo
902 801 1066 843 puncta,
1095 801 1243 842 oportet
1270 794 1374 842 quod

319 849 494 887 differant
519 848 730 886 secundum
762 847 890 883 situm:
919 846 1009 883 alias
1036 859 1116 883 non
1145 854 1268 883 essent
1297 847 1373 884 duo

318 902 385 939 sed
403 913 534 938 unum.
555 901 648 937 Non
667 906 793 936 autern
812 906 972 947 possunt
990 912 1030 935 se
1051 899 1264 946 contingere
1284 899 1308 946 ζ,
1334 908 1375 936 ut

318 965 432 1001 supra
448 954 468 974 *
487 959 683 989 ostensum
713 959 782 988 est:
811 951 913 988 unde
943 951 1162 999 relinquitur
1189 953 1293 1000 quod
1322 952 1374 988 di-

318 1012 426 1051 stent,
449 1011 485 1042 et
512 1004 557 1041 sit
575 1003 729 1054 aliquod
748 1003 919 1041 medium
943 1004 1038 1041 inter
1057 1016 1112 1041 ea.
1135 1005 1211 1041 Sed
1229 1005 1374 1040 nullum

318 1057 418 1095 aliud
445 1057 617 1094 medium
651 1064 777 1106 potest
805 1069 886 1094 esse
924 1056 1018 1094 inter
1046 1069 1091 1093 ea
1125 1068 1241 1105 quam
1277 1056 1375 1093 linea

316 1110 413 1147 inter
438 1117 590 1159 puncta,
612 1117 648 1146 et
665 1117 816 1158 tempus
834 1108 930 1146 inter
949 1122 1062 1146 nunc.
1083 1109 1199 1155 Quod
1218 1108 1271 1145 sic
1288 1121 1375 1157 pro-

316 1163 398 1199 bat:
420 1162 508 1212 quia
526 1162 556 1199 si
575 1163 671 1199 inter
683 1169 824 1211 puncta
838 1169 935 1199 esset
954 1162 1055 1199 aliud
1073 1161 1244 1198 medium
1259 1174 1375 1210 quarn

317 1215 426 1262 linea,
449 1215 691 1252 manifestum
722 1222 777 1251 est
804 1222 868 1251 aut
894 1214 984 1251 illud
1012 1214 1184 1251 medium
1213 1226 1294 1250 esse
1322 1214 1376 1250 in-

317 1267 502 1305 divisibile
521 1273 535 1291 ’¹
554 1275 619 1304 aut
642 1266 838 1304 divisibile.
869 1266 910 1304 Si
928 1274 1056 1304 autem
1076 1267 1122 1303 sit
1139 1266 1374 1313 indivisibile,

318 1327 468 1369 oportet
495 1320 600 1369 quod
627 1320 673 1357 sit
701 1319 914 1357 distinctum
949 1320 997 1356 ab
1025 1327 1186 1367 utroque
1219 1319 1258 1355 in
1286 1318 1375 1365 situ;

318 1380 355 1409 et
382 1385 470 1410 curn
498 1385 576 1409 non
604 1380 741 1420 tangat,
763 1379 911 1421 oportet
937 1372 1074 1409 iterum
1107 1371 1212 1420 quod
1240 1371 1285 1408 sit
1312 1371 1375 1408 ali-

317 1426 422 1474 quod
450 1426 609 1462 alterum
628 1425 799 1462 medium
819 1425 914 1462 inter
932 1424 1156 1462 indivisibile
1185 1424 1290 1472 quod
1308 1436 1376 1472 po-

317 1477 417 1515 nitur
443 1478 615 1515 medium
644 1485 680 1514 et
708 1485 885 1524 extrema,
917 1485 952 1514 et
979 1478 1032 1514 sic
1060 1477 1098 1514 in
1129 1477 1317 1513 infinitum
1339 1478 1374 1524 ⁵¹²,

316 1530 388 1567 nisi
406 1538 570 1579 ponatur
588 1530 758 1567 medium
778 1530 974 1567 divisibile.
997 1529 1036 1567 Si
1056 1537 1183 1566 autem
1207 1529 1376 1567 medium

318 1582 483 1624 duorum
510 1590 739 1632 punctorum
768 1582 877 1619 fuerit
905 1582 1107 1629 divisibile,
1138 1590 1201 1618 aut
1230 1581 1296 1618 erit
1324 1582 1376 1619 di-

315 1635 462 1673 visibile
481 1636 520 1673 in
538 1635 790 1683 indivisibilia,
812 1642 875 1672 aut
893 1635 932 1672 in
957 1647 1108 1683 semper
1127 1636 1147 1656 *
1167 1634 1374 1672 divisibilia.

369 1800 391 1836 ε)
411 1800 483 1833 quod
501 1800 527 1825 in
547 1799 718 1825 indivisibilia
737 1800 883 1825 dividatur.
898 1814 917 1819 —
938 1800 1062 1832 Legimus
1081 1800 1107 1824 in
1127 1799 1298 1824 indivisibilia
1317 1807 1375 1824 cum

315 1835 569 1865 LNSZsBCFGHIQ
585 1841 611 1860 et
629 1836 652 1860 b.
669 1835 726 1860 Cet.
738 1840 764 1860 et
776 1835 827 1865 Pa,
848 1840 935 1860 contra
953 1835 1125 1867 praemissum
1143 1834 1309 1867 principium,
1329 1835 1376 1858 Ex

315 1871 519 1904 quibuscumque
531 1875 587 1899 etc.,
607 1875 632 1895 et
646 1875 734 1895 contra
752 1870 892 1895 illationem
906 1877 973 1902 quae
986 1869 1101 1900 infertur,
1121 1870 1176 1894 Sed
1189 1870 1237 1894 hoc
1252 1874 1307 1900 etc.,
1322 1877 1375 1894 om.

315 1907 359 1932 in:
371 1914 419 1931 nec
433 1906 541 1935 mirum,
556 1913 615 1930 nam
629 1912 798 1930 amanuenses
818 1905 970 1938 saepissime
988 1905 1153 1937 supprimunt
1172 1905 1197 1929 in
1214 1909 1272 1929 ante
1283 1912 1375 1929 vocem

315 1949 384 1974 quae
408 1942 499 1966 eadem
521 1940 620 1974 syllaba
646 1941 750 1974 incipit,
779 1940 811 1964 de
835 1948 888 1973 quo
911 1941 968 1965 vide
991 1940 1195 1970 Praefationem;
1218 1939 1376 1964 dividantur

315 1977 390 2001 codd.
409 1982 435 2001 et
452 1977 500 2001 ab.

367 2010 393 2044 ζ)
411 2012 472 2036 Non
491 2014 580 2036 autem
594 2014 709 2043 possunt
726 2018 754 2036 se
771 2010 960 2043 contingera-
974 2010 1015 2034 Sic
1033 2010 1258 2041 BEFGHMVXZ;
1283 2014 1331 2034 cet.
1351 2014 1375 2034 et

315 2045 370 2071 Pab
389 2054 437 2079 pro
455 2050 552 2075 autem,
572 2046 650 2071 enim.
668 2046 775 2071 Videtur
793 2046 931 2077 legendum
950 2048 1053 2076 autem,
1072 2053 1132 2070 nam
1156 2044 1219 2070 haec
1242 2050 1283 2070 est
1300 2053 1374 2077 argu-

316 2081 452 2107 mentatio:
471 2081 494 2106 si
511 2085 606 2114 puncta
624 2085 685 2106 sunt
703 2081 767 2111 duo,
786 2085 888 2112 oportet
905 2081 976 2113 quod
995 2080 1110 2105 differant
1123 2081 1268 2105 secundum
1287 2080 1374 2110 situm,

1405 299 1553 335 LECT.
1584 301 1598 336 I

2409 300 2484 348 269

1434 376 1510 413 Sed
1537 389 1615 414 non
1642 384 1765 426 potest
1793 377 1865 414 dici
1892 378 1995 426 quod
2033 377 2221 414 dividatur
2248 377 2286 414 in
2321 377 2485 414 indivisi-

1431 428 1528 475 bilia,
1545 430 1631 477 quia
1650 437 1738 466 tunc
1753 430 1886 467 redibit
1906 430 2041 467 eadem
2061 429 2270 476 difficultas,
2286 430 2483 478 quomodo

1431 492 1475 516 ex
1495 481 1780 519 indivisibilibus
1799 483 1917 530 possit
1941 482 2120 530 componi
2140 482 2335 519 divisibile.
2357 482 2484 519 Relin—

1430 533 1555 580 quitur
1582 534 1691 581 igitur
1717 535 1822 583 quod
1848 535 1940 571 illud
1968 535 2138 571 medium
2162 534 2207 571 sit
2234 534 2417 572 divisibile
2445 534 2484 571 in

1430 597 1580 634 semper
1608 586 1815 623 divisibilia.
1847 587 1923 624 Sed
1950 588 2044 623 haec
2073 594 2128 624 est
2164 587 2256 623 ratio
2296 586 2481 624 continui:

1430 649 1518 685 ergo
1538 638 1629 675 illud
1648 639 1817 676 medium
1837 639 1904 675 erit
1923 639 2118 688 quoddam
2138 639 2367 676 continuum.
2390 640 2482 676 Nul-

1428 690 1507 726 lum
1536 698 1662 727 autem
1683 691 1783 728 aliud
1812 692 2032 728 continuum
2050 699 2173 740 potest
2201 704 2281 728 esse
2310 691 2482 728 medium

1428 742 1524 779 inter
1552 743 1628 780 duo
1656 752 1795 792 puncta
1823 756 1937 791 quam
1966 744 2078 781 linea:
2109 756 2197 791 ergo
2221 744 2315 780 inter
2342 745 2481 793 quaeli-

1429 795 1492 832 bet
1511 795 1587 832 duo
1606 803 1746 844 puncta
1766 803 1821 832 est
1839 796 1936 832 linea
1955 796 2090 833 media.
2117 797 2167 832 Et
2185 796 2319 833 eadem
2339 796 2481 842 ratione

1427 847 1523 884 inter
1549 848 1736 895 quaelibet
1764 849 1839 886 duo
1869 861 1980 896 nunc,
2001 856 2167 898 tempus;
2198 856 2234 885 et
2260 849 2426 885 similiter
2443 849 2481 885 in

1426 900 1506 936 aliis
1535 901 1728 938 continuis.

1482 953 1517 988 8.
1538 952 1684 990 Deinde
1714 965 1800 990 cum
1828 952 1929 990 dicit:
1958 954 2204 1002 Manifestum
2237 958 2360 990 autem
2389 961 2480 1001 etc.,

1428 1004 1639 1041 manifestat
1667 1005 1876 1042 secundum
1895 1006 1915 1026 '⁸‘
1935 1006 2038 1054 quod
2066 1013 2315 1054 supposuerat
2333 1006 2383 1052 *ἦ
2413 1005 2481 1042 sci-

1430 1056 1515 1092 licet
1547 1057 1652 1105 quod
1680 1069 1794 1094 omne
1823 1058 2042 1094 continuum
2070 1058 2115 1095 sit
2147 1057 2328 1095 divisibile
2361 1058 2399 1094 in
2428 1058 2480 1094 di-

1429 1108 1601 1146 visibilia.
1633 1109 1732 1156 Quia
1759 1109 1789 1145 si
1818 1110 1968 1147 daretur
1994 1110 2099 1158 quod
2134 1111 2354 1147 continuum
2385 1117 2481 1147 esset

1431 1161 1613 1198 divisibile
1650 1162 1689 1198 in
1720 1161 1978 1208 indivisibilia,
2014 1170 2231 1211 sequeretur
2267 1162 2370 1211 quod
2404 1162 2480 1199 duo

1430 1213 1667 1250 indivisibilia
1695 1226 1735 1250 se
1764 1214 2032 1262 contingerent,
2063 1215 2111 1252 ad
2147 1216 2221 1251 hoc
2258 1215 2361 1263 quod
2393 1227 2480 1263 pos-

1410 1278 1414 1283 *
1431 1273 1512 1302 sent
1532 1267 1552 1287 '⁴‘
1573 1266 1796 1308 constituere
1827 1266 2055 1303 continuum.
2078 1268 2238 1315 Oportet
2258 1267 2358 1303 enim
2378 1267 2482 1315 quod

1431 1319 1695 1355 continuorum
1724 1318 1769 1355 sit
1795 1331 1915 1355 unum
1934 1319 2121 1366 ultimum,
2141 1326 2181 1355 ut
2201 1332 2244 1356 ex
2265 1319 2481 1356 definitione

1432 1371 1510 1408 eius
1530 1378 1685 1420 apparet
1698 1372 1728 1418 ³¹³,
1746 1378 1781 1407 et
1800 1371 1903 1419 quod
1921 1379 2045 1420 partes
2070 1372 2233 1408 continui
2254 1384 2292 1408 se
2312 1379 2480 1418 tangant:

1431 1423 1518 1472 quia
1545 1424 1575 1460 si
1602 1424 1733 1460 ultima
1761 1431 1847 1460 sunt
1873 1435 2008 1470 unum,
2038 1424 2203 1472 sequitur
2229 1425 2332 1471 quod
2362 1426 2381 1445 ’⁸
2410 1425 2482 1460 sint

1430 1476 1552 1523 simul,
1581 1484 1623 1513 ut
1649 1476 1687 1513 in
1715 1476 1845 1524 quinto
1868 1476 1888 1497 '¹‘
1917 1476 2056 1513 dictum
2086 1484 2150 1513 est.
2181 1477 2279 1512 Cum
2302 1476 2412 1523 igitur
2439 1476 2484 1513 sit

1430 1528 1663 1577 impossibile
1696 1529 1771 1565 duo
1804 1528 2044 1565 indivisibilia
2075 1541 2114 1566 se
2144 1529 2378 1576 contingere,
2413 1529 2482 1565 im-

1429 1581 1608 1630 possibile
1637 1589 1691 1618 est
1719 1581 1823 1630 quod
1851 1581 2071 1618 continuum
2098 1581 2137 1618 in
2164 1581 2402 1619 indivisibilia
2429 1581 2484 1618 di-

1430 1634 1588 1671 vidatur.

1428 1807 1488 1823 nam
1511 1799 1536 1823 in
1561 1800 1652 1824 eodem
1678 1799 1727 1823 situ
1747 1807 1799 1823 non
1823 1803 1911 1823 essent
1933 1799 1985 1823 duo
2009 1799 2055 1823 sed
2079 1807 2174 1830 unum3
2193 1804 2294 1831 oportet
2312 1799 2388 1823 etiam
2413 1800 2483 1831 quod

1429 1835 1524 1859 distent
1542 1834 1573 1858 ab
1593 1834 1710 1864 invicem,
1725 1834 1784 1867 quia
1798 1842 1850 1858 non
1871 1839 1983 1866 possunt
2004 1842 2033 1858 se
2046 1835 2199 1866 contingere.
2217 1834 2256 1859 Cf.
2270 1835 2347 1866 paulo
2361 1834 2432 1865 infra,
2453 1835 2484 1859 Si

1428 1873 1517 1894 autem
1535 1869 1571 1894 sit
1590 1869 1746 1894 indivisibile
1764 1872 1868 1901 oportet
1887 1873 1942 1899 etc.,
1957 1874 1982 1894 et
2000 1877 2025 1893 n.
2039 1877 2070 1900 4,
2090 1870 2121 1893 ad
2140 1876 2218 1901 quem
2237 1876 2295 1893 sese
2307 1869 2411 1893 remittit
2428 1870 2480 1893 An-

1429 1905 1535 1937 gelicus.

1481 1938 1508 1973 η)
1529 1939 1696 1971 manifestum
1720 1943 1786 1964 est...
1806 1939 1919 1964 medium
1944 1946 1998 1964 esse
2017 1939 2181 1963 indivisibile.
2203 1952 2219 1956 -
2250 1938 2417 1971 manifestum
2445 1942 2484 1964 est

1428 1975 1499 2007 quod
1521 1977 1570 1998 aut
1593 1974 1659 1999 illud
1683 1975 1797 1999 medium
1820 1974 1872 1999 erit
1895 1972 1976 2007 (esset
1994 1973 2053 2006 FN)
2080 1973 2207 1998 divisibile
2225 1974 2288 2004 (aut
2310 1973 2483 2006 indivisibile)

1429 2009 1531 2040 EFGN3
1548 2017 1565 2034 a
1584 2010 1646 2041 legit
1659 2017 1718 2034 cum
1737 2015 1793 2038 cet..
1813 2010 1859 2034 sed
1878 2009 2017 2041 corrumpit
2034 2012 2082 2033 aut
2100 2009 2125 2033 in
2143 2012 2244 2037 autem;
2257 2009 2292 2033 Pb
2305 2016 2357 2033 om.
2374 2009 2484 2041 manife-

1427 2048 1496 2069 stum
1516 2048 1554 2069 est
1568 2047 1628 2074 aut,
1655 2045 1700 2069 sed
1719 2045 1734 2069 b
1757 2044 1847 2069 retinet
1865 2051 1933 2073 esse,
1959 2045 2030 2076 quod
2049 2044 2068 2068 P
2087 2044 2190 2076 corrigit
2214 2043 2240 2067 in
2263 2046 2329 2068 esset
2353 2051 2411 2068 cum
2430 2043 2484 2068 edi-

1427 2080 1496 2104 tione
1515 2080 1605 2104 Venet.
1628 2079 1702 2111 15⁰4·

2507 1011 2518 1022 ⁸
2532 1011 2654 1033 secundum
2669 1017 2719 1033 om.

2507 1043 2545 1058 no.

2508 1064 2530 1075 '⁵‘
2550 1063 2621 1085 Num.
2636 1064 2658 1086 6.

2507 1275 2519 1286 ⁴
2529 1275 2624 1303 possint
2636 1282 2659 1297 Ρ.

2508 1379 2519 1391 “
2534 1379 2604 1401 Conf.
2619 1386 2683 1402 num.
2698 1386 2719 1402 2.

2509 1432 2518 1441 ²
2533 1432 2595 1459 quod
2608 1438 2655 1454 om.
2668 1432 2703 1454 pb.

2510 1484 2518 1493 ·
2533 1483 2595 1505 Lect.
2609 1490 2631 1510 v,
2646 1490 2669 1506 n.
2684 1490 2717 1505 10.
