2898 3996
432 263 511 298 404

1039 245 1382 283 PHYSICORUM
1409 244 1757 281 ARISTOTELIS
1786 245 1880 281 LIB.
1909 245 1996 281 VIII

1133 484 1432 540 LECTIO
1469 483 1900 539 UNDECIMA

448 648 668 687 QuAmTER
690 646 852 685 PARTES
875 644 1097 676 MOVENTIS
1123 643 1300 674 smPSUM
1324 643 1371 673 SE
1391 642 1599 673 HABEANT
1622 643 1681 674 AD
1706 643 1895 682 mvicEM,
1919 643 1977 674 ET
2001 643 2223 681 QUALITER
2246 637 2489 675 SECUNDUM*
2504 635 2604 675 Eas'

1125 704 1284 735 TOTUM
1307 700 1502 735 chTuR
1526 703 1704 734 SEIPSUM
1727 704 1907 736 MOVERE
2536 696 2538 698 ’

427 848 524 879 Ἐπεὶ
549 841 587 878 δὲ
609 848 692 876 κινεῖ·
715 843 756 876 τὸ
781 842 839 886 μὲν
863 841 1054 886 κινούμενον
1081 839 1135 872 ὐπ’
1166 840 1269 872 ἄλλου
1294 839 1336 872 τὸ
1361 834 1390 870 δ’
1421 839 1491 871 ἀκί-

498 901 600 927 νητον
627 888 682 928 ὄν,
711 888 768 919 καὶ
799 890 942 918 κινεῖται
967 886 1008 917 ‘td
1034 885 1091 928 μὲν
1121 885 1231 916 κινοῦν
1264 884 1306 916 τὸ
1331 879 1368 915 δὲ
1395 882 1490 915 οὐθὲν

498 934 629 973 κινοῦν,
657 931 697 964 τό
723 930 810 962 αὐτὸ
843 930 930 962 αὐτὸ
962 925 1071 960 κινοῦν
1100 929 1230 974 ἀνάγκη
1262 927 1296 969 ἐξ
1327 926 1490 963 ἀκινήτου

499 975 583 1009 εἶναι
607 976 778 1011 κινοῦντος
799 971 849 1014 δέ,
867 975 925 1005 καὶ
947 973 997 1006 ἔτι
1023 973 1059 1004 ἐκ
1083 972 1276 1016 κινουμένου
1297 971 1343 1015 μή
1364 972 1490 1003 κινοῦν-

500 1033 556 1059 τος
582 1016 609 1052 δ’
639 1019 672 1060 ἐξ
700 1018 861 1064 ἀνάγκης,
891 1018 963 1050 ἀλλ’
994 1015 1127 1061 ὁπότερ’
1157 1017 1290 1060 ἔτυχεν.

424 1108 537 1141 Ἔστω
561 1107 625 1153 γάρ
651 1105 691 1138 τὸ
716 1106 742 1136 Α
767 1106 876 1137 κινοῦν
903 1104 962 1147 μὲν
997 1105 1155 1142 ἀκίνητον
1181 1099 1238 1144 δέ,
1265 1103 1305 1136 τὸ
1330 1098 1367 1134 δὲ
1391 1104 1415 1133 Β
1442 1113 1493 1133 κι-

498 1149 657 1194 νούμενόν
683 1162 719 1182 τε
746 1149 811 1182 ὑπὸ
829 1150 890 1181 τοῦ
908 1151 934 1180 Α
948 1149 1007 1180 καὶ
1031 1149 1142 1180 κινοῦν
1161 1148 1201 1181 τὸ
1219 1147 1267 1190 ἐφ’
1289 1147 1312 1189 ᾤ
1329 1148 1365 1188 Γ,
1385 1147 1491 1179 τοῦτο

497 1192 534 1228 δὲ
558 1193 750 1238 κινούμενον
775 1193 834 1237 μὲν
861 1193 927 1225 ὑπὸ
953 1193 1015 1225 τοῦ
1038 1194 1076 1234 Β,
1129 1192 1149 1229 ἡ
1174 1192 1284 1224 κινοῦν
1310 1186 1347 1222 δὲ
1372 1185 1490 1234 μηδέν·

498 1242 589 1281 εἴπερ
621 1238 684 1284 γοίρ
715 1239 774 1268 καὶ
803 1232 862 1268 διὰ
893 1235 1053 1269 πλειόνων
1085 1236 1157 1277 ηξει
1189 1235 1275 1269 ποτὲ
1307 1236 1350 1272 εἱς
1381 1234 1421 1267 τὸ
1446 1235 1489 1272 Γ,

499 1284 585 1316 ἔστω
611 1278 647 1313 δι’
677 1282 747 1318 ἑνὸς
773 1283 886 1326 μόνου.
915 1281 959 1312 T&
984 1276 1027 1316 δή
1055 1279 1146 1313 ἅπαν
1172 1281 1245 1311 ΑΒΓ
1272 1278 1360 1311 αὐτὸ
1386 1277 1491 1310 ἑαυτὸ

497 1331 592 1359 κινεῖ·
621 1324 692 1358 ἀλλ’
715 1325 772 1358 ἐὰν
800 1322 911 1368 ἀφέλω
930 1325 970 1358 τὸ
989 1326 1023 1365 Γ,
1043 1324 1083 1357 τὸ
1104 1324 1163 1368 μὲν
1185 1326 1234 1355 ΑΒ
1255 1321 1385 1359 κινήσει
1404 1320 1491 1354 αιίτό

500 1370 604 1404 ἑαυτό
629 1370 691 1413 (τὸ
716 1369 774 1414 μὲν
799 1369 863 1423 γάρ
888 1371 913 1399 A
935 1369 1060 1409 κινοῦν,
1088 1368 1129 1400 τὸ
1152 1363 1190 1399 δὲ
1212 1369 1237 1398 Β
1260 1366 1489 1410 κινούμενον),

499 1416 540 1448 τὸ
564 1411 602 1446 δὲ
626 1416 646 1446 Γ
675 1414 711 1445 οὐ
735 1425 863 1449 κινησει
889 1413 975 1445 αὐτὸ
1001 1411 1124 1452 ἑαυτό,
1152 1407 1222 1443 οὐδ’
1253 1411 1334 1448 ὅλως
1361 1410 1493 1447 κινήσε-

499 1471 570 1492 ται.
596 1457 703 1490 Ἀλλά
726 1457 790 1502 μγῖν
811 1452 879 1489 οὐδ’
901 1457 921 1492 τ’)
938 1458 985 1487 ΒΓ
1007 1456 1137 1492 κινήσει
1157 1454 1248 1492 αὐτ-ἠ
1266 1454 1394 1492 ἑαυτήν
1415 1454 1491 1487 ἄνευ

499 1505 562 1536 τοῦ
587 1504 625 1534 Α·
651 1501 692 1534 τὸ
717 1501 780 1547 γάρ
805 1503 828 1532 Β
852 1504 934 1531 κινεῖ
958 1501 1005 1541 τῷ
1029 1498 1191 1532 κινεῖσθαι
1217 1497 1275 1532 ὑπ’
1303 1499 1426 1540 ἄλλου,
1454 1498 1491 1530 οὗ

500 1548 547 1588 τῷ
572 1546 625 1590 ὑφ’
648 1546 756 1578 αὐτοῦ
782 1544 871 1581 τινός
896 1544 1024 1588 μέρους.
1052 1544 1096 1575 Τὸ
1124 1544 1188 1588 ἄρα
1214 1545 1263 1575 ΑΒ
1283 1542 1384 1588 μόνον
1404 1542 1491 1575 αὐτὸ

499 1591 604 1623 ἑαυτὸ
634 1593 729 1621 κινεῖ.
761 1588 909 1634 Ἀνάγκη
945 1588 1010 1632 ἄρα
1044 1588 1084 1620 τὸ
1122 1585 1210 1620 αὐτὸ
1239 1587 1345 1620 ἑαυτὸ
1379 1587 1491 1625 κινοῦν

499 1635 585 1679 ἔχειν
606 1633 651 1666 ’τὸ
675 1633 786 1664 κινοῦν
813 1634 971 1668 ἀκίνητον
997 1628 1048 1672 δέ,
1066 1633 1125 1664 καὶ
1150 1632 1190 1664 τὸ
1214 1631 1408 1675 κινούμενον
1432 1643 1492 1675 μη-

498 1679 553 1710 δέν
579 1673 616 1709 ’δὲ
639 1677 750 1708 κινοῦν
776 1676 811 1717 ἐξ
837 1676 1006 1721 ἀνάγκης,

435 1722 614 1766 ἁπτόμενα
640 1721 719 1758 ἤτοι
746 1720 842 1764 ἄμφω
870 1719 1024 1756 ἀλλήλων
1051 1719 1071 1756 ἦ
1097 1718 1241 1763 θατέρου
1267 1718 1420 1764 θάτερον.

433 1768 471 1798 Ei
495 1767 553 1811 μὲν
581 1764 636 1798 οὖν
661 1777 746 1797 συνε·
765 1765 794 1802 ές
821 1766 894 1797 ἐστι
919 1763 960 1796 τὸ
984 1764 1096 1796 κινοῦν
1121 1764 1184 1806 (τό
1208 1763 1272 1810 γάρ
1297 1762 1491 1806 κινούμενον

502 1811 685 1856 ἀναγκαῖον
718 1821 804 1842 ειναι
830 1808 1007 1853 συνεχές),
1034 1803 1136 1844 δῆλον
1165 1807 1217 1840 ὅτι
1243 1807 1284 1840 τὸ
1310 1807 1378 1839 πᾶν
1406 1804 1493 1838 αὐτὸ

501 1854 604 1887 ἑαυτὸ
629 1857 714 1885 κινεῖ
731 1854 767 1886 οὐ
785 1854 833 1894 τῷ
853 1853 962 1885 αὐτοῦ
980 1864 1015 1884 τι
1032 1848 1118 1883 εἶναι
1137 1851 1294 1884 τοιοῦτον
1316 1851 1384 1882 οἶον
1406 1847 1495 1883 αὐτὸ

500 1898 587 1931 αὐτὸ
610 1901 724 1937 κινεῖν,
753 1897 825 1930 ἀλλ’
848 1896 924 1928 ὅλον
949 1899 1033 1927 κινεῖ·
1050 1896 1138 1928 αὐτὸ
1165 1894 1282 1936 ἑαυτό,
1301 1893 1492 1939 κινούμενόν

499 1955 536 1976 τε
565 1944 622 1974 καὶ
654 1943 765 1973 κινοῦν
791 1942 838 1982 τῷ
865 1939 974 1974 αὐτοῦ
999 1951 1034 1972 τι
1060 1937 1145 1972 εἶναι
1172 1940 1212 1972 τὸ
1235 1940 1346 1971 κινοῦν
1370 1941 1429 1971 καὶ
1454 1938 1495 1972 τὸ

498 1985 703 2030 κινούμενον.
737 1985 782 2017 Οὐ
807 1986 872 2031 γοίρ
897 1984 974 2017 ὅλον
1006 1988 1090 2016 κινεῖ
1121 1979 1189 2016 οὐδ’
1220 1983 1296 2015 ὅλον
1327 1987 1494 2022 κινεῖται,

502 2030 591 2063 ἀλλὰ,
620 2033 704 2061 κινεῖ
727 2029 785 2073 μὲν
811 2029 852 2062 τὸ
878 2030 923 2068 Α,
954 2032 1099 2060 κινεῖται
1119 2023 1169 2059 ’δὲ
1195 2027 1236 2060 τὰ
1259 2029 1284 2058 Β
1309 2026 1428 2072 μόνον·
1455 2026 1496 2059 τὸ

499 2070 536 2106 δὲ
562 2076 582 2105 Γ
609 2073 674 2106 ὑπὸ
700 2074 762 2106 τοῦ
788 2075 813 2104 Α
837 2073 965 2105 οὐκέτι·
996 2067 1166 2105 ἀδύνατον
1192 2070 1269 2118 γάρ.

428 2163 590 2206 Ἀπορίαν
615 2156 645 2192 δ’
667 2161 750 2206 ἔχει,
770 2160 828 2192 &civ
856 2160 962 2205 ἀφέλῃ
987 2171 1038 2197 τις
1065 2158 1085 2196 ἧ
1110 2160 1174 2197 τῆς
1192 2163 1216 2189 Α
1232 2159 1279 2200 (εἰ
1301 2158 1436 2202 συνεχὲς
1455 2158 1497 2191 τὸ

499 2206 611 2237 κινοῦν
637 2206 695 2249 μὲν
724 2203 882 2241 ἀκίνητον
908 2200 987 2246 δέ),
1015 2203 1035 2239 ἦ
1061 2204 1125 2241 τῆς
1149 2205 1173 2234 Β
1198 2204 1260 2239 τῆς
1287 2202 1496 2246 κινουμένης·

501 2251 521 2286 ἡ
545 2250 651 2286 λοιπή
679 2248 744 2292 ἆρα
767 2248 895 2284 κινήσει
921 2250 983 2286 τῆς
1000 2248 1026 2279 A
1043 2246 1063 2284 ἦ
1090 2248 1110 2284 ἡ
1137 2247 1199 2284 τῆς
1216 2248 1240 2277 Β
1256 2245 1495 2286 κινηθήσεται;

503 2295 529 2325 εἱ
554 2294 618 2340 γὰρ
644 2295 767 2334 τοῦτο,
788 2293 846 2324 οὐκ
873 2292 911 2325 ὀὶν
937 2295 986 2330 εἴη
1014 2291 1152 2336 πρώτως
1175 2290 1349 2334 κινουμένη
1370 2289 1418 2335 ὐφ’
1441 2292 1499 2323 αῦ-

502 2339 563 2374 τῆς
590 2339 610 2374 ἠ’
638 2339 706 2369 AB·
735 2338 817 2380 ἀφαι
839 2337 964 2374 εθείσης
990 2336 1054 2382 γάρ
1082 2335 1150 2368 ἀπὸ
1176 2336 1239 2372 τῆς
1263 2336 1335 2376 ΑΒ,
1369 2335 1420 2366 ἔτι
1451 2347 1501 2366 κι-

501 2382 594 2419 νήσει
620 2381 748 2418 ἑαυτήν
774 2382 794 2417 ἠ
819 2350 923 2418 λοιπή
949 2382 999 2412 ΑΒ

431 2469 476 2502 ’Ἡ
500 2464 637 2513 δυνάμει
662 2469 720 2513 μὲν
745 2467 905 2513 ἑκάτερον
926 2464 1020 2500 οὐδὲν
1041 2466 1171 2499 κωλύει,
1188 2466 1208 2503 ἦ
1234 2466 1317 2499 θοίτε
1341 2478 1375 2498 ον
1393 2467 1435 2499 τὸ
1451 2478 1499 2498 κι-

502 2513 658 2558 νούμενον
684 2508 853 2556 διαιρετὸν
883 2509 983 2554 εἶναι,
1011 2512 1205 2556 ἐντελεχείᾳ
1230 2506 1257 2542 δ’
1289 2478 1496 2566 ἀδριαίρετον·

504 2558 560 2590 ἑοὶν
585 2552 622 2589 δὲ
646 2552 817 2600 διαιρεθῇ,
843 2557 965 2601 μηκέτι
999 2553 1084 2587 εἶναι
1113 2557 1190 2601 ἔχον
1217 2555 1281 2592 τήν
1307 2554 1417 2593 αὐτην
1443 2550 1499 2587 δό-

502 2613 615 2646 ναμιν·
642 2600 720 2632 ὥστ’
743 2599 837 2635 οὐδὲν
861 2600 982 2632 κωλύει
1001 2599 1032 2632 ἐν
1050 2595 1230 2645 διαιρετοῖς
1252 2596 1392 2645 δυνάμει
1413 2599 1501 2644 πρώ-

504 2658 567 2683 τως
594 2646 726 2678 ἐνεῖναι.

438 2689 581 2734 Φανερόν
609 2692 717 2722 τοίνυν
749 2690 784 2721 ὲκ
810 2688 942 2722 τούτων
969 2687 1022 2720 ὅτι
1048 2687 1122 2720 ἔστι
1146 2687 1188 2720 τὸ
1214 2687 1355 2732 πρώτως
1388 2689 1498 2719 κινοῦν

507 2735 681 2770 ἀκίνητοψ
709 2735 777 2765 εἴτε
808 2733 872 2779 γαρ
905 2732 1000 2770 εὐθυς
1030 2732 1178 2766 ἵσταται
1213 2732 1254 2764 τὸ
1286 2732 1497 2776 κινούμενον,

507 2777 572 2809 ύπό
599 2789 686 2813 τινος
717 2772 754 2809 δὲ
782 2777 991 2820 κινούμενον,
1019 2777 1063 2814 εἰς
1091 2775 1250 2813 ἀκίνητον
1277 2777 1318 2808 τὸ
1351 2778 1497 2819 πρῶτον·

506 2824 572 2854 εἴτε
598 2821 641 2858 εἰς
670 2820 861 2864 κινούμενον
888 2821 966 2865 μέν,
999 2821 1086 2866 αὐτὸ
1118 2817 1147 2852 δ’
1178 2821 1265 2852 αὐτὸ
1296 2822 1406 2853 κινοῦν
1440 2823 1498 2852 καὶ

505 2863 624 2906 ἰστοίν,
657 2865 849 2919 ἀμφοτέρως
883 2866 1057 2909 συμβαίνει
1083 2866 1124 2896 τᾶ
1155 2864 1294 2909 πρώτως
1327 2866 1438 2897 κινοῦν
1465 2866 1498 2897 ἑν

508 2908 632 2941 ἅπασιν
658 2921 743 2941 ειναι
768 2914 838 2947 τοῖς
863 2909 1066 2953 κινουμένοις
1094 2909 1266 2946 ἀκίνητον.

494 3006 639 3033 Svaops1s.
658 3022 690 3025 —
712 3015 735 3032 1.
751 3007 960 3042 Argumentum
983 3013 1009 3034 et
1031 3006 1131 3034 divisio
1153 3012 1254 3034 textus,
1271 3022 1290 3027 -
1310 3007 1430 3034 Movens
1452 3015 1496 3033 se-

441 3044 533 3080 ipsum
556 3045 740 3080 componitur
760 3054 792 3072 ex
814 3046 924 3073 duabus
946 3045 1088 3081 partibus,
1116 3055 1237 3082 quarum
1260 3054 1318 3073 una
1339 3045 1379 3073 sic
1401 3051 1497 3073 movet

441 3085 519 3120 quod
541 3090 582 3111 est
604 3083 767 3118 immobilis,
782 3085 869 3112 altera
890 3085 929 3112 sic
945 3092 1075 3113 movetur
1097 3086 1175 3122 quod
1190 3085 1259 3112 nihil
1282 3094 1314 3112 ex
1329 3084 1495 3112 necessitate

442 3129 544 3151 movet.
561 3140 579 3144 -
594 3130 620 3150 2,
637 3124 743 3151 ‘sextus
758 3124 922 3152 subdivisio.
938 3141 956 3145 -
971 3125 1112 3152 Probatur
1126 3125 1155 3152 id
1170 3126 1249 3161 quod
1264 3124 1293 3152 in
1314 3123 1495 3160 praecedenti

441 3171 561 3190 numero
583 3162 762 3199 propositum
778 3170 828 3191 est.
844 3163 885 3191 Sit
900 3164 977 3200 quod
994 3171 1089 3192 movet
1104 3164 1228 3200 seipsum
1244 3164 1332 3198 ABC;
1355 3173 1420 3200 pars
1435 3163 1495 3192 eius

442 3211 514 3237 quae
526 3209 620 3229 movet
636 3209 662 3230 et
677 3209 717 3229 est
733 3202 887 3230 immobilis
898 3203 932 3230 sit
947 3204 981 3234 A,
993 3210 1019 3230 et
1032 3205 1053 3230 Β
1066 3213 1131 3239 pars
1146 3213 1219 3240 quae
1238 3210 1368 3231 movetur
1385 3204 1420 3231 ab
1432 3203 1457 3230 A
1469 3209 1496 3230 et

442 3250 514 3276 quae
530 3248 623 3269 movet
635 3248 743 3277 partem
760 3243 792 3270 C.
811 3243 841 3269 In
857 3242 955 3278 primis
972 3252 1087 3270 necesse
1102 3250 1143 3270 est
1158 3244 1236 3279 quod
1253 3244 1276 3270 C
1293 3242 1332 3270 sic
1348 3249 1497 3270 moveatur

442 3289 459 3307 a
475 3281 504 3313 Β,
521 3281 598 3316 quod
614 3281 705 3316 ipsum
722 3282 744 3308 C
760 3281 827 3309 nihil
845 3289 957 3309 moveat
972 3283 1050 3318 quod
1067 3283 1101 3310 sit
1116 3291 1180 3318 pars
1195 3282 1282 3310 totius
1298 3282 1438 3309 moventis
1453 3291 1495 3309 se-

442 3318 543 3354 ipsum:
560 3329 639 3347 secus
661 3320 735 3347 enim
752 3322 852 3348 eadem
875 3321 983 3349 ratione
999 3331 1064 3357 pars
1082 3329 1161 3349 mota
1182 3331 1199 3349 a
1214 3322 1236 3349 C
1252 3328 1380 3349 moveret
1400 3321 1495 3355 aliam,

442 3364 469 3384 et
490 3358 527 3385 ita
549 3366 691 3394 oporteret
714 3360 771 3387 ficri
786 3361 954 3388 descensum
977 3361 1005 3388 in
1028 3361 1170 3388 infinitum
1186 3361 1214 3388 in
1236 3360 1364 3396 partibus
1378 3370 1496 3388 moven-

442 3396 477 3423 tis
499 3397 630 3432 scipsum.
647 3400 736 3426 Porro
758 3400 841 3433 ΑΒΕ),
857 3400 940 3427 etiarn
964 3407 1073 3428 remota
1095 3407 1173 3436 parte
1195 3409 1269 3436 quae
1290 3406 1331 3427 est
1353 3400 1385 3434 C,
1401 3406 1497 3427 movet

443 3435 584 3471 seipsum:
607 3438 673 3473 quia
695 3447 758 3472 pars
780 3439 804 3465 A
826 3445 867 3466 est
890 3448 1008 3466 movens
1030 3446 1056 3467 et
1077 3449 1142 3475 pars
1172 3440 1194 3466 Β
1215 3445 1257 3467 est
1279 3445 1372 3473 mota,
1393 3446 1420 3466 et
1442 3439 1497 3467 hoc

444 3474 594 3510 requiritur
615 3483 640 3503 et
663 3475 764 3504 sufficit
786 3478 821 3505 ad
837 3478 892 3505 hoc
913 3479 991 3514 quod
1013 3478 1119 3514 aliquid
1135 3485 1250 3506 moveat
1270 3478 1404 3514 seipsum.
1421 3479 1496 3515 Ergo

445 3514 536 3556 solum
553 3515 601 3541 ΑΒ
616 3522 656 3542 cst
678 3523 768 3543 totum
785 3517 863 3552 quod
880 3524 973 3544 movet
992 3517 1116 3553 seipsum
1132 3518 1226 3553 primo
1248 3524 1275 3547 et
1289 3526 1340 3553 per
1354 3526 1392 3545 se.
1410 3518 1497 3551 Quod

445 3561 466 3579 st
490 3552 596 3580 dicatur
618 3556 695 3589 quod
725 3556 798 3583 ABG
820 3563 860 3583 est
891 3563 982 3583 totum
1006 3566 1124 3584 movens
1150 3557 1291 3593 seipsum,
1314 3563 1381 3584 tunc
1403 3562 1496 3584 totum

1544 842 1561 861 *
1580 842 1743 879 Quoniam
1766 849 1874 874 autem
1895 849 2003 874 movet
2025 844 2112 875 aliud
2135 843 2265 884 quidem
2287 843 2378 884 quod
2398 850 2547 875 movetur
2567 844 2608 876 ab

1612 885 1686 924 alio,
1701 885 1788 917 aliud
1811 893 1918 917 autem
1940 897 2016 922 cum
2038 887 2078 920 sit
2099 887 2281 927 immobile;
2306 894 2336 919 et
2358 894 2506 919 movetur
2519 888 2608 919 aliud

1612 928 1742 970 quidem
1765 939 1909 969 movens,
1928 930 2014 962 aliud
2035 937 2143 962 autem
2165 931 2244 963 nihil
2266 939 2414 963 movens:
2437 931 2545 973 ipsum
2560 942 2607 964 se-

1612 972 1719 1013 ipsum
1741 983 1874 1004 movens
1897 983 2022 1005 necesse
2046 981 2092 1006 est
2114 985 2151 1005 ex
2173 974 2330 1006 immobili
2353 985 2435 1014 esse,
2461 982 2608 1007 movente

1612 1023 1739 1055 autem,
1769 1023 1800 1048 et
1821 1017 1924 1048 adhuc
1943 1027 1980 1048 ex
2003 1028 2042 1048 eo
2066 1018 2155 1059 quod
2177 1024 2339 1056 movetur,
2371 1028 2438 1049 non
2460 1026 2608 1051 movente

1613 1067 1720 1091 autem
1743 1070 1780 1091 ex
1802 1060 1994 1099 necessitate,
2019 1062 2074 1092 sed
2097 1062 2231 1102 qualiter
2253 1061 2366 1092 evenit.
2439 1059 2441 1061 ’
2578 1072 2581 1075 ’

1546 1104 1592 1135 Sit
1608 1104 1694 1135 enim
1716 1106 1746 1134 A
1768 1114 1901 1135 movens
1917 1105 2048 1146 quidem
2062 1106 2238 1144 immobile,
2260 1105 2287 1136 Β
2309 1112 2417 1136 autem
2435 1107 2524 1147 quod
2539 1114 2610 1138 mm*

1612 1155 1702 1179 vetur
1717 1148 1756 1178 ab
1778 1151 1808 1179 A
1832 1155 1863 1180 et
1877 1159 2011 1179 movens
2034 1149 2123 1190 quod
2145 1156 2191 1181 est
2210 1149 2244 1181 in
2259 1158 2326 1190 quo
2348 1149 2396 1188 C,
2419 1150 2482 1182 hoc
2503 1155 2611 1187 autem

1613 1199 1740 1223 motum
1763 1193 1894 1234 quidem
1917 1203 1935 1223 a
1956 1193 2000 1232 B,
2023 1203 2157 1224 movens
2179 1200 2287 1225 autem
2309 1193 2406 1225 nihil:
2431 1194 2457 1225 si
2479 1193 2611 1237 quidem

1613 1235 1699 1267 enim
1716 1243 1746 1268 et
1760 1246 1817 1277 per
1839 1236 1931 1277 plura
1953 1236 2058 1268 media
2079 1237 2166 1268 venit
2187 1235 2358 1278 aliquando
2380 1237 2414 1268 in
2437 1236 2477 1277 C,
2500 1237 2540 1269 sit
2553 1234 2611 1278 per

1613 1290 1716 1311 unum
1739 1280 1856 1311 solum.
1881 1280 1986 1311 Omne
2002 1290 2076 1321 ergo
2099 1280 2182 1312 ABC
2202 1280 2309 1322 ipsum
2328 1280 2469 1322 seipsum
2491 1278 2609 1317 mov'eu

1613 1324 1675 1355 Sed
1698 1325 1723 1355 si
1747 1324 1856 1355 aufero
1880 1324 1924 1364 C,
1946 1324 2001 1355 AB
2017 1324 2124 1365 ipsum
2146 1324 2287 1365 seipsum
2306 1324 2447 1356 movebit
2469 1323 2517 1367 (A
2540 1323 2610 1366 qui-³

1613 1369 1687 1399 dem
1703 1368 1788 1399 enim
1809 1374 1856 1399 est
1869 1378 2012 1407 movens,
2028 1369 2055 1400 B
2070 1378 2145 1400 vero
2160 1369 2249 1410 quod
2265 1367 2444 1411 movetur):
2461 1368 2493 1400 C⁴
2503 1376 2612 1411 autem

1613 1423 1680 1443 non
1704 1412 1846 1443 movebit
1868 1412 1975 1453 ipsum
1998 1413 2159 1453 seipsum,
2182 1423 2286 1454 neque
2309 1413 2435 1454 penitus
2458 1412 2611 1451 movebitf

1613 1459 1656 1487 At
1670 1466 1746 1487 vero
1762 1466 1866 1498 neque
1880 1456 1936 1488 BC
1951 1457 2092 1497 movebit
2108 1457 2178 1498 ipsa
2194 1457 2329 1498 seipsam
2345 1457 2421 1488 sine>
2434 1459 2479 1489 A:
2504 1456 2611 1498 ipsuni

1614 1500 1700 1531 enim
1722 1501 1748 1531 B
1771 1507 1880 1532 movet
1902 1500 1935 1531 in
1958 1510 1997 1532 eo
2016 1501 2105 1542 quod
2127 1507 2274 1532 movetur
2297 1501 2335 1532 ab
2355 1500 2431 1540 alio,
2450 1499 2518 1532 non
2536 1500 2611 1542 quia

1614 1555 1632 1575 a
1656 1544 1704 1575 sui
1727 1544 1826 1585 ipsius
1850 1551 1938 1585 parte
1952 1543 2076 1586 aliqua.
2107 1544 2281 1585 AB‘igitur
2304 1544 2410 1575 solum
2432 1544 2540 1586 ipsum
2562 1540 2610 1575 se!

1613 1589 1721 1629 ipsum
1740 1594 1857 1619 movet.
1885 1588 2021 1620 Necesse
2042 1588 2150 1629 itaque
2171 1587 2279 1629 ipsum
2309 1588 2450 1629 seipsum
2478 1587 2611 1620 movetis

1613 1632 1727 1663 habere
1742 1642 1875 1663 movens
1890 1632 2055 1663 immobile
2079 1639 2109 1663 et
2124 1633 2213 1674 quod
2227 1639 2388 1672 movetur,
2412 1632 2491 1664 nihil
2504 1636 2613 1664 autem

1614 1686 1747 1708 movens
1765 1687 1803 1708 ex
1820 1683 2012 1708 necessitate.

1549 1721 1704 1752 Contacta
1721 1727 1828 1752 autem
1847 1727 1981 1762 utraque
1999 1720 2038 1750 ab
2054 1719 2199 1760 invicem,
2219 1727 2274 1751 aut
2292 1720 2330 1750 ab
2349 1719 2448 1751 altero
2465 1720 2613 1753 alterum.

1549 1765 1581 1796 Si
1597 1764 1692 1804 igitur
1711 1764 1900 1795 continuum
1919 1771 1965 1795 est
1978 1774 2111 1794 movens
2136 1762 2244 1806 (quod
2261 1763 2346 1794 enim
2364 1770 2521 1803 movetur,
2537 1764 2612 1802 coti-J

1616 1808 1743 1839 tinuum
1772 1807 1984 1839 necessarium
2011 1813 2058 1838 est
2081 1806 2184 1850 esse),
2213 1807 2418 1838 manifestum
2450 1814 2496 1838 est
2523 1807 2613 1850 quod

1615 1858 1721 1883 toturn
1743 1851 1852 1892 ipsum
1874 1852 2015 1892 seipsum
2030 1858 2152 1890 movet,
2177 1861 2243 1881 non
2266 1861 2306 1882 eo
2324 1851 2414 1892 quod
2436 1850 2536 1892 ipsius
2559 1850 2614 1883 ali·v

1617 1896 1694 1936 quid
1717 1895 1902 1926 huiusmodi
1921 1896 1960 1926 sit
1989 1902 2025 1926 ut
2045 1895 2152 1936 ipsum
2175 1895 2315 1935 seipsum
2331 1902 2469 1934 moveat,
2492 1895 2548 1926 sed
2565 1901 2614 1926 to-

1617 1947 1687 1971 tum
1710 1947 1818 1973 movet
1839 1940 1947 1980 ipsum
1962 1940 2117 1980 seipsum:
2142 1945 2269 1970 motum
2283 1946 2392 1970 autem
2415 1946 2446 1970 et
2467 1949 2612 1978 movens,

1618 1995 1656 2015 eo
1681 1984 1770 2025 quod
1792 1984 1891 2024 ipsius
1915 1983 2035 2024 aliquid
2058 1990 2104 2014 est
2126 1993 2259 2014 movens
2282 1990 2314 2014 et
2336 1982 2456 2024 aliquid
2474 1990 2612 2018 motum.

1617 2029 1692 2059 Non
1716 2028 1800 2059 enim
1824 2034 1930 2058 toturn
1959 2034 2082 2066 movet,
2106 2036 2210 2068 neque
2237 2033 2343 2058 totum
2371 2034 2534 2059 movetur:
2558 2023 2614 2068 sed

1618 2079 1725 2103 movet
1744 2071 1874 2112 quidem
1893 2074 1932 2109 A,
1956 2071 1982 2102 B
2005 2077 2112 2102 autem
2128 2077 2275 2101 movetur
2290 2077 2430 2110 tantum3
2451 2071 2506 2102 sed
2529 2063 2612 2102 C'ab

1618 2116 1688 2156 ipso
1711 2117 1737 2146 B
1761 2126 1827 2146 non
1849 2116 1930 2153 iam;
1954 2115 2150 2155 impossibile
2173 2114 2259 2145 enim
2282 2121 2339 2145 est.
2554 2123 2555 2126 ¹
2594 2126 2613 2155 {¹

1553 2159 1567 2176 *
1584 2160 1824 2191 Dubitationem
1839 2167 1947 2190 autem
1962 2159 2070 2197 habet,
2091 2159 2116 2190 si
2131 2158 2252 2190 auferat
2267 2158 2388 2199 aliquid
2401 2158 2473 2199 quis
2489 2159 2528 2190 ab
2541 2158 2614 2200 ipso

1619 2207 1648 2235 A
1665 2203 1705 2246 (si
1721 2204 1912 2235 continuum
1927 2213 2060 2234 movens
2075 2203 2216 2244 quidem,
2228 2203 2394 2234 immobile
2410 2201 2535 2245 autem)
2557 2209 2616 2239 nux

1620 2249 1659 2279 ab
1675 2248 1746 2288 ipso
1760 2248 1797 2286 B,
1813 2248 1902 2288 quod
1914 2254 2074 2278 movetur:
2086 2247 2290 2288 reliquaergo
2306 2247 2445 2288 ipsiusA
2460 2246 2613 2291 movebit,

1619 2292 1740 2333 reliqua
1763 2299 1869 2322 autem
1891 2291 1990 2332 ipsius
2013 2292 2039 2322 B
2063 2289 2260 2322 movebitur?
2283 2291 2315 2322 Si
2339 2291 2425 2323 enim
2446 2289 2524 2331 hoc,
2547 2285 2615 2333 ‘1162

1619 2337 1730 2377 utique
1758 2336 1816 2366 erit
1838 2340 1919 2376 quae
1948 2335 2053 2376 primo
2086 2342 2232 2366 movetur
2262 2344 2280 2365 a
2310 2334 2430 2376 seipsa,
2463 2328 2616 2379 quae⁴est

1618 2381 1683 2411 AB.
1700 2380 1835 2410 Remota
1857 2379 1942 2410 enim
1966 2380 2004 2410 ab
2027 2379 2098 2418 AB,
2122 2379 2224 2410 adhuc
2246 2379 2389 2410 movebit
2410 2378 2616 2427 seipsam‘ref
2642 2412 2645 2416 ,

1618 2425 1706 2465 liqua
1728 2424 1794 2455 AB.
2590 2445 2594 2448 -

1549 2470 1619 2500 'Aut
1641 2468 1783 2509 potentia
1799 2467 1930 2508 quidem
1953 2467 2031 2498 nihil
2050 2467 2197 2508 prohibet
2214 2473 2387 2508 utrumque
2407 2473 2463 2499 aut
2478 2467 2615 2501 altmm

1620 2513 1709 2554 quod
1732 2518 1878 2542 movetur
1901 2511 2053 2542 divisibile
2075 2521 2162 2549 esse,
2186 2517 2258 2542 actu
2281 2517 2388 2542 autem
2410 2509 2614 2553 indivisibile:

1621 2557 1647 2587 si
1670 2562 1776 2588 autem
1809 2555 1981 2594 dividatur,
2010 2565 2076 2586 non
2105 2555 2208 2587 adhuc
2238 2564 2306 2586 esse
2334 2554 2468 2586 eandem
2496 2554 2614 2595 habens¹

1620 2601 1805 2641 potentiam.
1835 2600 1941 2637 Quare
1958 2598 2035 2630 nihil
2059 2598 2205 2640 prohibet
2227 2599 2259 2629 in
2277 2599 2483 2630 divisibilibus
2499 2598 2615 2640 -potefi‘-

1619 2644 1661 2675 tia
1684 2645 1825 2684 primurn
1849 2653 1914 2674 esse
1938 2653 2050 2674 unum.
2607 2651 2609 2659 ⁴

1554 2689 1757 2720 Manifestum
1775 2688 1871 2728 igitur
1889 2697 1925 2718 ex
1941 2688 1989 2718 his
2008 2687 2163 2728 quoniam
2179 2693 2225 2718 est
2240 2687 2382 2728 primum
2399 2696 2533 2718 movens
2550 2686 2613 2725 ina-

1620 2733 1748 2764 mobile.
1774 2733 1845 2763 Sive
1869 2731 1954 2762 enim
1977 2742 2051 2762 mox
2075 2738 2134 2762 stet
2157 2732 2246 2772 quod
2268 2738 2424 2769 movetur,
2444 2732 2483 2762 ab
2506 2730 2614 2772 atiquo

1621 2784 1727 2808 autern
1743 2783 1881 2814 motum,
1898 2776 1938 2806 ad
1956 2775 2121 2806 immobile
2136 2775 2292 2816 primum;
2316 2775 2381 2806 sive
2395 2775 2428 2806 in
2444 2775 2533 2817 quod
2547 2784 2616 2806 tuo-

1620 2827 1710 2852 vetur
1732 2820 1873 2862 quidem,
1897 2820 2004 2860 ipsum
2020 2825 2126 2850 autem
2149 2819 2290 2860 seipsum
2305 2828 2437 2850 movens
2460 2824 2492 2850 et
2513 2820 2613 2862 stans}

1621 2865 1791 2906 utrobique
1822 2864 1933 2895 accidit
1962 2863 2103 2904 primum
2137 2873 2269 2894 movens
2298 2863 2331 2894 in
2366 2862 2516 2894 omnibus
2547 2862 2614 2901 ισοξ

1620 2909 1716 2940 motis
1739 2908 1913 2939 immobile.

1551 3014 1612 3033 non
1635 2997 1737 3032 movet'
1752 3004 1877 3040 seipsum
1899 3003 1994 3040 primo
2022 3010 2050 3031 et
2070 3012 2122 3039 per
2142 3011 2187 3038 se,
2209 3002 2260 3030 sed
2280 3001 2392 3030 ratione
2417 3001 2514 3038 partis.
2535 3002 2613 3038 Ergo

1551 3044 1692 3072 moventis
1714 3043 1839 3080 seipsum
1862 3049 1928 3071 sunt
1948 3043 2027 3071 solae
2049 3043 2122 3070 duae
2143 3048 2246 3078 partes,
2265 3050 2387 3078 quarum
2407 3050 2466 3069 una
2486 3047 2529 3070 est
2549 3050 2613 3069 mo-

1550 3093 1619 3112 vens
1635 3082 1800 3117 immobilis,
1816 3083 1905 3111 altera
1919 3088 1960 3110 est
1975 3088 2062 3117 mota,
2079 3082 2118 3110 ita
2137 3082 2215 3118 quod
2230 3080 2392 3109 necessario
2405 3079 2484 3108 nihil
2499 3086 2615 3109 moveat

1551 3124 1631 3160 quod
1652 3122 1687 3151 sit
1708 3132 1774 3159 pars
1796 3122 1936 3150 moventis
1958 3121 2093 3158 seipsum.
2109 3122 2209 3158 Neque
2225 3120 2311 3148 etiam
2333 3121 2370 3148 ad
2384 3119 2527 3148 rationem
2548 3129 2613 3148 mo·

1550 3162 1642 3191 ventis
1657 3162 1783 3199 seipsum
1798 3170 1913 3190 necesse
1929 3168 1971 3189 est
1986 3161 2065 3198 quod
2080 3170 2145 3197 pars
2161 3167 2240 3188 mota
2254 3166 2369 3188 moveat
2383 3158 2492 3196 aliquid
2506 3159 2611 3188 extrin-

1550 3211 1657 3231 secum.
1673 3219 1692 3223 -
1709 3202 1733 3229 3.
1750 3201 1890 3230 Moventis
1912 3201 2037 3237 seipsum
2058 3209 2124 3237 pars
2139 3208 2258 3228 movens
2273 3206 2300 3227 et
2315 3206 2403 3234 mota,
2411 3200 2449 3227 ad
2464 3199 2519 3227 hoc
2533 3199 2613 3236 quod

1551 3242 1607 3270 sint
1621 3247 1715 3278 partes
1729 3240 1814 3270 unius
1829 3240 1925 3275 totius,
1941 3246 2056 3277 oportet
2071 3240 2151 3277 quod
2165 3238 2263 3276 aliquo
2279 3239 2368 3267 modo
2384 3238 2612 3276 coniungantur3

1550 3291 1610 3310 non
1632 3280 1759 3318 quidem·
1769 3290 1821 3317 per
1834 3279 2091 3314 continuationem,
2107 3278 2174 3316 quia
2189 3287 2309 3306 movens
2323 3285 2351 3306 et
2371 3285 2484 3307 motum
2499 3284 2614 3315 oportet

1550 3330 1612 3349 esse
1626 3320 1725 3355 divisa,
1748 3321 1797 3348 sed
1813 3329 1863 3356 per
1877 3326 2057 3348 contactum:
2079 3325 2106 3346 et
2121 3319 2176 3346 hoc
2190 3318 2234 3346 vel
2249 3317 2287 3346 ita
2308 3319 2387 3354 quod
2402 3318 2505 3346 ambae
2519 3324 2613 3354 partes

1550 3360 1671 3388 invicem
1693 3369 1722 3388 se
1743 3366 1870 3396 tangant,
1885 3359 1909 3387 si
1929 3360 2032 3387 ambae
2047 3357 2273 3395 magnitudinem
2288 3358 2403 3393 habent3
2417 3357 2461 3386 vel
2478 3357 2517 3386 ita
2533 3357 2613 3394 quod

1551 3400 1639 3428 altera
1660 3408 1726 3436 pars
1746 3405 1858 3427 tantum
1880 3405 1977 3435 tangat
2005 3398 2090 3426 aliam
2112 3403 2246 3426 contactu
2266 3396 2392 3431 virtutis,
2415 3398 2495 3434 quod
2516 3396 2568 3425 erit
2589 3395 2612 3424 si

1551 3448 1617 3475 pars
1639 3448 1759 3467 movens
1774 3438 1962 3475 quantitatem
1977 3447 2037 3466 non
2052 3438 2163 3466 habeat.
2179 3453 2197 3458 —
2212 3446 2239 3472 4.
2255 3436 2412 3473 Supposito
2434 3437 2514 3473 quod
2534 3442 2612 3464 utra-
2633 3447 2637 3452 ·

1551 3487 1607 3515 que
1629 3487 1694 3514 pars
1716 3478 1750 3506 sit
1772 3477 1918 3512 continua,
1933 3476 1986 3505 tria
2007 3476 2060 3513 ipsi
2081 3476 2134 3504 toti
2154 3485 2187 3504 ex
2208 3477 2320 3504 duabus
2341 3475 2469 3512 partibus
2490 3483 2610 3511 compo-

1551 3517 1605 3545 sito
1620 3517 1822 3551 attribuuntur,
1837 3517 1942 3544 scilicet
1956 3515 2074 3550 moveri,
2090 3525 2216 3550 movere,
2231 3523 2259 3544 et
2273 3524 2390 3544 movere
2404 3515 2539 3551 seipsum.
2553 3513 2611 3541 Sed

1552 3565 1668 3584 movere
1690 3556 1815 3592 seipsum
1836 3565 1897 3584 non
1922 3555 2083 3584 attribuitur
2104 3555 2130 3583 ei
2151 3555 2262 3583 ratione
2282 3553 2370 3591 partis
2392 3555 2512 3590 (neutra
2532 3552 2609 3581 enim

2633 848 2780 904 ἓξᾟὶῗρ.
2788 855 2814 872 v.

2666 1190 2810 1208 1111111
