2898 3996
589 390 1335 476 PHYSICORUM
1392 388 2114 472 ARISTOTELIS

1129 587 1399 651 LIBER
1451 587 1575 651 vn

1055 959 1353 1016 LECTIO
1389 959 1648 1014 PRIMA

652 1103 838 1134 NECESSE
862 1102 942 1133 EST
966 1101 1089 1141 OMNE
1113 1101 1234 1139 QUOD
1257 1101 1472 1132 MOVETUR
1494 1101 1550 1132 AB
1573 1101 1737 1138 ALIQUO
1762 1102 1864 1132 ALIO
1888 1102 2052 1133 MOVERI

260 1217 372 1261 ‘'An-ow
398 1223 439 1256 τὸ
462 1223 654 1268 κινούμενον
673 1221 802 1268 ἀνάγκη
821 1221 887 1254 ὑπό
904 1232 993 1259 τινος
1009 1220 1182 1254 κινεῖσθαι.
1209 1221 1246 1252 Εἰ
1264 1220 1322 1265 μὲν

336 1266 392 1301 οὖν
418 1268 450 1299 ἐν
477 1269 586 1309 ἑαυτῷ
611 1267 658 1311 μὴ
683 1266 752 1313 ’έχει
777 1266 840 1303 τὴν
867 1263 972 1310 ἀρχήν
990 1266 1053 1303 τῆς
1069 1264 1244 1304 κινήσεως,
1262 1276 1325 1309 φα-

334 1311 425 1355 νερὸν
444 1310 496 1343 ὅτι
515 1312 565 1354 ὑφ’
583 1310 697 1355 ἑτέρου
718 1313 875 1343 κινεῖται.
900 1311 937 1342 Ei
954 1304 982 1340 δ’
1004 1310 1037 1341 ἐν
1056 1310 1164 1350 αὐτῷ,
1179 1307 1323 1353 εἰλήφθω

336 1355 383 1400 ἐφ’
403 1355 440 1387 οὗ
465 1355 506 1387 τὸ
531 1356 595 1395 ΑΒ,
622 1355 638 1386 ὃ
661 1358 806 1387 κινεῖται
830 1354 876 1397 μή
902 1354 950 1395 τῷ
975 1354 1040 1386 τῶν
1066 1353 1193 1385 τούτου
1219 1364 1252 1384 τι
1276 1364 1323 1384 κι-

335 1399 475 1432 νεῖσθαι.
512 1399 644 1443 Πρῶτον
702 1398 735 1430 ἐν
769 1396 824 1429 οὖν
857 1397 898 1429 τὸ
930 1396 1182 1440 ὑπολαμβάνειν
1208 1396 1249 1428 τὸ
1274 1397 1324 1427 ΑΒ

336 1445 385 1488 ὑφ’
417 1443 542 1475 ἑαυτοῦ
565 1410 728 1474 κινεῖσθιοιι
761 1437 821 1474 διαὶ
843 1441 885 1473 τὸ
912 1441 987 1473 ὅλον
1013 1452 1050 1472 τε
1074 1439 1235 1472 κινεῖσθαι
1266 1441 1324 1471 καὶ

337 1487 402 1520 alred
427 1485 564 1531 μηθενὸς
589 1486 655 1518 τῶν
681 1484 817 1527 ἔξωθεν,
845 1484 957 1528 ὅμοιόν
982 1485 1073 1516 ἐστιν
1098 1483 1207 1528 ὥσπερ
1233 1483 1272 1515 ἂν
1297 1485 1326 1515 εἴ

335 1543 386 1569 τις
412 1531 474 1564 τοῦ
499 1531 547 1560 ΔΕ
571 1530 742 1566 κινοῦντος
768 1529 809 1562 τὸ
832 1530 894 1569 ΕΖ,
915 1530 973 1560 καὶ
999 1526 1108 1560 αὐτοῦ
1131 1527 1324 1570 κινουμένου

299 1582 309 1592 ·
336 1572 574 1617 ὑπολαμβάνοι
605 1573 646 1606 τὸ
678 1574 752 1604 ΔΕΖ
777 1574 827 1616 ὑφ’
857 1573 965 1605 αὐτοῦ
994 1571 1176 1613 κινεῖσθαι,
1202 1567 1262 1603 διαὶ
1284 1571 1325 1604 τὸ

335 1618 382 1664 μὴ
406 1618 545 1659 συνορᾶν
571 1616 713 1661 πότερον
740 1618 806 1649 ὑπὸ
831 1616 975 1660 ποτέρου
997 1620 1155 1657 κινεῖται,
1182 1615 1324 1658 πότερον

336 1662 378 1695 τό
403 1662 452 1692 ΔΕ
479 1661 544 1693 ὑπὸ
569 1662 631 1693 τοῦ
654 1662 704 1692 ΕΖ
729 1659 750 1697 ἦ
776 1660 817 1693 τὸ
840 1661 890 1691 ΕΖ
915 1659 980 1692 ὑπὸ
1005 1661 1067 1692 τοῦ
1092 1661 1155 1692 ΔΕ.

262 1707 340 1740 Ἔτι
364 1706 406 1738 τὸ
431 1705 482 1747 ὐφ’
511 1705 619 1737 αὑτοῦ
650 1703 842 1748 κινούμενον
878 1699 1043 1735 οὐδέποτε
1076 1703 1247 1735 παύσεται
1278 1713 1327 1733 κι-

336 1749 493 1793 νούμενον
518 1749 566 1790 τῷ
593 1747 706 1793 ἕτερόν
731 1760 765 1780 τι
790 1747 914 1784 στῆναι
939 1746 1143 1790 κινούμενον.
1176 1746 1324 1792 Ἀνάγκη

337 1796 461 1834 τοίνυν,
483 1793 513 1824 εἴ
536 1803 570 1824 τι
595 1791 748 1824 παύεται
771 1790 963 1834 κινούμενον
988 1792 1035 1831 τῷ
1062 1790 1175 1833 ἕτερόν
1194 1801 1228 1821 τι
1245 1791 1326 1826 στῆ-

337 1849 405 1878 ναι,
424 1835 516 1868 τοῦθ’
542 1837 592 1879 ὑφ’
613 1835 727 1880 ἐτέρου
748 1833 920 1867 κινεῖσθαι,
948 1834 1077 1867 Τούτου
1101 1834 1166 1880 γάρ
1183 1834 1326 1888 φανεροῦ

336 1879 524 1928 γινομένου,
545 1878 674 1925 ἀνάγκη
701 1879 769 1911 πᾶν
794 1879 835 1912 τὸ
859 1877 1051 1922 κινούμενον
1075 1877 1237 1909 κινεῖσθαι
1260 1877 1326 1910 υπό

338 1928 440 1962 τινος.
469 1924 565 1955 Ἐπεὶ
589 1923 652 1969 γάρ
678 1925 840 1960 εἴληπται
865 1922 906 1955 τὸ
930 1923 981 1953 ΑΒ
1004 1922 1216 1966 κινούμενον,
1242 1917 1328 1953 διαι-

337 1968 432 2014 ρετὸν
466 1966 576 2000 ἔσται·
603 1968 671 1999 πᾶν
695 1967 759 2013 γάρ
784 1967 826 1999 τὸ
850 1966 1040 2010 κινούμενον
1073 1961 1241 2010 διαιρετόν
1271 1963 1324 2003 ἦν.

338 2010 509 2057 Διῃρήσθω
538 2013 648 2043 τοίνυν
676 2010 697 2053 ’ᾖ
722 2010 763 2043 τὰ
787 2012 821 2043 Γ.
849 2009 998 2056 Ἀνάγκη
1023 2006 1066 2047 δή
1092 2012 1154 2042 τοῦ
1178 2011 1226 2040 Br
1254 2011 1329 2054 ἠρε-

338 2058 481 2101 μοῦντος
506 2053 637 2099 ἠρεμεῖν
661 2056 720 2086 καὶ
745 2054 786 2087 τό
810 2055 873 2085 AB·
899 2055 927 2085 εἰ
950 2054 1014 2100 γάρ
1040 2053 1101 2097 μή,
1120 2053 1263 2098 εἰλήφθω
1279 2066 1329 2085 κι-

337 2099 507 2144 νούμενον.
533 2099 600 2130 Τοῦ
625 2101 735 2130 τοίνυν
758 2100 806 2129 ΒΓ
832 2098 1048 2142 ἠρεμοῦντος,
1066 2102 1194 2130 κινοῖτο
1221 2097 1259 2130 ἄν
1286 2098 1327 2130 τὸ

338 2145 399 2175 ΑΓ·
427 2141 486 2175 οὐκ
512 2141 576 2187 ἄρα
599 2141 674 2174 καθ’
704 2142 792 2174 αὐτὸ
815 2145 960 2174 κινεῖται
984 2142 1025 2174 τὸ
1049 2143 1111 2174 ΑΒ.
1136 2139 1227 2173 Ἀλλ’
1249 2141 1328 2174 ὑπέ-

337 2198 431 2219 κειτο
454 2184 529 2218 καθ’
551 2186 638 2218 αὐτὸ
658 2185 818 2218 κινεῖσθαι
844 2187 987 2230 πρῶτον.
1015 2186 1121 2222 Δῆλον
1143 2188 1253 2217 τοίνυν
1273 2185 1327 2218 ὅτι
1349 2211 1351 2215 .

339 2231 403 2263 τοῦ
426 2232 474 2261 ΓΒ
498 2228 701 2274 ἠρεμοῦντος
731 2227 891 2275 ἦρεμῆσει
919 2231 976 2261 καὶ
1003 2230 1044 2262 τὸ
1067 2230 1135 2269 ΒΑ,
1161 2230 1219 2262 καὶ
1245 2229 1327 2262 τότε

340 2274 514 2307 παύσεται
544 2273 748 2316 κινούμενον.
779 2274 870 2305 Ἀλλ’
899 2275 928 2305 εἴ
951 2284 985 2306 τι
1010 2274 1058 2314 τῷ
1086 2273 1168 2305 ἄλλο
1196 2274 1327 2316 ἠρεμεῖν

335 2318 483 2351 ἵσταται
506 2320 564 2349 καὶ
590 2317 741 2350 παύεται
771 2317 984 2362 κινούμενον,
1010 2315 1104 2350 τοῦθ’
1134 2317 1183 2359 ὑφ’
1212 2316 1327 2359 ἑτέρου

339 2366 495 2395 κινεῖται.
513 2362 659 2406 Φανερόν
676 2356 719 2398 δη
739 2360 791 2394 ὅτι
805 2360 932 2394 πᾶντό
949 2360 1140 2405 κινούμενον
1155 2360 1221 2393 ὑπό
1238 2372 1327 2398 τινος

337 2410 495 2438 κινεῖται·
524 2400 692 2447 διαιρετόν
714 2417 751 2437 τε
775 2406 839 2451 γάρ
865 2406 937 2437 ἐστι
963 2406 1029 2437 πᾶν
1058 2405 1097 2437 τὸ
1112 2404 1324 2447 κινούμενον,

338 2451 398 2482 καὶ
421 2450 483 2482 τοῦ
507 2448 622 2494 μέρους
642 2449 844 2493 ἠρεμοῦντος
869 2450 1029 2493 ἡρεμῆσει
1052 2450 1111 2480 καὶ
1136 2449 1176 2480 τὸ
1203 2447 1292 2480 ὅλον.

326 2546 474 2574 ὃῑΝοΡςῑε.
487 2561 521 2566 -
538 2554 547 2572 1
555 2566 561 2572 .
571 2545 781 2582 Argumentum
792 2551 819 2573 et
829 2544 930 2573 divisio
940 2550 1032 2572 textus
1043 2551 1071 2572 et
1080 2543 1152 2572 libri.
1163 2560 1183 2564 -
1195 2551 1222 2572 2.
1237 2544 1329 2572 Omne

274 2585 350 2622 quod
376 2589 516 2618 movetur,
537 2584 572 2612 ab
592 2585 650 2612 alio
671 2590 811 2612 movetur.
833 2585 921 2619 Quod
941 2584 1058 2621 quidem
1079 2583 1261 2612 manifestum
1289 2589 1332 2611 est

274 2623 305 2652 in
324 2623 369 2652 his
389 2623 420 2651 in
440 2623 544 2660 quibus
564 2623 736 2660 principium
757 2629 853 2652 motus
869 2629 911 2652 est
924 2624 960 2651 ab
975 2623 1143 2651 extrinseco.
1165 2624 1247 2651 Unde
1261 2632 1329 2659 pro-

274 2664 359 2691 batur
378 2669 508 2699 respectu
529 2662 643 2690 mobilis
666 2663 747 2699 quod
766 2663 797 2691 in
824 2662 918 2699 seipso
939 2663 1042 2691 habeat
1063 2662 1106 2690 sui
1134 2669 1229 2691 motus
1250 2662 1328 2698 prin-

275 2702 391 2739 cipium.
413 2701 492 2730 Sicut
505 2708 602 2730 autem
615 2702 695 2738 quod
709 2708 751 2730 est
765 2702 890 2730 calidum
904 2711 964 2730 non
978 2703 1014 2730 ab
1029 2702 1100 2737 alio,
1122 2708 1236 2738 oportet
1250 2702 1330 2739 quod

276 2741 312 2769 sit
327 2741 426 2779 primo
446 2746 474 2769 et
490 2750 547 2778 per
567 2749 597 2769 se
619 2741 751 2776 calidum,
773 2741 812 2769 ita
829 2741 853 2769 si
873 2741 981 2778 aliquid
1001 2747 1126 2777 ponatur
1148 2750 1264 2769 movere
1285 2750 1329 2769 se-

275 2781 380 2817 ipsum,
395 2786 510 2816 oportet
531 2780 610 2816 quod
631 2780 666 2808 sit
681 2780 780 2818 primo
799 2785 826 2808 et
842 2789 899 2817 per
919 2789 949 2808 se
964 2787 1086 2815 motum,
1107 2787 1135 2808 et
1153 2790 1213 2808 non
1227 2789 1334 2810 secun-,

276 2820 346 2848 dum
366 2825 486 2856 partem.
515 2820 655 2847 Probatur
676 2828 743 2856 ergo
770 2819 857 2847 thesis
877 2819 980 2855 primo,
996 2820 1172 2847 excludendo
1193 2819 1223 2847 id
1250 2820 1327 2847 unde

275 2858 400 2888 maxime
419 2858 508 2886 videri
528 2865 625 2895 posset
645 2859 725 2895 quod
745 2858 852 2895 aliquid
866 2868 927 2886 non
940 2865 1089 2887 moveatur
1106 2859 1142 2887 ab
1163 2858 1229 2894 alio,
1250 2858 1328 2886 vide-

274 2898 340 2927 licet
360 2897 428 2935 quia
441 2907 503 2926 non
517 2903 647 2926 movetur
667 2898 702 2925 ab
723 2898 896 2932 extrinseco,
911 2898 961 2926 sed
975 2898 1010 2925 ab
1025 2898 1158 2926 interiori
1173 2898 1327 2935 principio.

276 2937 333 2966 Sed
353 2937 465 2974 opinari
482 2937 562 2974 quod
583 2936 697 2972 mobile,
717 2943 786 2973 puta
806 2946 910 2973 corpus
924 2937 1092 2972 animatum,
1106 2943 1238 2965 movetur
1252 2946 1269 2965 a
1283 2946 1328 2965 se-

275 2976 348 3013 ipso,
364 2982 482 3013 propter
497 2976 553 3005 hoc
568 2977 648 3013 quod
667 2982 760 3004 toturn
775 2983 907 3005 movetur
921 2983 949 3004 et
962 2986 1023 3004 non
1035 2983 1167 3005 movetur
1180 2977 1215 3004 ab
1230 2976 1328 3013 aliquo

276 3015 424 3051 exteriori,
445 3015 536 3043 simile
557 3021 599 3043 est
612 3024 645 3043 ac
660 3015 752 3043 dicere
773 3017 852 3052 quod
873 3015 988 3051 mobile,
1006 3015 1086 3044 cuius
1106 3025 1164 3044 una
1177 3025 1243 3052 pars
1264 3025 1328 3044 mo·

275 3060 356 3083 vetur
377 3061 406 3082 et
422 3054 510 3082 altera
530 3060 642 3090 movet,
664 3060 795 3082 movetur
815 3064 832 3083 a
853 3055 963 3092 seipso,
986 3055 1054 3091 quia
1074 3064 1134 3083 non
1155 3055 1324 3083 discernitur

277 3102 351 3130 quae
373 3102 439 3129 pars
459 3093 495 3121 sit
515 3102 643 3129 movens,
659 3099 686 3121 et
701 3103 774 3130 quae
795 3100 882 3122 mota.
905 3095 1017 3130 Corpus
1032 3103 1099 3131 ergo
1114 3094 1272 3122 animatum
1286 3094 1326 3123 vi-

277 3132 360 3160 detur
373 3141 488 3162 movere
515 3133 645 3169 seipsum
668 3133 839 3170 inquantum
852 3143 911 3162 una
924 3143 990 3170 pars
1003 3140 1101 3161 movet
1113 3133 1207 3168 aliam,
1223 3134 1328 3162 scilicet

277 3171 374 3199 anima
394 3180 507 3207 corpus.
522 3187 542 3192 —
557 3172 583 3200 3.
604 3172 744 3200 Probatur
758 3172 844 3200 thesis
865 3173 978 3201 directe.
1000 3173 1088 3207 Quod
1108 3179 1240 3201 movetur
1253 3182 1270 3201 a
1284 3182 1327 3201 se-

277 3210 351 3246 ipso,
366 3218 427 3238 non
447 3209 566 3246 quiescit
578 3220 596 3239 a
609 3220 662 3239 suo
676 3217 759 3239 motu
772 3220 823 3247 per
837 3211 962 3248 quietem
976 3211 1180 3248 cuiuscumque
1200 3212 1324 3240 alterius.

278 3249 336 3277 Sed
357 3257 443 3276 omne
466 3250 546 3285 quod
566 3256 706 3285 movetur,
728 3250 847 3286 quiescit
866 3251 903 3278 ad
924 3250 1048 3287 quietem
1069 3250 1198 3285 alterius,
1220 3250 1327 3279 scilicet

276 3287 380 3324 partis:
395 3296 465 3315 nam
478 3287 502 3315 si
515 3287 678 3324 quiescente
698 3298 757 3316 una
775 3295 870 3324 parte,
891 3295 984 3317 totum
998 3298 1059 3316 non
1079 3289 1212 3325 quiescit,
1233 3295 1327 3317 totum

277 3332 410 3355 movetur
431 3325 542 3354 ratione
568 3326 682 3354 alterius
708 3327 810 3363 partis,
836 3333 864 3355 et
883 3327 923 3355 ita
947 3336 1008 3355 non
1035 3333 1166 3355 movetur
1182 3328 1280 3365 primo
1301 3333 1329 3356 et

274 3375 332 3404 per
353 3374 399 3399 se,
421 3371 521 3393 contra
540 3365 570 3392 id
584 3366 664 3402 quod
683 3366 861 3402 supponitur.
883 3367 959 3403 Ergo
981 3375 1067 3394 omne
1088 3367 1167 3402 quod
1186 3373 1327 3402 movetur,

278 3414 344 3433 cum
366 3403 402 3432 sit
422 3403 568 3439 divisibile,
590 3404 708 3440 quiescit
729 3405 766 3432 ad
786 3404 910 3441 quietem
931 3405 1053 3440 alterius,
1075 3411 1102 3432 et
1122 3411 1329 3441 consequenter

278 3453 339 3472 non
366 3452 384 3472 a
404 3442 498 3479 seipso
519 3444 570 3471 sed
590 3444 625 3471 ab
647 3443 703 3471 alio
724 3449 864 3471 movetur.
878 3459 897 3464 -—
910 3453 938 3478 4.
961 3443 1091 3471 Obiectio
1108 3443 1209 3471 Galeni
1229 3450 1328 3472 contra

278 3483 353 3511 hanc
373 3482 527 3510 rationem:
555 3482 623 3510 dicit
643 3482 719 3510 enim
740 3483 820 3519 quod
841 3491 874 3510 ea
894 3491 967 3519 quae
994 3488 1144 3510 moventur
1170 3483 1328 3510 secundum

278 3528 398 3558 partem,
416 3531 474 3559 per
494 3531 524 3549 se
545 3527 705 3549 moventur.
734 3522 791 3549 Sed
811 3522 945 3557 deceptus
965 3521 1017 3549 fuit
1037 3530 1070 3549 ex
1090 3521 1327 3558 aequivocatione

279 3561 340 3589 eius
361 3561 440 3598 quod
461 3566 503 3588 est
512 3569 570 3598 per
583 3570 630 3588 se:
651 3561 731 3597 quod
750 3560 796 3588 hic
817 3560 952 3597 accipitur
976 3569 1036 3588 non
1057 3560 1151 3588 solum
1170 3566 1256 3596 prout
1276 3569 1327 3596 op—

279 3600 397 3637 ponitur
410 3600 436 3628 ei
453 3601 532 3636 quod
553 3605 595 3628 est
611 3609 668 3637 per
688 3600 836 3634 accidens,
857 3600 907 3628 sed
928 3599 1013 3628 etiarn
1027 3598 1053 3627 ei
1067 3600 1146 3636 quod
1166 3605 1209 3627 est
1228 3608 1328 3627 secun-

421 3657 489 3690 Opp.
508 3657 540 3681 D.
558 3656 671 3681 Tamna
689 3656 720 3680 T.
735 3656 764 3681 11.

1377 1222 1394 1242 *
1410 1222 1516 1254 Omne
1539 1223 1627 1264 quod
1646 1229 1802 1261 movetur,
1826 1233 1951 1254 necesse
1979 1230 2025 1254 est
2053 1224 2091 1254 ab
2117 1224 2224 1265 aliquo
2249 1224 2379 1256 moveri.
2404 1224 2436 1256 Si

1443 1267 1538 1306 igitur
1560 1267 1593 1296 in
1622 1267 1725 1307 seipso
1754 1277 1819 1297 non
1842 1266 1936 1297 habet
1965 1267 2155 1308 principium
2186 1275 2313 1307 motus,
2337 1269 2436 1299 mani-

1444 1310 1560 1341 festum
1593 1317 1639 1341 est
1661 1310 1750 1351 quod
1773 1311 1811 1341 ab
1835 1311 1932 1341 altero
1966 1318 2128 1342 movetur:
2153 1312 2239 1342 aliud
2273 1312 2357 1342 enim
2381 1313 2437 1343 erit

1444 1364 1586 1385 movens.
1611 1354 1644 1385 Si
1667 1361 1774 1385 autem
1795 1354 1828 1384 in
1852 1355 1967 1394 seipso,
1993 1355 2162 1395 accipiatur
2174 1356 2240 1394 AB,
2258 1356 2346 1396 quod
2367 1366 2436 1386 mo-

1443 1405 1552 1429 veatur
1584 1398 1759 1429 secundum
1786 1408 1836 1436 se,
1871 1405 1901 1428 et
1931 1408 1998 1429 non
2026 1408 2064 1429 eo
2097 1399 2185 1439 quod
2216 1410 2328 1430 eorum
2356 1410 2437 1440 quae

1443 1442 1538 1472 huius
1555 1448 1639 1479 sunt,
1655 1441 1773 1482 aliquid
1787 1448 1942 1472 movetur.
1962 1442 2105 1472 Primum
2120 1442 2224 1483 igitur,
2245 1443 2366 1483 opinari
2381 1444 2436 1473 AB

1445 1496 1463 1516 a
1486 1486 1588 1526 seipso
1612 1485 1752 1524 moveri,
1776 1491 1905 1526 propter
1926 1485 1959 1515 id
1982 1486 2070 1526 quod
2092 1492 2197 1517 totum
2219 1493 2383 1525 movetur,
2408 1493 2438 1517 et

1445 1540 1464 1560 a
1485 1530 1575 1560 nullo
1599 1529 1806 1568 exteriorum,
1831 1529 1931 1560 simile
1955 1536 2001 1560 est
2024 1529 2104 1560 sicut
2126 1530 2152 1560 si
2175 1531 2262 1570 quis,
2286 1531 2356 1571 ipso
2379 1530 2436 1560 DE

1445 1579 1592 1604 movente
1624 1573 1692 1612 ΕΖ,
1723 1579 1754 1603 et
1776 1573 1846 1613 ipso
1879 1579 1987 1612 moto,
2016 1573 2163 1613 opinetur
2185 1575 2268 1604 DEZ
2292 1585 2310 1605 a
2333 1574 2436 1614 seipso

1445 1617 1585 1655 moveri,
1616 1623 1744 1657 propter
1766 1616 1799 1646 id
1822 1617 1910 1657 quod
1932 1627 1999 1647 non
2021 1618 2144 1649 videtur
2171 1625 2279 1649 utrum
2302 1618 2341 1648 ab
2364 1625 2436 1649 utro

1446 1667 1628 1699 moveatur,
1652 1667 1683 1691 et
1705 1667 1814 1691 utrum
1835 1661 1893 1691 DE
1918 1661 1957 1691 ab
1980 1661 2044 1699 EZ,
2067 1668 2122 1692 aut
2144 1662 2196 1692 EZ
2213 1672 2238 1701 ,a
2260 1662 2328 1692 DE.

1379 1704 1561 1745 *Amplius‚
1572 1704 1660 1745 quod
1672 1715 1690 1734 a
1701 1705 1804 1744 seipso
1818 1711 1975 1743 movetur,
1991 1705 2080 1735 nullo
2093 1706 2191 1736 modo
2208 1706 2352 1745 pausabit
2363 1715 2437 1735 cum

1445 1755 1608 1787 movetur,
1627 1748 1660 1778 in
1678 1748 1789 1779 stando
1809 1748 1928 1788 aliquid
1947 1748 2079 1779 alterum
2098 1749 2187 1790 quod
2206 1756 2361 1780 movetur.
2378 1749 2438 1779 Ne-

1447 1802 1531 1823 cesse
1547 1798 1592 1822 est
1608 1801 1692 1831 ergo,
1710 1792 1735 1822 si
1753 1792 1872 1832 aliquid
1887 1799 1999 1832 pausat
2021 1793 2109 1833 quod
2127 1800 2283 1832 movetur,
2302 1793 2335 1823 in
2356 1799 2438 1823 stan-

1447 1836 1489 1866 do
1513 1835 1631 1876 aliquid
1655 1836 1802 1873 alterum,
1827 1836 1888 1866 hoc
1911 1837 1949 1866 ab
1973 1836 2070 1867 altero
2087 1837 2216 1867 moveri.
2241 1838 2313 1867 Hoc
2331 1843 2438 1867 autern

1447 1879 1614 1910 manifesto
1631 1879 1725 1918 facto,
1749 1889 1874 1910 necesse
1891 1887 1937 1910 est
1952 1890 2047 1910 omne
2071 1881 2159 1921 quod
2182 1887 2344 1919 movetur,
2368 1891 2437 1911 mo—

1447 1923 1512 1954 veri
1527 1924 1565 1953 ab
1582 1923 1699 1963 aliquo.
1718 1923 1880 1960 Quoniam
1894 1923 1979 1954 enim
1993 1930 2157 1964 acceptum
2173 1931 2219 1955 est
2236 1925 2291 1955 AB
2307 1925 2439 1963 moveri,

1448 1967 1599 1997 divisibile
1622 1966 1694 2000 erit:
1712 1977 1807 1998 omne
1831 1967 1916 1997 enim
1930 1968 2018 2008 quod
2036 1975 2192 2005 movetur,
2211 1968 2363 1999 divisibile
2382 1975 2438 1999 est.

1448 2011 1612 2042 Dividatur
1633 2011 1728 2050 igitur
1750 2011 1782 2041 in
1811 2011 1849 2042 C.
1873 2012 2005 2042 Necesse
2036 2012 2140 2052 igitur,
2164 2012 2218 2043 BC
2249 2012 2438 2053 quiescente,

1448 2055 1606 2095 quiescere
1630 2061 1660 2085 et
1682 2055 1746 2086 AB.
1772 2055 1804 2086 Si
1827 2055 1912 2085 enim
1935 2065 2012 2093 non,
2036 2055 2204 2095 accipiatur
2229 2056 2359 2087 moveri.
2383 2055 2437 2086 BC

1447 2099 1542 2139 igitur
1564 2098 1753 2139 quiescente,
1768 2099 1947 2130 movebitur
1969 2099 2079 2140 utique
2097 2099 2165 2131 AC.
2185 2101 2259 2131 Non
2283 2110 2356 2140 ergo
2372 2110 2440 2130 mo-

1447 2149 1538 2173 vetur
1560 2153 1615 2183 per
1637 2152 1670 2173 se
1693 2143 1758 2173 AB.
1783 2143 1845 2174 Sed
1869 2153 2055 2174 concessum
2078 2150 2124 2174 est
2141 2154 2197 2184 per
2212 2144 2352 2184 seipsum
2368 2154 2439 2174 mo-

1447 2186 1512 2216 veri
1534 2186 1683 2226 primum.
1707 2187 1911 2217 Manifestum
1934 2187 2028 2227 igitur
2051 2188 2139 2227 quod
2166 2187 2220 2218 BC
2244 2188 2438 2229 quiescente,

1449 2230 1586 2270 quiescet
1610 2236 1640 2260 et
1661 2230 1736 2260 AB:
1761 2237 1791 2261 et
1813 2237 1888 2261 tunc
1910 2230 2055 2271 pausabit
2082 2231 2170 2272 quod
2193 2238 2348 2263 movetur.
2378 2232 2440 2262 Sed

1448 2274 1474 2304 si
1489 2273 1608 2313 aliquid
1621 2273 1654 2303 in
1667 2273 1857 2314 quiescendo
1874 2274 1970 2313 aliud,
1987 2281 2046 2305 stat
2062 2281 2092 2305 et
2106 2282 2218 2315 pausat
2229 2275 2360 2314 moveri,
2377 2275 2439 2306 hoc

1448 2318 1486 2347 ab
1510 2317 1607 2347 altero
1631 2324 1786 2348 movetur.
1811 2318 2015 2348 Manifestum
2038 2325 2084 2349 est
2115 2319 2209 2359 igitur
2232 2320 2320 2360 quod
2343 2329 2439 2350 omne

1448 2361 1537 2401 quod
1569 2367 1731 2399 movetur,
1772 2362 1810 2391 ab
1841 2361 1947 2402 aliquo
1979 2368 2134 2393 movetur.
2168 2363 2330 2393 Divisibile
2354 2363 2439 2394 enim

1447 2411 1493 2435 est
1516 2414 1611 2434 omne
1640 2405 1728 2445 quod
1752 2412 1908 2444 movetur,
1928 2411 1959 2436 et
1980 2412 2067 2446 parte
2096 2406 2285 2446 quiescente,
2309 2407 2440 2448 quiescit

1446 2455 1559 2479 totum.

1385 2544 1453 2571 dum
1470 2549 1602 2581 partem:
1622 2543 1699 2571 unde
1714 2542 1782 2571 dicit
1802 2552 1863 2571 non
1884 2543 1977 2571 solum
1994 2553 2053 2581 per
2066 2553 2105 2578 se,
2121 2545 2171 2572 sed
2192 2544 2279 2572 etiam
2295 2545 2403 2582 primo.
2419 2561 2438 2567 -

1387 2583 1412 2611 5.
1434 2583 1499 2611 Alia
1519 2582 1643 2610 obiectio
1664 2582 1836 2611 Avicennae.
1859 2582 2026 2619 Si'ponitur
2046 2583 2164 2620 aliquod
2190 2583 2298 2612 mobile
2312 2593 2329 2612 a
2342 2584 2437 2621 seipso

1384 2622 1494 2650 moveri
1514 2622 1608 2658 primo
1628 2627 1655 2649 et
1675 2631 1727 2658 per
1746 2631 1786 2656 se,
1803 2621 1979 2658 impossibile
2000 2629 2042 2650 est
2063 2632 2225 2659 supponere
2246 2624 2327 2660 quod
2343 2623 2439 2660 aliqua

1383 2671 1449 2698 pars
1477 2661 1538 2689 eius
1559 2661 1694 2698 quiescat.
1715 2662 1758 2689 Ex
1776 2662 1830 2689 hac
1850 2667 1945 2690 autem
1966 2661 2164 2698 suppositione
2191 2662 2376 2698 impossibili,
2405 2672 2439 2691 ex

1384 2709 1442 2738 qua
1474 2700 1547 2729 ratio
1574 2700 1723 2737 procedit,
1751 2710 1812 2729 non
1837 2710 1904 2729 vero
1932 2710 1966 2728 ex
1993 2710 2028 2729 eo
2066 2702 2145 2738 quod
2172 2701 2280 2738 aliquid
2303 2712 2320 2730 a
2342 2702 2437 2738 seipso

1383 2746 1541 2775 moveatur,
1561 2739 1688 2776 sequitur
1708 2740 1779 2767 illud
1799 2739 2003 2768 inconveniens
2024 2741 2061 2768 ad
2082 2741 2161 2777 quod
2175 2741 2248 2769 ratio
2269 2741 2331 2778 ipsa
2351 2741 2437 2777 ducit,

1382 2788 1487 2816 nempe
1507 2780 1587 2816 quod
1607 2785 1701 2807 totum
1721 2785 1872 2807 moveatur
1888 2789 1948 2807 non
1965 2779 2063 2817 primo
2084 2785 2112 2807 et
2127 2789 2186 2817 per
2208 2789 2248 2808 se.
2269 2797 2288 2802 -
2308 2782 2439 2817 Respon-

1383 2818 1427 2846 sio
1448 2819 1599 2855 quaedam,
1623 2828 1711 2855 quam
1732 2819 1881 2855 dupliciter
1901 2819 2024 2847 excludit
2041 2819 2102 2855 ipse
2121 2819 2277 2854 Avicenna‚
2293 2836 2312 2841 -
2326 2821 2353 2848 6.
2373 2820 2439 2848 Alia

1382 2857 1517 2886 Averrois
1545 2857 1666 2892 solutio,
1693 2867 1766 2895 quae
1794 2858 1967 2886 conveniens
1997 2864 2039 2886 est
2065 2858 2236 2895 inquantum
2264 2858 2331 2887 dicit
2358 2860 2439 2896 quod

1382 2898 1452 2925 haec
1473 2897 1690 2932 conditionalis,
1719 2897 1745 2925 si
1765 2898 1878 2925 mobilis
1905 2897 2045 2925 moventis
2071 2898 2195 2935 seipsum
2210 2906 2285 2936 pars
2309 2898 2437 2935 quiescit,

1383 2942 1471 2965 totum
1493 2936 1625 2973 quiescit,
1648 2942 1690 2964 est
1710 2945 1790 2972 vera,
1812 2936 1876 2965 licet
1899 2942 1961 2964 tum
1984 2937 2154 2965 antecedens
2175 2943 2237 2965 tum
2258 2946 2438 2974 consequens

1382 2975 1418 3004 sit
1431 2975 1621 3012 impossibile;
1637 2985 1696 3003 non
1711 2982 1806 3004 autem
1822 2982 1962 3013 quantum
1972 2976 2082 3012 adhoc,
2092 2977 2171 3013 quod
2186 2986 2271 3013 supra
2281 2977 2375 3013 posita
2388 2978 2437 3005 de-

1382 3015 1552 3043 monstratio
1567 3021 1608 3043 est
1618 3016 1653 3043 de
1667 3024 1770 3052 genere
1785 3015 2064 3043 demonstrationum
2079 3025 2152 3052 quae
2172 3015 2305 3044 dicuntur
2316 3017 2436 3044 demon-

1382 3055 1533 3083 strationes
1560 3054 1654 3092 signi,
1682 3054 1726 3082 vel
1746 3054 2006 3083 demonstrationes
2028 3054 2102 3092 quia.
2125 3054 2286 3083 Dicendum
2311 3064 2437 3091 namque

1381 3094 1492 3122 videtur
1513 3102 1573 3121 esse
1595 3093 1870 3122 demonstrationem
1887 3099 2012 3131 propter
2026 3094 2110 3130 quid:
2131 3094 2258 3122 continet
2278 3094 2355 3122 enim
2369 3103 2435 3122 cau-

1382 3142 1443 3162 sam
1464 3142 1552 3170 quare
1573 3133 1609 3161 sit
1629 3132 1804 3169 impossibile
1837 3133 1946 3169 aliquid
1975 3142 2090 3161 movere
2111 3133 2245 3169 seipsum.
2267 3133 2342 3160 Cum
2359 3142 2436 3161 emm

1382 3181 1497 3201 movere
1525 3172 1651 3208 seipsum
1670 3172 1742 3199 nihil
1761 3172 1839 3200 aliud
1855 3172 1891 3200 sit
1905 3181 1993 3209 quam
2015 3181 2075 3200 esse
2091 3171 2144 3199 sibi
2166 3181 2251 3199 causa
2265 3171 2308 3199 sui
2322 3178 2434 3206 motuS,

1382 3217 1495 3248 oportet
1509 3211 1588 3248 quod
1603 3211 1628 3239 ei
1651 3212 1730 3247 quod
1744 3211 1861 3247 ponitur
1883 3210 1992 3239 moveri
2015 3220 2033 3238 a
2056 3210 2159 3246 seipso,
2170 3210 2268 3247 primo
2289 3216 2434 3246 competat

1382 3250 1507 3285 moveri;
1522 3259 1572 3278 seu
1593 3256 1708 3286 oportet
1726 3251 1805 3286 quod
1820 3250 1855 3277 sit
1871 3250 2001 3287 primum
2023 3249 2135 3282 mobile,
2157 3249 2236 3276 cuius
2257 3255 2353 3276 motus
2374 3258 2435 3276 non

1382 3290 1542 3325 dependeat
1555 3298 1572 3317 a
1586 3289 1685 3325 priori.
1707 3290 1764 3317 Sed
1779 3289 1835 3316 hoc
1849 3294 1890 3316 est
1906 3287 2094 3324 impossibile:
2116 3296 2184 3315 nam
2205 3293 2300 3315 motus
2321 3287 2435 3315 cuiusli-

1381 3329 1430 3356 bet
1445 3328 1559 3356 mobilis
1573 3329 1714 3364 dependet
1730 3337 1747 3355 a
1761 3333 1843 3355 motu
1859 3336 1976 3354 suarum
1997 3325 2130 3362 partium.
2153 3327 2207 3353 Per
2220 3326 2293 3354 hanc
2307 3335 2374 3363 ergo
2388 3336 2433 3355 ra-

1381 3367 1490 3395 tionem
1505 3367 1664 3395 ostenditur
1685 3375 1770 3394 causa
1787 3374 1875 3402 quare
1895 3365 2006 3392 nullum
2027 3364 2133 3392 mobile
2154 3371 2268 3393 moveat
2292 3365 2433 3402 seipsum3

1382 3405 1454 3434 sicut
1474 3415 1508 3433 ex
1524 3415 1559 3434 eo
1574 3406 1654 3442 quod
1675 3414 1736 3433 esse
1751 3404 1899 3432 cuiuslibet
1919 3403 2064 3431 divisibilis
2082 3404 2224 3439 dependet
2237 3405 2273 3431 ab
2288 3413 2349 3432 esse
2369 3414 2435 3441 par-

1381 3444 1467 3479 tium,
1482 3444 1642 3473 ostenditur
1655 3453 1743 3480 quare
1757 3443 1867 3470 nullum
1882 3442 2019 3470 divisibile
2034 3442 2069 3470 sit
2082 3442 2207 3478 primum
2222 3452 2281 3471 ens.
2297 3459 2316 3464 —
2331 3453 2357 3480 7.
2372 3445 2433 3472 Ma-

1382 3483 1529 3511 nifestatur
1543 3484 1622 3520 quod
1636 3482 1702 3510 huic
1718 3481 1864 3509 doctrinae
1879 3482 2034 3509 concordat
2050 3481 2189 3509 sententia
2210 3482 2433 3519 Platonicorum,

1383 3522 1432 3558 qui
1452 3529 1591 3558 ponentes
1613 3522 1708 3557 aliqua
1728 3530 1843 3548 movere
1871 3520 1976 3556 seipsa,
1999 3520 2129 3548 dixerunt
2145 3521 2224 3557 quod
2244 3521 2355 3549 nullum
2370 3531 2432 3550 cor-

1382 3569 1504 3596 poreum
1518 3567 1567 3589 aut
1590 3559 1728 3588 divisibile
1754 3565 1850 3587 movet
1871 3559 2005 3595 seipsum,
2027 3560 2078 3587 sed
2098 3560 2154 3587 hoc
2170 3566 2213 3588 est
2230 3562 2432 3590 tantummodo

1382 3599 1556 3627 substantiae
1577 3598 1738 3635 spiritualis,
1761 3607 1834 3635 quae
1854 3597 1983 3635 intelligit
2003 3605 2031 3626 et
2051 3605 2128 3627 amat
2148 3599 2280 3636 seipsam.

2222 3664 2252 3688 41

2464 1229 2473 1238 '¹
2489 1228 2547 1256 Cap.
2557 1234 2571 1249 1.
2582 1228 2649 1250 Text.
2658 1234 2677 1250 1.

2464 1712 2473 1720 '¹
2488 1710 2555 1732 Text.
2569 1716 2591 1732 2.
