<?xml version="1.0" encoding="UTF-8"?>
<!DOCTYPE html PUBLIC "-//W3C//DTD XHTML 1.0 Transitional//EN"
    "http://www.w3.org/TR/xhtml1/DTD/xhtml1-transitional.dtd">
<html xmlns="http://www.w3.org/1999/xhtml" xml:lang="en" lang="en">
 <head>
  <title>
</title>
<meta http-equiv="Content-Type" content="text/html;charset=utf-8" />
  <meta name='ocr-system' content='tesseract 3.04.00' />
  <meta name='ocr-capabilities' content='ocr_page ocr_carea ocr_par ocr_line ocrx_word'/>
</head>
<body>
  <div class='ocr_page' id='page_1' title='image "./operaomniaiussui02thom_0174.png"; bbox 0 0 2950 4004; ppageno 0'>
   <div class='ocr_carea' id='block_1_1' title="bbox 473 294 2022 346">
    <p class='ocr_par' dir='ltr' id='par_1_1' title="bbox 473 294 2022 346">
     <span class='ocr_line' id='line_1_1' title="bbox 473 294 2022 346; baseline -0.003 -10"><span class='ocrx_word' id='word_1_1' title='bbox 473 301 543 346; x_wconf 89' lang='lat'><strong>148</strong></span> <span class='ocrx_word' id='word_1_2' title='bbox 1095 294 1440 334; x_wconf 90' lang='lat' dir='ltr'>PHYSICORUM</span> <span class='ocrx_word' id='word_1_3' title='bbox 1467 295 1816 332; x_wconf 90' lang='lat' dir='ltr'>ARISTOTELIS</span> <span class='ocrx_word' id='word_1_4' title='bbox 1845 295 1939 332; x_wconf 88' lang='lat' dir='ltr'><strong>LIB.</strong></span> <span class='ocrx_word' id='word_1_5' title='bbox 1970 295 2022 332; x_wconf 93' lang='lat' dir='ltr'><strong>IV</strong></span> 
     </span>
    </p>
   </div>
   <div class='ocr_carea' id='block_1_2' title="bbox 228 371 2648 648">
    <p class='ocr_par' dir='ltr' id='par_1_2' title="bbox 228 371 2648 648">
     <span class='ocr_line' id='line_1_2' title="bbox 466 371 2647 428; baseline -0.002 -13"><span class='ocrx_word' id='word_1_6' title='bbox 466 378 592 428; x_wconf 91' lang='lat' dir='ltr'><strong>primo</strong></span> <span class='ocrx_word' id='word_1_7' title='bbox 629 388 783 414; x_wconf 87' lang='lat' dir='ltr'><strong>necesse</strong></span> <span class='ocrx_word' id='word_1_8' title='bbox 826 382 924 412; x_wconf 88' lang='lat' dir='ltr'><strong>esset</strong></span> <span class='ocrx_word' id='word_1_9' title='bbox 961 387 1041 412; x_wconf 90' lang='lat' dir='ltr'><strong>esse</strong></span> <span class='ocrx_word' id='word_1_10' title='bbox 1083 374 1365 423; x_wconf 85' lang='lat' dir='ltr'><strong>receptaculum</strong></span> <span class='ocrx_word' id='word_1_11' title='bbox 1404 385 1529 411; x_wconf 88' lang='lat' dir='ltr'><strong>rerum</strong></span> <span class='ocrx_word' id='word_1_12' title='bbox 1585 373 1656 410; x_wconf 90' lang='lat' dir='ltr'><strong>alia</strong></span> <span class='ocrx_word' id='word_1_13' title='bbox 1685 385 1763 410; x_wconf 90' lang='lat' dir='ltr'><strong>non</strong></span> <span class='ocrx_word' id='word_1_14' title='bbox 1790 380 1951 422; x_wconf 89' lang='lat' dir='ltr'>possunt</span> <span class='ocrx_word' id='word_1_15' title='bbox 1978 384 2060 410; x_wconf 87' lang='lat' dir='ltr'><strong>esse</strong></span> <span class='ocrx_word' id='word_1_16' title='bbox 2088 372 2168 410; x_wconf 91' lang='lat' dir='ltr'><strong>sine</strong></span> <span class='ocrx_word' id='word_1_17' title='bbox 2197 384 2256 421; x_wconf 84' lang='lat' dir='ltr'><strong>eo,</strong></span> <span class='ocrx_word' id='word_1_18' title='bbox 2284 371 2437 410; x_wconf 83' lang='lat' dir='ltr'><strong>videtur</strong></span> <span class='ocrx_word' id='word_1_19' title='bbox 2462 383 2544 410; x_wconf 85' lang='lat' dir='ltr'><strong>esse</strong></span> <span class='ocrx_word' id='word_1_20' title='bbox 2572 373 2647 423; x_wconf 82' lang='lat' dir='ltr'><strong>pri·</strong></span> 
     </span>
     <span class='ocr_line' id='line_1_3' title="bbox 468 426 2646 480; baseline -0.003 -12"><span class='ocrx_word' id='word_1_21' title='bbox 468 443 584 480; x_wconf 87' lang='lat' dir='ltr'><strong>quam</strong></span> <span class='ocrx_word' id='word_1_22' title='bbox 612 430 713 479; x_wconf 87' lang='lat' dir='ltr'><strong>ipsas</strong></span> <span class='ocrx_word' id='word_1_23' title='bbox 741 441 811 466; x_wconf 88' lang='lat' dir='ltr'><strong>res.</strong></span> <span class='ocrx_word' id='word_1_24' title='bbox 842 429 892 464; x_wconf 90' lang='lat' dir='ltr'><strong>Et</strong></span> <span class='ocrx_word' id='word_1_25' title='bbox 918 428 994 464; x_wconf 89' lang='lat' dir='ltr'><strong>hoc</strong></span> <span class='ocrx_word' id='word_1_26' title='bbox 1012 426 1100 464; x_wconf 88' lang='lat' dir='ltr'><strong>ideo</strong></span> <span class='ocrx_word' id='word_1_27' title='bbox 1117 433 1328 476; x_wconf 88' lang='lat' dir='ltr'><strong>posuerunt</strong></span> <span class='ocrx_word' id='word_1_28' title='bbox 1346 426 1434 475; x_wconf 87' lang='lat' dir='ltr'><strong>quia</strong></span> <span class='ocrx_word' id='word_1_29' title='bbox 1454 438 1531 463; x_wconf 87' lang='lat' dir='ltr'><strong>cre·</strong></span> <span class='ocrx_word' id='word_1_30' title='bbox 1585 438 1707 464; x_wconf 88' lang='lat' dir='ltr'><strong>mum.</strong></span> <span class='ocrx_word' id='word_1_31' title='bbox 1747 427 1874 463; x_wconf 91' lang='lat' dir='ltr'><strong>Locus</strong></span> <span class='ocrx_word' id='word_1_32' title='bbox 1906 433 2034 462; x_wconf 88' lang='lat' dir='ltr'><strong>autem</strong></span> <span class='ocrx_word' id='word_1_33' title='bbox 2067 426 2279 463; x_wconf 87' lang='lat' dir='ltr'><strong>secundum</strong></span> <span class='ocrx_word' id='word_1_34' title='bbox 2313 437 2380 463; x_wconf 87' lang='lat' dir='ltr'><strong>eos</strong></span> <span class='ocrx_word' id='word_1_35' title='bbox 2412 431 2536 475; x_wconf 88' lang='lat' dir='ltr'><strong>potest</strong></span> <span class='ocrx_word' id='word_1_36' title='bbox 2563 438 2646 463; x_wconf 83' lang='lat' dir='ltr'><strong>esse</strong></span> 
     </span>
     <span class='ocr_line' id='line_1_4' title="bbox 468 476 2647 530; baseline -0.002 -9"><span class='ocrx_word' id='word_1_37' title='bbox 468 483 664 530; x_wconf 89' lang='lat' dir='ltr'><strong>diderunt‚</strong></span> <span class='ocrx_word' id='word_1_38' title='bbox 693 482 790 519; x_wconf 90' lang='lat' dir='ltr'><strong>sicut</strong></span> <span class='ocrx_word' id='word_1_39' title='bbox 817 488 853 518; x_wconf 88' lang='lat' dir='ltr'><strong>et</strong></span> <span class='ocrx_word' id='word_1_40' title='bbox 880 480 987 517; x_wconf 86' lang='lat' dir='ltr'><strong>multi</strong></span> <span class='ocrx_word' id='word_1_41' title='bbox 1021 479 1101 527; x_wconf 86' lang='lat' dir='ltr'><strong>alii,</strong></span> <span class='ocrx_word' id='word_1_42' title='bbox 1132 479 1236 528; x_wconf 90' lang='lat' dir='ltr'><strong>quod</strong></span> <span class='ocrx_word' id='word_1_43' title='bbox 1270 479 1400 516; x_wconf 89' lang='lat' dir='ltr'><strong>omnia</strong></span> <span class='ocrx_word' id='word_1_44' title='bbox 1430 491 1531 528; x_wconf 85' lang='lat' dir='ltr'><strong>quae</strong></span> <span class='ocrx_word' id='word_1_45' title='bbox 1586 479 1665 516; x_wconf 85' lang='lat' dir='ltr'><strong>sine</strong></span> <span class='ocrx_word' id='word_1_46' title='bbox 1695 478 1935 528; x_wconf 85' lang='lat' dir='ltr'>corporibus:</span> <span class='ocrx_word' id='word_1_47' title='bbox 1965 478 2069 527; x_wconf 88' lang='lat' dir='ltr'><strong>quod</strong></span> <span class='ocrx_word' id='word_1_48' title='bbox 2099 478 2233 515; x_wconf 86' lang='lat' dir='ltr'>exinde</span> <span class='ocrx_word' id='word_1_49' title='bbox 2266 477 2530 526; x_wconf 69' lang='lat' dir='ltr'><strong>conficiebant,</strong></span> <span class='ocrx_word' id='word_1_50' title='bbox 2557 476 2647 527; x_wconf 75' lang='lat' dir='ltr'><strong>quia</strong></span> 
     </span>
     <span class='ocr_line' id='line_1_5' title="bbox 468 530 2646 583; baseline -0.002 -10"><span class='ocrx_word' id='word_1_51' title='bbox 468 543 572 583; x_wconf 84' lang='lat' dir='ltr'><strong>sunt,</strong></span> <span class='ocrx_word' id='word_1_52' title='bbox 601 535 674 572; x_wconf 91' lang='lat' dir='ltr'><strong>sint</strong></span> <span class='ocrx_word' id='word_1_53' title='bbox 700 534 739 571; x_wconf 90' lang='lat' dir='ltr'><strong>in</strong></span> <span class='ocrx_word' id='word_1_54' title='bbox 766 535 864 571; x_wconf 94' lang='lat' dir='ltr'><strong>loco.</strong></span> <span class='ocrx_word' id='word_1_55' title='bbox 895 533 1011 580; x_wconf 89' lang='lat' dir='ltr'><strong>Quod</strong></span> <span class='ocrx_word' id='word_1_56' title='bbox 1040 532 1071 569; x_wconf 90' lang='lat' dir='ltr'><strong>si</strong></span> <span class='ocrx_word' id='word_1_57' title='bbox 1097 544 1235 570; x_wconf 82' lang='lat' dir='ltr'><strong>verum</strong></span> <span class='ocrx_word' id='word_1_58' title='bbox 1265 539 1335 580; x_wconf 84' lang='lat' dir='ltr'><strong>est,</strong></span> <span class='ocrx_word' id='word_1_59' title='bbox 1364 532 1541 581; x_wconf 82' lang='lat' dir='ltr'><strong>sequitur·</strong></span> <span class='ocrx_word' id='word_1_60' title='bbox 1584 532 1762 569; x_wconf 86' lang='lat' dir='ltr'><strong>videmus</strong></span> <span class='ocrx_word' id='word_1_61' title='bbox 1789 532 1918 568; x_wconf 86' lang='lat' dir='ltr'><strong>locum</strong></span> <span class='ocrx_word' id='word_1_62' title='bbox 1946 542 2144 568; x_wconf 87' lang='lat' dir='ltr'><strong>remanere</strong></span> <span class='ocrx_word' id='word_1_63' title='bbox 2173 530 2369 578; x_wconf 78' lang='lat' dir='ltr'><strong>destructis</strong></span> <span class='ocrx_word' id='word_1_64' title='bbox 2396 530 2538 568; x_wconf 80' lang='lat' dir='ltr'><strong>locatis.</strong></span> <span class='ocrx_word' id='word_1_65' title='bbox 2569 532 2646 569; x_wconf 89' lang='lat' dir='ltr'><strong>Res</strong></span> 
     </span>
     <span class='ocr_line' id='line_1_6' title="bbox 228 582 2648 648; baseline -0.002 -21"><span class='ocrx_word' id='word_1_66' title='bbox 228 599 440 648; x_wconf 47' lang='lat' dir='ltr'><strong>{⁸⁹3⁰Stf3ss1&#39;ffl&#39;</strong></span> <span class='ocrx_word' id='word_1_67' title='bbox 469 589 574 638; x_wconf 88' lang='lat' dir='ltr'><strong>quod</strong></span> <span class='ocrx_word' id='word_1_68' title='bbox 601 589 708 625; x_wconf 92' lang='lat' dir='ltr'><strong>locus</strong></span> <span class='ocrx_word' id='word_1_69' title='bbox 726 599 805 624; x_wconf 92' lang='lat' dir='ltr'><strong>non</strong></span> <span class='ocrx_word' id='word_1_70' title='bbox 824 587 949 624; x_wconf 91' lang='lat' dir='ltr'><strong>solum</strong></span> <span class='ocrx_word' id='word_1_71' title='bbox 977 585 1033 633; x_wconf 85' lang='lat' dir='ltr'><strong>sit,</strong></span> <span class='ocrx_word' id='word_1_72' title='bbox 1054 585 1123 622; x_wconf 94' lang='lat' dir='ltr'><strong>sed</strong></span> <span class='ocrx_word' id='word_1_73' title='bbox 1141 584 1248 634; x_wconf 90' lang='lat' dir='ltr'><strong>quod</strong></span> <span class='ocrx_word' id='word_1_74' title='bbox 1267 585 1287 605; x_wconf 70' lang='lat'><strong>&#39;¹</strong></span> <span class='ocrx_word' id='word_1_75' title='bbox 1306 585 1445 622; x_wconf 85' lang='lat' dir='ltr'><strong>habeat</strong></span> <span class='ocrx_word' id='word_1_76' title='bbox 1462 584 1532 622; x_wconf 88' lang='lat' dir='ltr'><strong>mi·</strong></span> <span class='ocrx_word' id='word_1_77' title='bbox 1587 592 1715 622; x_wconf 88' lang='lat' dir='ltr'><strong>autern</strong></span> <span class='ocrx_word' id='word_1_78' title='bbox 1743 596 1822 622; x_wconf 90' lang='lat' dir='ltr'><strong>non</strong></span> <span class='ocrx_word' id='word_1_79' title='bbox 1857 591 2017 634; x_wconf 87' lang='lat' dir='ltr'>possunt</span> <span class='ocrx_word' id='word_1_80' title='bbox 2049 596 2131 621; x_wconf 86' lang='lat' dir='ltr'><strong>esse</strong></span> <span class='ocrx_word' id='word_1_81' title='bbox 2163 583 2244 620; x_wconf 91' lang='lat' dir='ltr'><strong>sine</strong></span> <span class='ocrx_word' id='word_1_82' title='bbox 2277 583 2376 621; x_wconf 88' lang='lat' dir='ltr'><strong>loco.</strong></span> <span class='ocrx_word' id='word_1_83' title='bbox 2410 582 2648 632; x_wconf 83' lang='lat' dir='ltr'><strong>Relinquitur</strong></span> 
     </span>
    </p>
   </div>
   <div class='ocr_carea' id='block_1_3' title="bbox 468 635 2648 741">
    <p class='ocr_par' dir='ltr' id='par_1_3' title="bbox 468 635 2648 741">
     <span class='ocr_line' id='line_1_7' title="bbox 468 635 2648 689; baseline -0.002 -11"><span class='ocrx_word' id='word_1_84' title='bbox 468 641 626 679; x_wconf 87' lang='lat' dir='ltr'><strong>rabilem</strong></span> <span class='ocrx_word' id='word_1_85' title='bbox 657 639 883 689; x_wconf 87' lang='lat' dir='ltr'><strong>potentiam,</strong></span> <span class='ocrx_word' id='word_1_86' title='bbox 912 650 1011 688; x_wconf 86' lang='lat' dir='ltr'><strong>quae</strong></span> <span class='ocrx_word' id='word_1_87' title='bbox 1039 638 1086 675; x_wconf 91' lang='lat' dir='ltr'><strong>sit</strong></span> <span class='ocrx_word' id='word_1_88' title='bbox 1110 637 1236 687; x_wconf 90' lang='lat' dir='ltr'><strong>prima</strong></span> <span class='ocrx_word' id='word_1_89' title='bbox 1264 637 1438 674; x_wconf 90' lang='lat' dir='ltr'><strong>omnium</strong></span> <span class='ocrx_word' id='word_1_90' title='bbox 1468 649 1531 674; x_wconf 89' lang='lat' dir='ltr'><strong>en·</strong></span> <span class='ocrx_word' id='word_1_91' title='bbox 1571 637 1696 686; x_wconf 57' lang='lat' dir='ltr'><strong>⁴igitur</strong></span> <span class='ocrx_word' id='word_1_92' title='bbox 1723 637 1935 674; x_wconf 91' lang='lat' dir='ltr'><strong>secundum</strong></span> <span class='ocrx_word' id='word_1_93' title='bbox 1955 648 2033 685; x_wconf 85' lang='lat' dir='ltr'><strong>eos,</strong></span> <span class='ocrx_word' id='word_1_94' title='bbox 2050 636 2156 685; x_wconf 90' lang='lat' dir='ltr'><strong>quod</strong></span> <span class='ocrx_word' id='word_1_95' title='bbox 2175 637 2282 674; x_wconf 87' lang='lat' dir='ltr'><strong>locus</strong></span> <span class='ocrx_word' id='word_1_96' title='bbox 2301 636 2348 673; x_wconf 91' lang='lat' dir='ltr'><strong>sit</strong></span> <span class='ocrx_word' id='word_1_97' title='bbox 2364 635 2534 685; x_wconf 87' lang='lat' dir='ltr'><strong>primum</strong></span> <span class='ocrx_word' id='word_1_98' title='bbox 2552 635 2648 674; x_wconf 82' lang='lat' dir='ltr'><strong>inter</strong></span> 
     </span>
     <span class='ocr_line' id='line_1_8' title="bbox 468 690 1856 741; baseline -0.002 -10"><span class='ocrx_word' id='word_1_99' title='bbox 468 695 574 731; x_wconf 88' lang='lat' dir='ltr'><strong>tium.</strong></span> <span class='ocrx_word' id='word_1_100' title='bbox 605 693 700 731; x_wconf 90' lang='lat' dir='ltr'><strong>Illud</strong></span> <span class='ocrx_word' id='word_1_101' title='bbox 728 693 830 730; x_wconf 86' lang='lat' dir='ltr'><strong>enirn</strong></span> <span class='ocrx_word' id='word_1_102' title='bbox 859 691 964 741; x_wconf 88' lang='lat' dir='ltr'><strong>quod</strong></span> <span class='ocrx_word' id='word_1_103' title='bbox 991 698 1117 740; x_wconf 82' lang='lat' dir='ltr'><strong>potest</strong></span> <span class='ocrx_word' id='word_1_104' title='bbox 1145 703 1228 728; x_wconf 92' lang='lat' dir='ltr'><strong>esse</strong></span> <span class='ocrx_word' id='word_1_105' title='bbox 1256 690 1336 728; x_wconf 91' lang='lat' dir='ltr'><strong>sine</strong></span> <span class='ocrx_word' id='word_1_106' title='bbox 1365 690 1466 738; x_wconf 83' lang='lat' dir='ltr'><strong>aliis,</strong></span> <span class='ocrx_word' id='word_1_107' title='bbox 1497 697 1533 727; x_wconf 89' lang='lat' dir='ltr'><strong>et</strong></span> <span class='ocrx_word' id='word_1_108' title='bbox 1587 690 1717 727; x_wconf 84' lang='lat' dir='ltr'><strong>omnia</strong></span> <span class='ocrx_word' id='word_1_109' title='bbox 1746 690 1856 728; x_wconf 88' lang='lat' dir='ltr'><strong>entia.</strong></span> 
     </span>
    </p>
   </div>
   <div class='ocr_carea' id='block_1_4' title="bbox 1146 0 2950 4004">
    <p class='ocr_par' dir='ltr' id='par_1_4' title="bbox 1146 0 2950 4004">
     <span class='ocr_line' id='line_1_9' title="bbox 1146 0 2950 4004; baseline 0 0"><span class='ocrx_word' id='word_1_110' title='bbox 1146 1957 1984 2376; x_wconf 95' lang='lat' dir='ltr'><strong> </strong></span> <span class='ocrx_word' id='word_1_111' title='bbox 2884 0 2950 4004; x_wconf 95' lang='lat' dir='ltr'><strong> </strong></span> 
     </span>
    </p>
   </div>
  </div>
 </body>
</html>
