2898 3996
1049 247 1391 285 PHYSICORUM
1422 249 1765 287 ARISTOTELIS
1795 251 1888 288 LIB.
1917 252 2004 291 VIII

1087 441 1384 500 LECTIO
1421 443 1960 500 DECIMANONA

493 595 573 626 PER
595 592 810 624 RATIONES
833 591 1039 622 PROPRIAS
1062 590 1341 623 OSTENDITUR
1364 591 1486 628 QUOD
1509 592 1659 624 MOTUS
1683 594 1938 626 CIRCULARIS
1960 595 2128 627 POTEST
2151 595 2251 627 ESSE
2275 596 2525 630 CONTINUUS
2539 592 2574 644 ¹⁸,

1152 646 1258 677 ITEM
1282 647 1404 684 QUOD
1428 647 1508 679 EST
1531 649 1688 681 PRIMUS
1710 650 1903 682 MOTUUM

441 791 482 821 Ἡ
505 782 534 817 δ’
557 786 611 817 ἐπὶ
636 786 697 822 τῆς
723 784 911 828 περιφεροῦς
939 783 1036 815 ἔσται
1061 785 1122 826 μία
1141 785 1200 815 καὶ
1223 782 1377 827 συνεχής·
1405 782 1499 816 οὐθὲν
1553 787 1570 806 *
1589 788 1652 824 Qui
1676 795 1782 822 autem
1805 789 1838 820 in
1857 790 2014 830 circulari,
2034 781 2090 822 erit
2113 801 2196 822 unus
2219 798 2250 823 et
2274 792 2460 824 continuus:
2485 793 2611 826 nullum
2638 803 2648 813 ·
2662 802 2852 858 &mg-pam.

509 829 572 876 γὰρ
599 825 768 862 ἀδύνατον
789 827 976 872 συμβαίνει·
1003 827 1044 859 τό
1069 827 1132 872 γὰρ
1159 827 1195 859 ἐκ
1219 828 1282 861 τοῦ
1300 829 1325 858 Α
1348 827 1502 871 κινούμε-

509 885 563 905 νον
591 874 661 917 ἅμα
684 871 861 907 κινήσεται
887 871 930 908 εἰς
956 870 996 902 τὸ
1022 873 1047 902 Α
1070 871 1165 903 κατα
1190 871 1252 907 τήν
1281 870 1390 906 αὐτην
1422 871 1502 916 πρό-

510 917 610 948 θεσιν·
638 918 681 954 εὶς
708 917 724 947 ὃ
748 917 812 962 γάρ
837 914 924 956 ἥξει,
950 916 1008 946 καὶ
1031 918 1175 953 κινεῖται
1200 915 1243 952 εἰς
1270 915 1394 956 τοῦτο,
1423 915 1496 948 ἀλλ’

509 962 573 1006 οὐχ
598 961 669 994 ἅμα
692 961 869 997 κινήσεται
894 958 955 996 ταὶς
982 959 1138 996 ἐναντίας
1164 954 1241 991 οὐδὲ
1267 958 1330 996 τοίς
1357 959 1500 992 ἀντικει-

508 993 627 1051 μέναςῖ
653 1004 691 1036 οὗ
715 1005 779 1059 γάρ
816 1002 936 1036 ἅπασα
966 1003 986 1039 ἡ
1019 1003 1063 1039 εἰς
1094 1003 1199 1035 τοῦτο
1235 1004 1280 1046 τῇ
1313 1001 1348 1035 ἑκ
1373 1002 1499 1036 τούτου

509 1052 649 1083 ἐναντία
674 1048 743 1081 οὗὸ’
773 1046 1007 1090 ἀντικειμένη,
1035 1047 1109 1078 ἀλλ’
1139 1047 1279 1080 ἐναντία
1311 1046 1369 1091 μὲν
1395 1048 1416 1084 ἢ
1442 1047 1496 1080 ἐπ’

509 1093 635 1130 εὐθείας
661 1092 796 1134 (ταύτῃ
820 1091 884 1137 γάρ
910 1091 1001 1123 ἐστιν
1023 1088 1164 1123 ἐναντία
1180 1091 1275 1123 κατοὶ
1291 1090 1412 1132 τόπον,
1432 1091 1499 1123 οἷον

508 1140 529 1174 ἡ
554 1137 648 1169 κατα
671 1134 865 1181 διάμετρον·
894 1133 1015 1179 ἀπέχει
1039 1135 1103 1180 γοὶρ
1130 1135 1327 1177 πλεῖστον),
1357 1133 1500 1168 ἀντικει-

508 1180 588 1226 μένη
614 1176 651 1212 δὲ
676 1183 696 1218 ἡ
722 1179 817 1212 κατα
837 1179 878 1210 τὸ
897 1179 985 1211 αὑτό
1029 1182 1120 1217 ἦκος.
1141 1177 1238 1211 “Ὠστ’
1260 1176 1354 1212 οὐδὲν
1379 1178 1500 1211 κωλύει

508 1226 649 1270 συνεχῶς
673 1223 834 1256 κινεῖσθαι
865 1225 922 1255 καὶ
947 1189 1077 1267 μηδιένα
1109 1223 1227 1267 χρόνον
1254 1219 1452 1255 διαλείπειν·
1478 1223 1499 1259 ἦ

507 1270 565 1314 μὲν
590 1269 653 1315 γάρ
677 1269 787 1308 κύκλῳ
811 1269 935 1304 κίνησίς
955 1269 1046 1300 ἐστιν
1070 1267 1123 1311 ἀφ’
1146 1268 1254 1299 αὐτοῦ
1271 1268 1315 1306 εἰς
1335 1266 1374 1300 τὸ
1396 1266 1498 1307 αὐτό,

508 1316 528 1351 ἡ
554 1310 590 1345 δὲ
614 1314 692 1345 κατ’
720 1311 851 1344 εὐθεῖαν
878 1312 930 1354 ἀφ’
961 1313 1070 1344 αὑτοῦ
1096 1313 1140 1350 εἱς
1167 1312 1262 1343 ἄλλο·

440 1360 498 1391 καὶ
523 1359 543 1394 ἠ
570 1357 628 1401 μὲν
654 1358 686 1389 ὲν
712 1357 759 1398 τῷ
783 1355 891 1396 κύκλῳ
919 1351 1085 1388 οὐδέποτε
1111 1357 1144 1388 ἐν
1171 1359 1240 1392 τοῖς
1268 1355 1399 1395 αὐτοῖς,
1419 1355 1439 1392 ἡ
1461 1349 1499 1385 δὲ

506 1403 585 1434 κατ’
610 1400 739 1433 εὐθεῖαν
765 1399 927 1436 πολλάκις
954 1398 987 1431 ἐν
1013 1404 1084 1437 τοῖς
1109 1398 1238 1436 αὐτοῖς.
1266 1398 1333 1435 Τήν
1358 1398 1416 1442 μὲν
1443 1395 1499 1430 οὖν

510 1445 560 1478 ἀεὶ
585 1445 616 1477 ἐν
645 1445 732 1486 ἄλλῳ
763 1444 820 1475 καὶ
847 1444 936 1483 ἄλλῳ
967 1443 1165 1490 γιγνομένην
1197 1437 1374 1487 ἐνδέχεται
1402 1446 1501 1474 κινεῖ-

508 1489 585 1521 σθαι
618 1489 779 1535 συνεχῶς,
808 1487 870 1524 την
896 1482 925 1518 δ’
955 1485 986 1519 ἑν
1013 1492 1082 1525 τοῖς
1109 1489 1225 1524 αὐτοῖς
1253 1487 1415 1524 πολλάκις
1440 1484 1499 1518 οὐκ

509 1530 698 1578 ἐνδέχεται·
728 1531 793 1564 ἀνά
818 1543 858 1568 κη
884 1530 948 1577 γάρ
977 1530 1047 1575 ἅμα
1079 1530 1240 1564 κινεῖσθαι
1265 1531 1327 1568 τοὶς
1357 1531 1500 1563 ἀντικει-

507 1577 620 1622 μένας.
641 1576 734 1609 ‘'ssei-7¹
756 1543 825 1610 οὑξ1
847 1574 879 1607 ὲν
906 1576 952 1616 τῷ
978 1576 1159 1619 ’ἡμικυκλίῳ
1185 1572 1254 1606 οὐδ’
1277 1573 1308 1606 ἑν
1334 1575 1420 1618 ἄλλῃ
1441 1587 1498 1606 πε-

507 1623 650 1675 ριφερείᾳ
676 1616 817 1665 οὐδεμιᾷ
843 1614 1019 1663 ἐνδέχεται
1044 1621 1187 1664 συνεχῶς
1215 1618 1390 1650 κινεῖσθαι·
1418 1620 1499 1650 πολ-

505 1668 600 1702 λακις
626 1666 689 1710 γοὶρ
710 1665 839 1712 ἀνάγκη
858 1663 976 1695 ταύτά
999 1663 1160 1702 κινεῖσθαι
1183 1665 1241 1694 καὶ
1259 1662 1321 1700 τοίς
1341 1663 1497 1700 ἐναντίας

507 1710 735 1754 μεταβάλλειν
761 1707 970 1753 μεταβολάς·
998 1709 1035 1739 οὐ
1060 1708 1124 1754 γάρ
1149 1706 1314 1739 συνάπτει
1340 1708 1384 1748 τῇ
1410 1707 1497 1761 ἀρχῇ

508 1754 548 1786 τὸ
583 1753 700 1797 πέρας.
735 1754 776 1785 ‘H
807 1750 844 1786 δὲ
875 1752 937 1784 τοῦ
969 1751 1091 1784 κύκλου
1117 1751 1303 1791 συνάπτει,
1334 1752 1392 1782 καὶ
1425 1762 1497 1783 εστι

508 1797 589 1842 μόνη
615 1797 754 1834 τέλειος.

441 1842 587 1884 Φανερὸν
612 1837 648 1873 δὲ
672 1843 728 1873 καὶ
756 1842 790 1873 ἐκ
810 1837 942 1876 ταύτης
963 1839 1026 1877 τῆς
1043 1834 1246 1882 διαιρέσεως,
1267 1836 1320 1870 ὅτι
1338 1832 1415 1869 οὐδὲ
1433 1837 1496 1874 τοὶς

510 1886 613 1923 ἄλλας
640 1880 817 1930 ἐνδέχεται
840 1882 986 1920 κινήσεις
1007 1880 1092 1914 εἶναι
1110 1886 1268 1927 συνεχεῖς·
1293 1882 1325 1913 ὲν
1345 1881 1496 1918 άπάσαις

506 1930 569 1975 γάρ
603 1927 721 1962 ταῦτοί
750 1929 924 1973 συμβαίνει
955 1925 1118 1958 κινεῖσθαι
1151 1925 1331 1966 πολλάκις,
1363 1926 1430 1957 οἷον
1463 1925 1496 1957 ἑν

511 1972 686 2006 ἀλλοιώσει
711 1974 758 2006 τοὶ
782 1970 928 2017 μεταξύ,
945 1973 1001 2002 καὶ
1028 1971 1060 2002 ἐν
1086 1971 1130 2012 τῇ
1157 1971 1218 2002 τοῦ
1244 1970 1350 2001 ποσοῦ
1369 1969 1415 2001 τοὶ
1433 1969 1499 2001 ἀνά

507 2017 606 2060 μέσον
637 2017 779 2062 μεγέθη,
805 2019 862 2048 καὶ
889 2016 920 2046 ἑν
945 2013 1072 2060 γενέσει
1100 2015 1158 2045 καὶ
1183 2013 1287 2057 φθορᾷ
1318 2013 1495 2050 ὡσαύτως·

508 2057 603 2093 οὐδὲν
628 2061 692 2106 γάρ
717 2056 865 2104 διαφέρει
895 2058 995 2103 ὀλίγα
1020 2057 1040 2094 ἦ
1066 2057 1179 2090 πολλοὶ
1203 2058 1364 2097 ποιῆσαι,
1392 2055 1423 2088 ἐν
1450 2058 1496 2094 οἷς

509 2106 599 2137 ἐστὶν
625 2107 645 2142 η
671 2103 861 2147 μεταβολή,
881 2098 958 2134 οὐδὲ
983 2101 1112 2146 μεταξύ
1130 2101 1235 2133 θεῖναί
1254 2113 1287 2133 τι
1306 2100 1326 2138 ἦ
1350 2102 1494 2144 ἀφελεῖν·

510 2149 703 2192 ἀμφοτέρως
728 2148 791 2202 γαρ
813 2147 986 2191 συμβαίνει
1007 2146 1124 2178 ταῦτα
1139 2144 1299 2177 κινεῖσθαι
1318 2144 1493 2182 πολλάκις.

442 2194 547 2230 Δῆλον
575 2192 629 2224 οὖν
655 2193 691 2224 ἑκ
717 2204 861 2232 τουτων,
882 2190 934 2223 ὅτι
956 2185 1024 2221 οὐδ’
1048 2192 1075 2220 οἰ
1101 2188 1293 2234 φυσιολόγοι
1317 2189 1424 2225 καλῶς
1443 2188 1498 2220 λε’-

507 2248 620 2282 γουσιν
651 2239 679 2268 οἱ
710 2235 828 2268 πάντα
862 2235 910 2267 τοὶ
941 2232 1088 2270 αἰσθητοὶ
1119 2232 1280 2264 κινεῖσθαι
1310 2232 1496 2275 φάσκοντες

511 2282 575 2312 ἀεί·
600 2279 762 2312 κινεῖσθαι
785 2280 848 2325 γάρ
877 2277 1005 2322 ἀνάγκη
1039 2276 1170 2310 τούτων
1197 2277 1275 2309 τινά
1307 2278 1374 2308 τῶν
1405 2276 1497 2313 κινή-

508 2337 601 2365 σεων,
620 2326 678 2356 καὶ
703 2323 856 2366 μάλιστα
879 2323 957 2354 κατ’
983 2323 1123 2358 ἐκείνους
1146 2318 1236 2353 ἐστὶν
1264 2319 1494 2353 ἀλλοιοῦσθαι·

505 2370 570 2412 ῥεῖν
595 2368 658 2414 γάρ
684 2379 782 2412 φασιν
810 2367 859 2399 ἀεὶ
890 2368 947 2397 καὶ
973 2364 1106 2408 φθίνειν·
1134 2364 1185 2397 ἔτι
1209 2360 1246 2396 δὲ
1269 2366 1327 2396 καὶ
1352 2364 1416 2401 τήν
1442 2364 1496 2411 γε’-

506 2424 591 2444 νεσιν
609 2414 666 2443 καὶ
683 2412 746 2447 την
788 2410 887 2453 θοροὶν
907 2410 1081 2442 ἀλλοίωσιν
1099 2408 1263 2454 λέγουσιν.
1289 2410 1325 2440 ‘0
1343 2403 1380 2440 δὲ
1395 2407 1495 2455 λόγος

507 2458 562 2487 νῦν
588 2458 693 2500 εἴρηκε
717 2467 762 2486 κα
787 2455 863 2486 όλου
889 2455 962 2496 περὶ
988 2453 1098 2491 πάσης
1129 2451 1307 2494 κινῆσεως,
1336 2451 1390 2485 ὅτι
1413 2453 1492 2485 κατ’

507 2496 666 2543 οὐδεμίαν
698 2502 823 2536 κίνησιν
858 2493 1037 2543 ἐνδέχεται
1068 2496 1228 2529 κινεῖσθαι
1260 2497 1402 2541 συνεχῶς
1434 2495 1496 2537 ἔξω

507 2545 567 2581 τῆς
592 2544 713 2584 κύκλῳ·
733 2542 812 2575 ὥστ’
834 2542 912 2574 οὔτε
937 2540 1014 2574 κατ’
1037 2541 1213 2574 ἀλλοίωσιν
1236 2541 1315 2573 οὔτε
1339 2541 1416 2573 κατ’
1438 2540 1496 2572 αύ-

506 2588 610 2628 ξησιν.
641 2588 718 2619 ’Ότι
751 2587 809 2629 μὲν
846 2585 899 2618 οὖν
934 2586 1005 2617 οὔτ’
1041 2584 1174 2628 ἄπειρός
1209 2585 1281 2617 ἐστι
1317 2584 1496 2627 μεταβολή

507 2627 646 2675 οὐδεμία
672 2631 750 2663 οὔτε
781 2630 920 2674 συνεχής
947 2630 1007 2670 ἔξω
1034 2630 1095 2667 τῆς
1121 2627 1228 2669 κύκλῳ
1260 2629 1380 2672 φορᾶς,
1409 2628 1495 2660 ἔστω

506 2675 642 2709 τοσαῦθ’
672 2677 749 2717 ἡμῖν
775 2674 943 2719 εἰρημένα.

433 2720 508 2753 Ὅτι
532 2715 570 2752 δὲ
595 2721 660 2752 τῶν
686 2720 788 2764 φορῶν
815 2720 835 2754 ἡ
860 2719 1061 2761 κυκλοφορία
1087 2715 1222 2760 πρώτη,
1248 2710 1364 2751 δῆλον.
1398 2716 1495 2747 Πᾶσα

531 2764 568 2808 ἀρ
593 2763 688 2807 φορά,
715 2763 823 2807 ὥσπερ
847 2764 904 2794 καὶ
931 2760 1092 2804 πρότερον
1118 2761 1268 2801 εἴπομεν,
1296 2758 1316 2796 ἦ
1341 2758 1450 2799 κύκλῳ
1474 2758 1494 2795 ἦ

505 2809 557 2841 επ’
587 2807 714 2844 εὐθείας
748 2807 768 2843 ἦ
827 2805 919 2842 ικτῆ.
953 2804 1088 2841 Ταύτης
1113 2798 1141 2834 δ’
1173 2803 1302 2849 ἀνάγκη
1330 2802 1495 2847 προτέρας

505 2849 590 2884 εἶναι
616 2850 757 2888 ἐκείνας·
785 2819 823 2891 ἐξ.
845 2848 975 2882 ἐκείνων
1000 2849 1064 2894 γάρ
1089 2845 1282 2884 συνέστηκε.
1310 2848 1375 2884 Τῆς
1393 2841 1424 2877 δ’
1445 2845 1496 2878 εὐ-

505 2895 595 2933 θείας
620 2897 640 2932 η
664 2895 786 2935 κύκλῳ·
808 2894 900 2930 ἀπλῆ
918 2892 982 2938 γαρ
1000 2893 1057 2924 καὶ
1075 2890 1203 2928 τέλειος
1221 2891 1361 2935 μᾶλλον.
1382 2890 1494 2922 Ἀπει-

506 2952 559 2984 ρον
592 2940 649 2983 μέν
681 2940 744 2985 γάρ
779 2939 837 2970 οὐκ
868 2938 958 2970 ἔστιν
991 2935 1121 2968 εὐθεῖαν
1155 2934 1328 3011 {epse-Oxi·
1359 2934 1399 2966 τὸ
1431 2935 1494 2980 γάρ

506 2984 611 3021 οὕτως
639 2983 774 3026 ἄπειρον
801 2980 860 3014 οὐκ
886 2981 990 3013 ἔστιν·
1020 2978 1092 3012 ἀλλ’
1122 2979 1159 3011 οὐ
1186 2979 1200 3011 ἑ
1225 2979 1251 3010 εἱ
1277 2976 1333 3019 ἦν,
1362 2979 1492 3010 ἑκινεῖτ’

506 3027 546 3062 <iv
574 3023 682 3060 οὐδέν·
711 3026 746 3059 ού
771 3027 836 3070 γαρ
860 3028 1017 3071 γίγνεται
1035 3023 1076 3056 τὸ
1096 3017 1278 3055 ἀδύνατον·
1301 3017 1440 3054 διελθεῖν
1459 3017 1496 3054 δὲ

505 3072 569 3108 την
597 3071 730 3114 ἄπειρον
758 3066 941 3103 ἀδύνατον.
966 3063 1052 3099 '118’
1075 3067 1130 3099 ἐπὶ
1156 3068 1217 3104 τῆς
1243 3065 1494 3110 πεπερασμένης

506 3114 634 3153 εὐθείας
669 3113 943 3158 ἀνακάμπτουσα
995 3111 1026 3143 ἐν
1058 3110 1201 3147 συνθετη
1233 3112 1291 3142 καὶ
1315 3105 1375 3142 δύο
1405 3110 1497 3146 κινή-

505 3172 583 3200 σεις,
603 3159 649 3204 μή
669 3158 944 3199 ἀνακάμπτουσα
988 3155 1002 3187 ε’
1022 3155 1146 3193 ἀτελῆς
1170 3157 1227 3187 καὶ
1246 3153 1390 3198 φθαρτή.
1418 3154 1496 3198 Πρό-

507 3216 601 3247 τερον
626 3198 663 3234 δὲ
687 3205 744 3235 καὶ
770 3202 863 3245 φύσει
887 3202 946 3233 καὶ
969 3200 1058 3247 λόγῳ
1089 3201 1146 3231 καὶ
1171 3198 1276 3244 χρόνῳ
1302 3197 1341 3230 τὸ
1367 3197 1494 3230 τέλειον

507 3248 564 3291 μὲν
590 3248 651 3279 τοῦ
679 3247 833 3287 ἀτελοῦς,
861 3246 923 3278 τοῦ
949 3244 1098 3290 φθαρτοῦ
1123 3238 1160 3275 δὲ
1186 3243 1226 3275 τό
1254 3240 1436 3286 ἄφθαρτον.

432 3330 509 3361 Ἔτι
535 3328 683 3373 προτέρα
708 3329 747 3364 ἦν
773 3322 846 3360 ὲνδέ
874 3338 950 3359 εται
978 3321 1084 3359 ἀίδιον
1110 3321 1194 3357 εἶναι
1220 3325 1281 3361 τῆς
1299 3323 1345 3400 μή
1365 3319 1495 3369 ἐνδεχο-

507 3372 621 3415 μένης·
651 3372 713 3408 τήν
739 3372 796 3415 μὲν
824 3383 878 3403 ουν
911 3370 1018 3410 κύκλῳ
1051 3364 1229 3413 ἐνδέχεται
1263 3368 1296 3400 ἀί
1322 3379 1369 3399 ιον
1397 3365 1492 3410 εἶναι,

507 3418 571 3448 τῶν
597 3412 623 3448 δ’
647 3417 755 3448 ἄλλων
783 3415 860 3448 οὕτε
878 3415 979 3458 φοράν
1002 3413 1074 3446 οὔτ’
1096 3413 1200 3450 ἄλλην
1223 3408 1394 3455 οὐδεμίαν·
1414 3413 1497 3444 στά-

507 3471 555 3491 σιν
580 3460 643 3505 γάρ
668 3457 719 3491 δεῖ
741 3458 903 3505 γίνεσθαι·
931 3458 958 3490 εἰ
983 3452 1020 3489 δὲ
1046 3457 1186 3499 στάσις,
1213 3454 1378 3500 ἔφθαρται
1403 3457 1423 3492 ἡ
1448 3459 1495 3488 κί-

509 3515 611 3541 νησις.

1553 1358 1594 1388 Et

1550 2714 1567 2733 *
1577 2714 1673 2751 Quod
1690 2721 1795 2744 autem
1810 2714 1966 2744 Iationum
1982 2714 2137 2745 circularis
2153 2715 2255 2755 prima
2269 2715 2318 2754 sit,
2330 2715 2533 2746 manifestum
2547 2722 2605 2748 est.
2631 2721 2642 2730 '

1620 831 1705 862 enim
1727 832 1922 873 impossibile
1938 834 2100 876 contingit.'
2119 836 2216 873 Quod
2239 835 2325 866 enim
2350 846 2387 867 ex
2404 839 2435 867 A
2452 844 2610 878 movetur,

1620 875 1716 906 simul
1738 877 1916 908 movebitur
1938 877 1971 908 in
1989 880 2028 917 A,
2049 879 2224 910 secundum
2248 879 2380 910 eandem
2398 880 2606 920 positionem:

1621 919 1654 949 in
1672 920 1761 960 quod
1780 920 1863 951 enirn
1882 921 1996 961 veniet,
2013 929 2044 953 et
2058 929 2204 953 movetur
2218 923 2251 953 in
2267 923 2346 962 hoc;
2362 924 2418 954 sed
2433 934 2499 955 non
2514 925 2611 957 simul

1620 963 1798 994 movebitur
1816 964 1977 995 contrariis
1995 975 2098 1006 neque
2122 967 2287 1006 oppositis.
2310 968 2384 998 Non
2401 968 2486 999 enim
2505 969 2609 1000 omnis

1621 1007 1676 1049 qui
1693 1014 1739 1038 est
1753 1007 1786 1038 in
1805 1008 1885 1046 hoc,
1910 1009 1937 1039 ei
1961 1009 2015 1049 qui
2035 1017 2082 1040 est
2104 1020 2141 1040 ex
2159 1011 2220 1042 hoc
2245 1011 2417 1042 contrarius
2437 1018 2484 1043 est
2505 1022 2609 1054 neque

1621 1051 1803 1091 oppositus:
1835 1053 1890 1082 sed
1913 1053 2086 1083 contrarius
2109 1054 2141 1084 in
2165 1061 2247 1084 recta
2269 1054 2400 1094 quidem
2423 1053 2499 1097 (hic
2521 1056 2608 1088 enim

1620 1102 1666 1126 est
1682 1095 1854 1126 contrarius
1870 1097 2046 1127 secundum
2068 1097 2193 1128 Iocum:
2218 1105 2254 1128 ut
2271 1097 2325 1128 oui
2349 1098 2525 1130 secundum
2545 1099 2608 1130 dia-

1619 1146 1776 1177 metrum;
1800 1138 1892 1170 distat
1907 1138 1992 1169 enim
2008 1139 2221 1184 plurimum);
2244 1141 2410 1182 oppositus
2429 1148 2536 1173 autem
2554 1143 2610 1184 qui

1616 1189 1662 1212 est
1684 1183 1860 1212 secundum
1882 1183 2012 1213 eandem
2037 1183 2278 1224 ¹⁶..5itudinem.
2310 1185 2415 1223 Quare
2434 1185 2512 1216 nihil
2533 1196 2607 1227 pro-

1619 1226 1706 1256 hibet
1720 1226 1840 1256 moveri
1860 1226 2028 1265 constiue,
2051 1234 2082 1258 et
2100 1228 2190 1258 nullo
2213 1234 2356 1268 tempore
2379 1227 2527 1260 deficere:
2551 1230 2609 1262 cir-

1621 1269 1733 1300 cularis
1749 1270 1879 1310 quidem
1903 1270 1988 1300 enim
2002 1277 2108 1302 motus
2126 1278 2171 1303 est
2190 1273 2227 1303 ab
2251 1273 2366 1303 eodem
2382 1272 2415 1303 in
2437 1273 2540 1312 idem;
2562 1283 2609 1306 re-

1621 1319 1688 1344 ctus
1712 1319 1818 1344 autem
1841 1314 2016 1344 abeodem
2038 1314 2071 1345 in
2094 1315 2189 1346 aliud.
2445 1342 2448 1346 .

1617 1357 1672 1398 qui
1695 1357 1825 1398 quidem
1841 1357 1873 1387 in
1893 1357 2029 1396 circu10‚
2053 1368 2255 1400 nequaquam
2270 1359 2303 1390 in
2327 1359 2444 1391 eisdem
2467 1367 2529 1391 est:
2553 1361 2609 1402 qui

1618 1411 1693 1431 vero
1717 1401 1892 1432 secundum
1908 1401 2146 1442 rectitudinem,
2169 1403 2330 1434 multoties
2352 1403 2386 1435 in
2409 1400 2528 1435 eisdem
2550 1411 2607 1437 est.

1619 1446 1704 1476 Eum
1723 1445 1852 1486 quidem
1866 1445 1960 1485 igitur
1974 1445 2029 1486 qui
2052 1456 2176 1486 semper
2193 1446 2225 1477 in
2245 1446 2307 1477 alio
2327 1454 2358 1478 et
2372 1447 2436 1481 alio
2458 1447 2509 1488 fit,
2533 1457 2608 1480 con-

1618 1489 1709 1529 tingit
1731 1489 1850 1519 moveri
1868 1489 2032 1520 continue:
2057 1490 2112 1531 qui
2134 1500 2209 1521 vero
2227 1490 2259 1521 in
2286 1490 2403 1522 eisdem
2431 1491 2608 1530 multoties,

1615 1543 1681 1563 non
1698 1532 1867 1572 contingit:
1884 1543 2009 1564 necesse
2023 1540 2070 1564 est
2083 1534 2167 1564 enirn
2179 1534 2275 1565 simul
2290 1535 2410 1565 moveri
2426 1534 2608 1567 contrarios.

1619 1577 1724 1614 Quare
1744 1586 1848 1617 neque
1863 1577 1896 1606 in
1912 1577 2124 1616 semicirculo,
2147 1587 2250 1619 neque
2270 1578 2302 1608 in
2325 1578 2385 1610 alia
2408 1579 2608 1610 circulatione

1618 1630 1722 1661 neque
1747 1631 1811 1651 una
1840 1620 1992 1660 contingit
2012 1621 2133 1652 moveri
2156 1622 2315 1653 continue.
2338 1623 2500 1653 Multoties
2521 1622 2607 1654 enim

1619 1674 1742 1695 necesse
1771 1664 1881 1695 eadem
1909 1664 2047 1703 moveri,
2072 1672 2103 1696 et
2126 1666 2293 1696 contrarias
2320 1666 2511 1697 mutationes
2537 1676 2610 1698 mu·

1617 1708 1693 1738 tari:
1727 1718 1793 1738 non
1817 1708 1902 1738 enim
1929 1708 2057 1748 copulat
2084 1709 2238 1750 principio
2267 1709 2374 1741 finem.
2407 1709 2472 1747 Qui
2500 1717 2608 1742 nutem

1618 1751 1736 1790 circuli,
1754 1751 1899 1792 copulat,
1924 1758 1953 1782 et
1977 1752 2063 1783 solus
2087 1759 2132 1783 est
2155 1753 2318 1793 perfectus.

1550 1839 1567 1858 *
1589 1838 1792 1869 Manifestum
1815 1845 1922 1869 autem
1953 1845 1984 1869 et
2007 1849 2043 1870 ex
2071 1840 2128 1870 hac
2160 1839 2333 1878 divisione,
2361 1841 2514 1881 quoniam
2541 1850 2607 1872 uon

1617 1882 1768 1922 contingit
1791 1882 1869 1913 alios
1892 1889 1999 1913 motus
2016 1893 2081 1913 esse
2098 1883 2276 1914 continuos.
2302 1884 2336 1914 In
2353 1884 2502 1915 omnibus
2521 1885 2607 1916 enim

1617 1926 1734 1968 accidit‘
1753 1927 1863 1957 eadem
1884 1926 2005 1957 moveri
2028 1927 2204 1957 multoties:
2225 1934 2260 1958 ut
2277 1927 2310 1957 in
2329 1928 2510 1959 alteratione
2538 1938 2605 1971 me-

1617 1970 1683 2008 dia;
1714 1977 1744 2001 et
1767 1971 1799 2000 in
1823 1980 1861 2001 eo
1889 1971 1944 2011 qui
1969 1977 2014 2001 est
2037 1971 2216 2011 quantitatis
2224 1993 2233 2009 ‚
2258 1972 2433 2002 secundum
2465 1972 2608 2003 medium

1618 2014 1860 2053 magnitudinis;
1884 2021 1914 2045 et
1929 2014 1961 2045 in
1977 2015 2175 2054 generatione
2192 2021 2222 2044 et
2238 2015 2440 2055 corruptione
2456 2015 2606 2056 similiter.

1616 2058 1706 2089 Nihil*
1719 2058 1803 2088 enim
1827 2058 1926 2088 differt
1945 2068 2043 2098 pauca
2060 2065 2114 2088 aut
2132 2058 2232 2089 multa
2251 2058 2362 2097 facere,
2378 2059 2411 2089 in
2427 2059 2542 2100 quibus
2561 2066 2616 2091 eat*

1616 2102 1767 2140 mutatio;
1799 2112 1902 2142 neque
1926 2102 2067 2146 medium
2090 2112 2207 2142 ponere
2239 2102 2359 2143 aliquid
2388 2110 2443 2134 aut
2465 2103 2606 2134 auferre:

1614 2146 1782 2186 utrobique
1806 2146 1892 2175 enim
1915 2145 2025 2176 accidit
2048 2147 2157 2176 eadem
2180 2146 2301 2176 moveri
2323 2146 2495 2178 multoties.

1549 2189 1751 2220 Manifestum
1774 2189 1868 2229 igitur
1891 2199 1928 2219 ex
1951 2189 1998 2219 his
2031 2189 2184 2230 quoniam
2211 2199 2315 2230 neque
2348 2190 2528 2231 physiologi
2554 2190 2608 2222 be-

1616 2243 1655 2263 ne
1684 2233 1810 2270 dicunt,
1841 2233 1950 2263 omnia
1979 2233 2135 2263 sensibilia
2168 2234 2288 2264 moveri
2311 2244 2435 2274 semper
2458 2233 2608 2266 dicentes.

1616 2277 1738 2307 Moveri
1762 2277 1846 2307 enim
1869 2286 1994 2307 necesse
2018 2284 2063 2308 est
2086 2276 2224 2317 aliquem
2246 2277 2363 2308 horum
2386 2284 2552 2317 motuum,
2575 2285 2608 2310 et

1616 2320 1751 2351 maxime
1768 2321 1943 2351 secundum
1958 2321 2030 2350 illos
2046 2328 2092 2351 est
2112 2321 2250 2351 alterari:
2271 2321 2367 2352 fluere
2389 2321 2475 2352 enim
2498 2321 2608 2353 dicunt

1617 2374 1740 2404 semper
1767 2371 1797 2395 et
1815 2364 1992 2404 corrumpi;
2017 2365 2119 2395 adhuc
2137 2371 2244 2395 autem
2267 2371 2297 2396 et
2324 2365 2559 2405 generationem
2576 2371 2608 2398 et

1617 2408 1853 2448 corruptionem
1881 2408 2095 2438 alterationem
2118 2408 2235 2439 dicunt.
2265 2409 2358 2439 Rufio
2386 2415 2494 2440 autem
2521 2418 2607 2440 nunc

1616 2451 1693 2483 dixit
1710 2451 1924 2482 universaliter
1939 2452 1977 2481 de
1992 2451 2080 2482 omni
2103 2459 2211 2489 motu,
2235 2452 2323 2492 quod
2341 2453 2516 2484 secundum
2535 2453 2606 2484 nul-

1616 2496 1685 2526 lum
1708 2502 1833 2525 motum
1857 2494 2008 2534 contingit
2036 2495 2156 2526 moveri
2178 2495 2326 2526 continue
2351 2503 2434 2526 extra
2457 2506 2532 2527 eum
2549 2497 2607 2537 qui

1616 2539 1743 2570 circulo.
1769 2539 1874 2576 Quare
1889 2548 1992 2579 neque
2015 2540 2189 2570 secundum
2205 2539 2420 2570 alterationem
2441 2550 2543 2582 neque
2559 2550 2606 2571 se-

1617 2583 1759 2613 cundum
1791 2589 2008 2621 augmentum.
2034 2583 2130 2620 Quod
2161 2583 2290 2623 quiden-1
2314 2583 2408 2623 igitur
2432 2594 2536 2625 neque
2557 2583 2606 2615 in-

1615 2626 1703 2656 finita
1722 2626 1760 2656 sit
1785 2626 1918 2656 mutatio
1938 2636 2039 2667 neque
2067 2637 2131 2657 una
2155 2637 2258 2667 neque
2282 2627 2430 2658 continua
2451 2634 2535 2659 extra
2549 2628 2607 2659 cir-

1617 2670 1679 2701 culi
1698 2676 1836 2707 motum,
1860 2670 1951 2700 nobis
1975 2671 2055 2701 dicta
2079 2670 2140 2701 sint
2163 2677 2258 2701 tanta.

1617 2757 1730 2788 Omnis
1754 2757 1839 2787 enim
1869 2758 2044 2788 secundum
2071 2758 2180 2788 locum
2204 2765 2331 2798 motus,
2365 2759 2445 2790 sicut
2467 2766 2498 2790 et
2519 2758 2606 2801 prius

1617 2801 1771 2839 diximus,
1796 2808 1849 2832 aut
1871 2801 1904 2831 in
1937 2801 2054 2832 circulo
2086 2809 2140 2832 aut
2162 2803 2194 2832 in
2226 2809 2310 2834 recto
2334 2810 2388 2834 aut
2410 2803 2526 2834 mixtus
2548 2810 2604 2835 est.

1617 2846 1688 2876 Hoc
1711 2852 1817 2875 autern
1834 2855 1958 2876 necesse
1982 2852 2027 2876 est
2050 2846 2168 2886 priores
2184 2856 2250 2876 esse
2266 2846 2356 2877 illos:
2381 2857 2418 2877 ex
2440 2846 2501 2877 iuis
2519 2846 2605 2879 enim

1617 2889 1805 2920 constitutus
1830 2896 1883 2920 est.
1909 2890 2007 2919 Recto
2031 2896 2137 2920 autem
2161 2889 2332 2921 circularis:
2361 2890 2493 2930 simplex
2520 2890 2607 2922 enirn

1617 2933 1824 2972 et‘perfectus
1847 2933 1946 2973 magis
1970 2939 2026 2964 est.
2057 2934 2092 2964 In
2111 2933 2270 2964 infinitum
2293 2933 2379 2964 enim
2404 2943 2470 2964 non
2492 2940 2538 2965 est
2559 2943 2606 2965 re-

1617 2983 1703 3007 ctum
1728 2976 1817 3006 ferri:
1842 2977 1885 3007 sic
1908 2976 1993 3007 enim
2012 2976 2171 3008 infinitum
2194 2987 2260 3008 non
2285 2983 2340 3010 est,
2369 2978 2430 3008 Sed
2453 2987 2556 3018 neque
2578 2977 2606 3009 si

1617 3027 1706 3057 esset,
1723 3027 1901 3050 moveretur
1919 3015 2029 3061 utique¹
2044 3020 2138 3051 nihil:
2164 3031 2229 3051 non
2245 3021 2330 3051 enim
2345 3019 2380 3052 fit
2394 3021 2605 3062 impossibile;

1617 3063 1745 3095 transire
1775 3070 1881 3094 autem
1903 3063 2062 3094 infinitum
2085 3064 2279 3104 impossibile
2293 3071 2358 3095 est.
2382 3065 2417 3095 In
2436 3064 2526 3096 finito
2549 3074 2604 3096 au-

1616 3115 1681 3138 tem
1695 3114 1779 3138 recto
1796 3107 1954 3138 reflectens
1969 3107 2097 3148 quidem
2114 3107 2310 3148 compositus
2326 3115 2382 3147 est,
2403 3115 2434 3140 et
2448 3109 2514 3140 duo
2532 3114 2605 3140 sunt

1617 3158 1741 3182 motus:
1772 3160 1838 3181 non
1861 3150 1991 3182 reflexus
2020 3159 2126 3182 autem
2154 3151 2355 3192 imperfectus
2374 3159 2404 3183 et
2427 3159 2604 3193 corruptus.

1616 3195 1706 3226 Prius
1735 3201 1842 3225 autem
1858 3201 1888 3225 et
1911 3202 2020 3226 natura
2043 3202 2073 3226 et
2096 3195 2215 3226 ratione
2241 3202 2270 3226 et
2297 3202 2440 3237 tempore
2467 3204 2514 3228 est
2534 3206 2603 3236 per-

1616 3238 1734 3269 fectum
1764 3238 1894 3279 quidem
1920 3238 2119 3279 imperfecto,
2151 3239 2345 3280 corruptibili
2374 3246 2480 3271 autem
2502 3240 2604 3271 incor-

1616 3281 1772 3322 ruptibile.

1551 3326 1708 3367 Amplius,
1743 3325 1829 3366 prior
1857 3332 1903 3356 est
1932 3335 2028 3367 quem
2051 3326 2203 3366 contingit
2225 3333 2414 3367 perpetuum
2437 3336 2514 3366 esse,
2537 3337 2603 3358 non

1617 3369 1819 3409 contingenti.
1851 3369 2043 3400 Circularem
2071 3370 2199 3411 quidem
2228 3370 2321 3411 igitur
2354 3370 2506 3410 contingit
2535 3374 2603 3411 pe'r-

1616 3421 1749 3454 petuum
1773 3421 1854 3444 esse:
1886 3413 2022 3444 aliorum
2045 3421 2151 3444 autem
2174 3424 2276 3455 neque
2299 3414 2360 3445 loci
2384 3414 2603 3453 mutationem,

1617 3467 1719 3498 neque
1743 3456 1840 3487 alium
1872 3467 1974 3498 neque
2006 3467 2108 3488 unum
2136 3457 2288 3497 contingit
2314 3467 2380 3488 esse
2403 3465 2601 3499 perpetuum.

1616 3501 1739 3531 Statum
1763 3500 1847 3531 enim
1869 3507 1994 3540 oportet
2017 3499 2098 3531 fieri:
2124 3501 2148 3531 si
2168 3508 2274 3532 autem
2297 3507 2394 3532 status
2417 3508 2474 3540 est,
2498 3510 2602 3532 corru-

1616 3550 1688 3584 ptus
1708 3550 1754 3574 est
1768 3550 1875 3574 motus
1891 3543 1985 3584 prior.

2636 828 2696 851 Text

2633 1847 2644 1857 '¹
2657 1845 2726 1869 ¹¹⁸¹·
2739 1852 2777 1876 7⁴-
