2898 3996
1100 300 1211 336 CAP.
1242 299 1310 345 IX,
1340 298 1491 335 LECT.
1520 300 1571 335 XI

251 394 330 418 non
358 379 465 430 sequi
493 392 538 416 ex
565 379 793 428 praemissis.
822 380 883 416 Ad
910 379 984 415 hoc
1003 378 1104 414 enirn
1125 376 1229 426 quod
1248 376 1311 412 ali-

253 433 343 482 quid
371 440 572 470 moveatur
589 432 627 468 in
654 440 827 480 tempore
851 431 997 479 aliquo,
1027 437 1175 488 oportet
1207 428 1311 477 quod

252 493 454 522 moveatur
481 485 519 521 in
547 484 712 533 qualibet
738 491 844 532 parte
872 483 966 520 illius
997 482 1197 530 temporis:
1230 481 1311 528 ipsa

252 545 380 575 aUtem
399 550 501 574 nunc
519 549 598 574 non
626 544 711 573 SUnt
737 543 862 584 partes
879 543 1082 583 tempor183
1107 546 1185 570 non
1209 543 1318 569 enlm'

253 590 492 638 componitur
518 597 669 637 tempus
698 601 743 625 ex
762 600 863 625 nune
890 586 1187 631 indivisibilibus,
1217 585 1311 621 sicut

251 654 376 691 neque
395 643 519 691 aliqua
538 641 757 689 magnitudo
780 639 1021 688 componitur
1042 651 1087 675 ex
1106 637 1311 675 indivisibi-

250 695 360 741 libus,
381 703 422 732 ut
441 707 554 743 supra
570 694 805 742 *probatum
825 700 897 728 est:
926 692 1028 728 unde
1048 703 1126 727 non
1145 690 1311 738 sequitur

252 747 385 796 quod
377 760 415 784 m
442 755 615 795 tempore
642 757 720 782 non
748 751 950 780 moveatur
976 743 1132 792 aliquid,
1163 754 1208 779 ex
1236 743 1310 779 hoc

253 799 356 848 quod
382 799 422 840 in
447 800 549 836 nullo
569 810 670 835 nunc
697 803 884 833 movetur.

307 853 341 889 3.
362 851 510 888 Deinde
540 863 627 887 cum
657 849 758 886 dicit:
789 849 959 890 Quatuor
984 854 1108 884 autem
1136 853 1223 884 sunt
1248 859 1309 884 ra-

252 904 367 940 tiones
396 910 477 950 etc.,
506 902 613 950 ponit
641 900 804 938 seriatim
834 912 968 937 omnes
997 901 1158 937 rationes
1186 901 1309 936 Zeno-

251 956 320 1003 nis,
342 955 479 1004 quibus
505 955 681 992 utebatur
709 953 756 990 ad
777 953 1048 990 destruendum
1077 960 1238 989 motum.
1261 954 1309 989 Et

252 1007 349 1044 circa
377 1008 451 1044 hoc
478 1007 548 1044 tria
581 1007 682 1043 facit:
710 1006 835 1054 primo
874 1006 1085 1042 manifestat
1112 1005 1308 1054 quomodo

253 1060 468 1097 destruebat
485 1072 555 1108 per
582 1071 668 1096 suas
688 1059 850 1095 rationes
878 1065 1027 1095 motum
1055 1058 1232 1102 localem;
1254 1069 1309 1093 se-

254 1112 379 1150 cundo
400 1112 598 1160 quomodo
619 1112 834 1149 destruebat
862 1111 951 1147 alias
971 1110 1115 1159 species
1135 1109 1309 1146 mutatio-

251 1177 356 1211 num,
370 1165 433 1202 ibi:
449 1165 584 1213 Neque
598 1165 714 1214 igitur
726 1164 928 1209 secundum
943 1163 1183 1200 mutationem
1194 1163 1214 1182 ’¹‘
1225 1170 1308 1208 etc.;

250 1217 358 1254 tertio
388 1217 586 1265 quomodo
608 1217 823 1254 destruebat
842 1216 1050 1265 specialiter
1073 1223 1221 1252 motum
1243 1215 1310 1252 cir-

253 1270 430 1316 cularem,
451 1270 524 1306 ibi:
553 1271 695 1306 Iterum
724 1275 847 1306 autem
876 1270 913 1306 in
942 1268 1080 1305 circulo
1099 1270 1116 1289 '⁸
1133 1275 1201 1304 etc.

303 1334 340 1370 4.
363 1323 472 1359 Circa
490 1322 658 1371 primum
681 1330 842 1371 quatuor
860 1321 1022 1358 rationes
1040 1320 1165 1369 ponit:
1187 1327 1222 1356 et
1236 1320 1311 1356 hoc

251 1383 305 1412 est
324 1375 428 1423 quod
449 1374 546 1422 dicit,
567 1375 672 1423 quod
691 1376 798 1412 Zeno
822 1374 996 1411 utebatur
1019 1381 1181 1423 quatuor
1200 1372 1310 1409 ratio-

249 1427 360 1464 nibus
389 1435 519 1464 contra
546 1435 710 1475 motum,
741 1439 838 1476 quae
866 1426 1085 1474 ingerebant
1114 1426 1309 1463 difficulta-

249 1488 328 1517 tem
347 1481 472 1517 multis
493 1493 556 1516 eas
576 1481 724 1517 solvere
743 1480 969 1517 volentibus.
996 1480 1169 1526 Quarum
1187 1478 1310 1526 prima

249 1533 331 1570 talis
364 1540 429 1569 est.
465 1532 504 1569 Si
533 1532 673 1582 aliquid
700 1541 879 1569 movetur
905 1545 974 1580 per
1000 1539 1122 1568 totum
1157 1531 1310 1579 aliquod

251 1585 435 1634 spatium,
465 1593 613 1633 oportet
632 1585 737 1634 quod
763 1585 867 1634 prius
886 1592 1120 1633 pertranseat
1138 1583 1310 1620 medium

250 1650 367 1686 quam
385 1638 582 1686 perveniat
601 1638 649 1674 ad
668 1638 800 1674 finem:
831 1638 898 1674 sed
923 1650 1010 1674 cum
1029 1637 1119 1673 illud
1138 1636 1310 1673 medium

250 1690 295 1727 sit
315 1690 511 1737 divisibile,
533 1690 722 1739 oportebit
749 1690 854 1739 quod
874 1690 986 1727 etiam
1014 1690 1117 1738 prius
1141 1696 1309 1737 pertran-

251 1751 329 1780 seat
349 1743 519 1780 medium
545 1743 638 1780 illius
659 1743 787 1790 medii,
810 1751 844 1779 et
864 1742 916 1779 sic
934 1742 973 1779 in
991 1742 1199 1788 infinitum,
1222 1754 1310 1778 cum

251 1795 471 1843 magnitudo
501 1796 546 1832 sit
564 1796 602 1832 in
630 1795 818 1832 infinitum
839 1794 1047 1832 divisibilis:
1078 1794 1222 1831 infinita
1245 1807 1309 1831 au-

250 1855 328 1885 tem
365 1861 444 1885 non
473 1856 528 1885 est
564 1848 718 1885 transire
746 1848 785 1884 in
813 1847 938 1896 aliquo
975 1854 1147 1896 tempore
1179 1847 1308 1884 finito:

251 1913 340 1949 ergo
369 1900 459 1937 nihil
485 1908 609 1949 potest
637 1900 796 1937 moveri.

303 1953 402 1990 Dicit
417 1965 505 2001 ergo
516 1953 735 1990 Aristoteles
749 1953 853 2002 quod
872 1952 1042 2001 superius
1054 1952 1086 1999 *,
1099 1952 1196 1989 circa
1209 1952 1310 2001 prin-

251 2005 391 2055 cipium
410 2006 520 2043 huius
546 2006 637 2042 sexti
655 2006 749 2053 libri,
775 2005 886 2043 solvit
903 2006 1012 2042 istam
1033 2005 1218 2042 rationem
1242 2018 1311 2054 per

249 2059 335 2105 hoc,
360 2058 465 2108 quod
488 2059 654 2095 similiter
676 2066 827 2107 tempus
854 2058 893 2095 in
916 2057 1060 2094 infinita
1079 2057 1096 2087 β
1121 2057 1309 2106 dividitur,

251 2111 343 2148 sicut
363 2119 399 2148 et
417 2111 648 2159 magnitudo.
671 2111 780 2158 Quae
809 2110 965 2159 quidem
994 2111 1128 2147 solutio
1149 2119 1205 2148 est
1231 2124 1311 2148 ma-

251 2163 305 2211 gis
325 2163 374 2200 ad
393 2164 685 2211 interrogantem
713 2163 744 2200 si
771 2163 914 2201 infinita
942 2163 1130 2211 contingat
1153 2163 1311 2200 transire

251 2216 290 2253 in
316 2223 489 2264 tempore
517 2216 639 2262 finito,
669 2228 786 2264 quam
814 2216 863 2253 ad
891 2216 1242 2264 interrogationem,
1270 2224 1312 2253 ut

253 2269 350 2306 dicet
377 2269 416 2305 in
444 2276 580 2306 octavo
607 2270 643 2314 ’ἣ
671 2268 737 2305 ubi
765 2269 877 2306 solvit
904 2269 1002 2305 hanc
1030 2268 1215 2306 rationem
1243 2282 1312 2318 per

251 2322 346 2368 hoc,
376 2321 480 2370 quod
506 2322 648 2358 mobile
675 2334 753 2358 non
780 2321 892 2358 utitur
919 2321 1072 2358 infinitis
1101 2333 1198 2370 quae
1227 2329 1312 2358 sunt

250 2374 290 2411 in
313 2374 582 2422 magnitudine,
604 2374 710 2423 quasi
738 2374 777 2411 in
796 2382 881 2410 actu
910 2374 1163 2421 existentibus,
1185 2375 1251 2412 sed
1270 2382 1312 2411 ut

251 2426 290 2463 in
302 2427 470 2475 potentia
490 2427 742 2464 existentibus.
759 2427 871 2463 Tunc
891 2434 1019 2464 autem
1036 2428 1056 2448 ²⁸
1071 2427 1195 2475 aliquo
1215 2440 1311 2476 pun-

252 2487 312 2516 cto
333 2479 440 2528 spatii
458 2479 574 2516 utitur
593 2480 696 2528 quod
717 2488 895 2516 movetur
914 2487 954 2516 ut
968 2479 1005 2516 in
1025 2487 1110 2516 actu
1130 2479 1310 2527 existenti,

252 2532 404 2581 quando
433 2532 548 2569 utitur
567 2545 613 2569 eo
633 2541 673 2569 ut
699 2532 883 2581 principio
913 2540 948 2568 et
975 2540 1016 2569 ut
1042 2533 1137 2569 fine:
1159 2540 1195 2569 et
1222 2541 1312 2569 tunc

252 2597 407 2621 necesse
427 2592 482 2621 est
501 2585 605 2634 quod
624 2585 674 2622 ibi
702 2593 788 2632 stet,
816 2592 858 2621 ut
885 2585 936 2621 ibi
962 2585 1192 2622 ostendetur.
1214 2586 1263 2622 Et
1281 2586 1312 2622 si

253 2638 305 2674 sic
337 2644 528 2686 oporteret
558 2637 717 2674 transire
744 2637 887 2674 infinita
920 2638 1027 2687 quasi
1058 2638 1097 2675 in
1124 2645 1210 2675 actu
1238 2638 1312 2675 exi-

252 2690 396 2736 stentia,
421 2702 632 2738 numquam
659 2690 851 2727 veniretur
878 2690 927 2727 ad
954 2691 1084 2728 finem.

311 2743 342 2779 5.
365 2742 581 2779 Secundam
610 2743 795 2780 rationem
813 2743 921 2791 ponit
947 2743 1015 2780 ibi:
1045 2743 1216 2780 Secunda
1243 2756 1310 2780 au-

252 2799 325 2831 tem
351 2800 485 2832 vocata
520 2802 605 2841 etc.;
636 2803 672 2832 et
706 2795 793 2832 dicit
831 2795 933 2844 quod
967 2796 1066 2832 hanc
1103 2796 1310 2833 secundam

252 2847 438 2884 rationem
469 2848 659 2884 vocabant
685 2848 884 2894 Achillem,
914 2849 1020 2896 quasi
1053 2848 1311 2886 invincibilem

253 2907 289 2936 et
315 2899 566 2937 insolubilem.
588 2901 638 2937 Et
656 2908 734 2938 erat
762 2900 854 2937 ratio
874 2901 966 2938 talis.
989 2901 1089 2948 Quia
1112 2901 1142 2937 si
1171 2901 1310 2950 aliquid

251 2960 448 3000 movetur,
480 2953 647 3002 sequitur
674 2954 779 3002 quod
806 2953 844 2990 id
872 2954 977 3002 quod
1005 2953 1118 2991 currit
1149 2954 1308 3002 tardius,

252 3005 282 3042 si
306 3004 444 3054 incepit
469 3005 594 3054 primo
631 3005 791 3052 moveri,
820 3019 1017 3055 nunquam
1050 3007 1223 3054 iungetur
1249 3008 1312 3044 vel

253 3057 450 3105 attingetur
488 3070 510 3094 a
547 3071 789 3107 quocumque
825 3059 1077 3096 velocissimo.
1109 3060 1224 3106 Quod
1259 3060 1311 3097 sic

251 3110 448 3158 probabat.
478 3110 518 3147 Si
546 3111 696 3148 tardum
728 3112 867 3160 incepit
903 3112 1051 3149 moveri
1084 3119 1170 3155 ante
1205 3113 1310 3150 velo-

253 3161 445 3199 cissimum
481 3175 550 3212 per
586 3163 739 3212 aliquod
775 3173 945 3213 tempus,
975 3165 1013 3202 in
1047 3165 1108 3201 illo
1138 3172 1310 3214 tempore

251 3214 490 3263 pertransivit
524 3216 678 3265 aliquod
712 3217 894 3265 spatium:
929 3225 1015 3254 ante
1052 3217 1161 3265 igitur
1193 3230 1310 3266 quam

251 3266 536 3304 velocissimum
574 3269 679 3317 quod
710 3270 957 3318 persequitur,
986 3270 1105 3318 possit
1132 3270 1310 3317 attingere

252 3319 508 3356 tardissimum
537 3321 640 3368 quod
669 3321 770 3368 fugit,
797 3333 950 3358 necesse
980 3329 1034 3358 est
1066 3322 1170 3370 quod
1196 3322 1312 3359 vadat

252 3372 301 3408 ab
322 3371 391 3408 'illo
420 3372 505 3408 loco
532 3372 634 3409 uncle
663 3373 784 3410 movit
811 3373 967 3420 fugiens,
987 3386 1108 3421 usque
1129 3374 1179 3411 ad
1206 3374 1310 3411 illum

252 3424 381 3461 locum
417 3436 494 3473 quo
530 3425 703 3473 pervenit
739 3426 884 3473 fugiens
921 3433 1092 3475 tempore
1134 3426 1195 3462 illo
1234 3439 1310 3475 quo

306 3545 331 3578 β)
351 3546 377 3571 in
397 3546 538 3579 infinita.—
551 3546 578 3571 in
598 3546 729 3579 infinitum
749 3547 807 3576 DE,
821 3553 874 3578 per
893 3546 995 3580 infinita
1014 3547 1047 3572 H.
1059 3560 1079 3566 -
1097 3547 1147 3571 Pro
1167 3546 1310 3577 dividitur,

252 3581 390 3607 dividatur
408 3581 645 3606 AIKLRSTYXab.

306 3617 332 3650 γ)
353 3616 407 3641 Sed
425 3620 529 3648 oportet
551 3617 622 3649 quod
640 3617 865 3642 velocissimum.-
879 3617 914 3641 Et
932 3620 1036 3649 oportet
1054 3617 1125 3650 quod
1142 3617 1229 3643 adhuc
1242 3618 1310 3642 velo—

394 3670 463 3704 Opp.
478 3670 509 3695 D.
528 3670 642 3695 Tuom
659 3670 691 3695 T.
710 3671 738 3695 11.

2347 298 2420 334 313

1365 388 1596 425 persequens
1615 389 1693 413 non
1713 377 1951 413 movebatur.
1972 375 2049 413 Sed
2069 382 2216 424 oportet
2235 375 2339 424 quod
2358 387 2423 412 ve-

1366 428 1597 465 locissimum
1617 429 1741 466 “illud
1774 429 1936 477 spatium
1968 435 2199 477 pertranseat
2231 428 2269 464 in
2297 427 2423 475 aliquo

1365 488 1558 529 tempore,
1585 481 1622 517 in
1651 494 1727 530 quo
1755 489 1928 530 tempore
1956 481 2091 518 iterum
2112 480 2251 517 tardius
2271 479 2425 527 aliquod

1365 534 1528 581 spatium
1556 534 1772 582 pertransit,
1804 542 1839 570 et
1866 534 1918 570 sic
1946 546 2107 582 semper.
2144 534 2244 581 Ergo
2274 543 2425 580 semper

1364 585 1504 622 tardius
1528 587 1641 622 habet
1668 587 1808 634 aliquid
1833 592 1934 632 ante,
1959 586 2055 623 idest
2082 586 2233 635 aliquod
2262 585 2424 633 spatium

1364 638 1402 674 in
1420 651 1497 686 quo
1525 639 1717 686 praecedit
1742 639 2038 685 velocissimum,
2069 639 2173 686 quod
2192 638 2318 686 ipsum
2341 649 2424 686 per-

1365 691 1549 738 sequitur:
1584 699 1620 727 et
1656 691 1705 727 ita
1737 691 1906 727 velocius
1942 703 2154 739 numquam
2183 691 2334 738 attinget
2353 698 2424 726 tar-

1366 743 1459 780 dius.
1482 744 1567 779 Hoc
1588 750 1715 780 autern
1737 751 1791 779 est
1810 744 2091 781 inconveniens.
2110 745 2212 791 Ergo
2233 742 2352 790 magis
2372 742 2424 779 di-

1366 795 1529 832 cendum
1555 803 1610 832 est
1638 796 1742 844 quod
1770 796 1858 832 nihil
1887 804 2075 833 movetur.

1419 849 1453 884 6.
1483 848 1545 884 Ad
1573 849 1800 885 solvendum
1830 856 1956 885 autem
1985 850 2083 885 hanc
2111 847 2296 884 rationem
2322 847 2424 894 dicit,

1365 901 1468 948 quod
1494 901 1588 937 haec
1608 901 1700 937 ratio
1722 910 1776 937 est
1797 901 1931 938 eadem
1952 914 2039 937 curn
2059 901 2198 949 prima,
2221 912 2318 948 quae
2337 912 2424 948 pro-

1365 953 1524 989 cedebat
1539 965 1583 989 ex
1604 953 1792 989 decisione
1813 954 1920 1002 spatii
1939 954 1977 990 in
1994 954 2069 990 duo
2086 953 2223 999 media,
2241 959 2426 1001 quantum

1365 1005 1412 1041 ad
1431 1005 1609 1041 virtutem
1629 1006 1762 1042 medii:
1789 1007 1855 1043 sed
1877 1006 2000 1043 differt
2019 1007 2066 1042 ab
2088 1019 2132 1042 ea
2151 1006 2189 1042 in
2208 1006 2299 1051 hoc,
2321 1004 2426 1053 quod

1365 1057 1491 1104 aliqua
1518 1065 1672 1106 accepta
1700 1059 1920 1105 magnitudo
1950 1059 2057 1107 spatii
2085 1071 2163 1095 non
2192 1057 2369 1094 dividitur
2387 1057 2426 1093 in

1366 1109 1442 1146 duo
1463 1109 1604 1155 media,
1626 1110 1693 1146 sed
1713 1110 1891 1147 dividitur
1910 1111 2120 1148 secundum
2140 1110 2426 1159 proportionem

1366 1174 1540 1198 excessus
1567 1162 1767 1198 velocioris
1796 1164 1844 1199 ad
1872 1164 2012 1200 tardius
2041 1164 2079 1200 in
2107 1171 2225 1199 motu.
2259 1161 2359 1199 Nam
2388 1162 2426 1198 in

1363 1215 1488 1273 primo
1517 1222 1706 1263 tempore,
1730 1216 1748 1235 ³*
1771 1228 1847 1263 quo
1876 1217 2102 1253 movebatur
2121 1216 2246 1252 solum
2270 1215 2424 1262 tardius,

1366 1267 1546 1315 accipitur
1579 1267 1702 1304 maior
1739 1268 1981 1315 magnitudo;
2015 1269 2052 1304 in
2090 1268 2259 1304 secundo
2298 1274 2426 1304 autern

1365 1327 1558 1379 tempore,
1587 1320 1626 1356 in
1654 1332 1730 1378 quo
1759 1321 1928 1357 velocius
1960 1321 2159 1380 pertransit
2189 1320 2426 1369 praedictum

1366 1373 1542 1421 spatium,
1573 1385 1660 1409 cum
1690 1373 1735 1409 sit
1762 1373 1899 1420 minus,
1929 1373 2109 1422 accipitur
2131 1373 2258 1410 minor
2281 1372 2426 1420 magni-

1365 1425 1456 1462 tudo
1471 1425 1693 1474 pertransita
1708 1438 1730 1462 a
1745 1403 1908 1473 tardiori,
1922 1436 1957 1462 et
1972 1426 2024 1462 sic
2039 1438 2200 1474 semper.
2213 1426 2323 1462 Unde
2340 1425 2427 1473 quia

1365 1486 1516 1527 tempus
1541 1486 1577 1515 et
1596 1478 1816 1526 magnitudo
1840 1491 1992 1527 semper
2019 1479 2248 1526 dividuntur,
2277 1478 2428 1514 videtur

1365 1531 1536 1568 accidere
1566 1543 1609 1567 ex
1638 1531 1710 1567 hac
1745 1531 1888 1568 ratione
1917 1532 2021 1580 quod
2054 1532 2195 1569 tardius
2229 1543 2427 1579 nunquam

1365 1584 1538 1631 iungatur
1552 1596 1574 1620 a
1589 1584 1609 1605 '¹‘
1623 1584 1815 1621 velociori.
1839 1585 1914 1621 Sed
1934 1585 2007 1621 hoc
2028 1584 2065 1621 in
2084 1585 2187 1622 idem
2206 1584 2324 1621 tendit
2339 1595 2426 1620 cum

1366 1649 1411 1673 eo
1432 1636 1537 1685 quod
1564 1636 1602 1673 in
1629 1636 1753 1685 prima
1776 1637 1920 1674 ratione
1949 1637 2141 1674 dicebatur
2170 1638 2216 1674 de
2242 1636 2427 1673 divisione

1365 1689 1632 1737 magnitudinis
1647 1689 1686 1726 in
1701 1690 1777 1726 duo
1793 1690 1936 1726 media:
1953 1690 2042 1739 quia
2055 1690 2094 1726 in
2107 1697 2267 1738 utraque
2282 1689 2426 1726 ratione

2454 1226 2463 1235 ·
2478 1225 2502 1246 ἰη
2516 1225 2570 1247 add.
2583 1231 2621 1247 tu.

2455 1594 2463 1602 ·
2471 1598 2667 1615 αοῐηᾼικικετκ.

1364 1741 1514 1779 videtur
1542 1742 1710 1778 accidere
1739 1743 1842 1790 quod
1870 1743 2012 1779 mobile
2040 1755 2118 1779 non
2150 1742 2268 1791 possit
2295 1742 2426 1778 adiun-
2459 1783 2462 1787 g

1365 1807 1453 1853 gere
1467 1795 1622 1843 *usque
1651 1795 1699 1831 ad
1718 1795 1922 1831 terminum
1952 1795 2161 1843 quendam,
2191 1802 2345 1843 propter
2374 1794 2427 1831 di-

1365 1847 1554 1884 visionem
1588 1847 1856 1894 magnitudinis
1888 1848 1927 1884 in
1960 1848 2168 1895 infinitum,
2198 1859 2426 1896 quocunque

1365 1900 1484 1936 modo
1515 1899 1718 1945 dividatur;
1745 1900 1883 1936 seilicet
1910 1901 1972 1937 vel
2000 1901 2039 1937 in
2068 1901 2144 1937 duo
2173 1900 2312 1947 media,
2333 1900 2428 1936 sicut

1364 1952 1487 2001 prima
1516 1952 1608 1989 ratio
1636 1953 1883 2001 procedebat,
1908 1954 1970 1990 vel
1999 1953 2209 1990 secundum
2230 1965 2427 1990 excessum

1364 2005 1566 2042 velocioris
1595 2006 1643 2042 ad
1671 2006 1828 2052 tardius,
1859 2006 1953 2042 sicut
1971 2007 2204 2054 procedebat
2261 2006 2428 2043 secunda

1365 2058 1469 2095 ratio.
1493 2058 1570 2094 Sed
1588 2058 1627 2095 in
1645 2059 1717 2095 hac
1737 2059 1904 2095 secunda
1923 2059 2067 2096 ratione
2088 2059 2300 2108 apponitur,
2323 2059 2426 2107 quod

1364 2110 1649 2148 velocissimum
1669 2124 1747 2148 non
1766 2119 1889 2160 potest
1909 2112 2087 2160 attingere
2107 2113 2154 2149 ad
2173 2112 2314 2148 tardius
2335 2112 2426 2148 dum

1351 2163 1602 2215 'persequitur
1617 2164 1758 2212 ipsum:
1777 2165 1881 2213 quod
1897 2165 2038 2201 dictum
2055 2172 2110 2201 est
2125 2177 2213 2201 cum
2226 2166 2245 2186 ‘⁴⁵
2261 2164 2427 2212 quadam

1365 2217 1581 2265 tragoedia,
1619 2216 1715 2253 idest
1748 2230 1836 2254 cum
1866 2219 1885 2239 Ψ
1919 2217 2084 2266 quadam
2122 2217 2427 2266 magnificatione

1364 2269 1573 2305 verborum
1593 2269 1642 2306 ad
1662 2269 1951 2307 admirationem
1971 2271 2224 2316 movendam3
2254 2271 2322 2307 sed
2350 2282 2428 2307 non

1366 2321 1453 2358 facit
1473 2321 1613 2370 aliquid
1642 2322 1691 2358 ad
1718 2322 1896 2359 virtutem
1925 2323 2077 2359 rationis
2096 2324 2127 2359 ³¹⁶.

1419 2374 1530 2411 Unde
1557 2381 1660 2423 patet
1688 2375 1792 2423 quod
1820 2387 1975 2411 necesse
2004 2383 2059 2412 est
2078 2388 2160 2412 esse
2186 2376 2348 2413 eandem
2369 2388 2428 2412 so-

1366 2427 1548 2463 lutionem
1577 2427 1689 2463 huius
1709 2428 1899 2464 secundae
1919 2427 2072 2464 rationis
2092 2435 2128 2464 et
2145 2428 2302 2477 primae.
2325 2428 2430 2465 Sicut

1368 2479 1468 2516 enim
1484 2479 1523 2516 in
1539 2479 1664 2528 prima
1679 2480 1824 2517 ratione
1844 2481 1980 2517 falsum
2000 2481 2306 2528 concludebatur,
2323 2481 2429 2529 quod

1366 2532 1505 2569 scilicet
1527 2532 1670 2569 mobile
1696 2546 1892 2582 nunquam
1912 2533 2127 2581 perveniret
2150 2533 2198 2570 ad
2223 2534 2428 2570 terminum

1367 2585 1643 2633 magnitudinis,
1670 2594 1824 2634 propter
1843 2586 2029 2622 infinitam
2048 2586 2313 2634 magnitudinis
2335 2586 2428 2623 divi-

1367 2638 1535 2683 sionem;
1564 2638 1615 2675 ita
1641 2638 1778 2675 falsum
1808 2646 1864 2675 est
1895 2639 1999 2687 quod
2026 2639 2108 2676 vult
2135 2639 2302 2676 secunda
2334 2638 2427 2675 ratio

1368 2691 1615 2738 concludere,
1651 2692 1756 2739 quod
1789 2691 1930 2728 tardius
1964 2691 2196 2740 praecedens
2230 2704 2428 2740 nunquam

1365 2743 1538 2791 iungatur
1551 2745 1570 2764 ²¹²
1586 2756 1608 2780 a
1622 2744 1804 2780 velociori
1820 2752 2016 2793 sequente;
2033 2745 2138 2792 quod
2153 2744 2243 2781 nihil
2259 2752 2313 2781 est
2328 2744 2429 2781 aliud

1366 2808 1482 2844 quam
1498 2796 1638 2834 mobile
1659 2809 1737 2833 non
1751 2797 1951 2846 pervenire
1967 2797 2015 2834 ad
2031 2797 2194 2846 aliquem
2209 2797 2425 2834 terminum.

1419 2849 1563 2886 Verum
1593 2856 1648 2886 est
1672 2850 1774 2886 enim
1803 2850 1907 2898 quod
1935 2850 2117 2899 quamdiu
2144 2847 2335 2899 praecedit
2357 2857 2429 2886 tar-

1366 2901 1469 2949 dius,
1499 2914 1578 2938 non
1607 2902 1844 2950 coniungitur
1876 2903 1945 2939 sibi
1977 2903 2157 2940 velocius.
2197 2903 2274 2939 Sed
2301 2910 2429 2939 tamen

1366 2954 1597 3003 quandoque
1626 2955 1873 3003 coniungetur
1889 2957 1908 2977 '⁸²
1923 2955 2004 3002 sibi,
2031 2956 2061 2992 si
2080 2957 2155 2993 hoc
2176 2955 2299 3003 detur,
2325 2955 2429 3003 quod

1365 3007 1507 3044 mobile
1534 3007 1653 3056 possit
1678 3008 1903 3056 pertransire
1939 3008 2085 3045 finitam
2124 3008 2425 3056 magnitudinem

1365 3060 1403 3097 in
1422 3067 1595 3109 tempore
1615 3060 1734 3098 finito.
1761 3061 2004 3098 Pertransibit
2029 3062 2131 3098 enim
2157 3061 2325 3098 velocius
2345 3074 2429 3110 per-

1365 3125 1528 3172 sequens
1556 3120 1674 3150 totam
1702 3113 1805 3150 illam
1833 3114 2133 3162 magnitudinem
2170 3126 2246 3162 qua
2272 3126 2427 3161 praece-

1365 3165 1505 3203 debat
1493 3178 1622 3224 'ipsum
1641 3166 1781 3203 tardius
1801 3167 1957 3215 fugiens,
1974 3174 2010 3203 et
2028 3167 2152 3203 adhuc
2171 3166 2368 3212 maiorem,
2389 3165 2427 3201 in

1365 3218 1502 3255 minori
1521 3226 1694 3267 tempore
1724 3232 1839 3268 quam
1860 3219 2001 3256 tardius
2024 3226 2226 3256 moveatur
2244 3219 2339 3254 ultra
2358 3230 2428 3266 per

1365 3271 1530 3319 aliquam
1556 3272 1843 3308 determinatam
1864 3272 2125 3330 quantitatem:
2147 3278 2183 3306 et
2201 3270 2251 3309 ita
2270 3282 2347 3306 non
2367 3282 2426 3306 so-

1365 3323 1445 3359 lum
1473 3324 1626 3372 attinget
1650 3326 1668 3345 ²¹*
1693 3324 1840 3372 ipsum,
1880 3324 1946 3360 sed
1982 3323 2094 3359 etiam
2123 3324 2218 3359 ultra
2245 3322 2424 3359 transibit.

1366 3376 1449 3412 Hae
1469 3376 1578 3423 igitur
1597 3384 1683 3413 sunt
1703 3377 1801 3413 duae
1823 3376 1983 3414 rationes
2003 3375 2181 3422 Zenonis,
2198 3375 2250 3411 sic
2269 3376 2423 3412 solutae.

1419 3440 1454 3476 7.
1471 3429 1642 3465 Tertiam
1658 3428 1842 3465 rationem
1856 3428 1964 3476 ponit
1978 3428 2046 3464 ibi:
2076 3428 2200 3464 Tertia
2215 3434 2338 3464 autem
2355 3435 2424 3465 etc.

1365 3549 1497 3574 cissimum
1517 3550 1590 3574 Pb.-
1602 3550 1651 3573 lbi:
1671 3549 1779 3580 aliquod
1797 3548 1912 3580 spatium
1932 3548 2094 3580 pertransit,
2114 3548 2222 3581 aliquod
2239 3549 2354 3580 spat1'um
2373 3556 2425 3573 non

1361 3584 1512 3615 pertransit
1524 3585 1564 3609 ed.
1579 3591 1609 3613 a;
1628 3584 1695 3608 istud
1715 3591 1766 3608 non
1781 3584 1816 3607 Pb
1832 3584 1962 3616 corrigunt
1980 3584 2005 3608 in
2025 3583 2266 3608 modicum-Infra
2285 3591 2332 3616 pro
2344 3584 2426 3609 attin-

1365 3621 1418 3651 get,
1437 3618 1548 3652 attingit
1565 3617 1624 3649 BZ,
1643 3618 1788 3651 attingeret
1806 3619 1860 3643 Pab
1881 3624 1905 3643 et
1923 3623 1971 3643 cet.
1990 3626 2043 3643 exc.
2063 3619 2196 3644 EFGHO.

2214 3680 2248 3703 40

2458 1803 2592 1831 ‘attingere
2599 1808 2668 1824 bron.

2455 2017 2464 2025 ‘¹
2476 2014 2587 2043 procedit
2599 2021 2620 2036 P.

2456 2170 2465 2179 '
2480 2169 2504 2190 in
2519 2168 2587 2190 codd.
2607 2172 2628 2191 et
2643 2175 2665 2190 a.

2457 2227 2504 2248 *in
2519 2233 2541 2248 D.

2457 2330 2466 2338 ·
2482 2328 2603 2349 verborum
2617 2333 2642 2349 n.

2457 2746 2466 2754 “
2481 2745 2588 2766 vincatur
2597 2750 2668 2767 mxu

2456 2771 2565 2793 srvxrah.

2457 2956 2466 2965 ⁶
2490 2955 2601 2986 iungetur
2623 2962 2666 2982 nv,

2457 2982 2539 3003 coniun
2558 2982 2606 3003 itur
2625 2987 2668 3003 pse

2456 3014 2558 3033 sffloa.

2455 3328 2463 3336 ·
2483 3327 2580 3358 attingit
2597 3333 2664 3354 neon,

2454 3353 2586 3381 attingatz,
2595 3354 2666 3375 attin-

2451 3382 2522 3407 geret
2545 3383 2587 3402 cet.
2615 3386 2665 3401 exc.

2454 3412 2533 3428 uLoas.
