2982 4022
468 218 513 253 14

1128 205 1474 242 PHYSICORUM
1501 204 1849 241 ARISTOTELIS
1879 205 1973 241 LIB.
2005 205 2018 240 1

1210 417 1511 492 LEcho
1551 420 1893 492 QUARTA

664 581 785 619 QUOD
810 581 868 611 ET
891 580 1185 612 POSTERIORES
1207 581 1466 612 PHILOSOPHI
1491 582 1534 612 IN
1557 582 1731 613 ERRORE
1754 582 2098 614 PRAEDICTORUM
2121 583 2303 614 VERSATI
2328 583 2440 622 SINT,

857 640 1052 672 SCILICET
1077 641 1202 672 UNUM
1225 642 1283 672 ET
1305 641 1460 672 MULTA
1482 642 1630 674 NULLO
1653 643 1780 674 MODO
1806 643 2098 691 CONCURRERE
2122 643 2250 675 POSSE

453 777 701 822 Ἐθορυβοῦντο
727 772 765 808 δέ
787 779 845 808 καὶ
872 779 901 808 οἱ
919 776 1052 821 ὕστεροι
1081 778 1149 809 τῶν
1177 777 1326 822 ἀρχαίων
1359 776 1448 815 ὅπως
1475 777 1522 822 μή

529 822 601 866 ἅμα
625 822 769 869 γένηται
795 819 912 858 αὐτοῖς
936 821 979 853 τὸ
1005 820 1092 854 αὐτό
1118 821 1150 852 ἓν
1175 824 1233 853 καὶ
1259 821 1384 854 πολλοί.
1418 821 1474 854 Διὸ
1493 824 1522 853 οἱ

527 867 586 911 μὲν
612 866 653 899 τὸ
678 866 770 898 ἔστιν
801 867 953 910 ἀφεῖλον,
978 864 1088 909 ὥσπερ
1112 865 1312 911 Λυκόφρων,
1340 868 1369 898 οἱ
1395 861 1433 898 δὲ
1459 865 1522 903 τήν

520 911 611 952 λέξιν
636 908 907 955 μετερρύθμιζον,
928 908 981 941 ὅτι
1007 911 1023 941 ὀ
1050 908 1220 954 ἄνθρωπος
1239 911 1277 943 οὐ
1297 910 1413 948 λευκός
1431 908 1522 943 ἐστιν

528 955 618 988 ἀλλοὶ
638 954 864 995 λελευκωται,
883 953 962 986 οὐδὲ
988 948 1133 996 βαδίζων
1152 953 1242 987 ἐστὶν
1270 954 1360 988 &not
1377 951 1521 997 βαδίζει·

522 1000 582 1032 ἵνα
603 999 742 1043 μήποτε
768 999 809 1031 τὸ
831 999 903 1030 ἔστι
922 997 1181 1041 προσάπτοντες
1207 999 1322 1031 πολλοὶ
1338 996 1422 1031 εἶναι
1449 1011 1522 1031 ποι-

526 1045 587 1076 ῶσι
620 1044 661 1077 τὸ
687 1042 741 1083 ἓν,
767 1045 807 1081 ὡς
839 1043 998 1087 μοναχῶς,
1019 1042 1202 1089 λεγομένου
1227 1045 1289 1077 τοῦ
1315 1043 1384 1081 ἑνὸς
1411 1043 1431 1080 ἦ
1461 1044 1523 1076 τοῖ’)

529 1089 638 1126 ὄντος.
674 1088 790 1119 Πολλοὶ
817 1082 854 1119 δέ
887 1089 934 1121 τοὶ
964 1087 1049 1119 ὄντα
1079 1086 1100 1123 ἢ
1123 1086 1213 1134 λόγῳ
1245 1088 1334 1132 (οἷον
1365 1089 1448 1120 ἄλλο
1481 1087 1522 1120 τὰ

524 1134 630 1174 λευκῷ
655 1129 740 1163 εἶναι
764 1133 822 1164 καὶ
847 1132 1006 1176 μουσικῷ,
1026 1130 1074 1172 τῷ
1100 1126 1128 1162 δ’
1150 1133 1246 1173 αὐτῷ
1274 1132 1384 1177 ἄμφω·
1411 1132 1524 1164 πολλοὶ

529 1177 594 1221 ἄρα
620 1176 660 1209 τὸ
686 1174 739 1216 ἕν)
767 1175 787 1214 ἦ
813 1172 987 1220 διαιρέσει,
1005 1174 1114 1220 ὥσπερ
1132 1177 1173 1209 τὸ
1192 1175 1268 1208 ὅλον
1285 1179 1342 1208 καὶ
1361 1176 1409 1208 τοὶ
1425 1176 1520 1220 μέρη.

518 1220 695 1253 Ἐνταῦθα
727 1219 764 1254 δὲ
795 1216 859 1258 ἤδη
894 1221 1066 1265 ἠπόρουν,
1098 1222 1156 1252 καὶ
1186 1221 1380 1266 ὡμολόγουν
1414 1221 1455 1252 τό
1490 1221 1522 1252 ἓν

526 1266 640 1298 πολλοὶ
663 1263 768 1306 εἶναι,
795 1264 904 1311 ὥσπερ
931 1266 991 1297 οὐκ.
1021 1261 1238 1310 ἐνδεχόμενον
1268 1265 1400 1297 ταύτὸν
1426 1263 1459 1296 ἕν
1484 1277 1522 1297 τε

525 1312 582 1341 καὶ
609 1311 723 1343 πολλοὶ
753 1307 859 1350 εἶναι,
886 1310 932 1354 μή
959 1310 1007 1342 τά,
1039 1310 1255 1352 ἀντικείμενα
1286 1305 1336 1341 δέ·
1363 1309 1437 1341 ἔστι
1457 1310 1522 1354 γοὶρ

527 1354 568 1386 τὸ
594 1354 625 1386 ἓν
650 1356 708 1386 καὶ
725 1350 864 1398 δυνάμει
881 1356 939 1386 καὶ
961 1355 1165 1398 ἐντελεχείᾳ.
1193 1353 1257 1385 Τόν
1276 1366 1314 1386 τε
1331 1348 1375 1390 δή
1396 1352 1521 1397 τρόπον

527 1399 651 1430 τοῦτον
671 1399 819 1431 ἐπιοῦσιν
841 1394 1011 1431 ἀδύνατον
1030 1401 1187 1442 φαίνεται
1205 1397 1252 1430 τοὶ
1269 1397 1353 1430 ὄντα
1372 1398 1404 1429 ἓν
1423 1394 1520 1437 εἶναι,

513 1495 661 1523 SYNOPsrs.
686 1512 720 1516 —
748 1505 770 1523 1.
796 1495 874 1523 Sicut
900 1494 1084 1523 Parmenides
1115 1500 1142 1522 et
1171 1494 1302 1522 Melissus
1330 1501 1392 1521 non
1418 1492 1518 1521 distin-

459 1541 578 1572 guentes
598 1544 690 1562 unum
710 1535 835 1563 totaliter
855 1534 1069 1562 multitudinem
1090 1533 1270 1568 auferebant,
1289 1532 1328 1560 ita
1344 1532 1519 1569 posteriores

459 1574 623 1611 philosophi
644 1584 697 1610 pro
719 1574 931 1602 inconvenienti
946 1575 1115 1610 reputabant
1130 1574 1210 1610 quod
1223 1573 1300 1601 idem
1315 1572 1413 1609 aliquo
1429 1573 1519 1600 modo

459 1614 495 1641 sit
518 1623 609 1642 unum
632 1620 659 1641 et
680 1614 818 1649 multum;
841 1613 965 1651 ideoque
993 1613 1208 1641 multitudinem
1235 1613 1402 1640 auferebant
1429 1613 1464 1640 ab
1486 1611 1520 1639 iis

459 1663 533 1690 quae
554 1654 701 1690 ponebant
722 1663 783 1681 esse
804 1663 905 1683 unum.
921 1670 940 1675 -
955 1661 982 1681 2.
1006 1653 1080 1681 Hinc
1101 1652 1189 1689 aliqui
1210 1652 1344 1688 copulam
1366 1657 1424 1685 est,
1447 1660 1520 1688 quae

459 1702 573 1730 semper
593 1694 652 1721 duo
674 1693 838 1729 copulanda
856 1693 982 1721 insinuat
989 1695 997 1729 ‚‘
1019 1693 1167 1727 tollentes,
1189 1701 1250 1720 non
1270 1692 1406 1720 volebant
1426 1691 1520 1727 dicere

220 1846 233 1857 ⁴
240 1846 380 1873 positionem
390 1852 432 1868 pm:

222 1878 321 1893 anunm.

583 1885 711 1944 '72-3(
729 1891 899 1928 nentium
920 1903 985 1934 ens
1010 1903 1091 1927 esse
1119 1902 1253 1937 unum,
1273 1889 1334 1926 hic
1359 1889 1522 1926 ostendit

222 1950 434 1999 ἶῃεὲαζιτνξέαυηι
620 1938 624 1945 ¹
656 1941 711 1985 ’Τίν’-
729 1944 834 1993 quod
854 1956 898 1980 ex
919 1943 1053 1980 eadem
1082 1943 1206 1980 radice
1228 1944 1247 1964 ’⁸
1268 1942 1424 1991 quidam
1451 1954 1520 1990 po-

222 1984 433 2037 *qussnaam'adss
459 1997 633 2035 steriores
661 1996 877 2047 philosophi
896 1997 934 2033 in
955 1996 1229 2033 dubitationem
1257 1995 1469 2032 inciderunt
1488 1997 1518 2031 ἦ.

218 2041 278 2083 ῗεῗᾶε
292 2062 336 2083 hoc
350 2067 431 2083 mm
512 2051 744 2088 Erraverunt
769 2050 870 2086 enim
890 2050 1137 2086 Parmenides
1169 2057 1204 2086 et
1232 2048 1408 2085 Melissus
1435 2061 1480 2084 eo
1498 2049 1518 2069 ³⁹⁴

221 2094 431 2116 fflm'exew'
459 2104 563 2152 quod
590 2104 830 2141 nesciverunt
859 2102 1085 2150 distinguere
1116 2114 1258 2139 unum:
1292 2102 1393 2139 unde
1423 2113 1520 2150 quae

459 2156 584 2205 aliquo
614 2157 732 2194 modo
763 2163 849 2192 sunt
875 2168 1012 2203 unum,
1043 2155 1261 2204 simpliciter
1289 2167 1370 2191 esse
1398 2158 1520 2191 unum

459 2210 721 2247 enunciabant.
756 2209 989 2246 Posteriores
1031 2216 1158 2245 autem
1185 2207 1421 2256 philosophi,
1455 2219 1520 2244 ne—

458 2262 617 2300 scientes
646 2263 872 2310 distinguere
901 2274 1034 2308 unum,
1063 2274 1134 2310 pro
1163 2260 1444 2298 inconvenienti
1463 2272 1520 2296 re-

458 2316 640 2364 putabant
673 2316 777 2365 quod
814 2315 916 2352 idem
954 2315 1078 2363 aliquo
1114 2314 1232 2351 modo
1262 2314 1308 2350 sit
1335 2326 1455 2350 unum
1486 2320 1521 2349 et

458 2369 596 2405 multa:
627 2369 730 2417 quod
758 2376 886 2405 tamen
916 2367 1077 2405 convicti
1106 2367 1313 2404 rationibus
1347 2366 1519 2403 confiteri

459 2422 701 2469 cogebantur.
737 2423 785 2458 Et
812 2421 898 2458 ideo
920 2421 1006 2458 dicit
1026 2421 1130 2469 quod
1147 2420 1378 2469 posteriores
1397 2420 1517 2468 philo-

217 2483 228 2495 *
245 2483 334 2505 turbati
350 2484 430 2505 mab.
458 2474 569 2524 sophi
588 2475 798 2512 conturbati
816 2475 835 2495 '⁸
858 2480 952 2521 sunt,
973 2474 1069 2511 idest
1095 2474 1134 2510 in
1163 2473 1436 2510 dubitationem
1464 2472 1518 2508 in-

219 2538 228 2546 ·
243 2537 267 2557 et
281 2542 328 2558 om·
343 2542 410 2558 um-
459 2527 639 2575 ciderunt,
661 2528 991 2577 quemadmodum
1013 2535 1048 2563 et
1064 2528 1082 2548 *⁶
1099 2526 1252 2575 antiqui,
1273 2525 1410 2562 scilicet
1429 2526 1517 2561 Par-

219 2589 398 2637 2oggntgsege}
458 2580 630 2618 menides
660 2588 695 2617 et
723 2580 918 2627 Melissus,
948 2592 997 2616 ne
1026 2580 1120 2616 forte
1151 2586 1373 2626 cogerentur
1393 2579 1412 2599 ²⁷⁵
1441 2578 1516 2614 hoc

283 2631 288 2636 '
329 2622 349 2637 ε’
371 2622 422 2637 ‘⁵⁰'
459 2633 595 2681 dicere,
625 2634 729 2682 quod
757 2633 860 2670 idem
885 2633 929 2669 sit
952 2645 1074 2669 unum
1104 2639 1139 2668 et
1166 2632 1301 2677 multa3
1332 2631 1435 2679 quod
1463 2630 1517 2667 in-

459 2686 690 2723 conveniens
709 2686 910 2723 videbatur
936 2685 1116 2733 utrisque.
1146 2685 1195 2720 Et
1213 2684 1299 2721 ideo
1318 2684 1429 2732 primi
1449 2696 1517 2732 po-

459 2747 590 2776 nentes
611 2739 739 2775 omnia
758 2751 892 2786 unum,
921 2738 1081 2774 totaliter
1108 2737 1387 2774 multitudinem
1416 2737 1518 2773 aufe-

222 2804 432 2826 'removerecodth
459 2792 610 2829 rebant:
640 2791 868 2840 posteriores
894 2803 988 2827 vero
1018 2790 1298 2827 multitudinem
1327 2790 1472 2826 auferre
1499 2791 1518 2810 ²¹*

220 2836 270 2852 ‘¹⁰'
285 2837 334 2883 ιζῦὀι
461 2845 694 2882 conabantur
713 2857 734 2881 a
754 2844 1058 2893 quibuscumque
1078 2855 1175 2892 quae
1191 2849 1207 2864 α
1227 2851 1413 2892 ponerent
1436 2855 1517 2879 esse

458 2909 592 2934 unum.

515 2962 550 2987 2.
580 2951 629 2987 Et
647 2950 733 2987 ideo
754 2949 910 2998 quidam
927 2950 946 2970 ss
966 2949 1004 2985 in
1022 2948 1362 2998 propositionibus,
1383 2956 1424 2984 ut
1443 2949 1517 2996 Ly-

461 3003 649 3051 cophron,
686 3003 905 3040 auferebant
930 3003 1012 3039 'hoc
1043 3002 1207 3038 verbum
1235 3001 1307 3038 es't:
1344 3001 1519 3038 dicebant

461 3056 562 3092 enim
582 3056 686 3105 quod
706 3068 784 3092 non
809 3063 863 3092 est
883 3055 1086 3092 dicendum
1106 3055 1217 3091 homo
1237 3059 1291 3090 est
1304 3054 1421 3100 albus,
1451 3054 1519 3090 sed

459 3109 571 3146 homo
599 3109 715 3146 albus.
747 3108 1050 3145 Considerabant
1078 3107 1180 3144 enim
1209 3107 1312 3155 quod
1340 3107 1458 3143 homo
1485 3113 1519 3158 et

461 3162 567 3199 albus
595 3169 681 3198 sunt
709 3161 997 3210 quodammodo
1026 3173 1165 3207 unum,
1195 3159 1362 3208 alioquin
1390 3160 1518 3196 album

462 3214 509 3251 de
529 3215 684 3252 homine
714 3227 792 3251 non
812 3214 1111 3263 praedicaretur;
1142 3212 1210 3249 sed
1233 3212 1434 3249 videbatur
1467 3212 1519 3249 eis

221 2961 335 3009 ἓῖιιίααηι
344 2967 393 2984 om.
403 2967 433 2983 m

515 3362 543 3397 α)
558 3370 575 3388 a
589 3363 791 3396 quibuscumque
809 3364 966 3396 quaa-Pro
976 3363 1186 3396 quibuscumque,
1200 3363 1214 3388 b
1225 3368 1250 3387 et
1264 3363 1338 3387 codd.
1353 3363 1441 3395 legunt
1454 3370 1517 3395 quo-

462 3405 584 3430 cumquex
603 3406 650 3430 pro
669 3406 747 3430 quae,
761 3400 830 3431 quod
846 3400 860 3424 b
874 3405 898 3423 ct
913 3399 1165 3431 BEFGHMNRZpG
1179 3406 1239 3429 orn„
1254 3403 1312 3423 cett.
1331 3397 1426 3423 habent
1439 3398 1517 3430 quod.

463 3431 668 3492 αάίξὲεέξζῖξῖἵι
688 3437 763 3459 est.-
777 3434 840 3458 EGa
859 3435 965 3465 addunt,
992 3434 1039 3459 alii
1057 3437 1145 3459 autem
1164 3434 1245 3458 alium
1265 3433 1371 3458 modum
1395 3433 1518 3466 loquendi

1576 780 1593 800 *
1609 780 1797 812 Conturbati
1820 789 1894 813 sunt
1909 789 2016 814 autem
2036 789 2066 814 et
2090 784 2294 824 posteriores,
2318 785 2592 826 quemadmodum
2611 791 2643 816 et
2668 798 2679 810 ι
2694 798 2749 826 Seq.
2765 803 2816 827 0¹1²-
2831 805 2857 821 u.

1644 825 1775 866 antiqui,
1800 836 1839 857 ne
1863 826 1943 858 forte
1967 827 2127 868 contingat
2150 828 2246 859 simul
2268 829 2354 859 idem
2381 839 2484 860 unum
2514 839 2581 860 esse
2611 836 2642 860 et
2667 824 2735 847 Text.
2745 830 2784 847 ²⁰·

1645 870 1754 900 multa.
1772 870 1864 901 Unde
1879 871 1931 901 alii
1947 871 2077 912 quidem
2091 882 2144 902 EST
2161 872 2352 912 auferebant,
2366 874 2641 914 quemadmodum

1644 914 1853 954 Lycophron;
1878 915 1930 945 alii
1953 922 2060 946 autem
2088 916 2260 947 dictionem
2287 919 2469 957 mutabant,
2500 924 2537 948 ut
2559 927 2639 959 quo-

1644 958 1730 988 niam
1746 958 1846 989 homo
1863 969 1929 990 non
1948 959 2040 990 albus
2054 965 2110 998 est,
2127 960 2180 990 sed
2196 961 2336 999 albatur,
2352 971 2456 1002 neque
2470 962 2641 993 ambulans

1645 1008 1701 1040 est,
1723 1003 1779 1033 sed
1796 1003 1957 1034 ambulat:
1982 1010 2017 1034 ut
2039 1013 2105 1034 non
2121 1014 2174 1034 EST
2194 1004 2386 1044 adiicientes,
2406 1005 2507 1036 multa
2525 1005 2641 1036 faciant

1645 1056 1711 1077 esse
1734 1057 1848 1086 unum,
1872 1047 1890 1066 *
1904 1054 2056 1088 tanquam
2082 1047 2278 1088 singulariter
2293 1048 2377 1079 dieto
2393 1059 2460 1079 uno
2481 1056 2535 1080 aut
2558 1055 2638 1080 ente.

1645 1090 1707 1121 Sed
1729 1091 1831 1122 multa
1854 1098 1928 1122 sunt
1950 1101 2032 1132 quae
2056 1098 2130 1122 sunt
2152 1098 2206 1122 aut
2228 1092 2350 1122 ratione
2381 1092 2435 1135 (ut
2458 1093 2543 1123 aliud
2566 1092 2639 1123 albo

1645 1144 1711 1164 esse
1727 1142 1757 1166 et
1771 1135 1911 1174 musico,
1928 1135 1983 1165 sed
1998 1135 2084 1165 idem
2100 1142 2248 1176 utraque:
2266 1137 2368 1166 multa
2382 1137 2489 1177 itaque
2505 1135 2639 1178 unum),

1645 1185 1700 1209 aut
1719 1179 1883 1217 divisione,
1908 1179 2183 1220 quemadmodum
2202 1186 2308 1210 totum
2324 1187 2355 1211 et
2368 1187 2480 1221 partes.
2506 1180 2567 1211 Hic
2584 1190 2639 1211 au-

1645 1229 1710 1253 tem
1732 1223 1796 1253 iam
1813 1222 2012 1261 deficiebant,
2033 1230 2063 1253 et
2078 1223 2309 1254 confitebantur
2324 1234 2427 1255 unum
2445 1224 2546 1256 multa
2561 1234 2639 1263 esse,

1644 1273 1797 1307 tanquam
1820 1277 1886 1297 non
1917 1267 2098 1297 conveniret
2127 1267 2212 1297 idem
2243 1278 2346 1298 unum
2374 1275 2404 1299 et
2430 1269 2531 1299 multa
2561 1278 2638 1300 esse.

1644 1311 1718 1341 Non
1742 1310 1891 1351 opposita
1914 1317 2021 1341 autern
2045 1318 2135 1341 sunt:
2160 1318 2207 1342 est
2223 1311 2308 1342 enim
2327 1322 2429 1343 unum
2446 1319 2476 1343 et
2498 1313 2640 1352 potentia

1645 1361 1675 1384 et
1697 1361 1778 1385 actu.
1799 1354 1815 1373 *
1831 1355 1904 1384 Hoc
1926 1354 2020 1394 igitur
2043 1355 2143 1385 modo
2167 1355 2352 1386 facientibus
2375 1356 2572 1397 impossibile
2594 1356 2639 1386 vi-

1645 1398 1736 1428 detur
1759 1408 1840 1439 quae
1863 1405 1937 1428 sunt
1961 1408 2063 1429 unum
2082 1409 2158 1429 esse.

2666 1056 2676 1066 ‘
2689 1056 2758 1079 Text.
2771 1062 2802 1080 21.

2667 1363 2677 1372 ·
2683 1362 2877 1391 eapmrrmaa.

1573 1493 1658 1521 homo
1680 1498 1723 1520 est
1743 1493 1835 1527 albus,
1850 1493 1901 1521 sed
1915 1499 2027 1521 tantum
2042 1494 2127 1522 homo
2149 1494 2247 1528 albus‚·
2264 1494 2312 1523 alii
2325 1503 2394 1523 vero
2409 1496 2560 1524 mutabant
2574 1505 2639 1524 mo-

1573 1533 1644 1560 dum
1664 1531 1812 1569 loquendi,
1834 1538 1862 1560 et
1883 1541 1944 1561 non
1964 1532 2098 1561 dic'ebant
2118 1533 2204 1562 homo
2226 1539 2269 1562 est
2289 1534 2380 1569 albus,
2403 1535 2489 1563 homo
2510 1541 2553 1563 est
2576 1544 2637 1563 am-

1574 1572 1694 1607 bulans,
1717 1572 1767 1599 sed
1789 1572 1873 1600 homo
1895 1573 2024 1606 albatur,
2046 1573 2131 1600 homo
2152 1573 2289 1601 ambulat.
2305 1589 2324 1595 -
2341 1574 2366 1602 3.
2381 1575 2419 1602 At
2446 1575 2520 1602 bene
2543 1581 2639 1611 potest

1575 1620 1636 1639 esse
1662 1611 1771 1648 aliquid
1785 1621 1876 1639 unum
1892 1618 1919 1640 et
1933 1612 2023 1640 multa
2037 1613 2196 1640 secundum
2211 1613 2353 1642 diversam
2367 1613 2525 1642 rationem:
2545 1624 2638 1642 unum

1574 1651 1718 1684 subiecto,
1740 1651 1830 1679 multa
1851 1651 1979 1685 ratione,·
2000 1661 2091 1679 unum
2114 1657 2170 1680 toto
2192 1659 2220 1680 et
2240 1658 2321 1687 actu,
2343 1653 2435 1682 multa
2455 1653 2485 1681 in
2507 1654 2637 1691 potentia

1576 1697 1604 1719 et
1624 1691 1783 1719 secundum
1805 1690 1930 1727 partium
1951 1691 2131 1720 divisionem.
2146 1709 2166 1713 -
2179 1701 2207 1727 4.
2231 1693 2388 1721 Conclusio
2410 1693 2528 1721 intenta.

1574 1783 1680 1832 quod
1707 1784 1803 1820 haec
1822 1785 1842 1803 *
1872 1783 1984 1820 dictio
2013 1789 2076 1830 est,
2106 1797 2194 1821 cum
2223 1785 2268 1821 sit
2296 1786 2433 1834 copula
2460 1785 2635 1834 verbalis,

1574 1836 1670 1873 inter
1688 1836 1765 1874 duo
1791 1838 2001 1885 copularet:
2024 1844 2060 1874 et
2077 1837 2164 1874 ideo
2182 1838 2201 1859 ²¹⁶
2216 1838 2376 1875 totaliter
2395 1838 2443 1875 ab
2464 1851 2510 1875 eo
2532 1839 2637 1888 quod

1575 1896 1631 1926 est
1657 1902 1779 1926 unum
1813 1889 2093 1927 multitudinem
2131 1891 2278 1928 auferre
2304 1892 2497 1940 volentes,
2537 1892 2636 1929 dice-

1575 1943 1666 1979 bant
1692 1955 1771 1979 non
1800 1955 1882 1980 esse
1910 1944 2184 1991 apponendum
2212 1944 2287 1980 hoc
2313 1945 2476 1981 verbum
2505 1950 2559 1981 est
2578 1943 2607 1982 fi.
2763 1950 2778 1985 β

1629 1995 1706 2032 Sed
1733 1995 1822 2045 quia
1849 1996 2070 2045 imperfecta
2099 1996 2218 2033 oratio
2237 1996 2449 2045 videbatur,
2471 2005 2507 2034 et
2527 1999 2547 2019 *
2566 1998 2636 2034 im-

1573 2049 1782 2097 perfectum
1817 2061 1972 2087 sensum
2005 2050 2174 2097 generari
2206 2050 2245 2086 in
2278 2050 2406 2087 animo
2436 2051 2635 2099 auditoris,

1574 2101 1604 2137 si
1639 2109 1831 2150 ponantur
1867 2101 2024 2139 nomina
2066 2103 2210 2151 absque
2252 2103 2443 2140 additione
2481 2104 2636 2141 alicuius

1573 2154 1699 2200 verbi;
1728 2155 1803 2191 hoc
1830 2155 2003 2191 volentes
2032 2155 2217 2203 corrigere
2238 2155 2298 2192 alii
2327 2156 2526 2194 mutabant
2553 2169 2636 2193 mo-

1575 2207 1667 2244 dum
1692 2207 1884 2256 loquendi,
1905 2215 1942 2244 et
1961 2220 2039 2244 non
2059 2208 2235 2246 dicebant
2253 2210 2365 2246 homo
2380 2209 2487 2246 albus
2501 2215 2527 2256 ⁷,
2549 2222 2636 2259 pro·
2762 2222 2780 2248 τ

1572 2267 1655 2309 pter
1672 2260 2001 2308 imperfectionem
2022 2261 2212 2309 orationis,
2229 2274 2300 2298 nec
2318 2263 2430 2299 homo
2446 2268 2501 2299 est
2517 2263 2635 2309 albus,

1572 2326 1622 2350 ne
1642 2313 1793 2350 daretur
1820 2313 1971 2361 intelligi
1999 2314 2214 2360 multitudo,
2239 2314 2306 2351 sed
2333 2316 2446 2351 homo
2470 2315 2637 2352 albatur:

1574 2365 1661 2415 quia
1678 2378 1748 2414 per
1766 2367 1840 2403 hoc
1859 2366 1965 2415 quod
1985 2374 2040 2403 est
2057 2367 2182 2403 albari
2195 2368 2226 2412 '¹2
2248 2379 2327 2404 non
2348 2367 2559 2415 intelligitur
2577 2380 2636 2404 res

1573 2419 1718 2467 aliqua,
1747 2427 1789 2455 ut
1818 2419 1869 2455 eis
1902 2419 2123 2467 videbatur,
2153 2420 2222 2456 sed
2249 2420 2440 2468 quaedam
2478 2420 2636 2457 subiecti

1573 2472 1846 2509 transmutatio.
1877 2473 1926 2508 Et
1953 2472 2120 2509 similiter
2140 2473 2159 2493 ss
2189 2473 2364 2510 dicebant
2381 2485 2460 2510 non
2480 2485 2562 2510 esse
2582 2473 2635 2510 di-

1575 2524 1739 2562 cendum
1758 2526 1870 2562 homo
1892 2525 1911 2545 ‘³²
1931 2530 1984 2561 est
2001 2525 2210 2571 ambulans,
2231 2525 2298 2563 sed
2317 2527 2430 2563 homo
2450 2526 2636 2571 ambulat,-

1573 2590 1622 2614 ne
1640 2590 1709 2626 per
1727 2578 1960 2615 additionem
1979 2578 2092 2614 huius
2113 2579 2272 2628 copulae
2290 2578 2454 2616 verbalis
2473 2579 2493 2600 *
2511 2585 2574 2625 est,
2595 2579 2634 2616 id

1574 2631 1678 2679 quod
1694 2631 1917 2679 reputabant
1937 2632 1956 2652 '¹‘
1975 2643 2108 2678 unum,
2130 2631 2268 2668 scillcet
2285 2632 2474 2669 hominem
2493 2632 2633 2679 album,

2664 1796 2674 1806 ·
2685 1795 2743 1818 haec
2750 1801 2799 1819 om.
2805 1802 2876 1834 pap.

2665 1849 2675 1859 ·
2689 1848 2724 1870 ita
2738 1854 2793 1871 zoa.

2661 2011 2672 2023 “
2686 2013 2710 2033 et
2722 2017 2771 2034 om.
2785 2017 2822 2034 m.

2663 2380 2672 2389 ·
2687 2378 2765 2402 album
2773 2385 2877 2405 Ammo,

2663 2411 2806 2434 srvxnpon.

2661 2537 2673 2548 ⁸
2687 2536 2754 2559 albu
2771 2536 2860 2560 addunt

2660 2566 2796 2638 ffgbeatug.
2802 2596 2850 2612 om.
2860 2595 2879 2612 ι

2662 2643 2878 2671 *murum

1573 2684 1737 2720 facerent
1757 2696 1837 2720 esse
1858 2684 1991 2720 multa:
2021 2696 2066 2720 ac
2090 2684 2120 2721 si
2138 2697 2260 2721 unum
2281 2691 2317 2721 et
2336 2697 2402 2722 ens
2423 2684 2636 2722 dicerentur
2662 2672 2684 2690 θ’
2698 2674 2723 2691 ‘¹'

1571 2737 1815 2786 singulariter
1826 2738 1857 2783 ³³³,
1873 2736 1969 2774 idest
1982 2749 2061 2774 uno
2077 2737 2209 2785 modo,
2225 2745 2262 2774 et
2276 2732 2355 2774 non
2370 2737 2632 2786 multipliciter.

1628 2791 1662 2826 3.
1685 2790 1761 2827 Sed
1781 2790 1855 2826 hoc
1875 2797 1930 2826 est
1949 2790 2097 2837 falsum,
2119 2790 2208 2839 quia
2222 2790 2261 2827 id
2277 2791 2296 2811 '¹‘
2317 2791 2421 2839 quod
2437 2798 2492 2827 est
2511 2803 2632 2827 unum

1572 2855 1650 2879 uno
1671 2843 1802 2890 modo,
1817 2850 1942 2891 potest
1961 2855 2042 2879 esse
2063 2844 2181 2879 multa
2200 2843 2273 2879 alio
2289 2843 2408 2880 modo
2426 2844 2462 2880 *ε
2480 2843 2575 2880 sicut
2590 2845 2633 2865 *¹¹²

1573 2896 1678 2944 quod
1694 2902 1748 2932 est
1762 2908 1883 2932 unum
1903 2895 2084 2942 subiecto,
2100 2903 2225 2944 potest
2239 2908 2321 2933 esse
2337 2897 2456 2933 multa
2475 2895 2630 2943 ratione,

1573 2949 1667 2985 sicut
1686 2949 1815 2985 album
1845 2955 1881 2984 et
1908 2948 2097 2985 musicum
2123 2949 2225 2985 idem
2254 2957 2340 2986 sunt
2367 2948 2536 2985 subiecto
2565 2949 2633 2986 sed

1573 3001 1716 3038 ratione
1745 3001 1879 3047 multa3
1910 3000 1981 3037 alia
2001 3001 2103 3038 enim
2124 3009 2178 3038 est
2197 3002 2289 3038 ratio
2310 3001 2444 3038 musici
2466 3009 2502 3038 et
2521 3003 2541 3023 *
2561 3002 2633 3039 alia

1573 3052 1658 3090 albi.
1686 3054 1795 3091 Unde
1817 3054 1990 3091 concludi
2008 3061 2133 3103 potest
2161 3054 2266 3103 quod
2292 3067 2414 3091 unum
2439 3054 2484 3091 sit
2502 3055 2631 3092 multa.

1572 3107 1657 3143 Alio
1679 3107 1791 3143 etiam
1812 3106 1930 3143 modo
1952 3107 2129 3155 contingit
2149 3107 2253 3156 quod
2268 3107 2306 3144 id
2321 3107 2425 3157 quod
2442 3115 2497 3144 est
2510 3120 2632 3145 unum

1573 3163 1651 3196 to'to
1682 3167 1717 3196 et
1745 3166 1830 3196 actu
1845 3157 1874 3206 ὃ,
1904 3159 1949 3196 sit
1967 3161 2086 3196 multa
2105 3160 2316 3197 secundum
2344 3160 2509 3209 partium
2539 3161 2633 3198 divi·
2757 3163 2772 3190 ὅ

1573 3212 1736 3249 sionem:
1765 3212 1867 3250 unde
1896 3219 2019 3250 totum
2049 3220 2104 3250 est
2130 3226 2251 3250 unum
2280 3213 2319 3250 in
2343 3226 2412 3250 sua
2440 3213 2630 3262 totalitate,

2660 2747 2672 2758 ⁸
2685 2746 2873 2775 simpliciter&-

2661 2773 2724 2795 dice·
2745 2779 2795 2795 uc.
2808 2778 2876 2796 nm

2660 2805 2729 2847 fra
2741 2825 2810 2847 m.

2659 2852 2672 2863 *
2688 2851 2757 2874 modo
2773 2858 2802 2874 ex
2817 2857 2834 2873 a
2850 2855 2875 2874 et

2660 2878 2781 2900 codicibus
2789 2884 2838 2900 exc.
2847 2884 2873 2905 νς

2660 2904 2879 2953 &afflamina

2659 2962 2788 2983 ntoqrvxv.
2803 2962 2877 2979 mnu:

2660 2983 2748 3005 addunt
2762 2989 2811 3005 ιιι.

2661 3011 2670 3020 ·
2686 3011 2711 3031 ee
2722 3015 2771 3032 om.
2785 3015 2824 3031 na.

1571 3363 1680 3388 ctionem
1695 3370 1719 3393 a,
1734 3366 1760 3388 et
1779 3371 1829 3388 non
1850 3363 1972 3388 dicebant
1990 3363 2067 3388 homo
2084 3363 2167 3392 albus,
2183 3370 2215 3388 ne
2229 3363 2341 3388 daretur
2354 3363 2468 3396 intelligi
2481 3362 2631 3391 multitudo,

1571 3399 1697 3439 posterior
1709 3399 1756 3439 ¹ed.
1769 3398 1783 3423 b
1803 3406 1862 3423 cum
1882 3406 1965 3432 eaque
1983 3403 2082 3424 ceterae
2102 3398 2253 3423 addiderunt
2270 3398 2349 3424 verba
2368 3398 2399 3423 ab
2418 3398 2540 3423 omnibus
2562 3398 2631 3422 codi-

1572 3433 1649 3503 Ειιωέ)
1663 3441 1854 3494 (Ἆπῗιέἕὸἓὶίανη...
1873 3471 1942 3498 actu,
1963 3468 2006 3493 sit.
2021 3482 2040 3487 -
2058 3468 2110 3493 Pro
2129 3468 2225 3497 etiam,
2245 3468 2313 3493 enim
2333 3468 2411 3499 EGc13
2434 3475 2482 3500 pro
2505 3467 2534 3492 id
2551 3467 2631 3500 quod,

517 3503 542 3535 γ)
563 3503 638 3527 homo
653 3503 753 3528 albus...
768 3510 822 3528 nec.
836 3517 854 3523 -
866 3504 935 3528 Haec
953 3503 1032 3528 verba
1050 3512 1102 3529 om.
1117 3511 1209 3529 omnes
1229 3503 1329 3528 codices
1344 3508 1369 3528 et
1383 3511 1413 3533 α;
1428 3509 1518 3536 postea
1572 3503 1640 3529 idem
1657 3504 1719 3537 EpG
1739 3509 1764 3528 et
1783 3511 1814 3534 a;
1834 3511 1881 3536 pro
1900 3511 1994 3533 unum,
2015 3510 2066 3528 uno
2085 3502 2261 3534 AKstxv;
2282 3510 2328 3535 pro
2347 3506 2416 3532 toto,
2440 3502 2573 3528 totalitate
2591 3502 2633 3527 Ls

464 3537 506 3566 ibi.
521 3538 598 3562 homo
613 3541 651 3562 est
669 3538 750 3567 albus,
765 3539 853 3570 EHpG
873 3543 897 3563 et
915 3546 932 3563 a
951 3547 1002 3564 om.
1022 3543 1067 3564 est.
1087 3539 1204 3564 Forsitan
1223 3545 1328 3572 propter
1346 3546 1463 3564 mancam
1482 3540 1518 3564 le-

1572 3539 1608 3570 s1‚
1628 3542 1712 3565 totum
1732 3539 1786 3570 Ga,·
1805 3542 1831 3564 et
1849 3547 1901 3564 om.
1921 3538 2072 3570 EGMNOa;
2091 3546 2138 3571 pro
2156 3538 2199 3567 sit,
2219 3538 2279 3563 11'cet
2295 3538 2332 3563 sit
2349 3538 2422 3563 Εὔα.

2663 2484 2675 2496 ⁸
2688 2484 2724 2506 sic
2736 2484 2864 2513 υικκψαῗ).
2909 2491 2912 2494 ·
