2898 3996
70 462 167 485 *Num-
183 469 231 491 seq.

33 522 36 523 γ
69 489 94 502 ”
105 489 177 511 Num.
191 495 212 517 5.

65 1411 79 1423 ⁸
92 1410 156 1433 beet.
174 1416 234 1437 xvn,
254 1416 277 1431 n.

34 1482 35 1486 ,
63 1462 91 1476 ⁴⁸
104 1463 137 1484 sit
148 1462 217 1484 codd.

31 1510 41 1515 ,
67 1490 78 1500 ”
85 1491 224 1537 raffau-mon
233 1489 280 1510 erit

67 1515 112 1538 oud
130 1530 138 1536 .
147 1521 197 1538 exc.
207 1521 230 1537 ι.

34 1558 43 1563 i
66 1568 78 1578 '
91 1567 202 1590 hoc-add.
215 1574 238 1590 ι’.

113 1751 137 1773 d.
152 1754 174 1773 et
187 1757 211 1772 a.

67 1777 92 1790 '⁵'
104 1779 132 1800 ut
148 1783 198 1800 om.
208 1777 278 1799 codd.

23 1797 34 1811 f
65 1810 118 1826 exc.
131 1809 155 1826 ο.

1106 273 1216 309 CAP.
1246 272 1350 319 xiv,

309 351 407 387 circa
433 351 508 387 hoc
535 350 604 387 tria
632 350 738 386 facit:
768 351 891 399 primo
920 358 1052 388 movet
1071 350 1363 394 dubitationem3

309 403 476 440 secundo
506 402 634 439 obiicit
661 403 709 440 ad
737 404 1012 450 quaestionem,
1034 403 1106 438 ibi:
1135 401 1366 450 Impossibile

307 456 406 492 enim
426 455 446 476 ’²‘
467 462 555 500 etc.;
575 455 683 491 tertio
711 456 832 502 solvit,
861 455 930 492 ibi:
959 455 1032 491 Sed
1057 460 1124 491 aut
1148 456 1218 490 hoc
1235 454 1275 474 ³¹²*
1296 461 1363 489 etc.

308 508 377 544 Est
404 519 493 555 ergo
523 507 722 554 dubitatio,
750 515 878 544 utrum
907 519 986 544 non
1005 507 1182 543 existente
1203 506 1329 542 anima
1347 505 1364 534 β

309 568 406 597 esset
432 567 595 608 tempus,
626 568 690 597 aut
715 573 806 596 non.

359 625 397 660 4.
427 613 604 650 Secundo
633 613 704 649 ibi:
733 611 964 660 Impossibile
990 611 1089 647 enim
1113 622 1198 647 cum
1216 611 1263 646 sit
1281 617 1362 656 etc.,

308 665 436 702 obiicit
462 666 512 703 ad
540 665 818 702 ostendendum
847 663 951 711 quod
986 675 1076 699 non.
1105 662 1204 709 Quia
1237 662 1267 698 si
1295 662 1363 698 im-

307 717 484 767 possibile
522 724 620 754 esset
657 729 739 754 esse
775 715 930 763 aliquod
965 722 1100 763 potens
1137 726 1362 761 numerare,

307 770 538 819 impossibile
558 776 656 805 esset
683 780 764 804 esse
784 767 937 815 aliquod
960 767 1207 814 numerabile,
1228 743 1363 815 potens

307 823 445 860 scilicet
478 820 682 858 numerari.
721 820 797 856 Sed
834 820 865 856 si
901 832 979 856 non
1017 827 1072 856 est
1107 820 1362 866 numerabile,

307 887 386 912 non
415 882 470 910 est
495 884 693 917 numerus;
723 872 810 920 quia
838 883 1019 908 numerus
1047 885 1126 909 non
1146 880 1201 908 est
1227 872 1298 908 nisi
1326 873 1364 908 in

307 938 354 963 eo
388 925 494 974 quod
529 932 750 961 numeratur
781 932 883 971 actu,
911 926 974 961 vel
1008 925 1111 972 quod
1145 933 1200 961 est
1231 937 1362 961 nume-

307 978 421 1015 rabile
450 978 488 1014 in
515 977 694 1026 potentia.
724 977 959 1025 Relinquitur
983 989 1072 1024 ergo
1096 978 1200 1026 quod
1228 978 1258 1013 si
1285 990 1364 1014 non

309 1039 364 1068 est
391 1030 545 1079 aliquod
572 1037 707 1079 potens
735 1042 954 1076 numerare,
985 1030 1089 1078 quod
1116 1042 1195 1067 non
1223 1030 1268 1066 sit
1295 1042 1363 1066 nu-

308 1095 447 1120 merus.
469 1083 546 1120 Sed
563 1082 654 1119 nihil
674 1082 775 1119 aliud
802 1090 933 1119 natum
953 1090 1009 1119 est
1026 1094 1227 1119 numerare
1248 1086 1363 1131 quam

308 1136 453 1182 anima,
488 1143 524 1172 et
558 1135 655 1172 inter
685 1142 811 1183 partes
847 1135 996 1172 animae
1030 1147 1108 1172 non
1145 1135 1216 1171 alia
1248 1148 1364 1183 quam

307 1189 514 1226 intellectus
541 1193 572 1233 7;
601 1187 691 1236 quia
717 1188 928 1224 numeratio
957 1188 1000 1224 fit
1027 1199 1096 1236 per
1124 1188 1364 1225 collationem

307 1248 595 1278 numeratorum
614 1240 664 1277 ad
681 1252 799 1277 unam
826 1240 990 1289 primam
1009 1253 1249 1287 mensuram,
1276 1254 1364 1278 con-

306 1294 402 1330 ferre
422 1301 549 1331 autern
569 1293 721 1330 rationis
749 1300 815 1330 est.
846 1293 886 1330 Si
913 1293 1022 1341 igitur
1049 1306 1127 1330 non
1156 1301 1211 1329 est
1238 1294 1366 1331 anima

306 1346 541 1393 intellectiva,
561 1358 640 1383 non
669 1354 723 1382 est
740 1357 934 1383 numerus.
955 1347 1129 1394 Tempus
1158 1353 1284 1382 autem
1310 1355 1366 1384 est

306 1411 500 1446 numerus,
518 1406 560 1436 ut
579 1399 720 1436 dictum
741 1406 796 1435 est
815 1400 846 1435 ’ἦ
869 1399 908 1435 Si
929 1411 1017 1446 ergo
1041 1411 1120 1435 non
1149 1406 1203 1436 est
1228 1400 1269 1420 *⁷³²
1288 1400 1365 1436 ani-

305 1465 371 1489 ma
397 1451 633 1498 intellectiva,
662 1463 742 1488 non
770 1458 825 1488 est
852 1458 1002 1500 tempus
1023 1452 1053 1488 ’ἢ

363 1506 396 1542 5.
425 1504 572 1541 Deinde
601 1516 688 1540 cum
709 1503 817 1547 dicit:
847 1504 921 1548 Sed
942 1509 1006 1540 aut
1033 1505 1104 1541 hoc
1131 1511 1200 1541 etc.
1206 1533 1222 1567 ..’
1253 1505 1365 1542 solvit

307 1557 591 1594 dubitationem.
621 1557 670 1593 Et
693 1556 782 1593 dicit
808 1556 914 1615 quod
941 1564 1004 1593 aut
1032 1562 1219 1605 oportet*
1239 1557 1363 1594 dicere

307 1609 413 1657 quod
448 1616 600 1658 tempus
638 1621 716 1645 non
744 1609 806 1656 sit,
840 1609 870 1645 si
907 1621 985 1646 non
1023 1616 1080 1646 est
1115 1609 1261 1656 anima3
1300 1618 1364 1647 aut

271 1687 278 1694 ·
307 1669 458 1710 oportet
490 1663 566 1698 hoc
590 1662 610 1682 ’ᾖ
638 1661 763 1698 dicere
798 1661 940 1709 verius,
980 1663 1084 1709 quod
1120 1669 1271 1711 tempus
1309 1670 1363 1700 est

305 1722 513 1763 utcumque
542 1715 561 1734 '⁵
587 1726 653 1751 ens
681 1714 760 1757 sine
789 1715 927 1761 anima,
957 1722 998 1751 ut
1027 1716 1067 1736 *⁴*
1094 1723 1186 1763 puta
1214 1716 1244 1752 si
1273 1728 1361 1752 con-

305 1767 410 1816 tingit
437 1774 586 1804 motum
607 1779 688 1804 esse
708 1767 787 1803 sine
807 1767 945 1804 anima.
968 1767 1071 1804 Sicut
1090 1768 1191 1804 enim
1210 1769 1363 1816 ponitur

306 1827 450 1867 motus,
480 1820 530 1856 ita
558 1832 712 1857 necesse
741 1827 797 1857 est
823 1820 915 1868 poni
942 1827 1114 1868 tempus:
1144 1821 1231 1869 quia
1257 1822 1361 1870 prius

307 1880 343 1910 et
368 1873 555 1921 posterius
583 1872 622 1909 in
649 1880 758 1909 motu
785 1881 886 1918 sunt;
907 1880 944 1909 et
970 1874 1075 1920 haec,
1098 1873 1236 1910 scilicet
1258 1874 1362 1922 prius

306 1932 343 1962 et
368 1925 555 1985 posterius
583 1933 721 1972 motus,
741 1925 966 1974 inquantum
988 1934 1075 1963 sunt
1101 1927 1360 1975 numerabilia,

306 1986 392 2015 sunt
410 1978 534 2027 ipsum
562 1985 725 2026 tempus.
893 1981 905 1992 ⁵

358 2032 420 2068 Ad
453 2030 682 2068 evidentiam
714 2038 842 2067 autem
871 2031 982 2067 huius
1011 2031 1206 2068 solutionis
1241 2032 1361 2069 consi-

307 2083 516 2121 derandum
546 2091 612 2131 est,
632 2083 736 2131 quod
763 2083 894 2132 positis
921 2084 1033 2120 rebus
1052 2085 1268 2131 numeratis,
1298 2097 1360 2122 ne-

308 2148 411 2172 cesse
436 2143 492 2172 est
518 2136 610 2184 poni
637 2148 853 2172 numerum.
881 2136 993 2173 Unde
1021 2136 1116 2173 sicut
1143 2149 1201 2173 res
1229 2150 1361 2174 nume-

307 2195 408 2226 ratae
445 2188 662 2236 dependent
691 2201 714 2225 a
750 2197 989 2235 numerante,
1022 2188 1074 2225 ita
1110 2197 1146 2225 et
1181 2202 1362 2227 numerus

309 2253 452 2278 earum.
473 2242 567 2278 Esse
595 2248 722 2277 autem
742 2253 870 2278 rerum
889 2249 1173 2278 numeratarum
1201 2255 1279 2279 non
1299 2243 1362 2280 de-

306 2293 447 2342 pendet
484 2294 531 2330 ab
569 2294 774 2341 intellectu,
809 2293 878 2330 nisi
911 2294 956 2330 sit
988 2293 1120 2342 aliquis
1156 2294 1363 2332 intellectus

308 2346 372 2394 qui
402 2346 448 2382 sit
475 2358 588 2383 causa
608 2357 746 2393 rerum,
767 2347 862 2383 sicut
881 2355 936 2383 est
959 2346 1164 2384 intellectus
1192 2347 1360 2385 divinus:

306 2411 386 2436 non
413 2406 540 2436 autem
569 2399 759 2447 dependet
786 2401 833 2436 ab
861 2399 1048 2436 intellectu
1071 2400 1231 2437 animae.
1253 2401 1362 2438 Unde

307 2464 379 2489 nec
405 2463 588 2488 numerus
615 2465 743 2489 rerum
771 2453 818 2489 ab
838 2452 1025 2488 intellectu
1053 2452 1202 2489 animae
1223 2455 1362 2502 depen-

309 2504 391 2542 det:
425 2504 494 2543 sed
525 2506 652 2542 solum
680 2505 762 2553 ipsa
789 2505 1017 2552 numeratio,
1049 2518 1146 2554 quae
1176 2514 1231 2542 est
1259 2514 1362 2543 actus

308 2557 474 2604 animae,
513 2558 560 2594 ab
597 2557 785 2594 intellectu
822 2558 971 2594 animae
1009 2557 1208 2606 dependet.
1248 2559 1363 2596 Sicuti

309 2622 398 2657 ergo
426 2617 586 2657 possunt
613 2622 695 2647 esse
719 2610 907 2647 sensibilia
934 2622 1047 2647 sensu
1071 2623 1148 2648 non
1155 2611 1362 2685 Rexistente,

309 2669 345 2698 et
376 2661 614 2710 intelligibilia
641 2663 827 2699 intellectu
846 2675 924 2699 non
953 2662 1168 2700 existente⁸
1171 2693 1178 2710 ,
1200 2664 1250 2700 ita
1277 2677 1363 2713 pos-

309 2722 396 2751 sunt
423 2727 506 2751 esse
533 2715 782 2752 numerabilia
809 2723 845 2752 et
868 2728 1059 2762 numerus,
1080 2729 1158 2752 non
1187 2708 1367 2754 existente

309 2774 543 2804 numerante.
560 2788 584 2794 -
606 2768 683 2804 Sed
701 2768 795 2804 forte
816 2768 1076 2805 conditionalis
1096 2781 1212 2817 quarn
1239 2770 1363 2818 primo

308 2819 445 2868 posuit,
476 2828 530 2856 est
556 2832 666 2866 vera,
695 2820 833 2856 scilicet
860 2820 965 2868 quod
993 2821 1023 2857 si
1052 2828 1106 2857 est
1133 2821 1364 2869 impossibile

310 2884 392 2912 esse
425 2872 590 2921 aliquem
623 2880 900 2920 numerantem,
936 2873 1166 2922 impossibile
1197 2882 1252 2911 est
1283 2887 1364 2912 esse

309 2924 463 2974 aliquod
495 2925 749 2962 numerabile:
779 2926 873 2962 sicut
900 2926 995 2962 haec
1024 2934 1078 2963 est
1104 2939 1208 2973 vera,
1238 2927 1268 2963 si
1295 2928 1363 2964 im-

308 2977 487 3026 possibile
508 2986 563 3015 est
591 2990 673 3015 esse
693 2978 857 3026 aliquem
877 2978 1111 3025 sentientem,
1132 2979 1365 3028 impossibile

311 3037 367 3066 est
393 3042 476 3066 esse
508 3031 647 3079 aliquid
680 3030 865 3069 sensibile.
897 3031 936 3068 Si
965 3032 1065 3068 enim
1095 3040 1150 3068 est
1178 3033 1365 3080 sensibile,

309 3086 434 3130 potest
461 3083 598 3130 sentiri,
626 3091 662 3119 et
685 3084 712 3121 si
737 3091 861 3132 potest
884 3084 1021 3130 sentiri,
1041 3092 1165 3133 potest
1193 3098 1274 3122 esse
1303 3086 1365 3122 ali-

311 3134 415 3183 quod
452 3135 632 3181 sentiens;
668 3137 751 3173 licet
787 3149 864 3174 non
898 3145 1075 3185 sequatur
1111 3138 1216 3186 quod
1252 3138 1283 3174 si
1314 3146 1368 3176 est

310 3186 504 3234 sensibile,
538 3189 642 3236 quod
675 3189 721 3226 sit
757 3189 931 3226 sentiens.
962 3191 1011 3226 Et
1046 3190 1213 3227 similiter
1245 3192 1366 3239 sequi-

311 3247 371 3276 tur
398 3240 503 3288 quod
530 3241 561 3277 si
588 3249 644 3278 est
671 3242 811 3290 aliquid
839 3242 1090 3289 numerabile,
1120 3243 1224 3291 quod
1251 3244 1369 3292 possit

1381 272 1530 308 LECT.
1560 273 1683 309 XXIII

2398 278 2470 314 223

1422 359 1503 383 esse
1531 349 1671 396 aliquid
1707 362 1922 387 numerans.
1962 352 2071 389 Unde
2099 353 2128 389 si
2157 353 2387 403 impossibile
2417 363 2472 392 est

1421 412 1501 436 esse
1530 400 1683 449 aliquod
1711 415 1924 449 numerans,
1955 404 2186 452 impossibile
2216 415 2270 443 est
2298 419 2378 444 esse
2407 408 2471 443 ali-

1420 452 1508 499 quid
1528 454 1776 490 numerabile.
1798 468 1874 491 non
1893 464 2020 493 tamen
2040 458 2206 506 sequitur
2224 460 2328 507 quod
2344 460 2374 496 si
2393 472 2470 496 non

1419 511 1474 540 est
1501 517 1715 551 numerans,
1737 508 1839 554 quod
1867 521 1944 544 non
1963 509 2008 545 sit
2027 512 2277 560 numerabile,
2306 520 2347 549 ut
2366 513 2469 549 obie-

1420 556 1491 592 ctio
1520 557 1739 605 Philosophi
1766 561 2006 606 procedebat.

1473 608 1512 644 Si
1538 621 1626 656 ergo
1652 619 1777 646 motus
1801 612 1994 649 haberet²³²
2015 626 2095 651 esse
2124 615 2243 652 fixum
2271 616 2309 652 in
2343 618 2466 663 rebus,

1418 659 1513 696 sicut
1539 662 1632 709 lapis
1659 663 1720 698 vel
1755 675 1882 711 equus,
1911 674 2040 712 posset
2066 668 2236 704 absolute
2265 669 2336 705 dici
2364 646 2469 718 quod

1418 712 1512 748 sicut
1531 713 1642 749 etiam
1662 715 1788 751 anima
1808 728 1885 752 non
1915 718 2090 755 existente
2121 728 2174 756 est
2200 733 2380 758 numerus
2418 723 2467 758 la-

1416 764 1550 812 pidum
1578 767 1614 813 ³³,
1644 766 1693 802 ita
1730 768 1842 804 etiam
1880 770 2006 806 anima
2043 783 2120 807 non
2157 773 2334 809 existente
2373 782 2504 811 esset·

1418 829 1597 854 numerus
1623 827 1760 866 motus,
1785 820 1850 879 qui
1870 829 1923 857 est
1941 829 2101 871 tempus.
2133 825 2208 861 Sed
2236 834 2362 862 motus
2390 839 2468 864 non

1417 870 1530 906 habet
1558 883 1639 907 esse
1667 872 1786 908 fixum
1814 873 1852 908 in
1885 874 2007 920 rebus,
2037 887 2108 911 nec
2136 877 2275 924 aliquid
2303 887 2387 915 actu
2415 880 2467 916 in-

1417 922 1565 958 venitur
1584 923 1622 959 in
1641 924 1752 960 rebus
1779 925 1825 961 de
1846 934 1962 972 motu,
1984 927 2053 963 nisi
2082 929 2276 976 quoddam
2304 930 2468 968 indivisi-

1418 974 1491 1010 bile
1520 983 1657 1021 motus,
1678 977 1781 1034 quod
1811 985 1864 1013 est
1882 986 2008 1015 motus
2037 980 2189 1017 divisio:
2217 983 2282 1019 sed
2310 984 2468 1020 totalitas

1418 1035 1544 1063 motus
1586 1028 1764 1075 accipitur
1804 1042 1872 1077 per
1913 1032 2252 1070 considerationem
2294 1036 2467 1082 animae,

1419 1080 1672 1137 comparantis
1708 1081 1873 1128 priorem
1912 1083 2195 1131 dispositionem
2234 1088 2383 1124 mobilis
2420 1089 2468 1125 ad

1417 1132 1679 1179 posteriorem.
1710 1133 1771 1169 Sic
1790 1133 1898 1192 igitur
1917 1143 1951 1171 et
1970 1144 2118 1184 tempus
2146 1151 2223 1175 non
2251 1141 2364 1177 habet
2387 1153 2468 1177 esse

1419 1191 1522 1220 extra
1548 1184 1738 1232 animam,
1768 1186 1837 1221 nisi
1860 1188 2069 1225 secundum
2093 1203 2204 1227 suum
2232 1192 2467 1230 indivisibile·

1418 1236 1500 1284 ipsa
1527 1244 1655 1273 autem
1677 1238 1696 1258 ‘³‘
1718 1238 1876 1274 totalitas
1904 1241 2085 1287 temporis
2113 1244 2292 1291 accipitur
2318 1258 2386 1293 per
2409 1259 2468 1282 or-

1419 1289 1651 1325 dinationem
1680 1290 1828 1326 animae
1849 1293 2078 1329 numerantis
2106 1295 2208 1342 prius
2228 1304 2264 1332 et
2285 1299 2468 1345 posterius

1418 1341 1456 1378 in
1475 1349 1594 1387 mom,
1615 1349 1656 1378 ut
1675 1355 1788 1390 supra
1803 1344 1822 1364 '¹‘
1841 1343 1980 1380 dictum
2001 1353 2065 1381 est.
2097 1348 2145 1383 Et
2169 1348 2254 1384 ideo
2283 1349 2506 1396 signanter

1419 1394 1507 1430 dicit
1521 1395 1774 1443 Philosophus
1794 1397 1897 1444 quod
1916 1403 2077 1445 tempus,
2098 1411 2176 1436 non
2195 1401 2372 1438 existente
2392 1403 2468 1439 ani-

1418 1459 1494 1494 ma,
1516 1454 1571 1483 est
1590 1453 1787 1496 utcumque
1806 1461 1883 1495 ens,
1904 1449 1999 1486 idest
2017 1450 2249 1499 imperfecte;
2277 1454 2370 1491 sicut
2395 1463 2429 1491 et
2451 1457 2470 1476 '¹‘

1419 1499 1448 1535 si
1483 1499 1627 1536 dicatur
1654 1501 1759 1548 quod
1791 1509 1938 1538 motum
1968 1503 2146 1551 contingit
2173 1518 2255 1542 esse
2283 1507 2362 1543 sine
2391 1509 2467 1544 ani-

1418 1564 1482 1588 ma
1513 1552 1742 1600 imperfecte.
1782 1555 1830 1590 Et
1865 1566 1934 1602 per
1969 1555 2043 1591 hoc
2080 1558 2276 1594 solvuntur
2307 1560 2468 1597 rationes

1418 1617 1530 1653 supra
1557 1606 1577 1626 ³*
1604 1605 1748 1653 positae
1786 1607 1834 1643 ad
1870 1608 2146 1646 ostendendum
2179 1611 2284 1659 quod
2319 1620 2506 1661 tempus

1417 1670 1495 1694 non
1523 1657 1578 1704 sit,
1610 1658 1698 1706 quia
1736 1660 1976 1717 componitur
2010 1673 2054 1697 ex
2089 1663 2256 1710 partibus
2289 1676 2366 1701 non
2396 1667 2469 1702 exi-

1416 1687 1608 1747 stentibiiS.
1643 1712 1749 1748 Patet
1787 1712 1888 1748 enim
1922 1725 1966 1748 ex
2002 1715 2216 1772 praedictis,
2255 1718 2359 1775 quod
2391 1730 2469 1755 non

1415 1763 1530 1799 habet
1558 1775 1639 1799 esse
1675 1764 1884 1812 perfectum
1914 1773 2015 1802 extra
2051 1767 2237 1815 animam,
2272 1769 2366 1806 sicut
2399 1783 2468 1807 nec

1416 1809 1554 1853 motus.

1470 1869 1506 1905 6
1515 1868 1663 1906 Deinde
1680 1882 1768 1910 cum
1784 1869 1885 1906 dicit:
1902 1872 2094 1908 Dubitabit
2105 1878 2228 1909 autem
2243 1874 2375 1933 aliquis
2387 1883 2454 1912 etc.
2446 1904 2467 1923 .,

1417 1929 1549 1958 movet
1576 1922 1836 1980 quaestionem
1866 1923 1912 1959 de
1940 1924 2080 1961 unitate
2108 1926 2300 1973 temporis,
2323 1927 2402 1964 sive
2422 1929 2468 1965 de

1417 1974 1710 2033 comparatione
1727 1975 1908 2023 temporis
1937 1977 1983 2013 ad
2011 1985 2169 2014 motum.
2200 1979 2248 2015 Et
2277 1979 2372 2015 circa
2396 1981 2470 2017 hoc

1415 2026 1485 2063 tria
1512 2027 1617 2063 facit:
1655 2027 1780 2076 primo
1815 2036 1947 2065 movet
1980 2029 2273 2077 dubitationen13
2298 2034 2468 2070 'secundo

1417 2079 1539 2126 solvit,
1568 2080 1637 2116 ibi:
1666 2081 1745 2116 Aut
1770 2081 1961 2117 cuiuslibet
1979 2083 1998 2103 ²³
2018 2091 2104 2127 etc.;
2130 2083 2235 2119 tertio
2259 2085 2470 2122 manifestat

1416 2132 1611 2194 quoddam
1641 2134 1744 2181 quod
1773 2142 2040 2182 supposuerat,
2074 2135 2145 2172 ibi:
2174 2137 2320 2173 Dicitur
2347 2144 2469 2174 autem

1416 2189 1548 2222 recte*
1569 2192 1636 2222 etc.
1666 2185 1766 2222 Dicit
1794 2198 1883 2233 ergo
1910 2187 2034 2234 primo
2063 2188 2168 2236 quod
2196 2189 2374 2226 dubitatio
2404 2199 2468 2237 est,

1417 2250 1505 2274 curn
1534 2245 1684 2296 ternpus
1713 2238 1759 2274 sit
1784 2251 1966 2276 numerus
1994 2247 2131 2287 motus,
2150 2241 2253 2278 cuius
2272 2244 2334 2279 vel
2353 2244 2470 2291 qualis

1417 2298 1543 2326 motus
1572 2290 1617 2326 sit
1643 2303 1837 2328 numerus.

1464 2343 1618 2379 Deinde
1657 2355 1744 2379 cum
1772 2343 1876 2380 dicit:
1904 2345 1983 2381 Aut
2020 2346 2211 2383 cuiuslibet
2243 2354 2323 2395 etc.,
2362 2348 2471 2384 solvit

1418 2395 1705 2432 dubitationem.
1744 2397 1793 2432 Et
1819 2397 1943 2444 primo
1973 2398 2132 2435 excludit
2159 2399 2292 2436 falsam
2320 2401 2470 2437 solutio-

1417 2460 1519 2494 nem;
1537 2448 1704 2484 secundo
1720 2448 1826 2496 ponit
1839 2461 1983 2497 veram,
1999 2450 2062 2487 ibi:
2083 2452 2269 2492 Quoniam
2284 2459 2406 2489 autem
2421 2459 2475 2489 est

1719 2509 1787 2538 etc.
1818 2501 1927 2538 Circa
1945 2502 2112 2551 primum
2131 2504 2199 2541 tria
2218 2505 2323 2542 facit:
2347 2506 2470 2554 primo
2499 2519 2508 2528 ·

1418 2501 1491 2537 loci
1507 2501 1697 2537 mutati·o³²

1416 2553 1523 2602 ponit
1551 2554 1777 2590 solutionem
1806 2555 1956 2600 falsam;
1986 2556 2154 2593 secundo
2179 2557 2367 2606 improbat
2387 2570 2471 2594 eam

1418 2606 1592 2668 ducendo
1622 2607 1672 2643 ad
1698 2607 1981 2654 inconveniens,
2011 2608 2079 2645 ibi:
2110 2610 2183 2646 Sed
2209 2616 2262 2646 est
2277 2623 2376 2647 nunc
2394 2623 2470 2647 mo-

1417 2660 1533 2696 veri·
1527 2663 1640 2704 etc.;
1664 2660 1772 2696 tertio
1798 2660 1959 2697 ostendit
1976 2661 2066 2698 illud
2094 2661 2366 2704 inconveniens
2390 2675 2470 2699 esse

1418 2711 1664 2760 impossibile,
1686 2712 1754 2749 ibi:
1782 2714 1861 2749 Aut
1883 2725 1956 2750 non
1977 2726 2087 2750 omne
2106 2716 2299 2763 namque*
2319 2723 2386 2752 etc.

1473 2777 1508 2812 7.
1543 2765 1612 2801 Est
1644 2777 1733 2812 ergo
1767 2766 1890 2814 prima
1927 2766 2078 2813 solutio,
2108 2768 2209 2815 quod
2246 2775 2394 2816 tempus
2426 2767 2471 2804 sit

1419 2829 1602 2854 numerus
1641 2818 1837 2855 cuiuslibet
1870 2826 2007 2856 motus.
2046 2820 2094 2855 Et
2130 2822 2176 2856 ad
2209 2821 2282 2856 hoc
2308 2820 2469 2868 proban-

1421 2870 1514 2906 dum
1541 2870 1685 2906 inducit
1712 2871 1816 2918 quod
1845 2871 1968 2908 omnis
1996 2879 2121 2908 motus
2142 2880 2196 2909 est
2222 2873 2258 2909 in
2278 2881 2468 2920 tempore3

1420 2922 1559 2959 scilicet
1578 2930 1614 2959 et
1631 2923 1651 2944 '¹‘
1669 2923 1858 2970 generatio
1879 2932 1915 2960 et
1934 2932 2177 2971 augmentum
2199 2933 2233 2961 et
2252 2925 2415 2961 alteratio
2436 2933 2471 2961 et
2496 2938 2507 2948 ⁴

1420 2974 1493 3011 loci
1520 2975 1690 3012 mutatio.
1718 2976 1832 3022 Quod
1858 2984 1983 3013 autem
2013 2977 2188 3014 convenit
2211 2977 2314 3014 omni
2338 2977 2468 3022 motui,

1421 3028 1599 3064 convenit
1618 3028 1738 3064 motui
1766 3029 1975 3065 secundum
2004 3030 2107 3077 quod
2134 3030 2279 3077 ipsum:
2306 3042 2385 3066 esse
2406 3042 2469 3066 au-

1420 3088 1497 3117 tem
1518 3080 1555 3117 in
1574 3088 1747 3129 tempore
1768 3089 1822 3117 est
1841 3082 2030 3118 numerari
2050 3090 2221 3129 tempore
2239 3088 2259 3118 ².
2283 3082 2343 3118 Sic
2363 3082 2470 3128 igitur

1420 3133 1570 3170 videtur
1601 3133 1706 3180 quod
1738 3133 1892 3181 quilibet
1923 3142 2063 3180 motus,
2092 3134 2311 3181 inquantum
2344 3134 2468 3170 huius-

1422 3186 1549 3231 modi,
1578 3186 1962 3223 habetssnumerum:
1992 3187 2091 3223 unde
2121 3197 2206 3221 cum
2239 3193 2386 3232 tempus
2424 3185 2469 3221 sit

1423 3250 1604 3274 numerus
1637 3246 1775 3283 motus,
1803 3238 1951 3275 videtur
1987 3238 2092 3285 sequi
2119 3237 2220 3284 quod
2248 3244 2396 3284 tempus
2425 3237 2470 3273 sit

365 3370 390 3403 β)
411 3375 499 3396 utrum
519 3379 570 3396 non
591 3372 721 3396 existente
734 3373 832 3397 anima.
845 3386 863 3391 -
875 3373 1076 3403 PBEFGHMR5
1091 3379 1138 3399 cet.
1153 3375 1261 3399 addunt:
1280 3375 1303 3399 si
1316 3375 1367 3406 (uel

310 3407 335 3432 si
352 3407 424 3437 DLS,
441 3406 508 3431 idest
525 3406 548 3431 si
566 3407 623 3436 NQ,
637 3407 735 3432 scilicet
751 3408 775 3432 si
793 3407 824 3441 Ζ)
844 3415 895 3432 non
915 3412 981 3433 esset
998 3409 1097 3434 anima.
1110 3424 1129 3428 —
1141 3413 1189 3434 aut
1203 3417 1254 3434 non
1274 3411 1366 3434 retine-

312 3449 371 3466 mus
391 3449 450 3465 cum
469 3441 601 3470 PEGRab,
620 3449 654 3466 an
675 3449 726 3466 non
748 3443 830 3471 HMN,
850 3451 903 3468 om.
924 3448 1003 3468 cet.-
1015 3445 1104 3469 Statim
1124 3445 1149 3469 in
1168 3445 1292 3476 principio
1310 3452 1366 3476 seq.

313 3476 412 3501 numeri
426 3484 473 3508 pro
488 3476 609 3501 Secundo
629 3477 672 3502 ibi:
692 3477 853 3509 Impossibile
871 3478 939 3503 em‘m
953 3485 1012 3505 cum
1025 3479 1060 3504 sit
1078 3483 1126 3505 etc.
1136 3480 1232 3509 obiicit,
1247 3480 1321 3504 codd.
1343 3485 1367 3503 et

310 3512 354 3536 ab
373 3511 468 3536 habent
486 3511 522 3536 Et
540 3511 636 3536 obiicit.

365 3547 391 3580 γ)
411 3549 436 3571 et
455 3546 524 3571 inter
538 3550 631 3578 partes
649 3547 753 3572 animae
772 3555 822 3572 non
842 3548 897 3573 alia
915 3556 992 3581 quam
1018 3549 1171 3574 intellectus.
1184 3563 1203 3566 -
1216 3552 1242 3573 et
1260 3557 1312 3573 om.
1334 3550 1364 3578 S;

311 3581 418 3606 animae
435 3589 487 3606 om.
501 3582 567 3614 SpL,
583 3590 630 3614 pro
645 3590 697 3614 quo
710 3582 765 3607 eius
778 3584 813 3607 sL
821 3591 828 3614 ;
847 3591 894 3616 pro
905 3591 955 3608 non
967 3584 1021 3609 alia
1040 3592 1131 3616 quam,
1147 3585 1188 3608 vel
1197 3591 1274 3615 quam
1286 3585 1326 3608 ed.
1337 3591 1363 3612 a,

1422 3382 1554 3407 nunquam
1570 3376 1609 3399 ed.
1622 3376 1644 3403 b,
1659 3375 1698 3399 vel
1711 3374 1817 3406 aliquod
1827 3374 1873 3405 pE,
1884 3373 1924 3397 vel
1937 3374 1989 3397 alio
2004 3373 2052 3404 pG,
2067 3380 2116 3396 ras.
2131 3373 2184 3404 pH,
2198 3378 2245 3398 cet.
2255 3373 2407 3398 omittunt.--
2417 3375 2467 3398 Pro

1422 3410 1577 3438 numeratio,
1597 3417 1720 3434 numerus
1735 3409 1815 3432 PEab.

1473 3444 1497 3476 δ)
1517 3448 1543 3469 et
1565 3444 1738 3477 intelligibilia
1762 3443 1890 3467 intellectu
1910 3450 1960 3466 non
1985 3442 2122 3466 existente.
2134 3455 2153 3461 -·
2171 3443 2240 3467 Haec
2263 3450 2315 3467 orn.
2334 3443 2469 3476 PHpi-:Gv

1420 3485 1445 3503 et
1463 3480 1512 3508 ab,
1528 3484 1631 3510 propter
1649 3485 1779 3502 recursum
1798 3477 1934 3500 verborum
1955 3483 2004 3500 non
2024 3477 2161 3501 existente.

1473 3515 1494 3545 ε)
1514 3517 1553 3538 est
1571 3513 1706 3537 numerari
1727 3516 1849 3542 tempore.
1862 3524 1879 3529 -
1893 3515 1932 3535 est
1946 3511 2094 3535 mensurari
2106 3519 2123 3535 α
2138 3515 2254 3543 tempore
2267 3513 2300 3542 Z;
2321 3514 2469 3538 mensurari

1420 3549 1514 3572 habent
1528 3549 1603 3572 etiarn
1617 3546 1938 3575 ABCDIKLNOQRSTY;
1958 3549 2080 3577 tempore,
2096 3547 2165 3578 quod
2184 3548 2269 3578 plures
2288 3549 2387 3572 codices
2407 3556 2467 3578 orn.y

1420 3583 1559 3607 retinemus
1578 3591 1637 3607 curn
1659 3581 1821 3605 EGHLMZsI
1842 3585 1867 3604 et
1891 3581 1972 3605 editis.

2495 629 2607 650 *lrabeat
2624 636 2649 655 ε
2664 630 2709 651 ha·

2495 654 2532 675 bet
2545 655 2597 677 nab.

2519 781 2606 808 lapidis
2621 787 2704 804 racem

2492 813 2525 834 pu
2541 811 2561 828 et
2576 813 2591 828 a
2600 807 2619 828 b.

2496 1260 2595 1282 'tannen
2610 1260 2662 1281 pah.

2520 1360 2645 1387 Lect.xv11,
2661 1367 2683 1382 n.
2692 1368 2703 1383 2

2496 1390 2518 1407 ct
2532 1393 2596 1414 seqq.

2497 1462 2505 1469 ·
2521 1462 2543 1481 et
2557 1466 2605 1481 om.
2619 1467 2685 1482 nrum.

2520 1629 2581 1650 Lect.
2596 1635 2632 1655 xv,
2644 1635 2666 1650 n.
2682 1635 2703 1650 2.

2498 2096 2506 2103 '
2520 2095 2579 2116 Infra
2594 2095 2616 2116 in
2634 2095 2678 2115 hoc

2497 2127 2559 2142 num.

2496 2204 2589 2225 Num.
2606 2210 2634 2232 ¹3·

2523 2518 2591 2539 Num.
2607 2523 2640 2538 10.

2497 2676 2507 2686 ⁸
2522 2676 2591 2697 Num.
2606 2676 2627 2697 8.

2497 2733 2507 2743 ⁸
2522 2732 2591 2753 Num.
2605 2738 2627 2759 9.

2522 2940 2544 2959 et
2558 2944 2606 2959 om.
2626 2943 2705 2959 prxos.

2594 3092 2604 3107 Ε

2496 3198 2505 3207 “
2520 3197 2610 3218 habehit
2619 3203 2703 3219 Ammo

2496 3229 2550 3249 QTY,
2565 3223 2649 3245 habeat
2659 3228 2701 3246 cet.
