2898 3996
417 251 494 298 466

453 334 507 356 xxv,
527 326 552 351 8.
565 339 584 344 —
598 327 706 358 Agentia
720 326 828 351 univoca
843 331 867 351 et
881 334 932 351 non
947 326 1064 351 univoca.
1079 326 1107 357 11,

453 369 487 391 ιι,
508 369 531 386 2.
543 375 562 380 -
581 361 643 386 Vide
662 362 760 391 Causa,
779 362 860 391 Fims,
880 362 998 386 Movssxs.

490 397 604 429 Agentia
613 403 630 421 a
635 397 875 428 proposito.Agunt
885 404 930 429 per
941 404 1015 421 suam
1025 396 1107 421 scien-

453 431 524 456 tiam.
544 432 576 461 II,
595 439 623 461 V,
645 430 668 455 5.
683 432 746 460 VIII,
761 438 787 460 ιι,
806 430 845 456 18.
858 445 877 451 -
891 432 917 456 In
936 431 966 456 iis
986 431 1109 463 contingit

453 466 532 491 finem
551 474 610 490 esse
629 467 736 491 malum.
756 466 790 497 11,
811 474 839 497 v,
859 474 885 491 11.
898 479 918 485 -
931 467 1029 491 Eorum
1047 474 1108 498 pro·

454 501 508 534 prie
528 506 566 525 est
585 509 669 533 agere.
689 501 722 531 II,
741 509 769 531 x,
789 508 815 532 4.
827 515 847 519 -
859 502 946 534 Agunt
964 509 978 526 a
997 501 1107 526 fortuna.

454 537 483 566 11,
497 544 519 565 x,
534 535 557 560 5.
569 548 588 555 —·
602 536 791 568 Comparantur
806 537 837 561 ad
856 536 956 568 agentia
974 536 1108 561 naturalia.

454 571 519 602 VIII,
538 579 565 602 ιι,
585 578 609 603 7,
633 570 671 595 ι8.
690 578 738 600 ιιι,
762 579 801 595 ιο.

487 608 576 639 Agens
589 606 744 631 universale.
755 606 813 630 Non
826 606 1012 639 praesupponit
1026 611 1106 630 mate-

454 641 526 665 riam.
545 641 614 670 VlII,
634 648 667 670 ιι,
686 648 712 672 4.
726 655 746 660 ·—
760 641 888 673 Operatur
904 641 1036 665 materiam
1055 649 1107 673 qua

453 681 558 700 utuntur
573 675 673 707 agentia
687 676 855 707 particularia.
870 676 932 700 ibid.
946 689 965 694 —
979 677 1037 701 Non
1050 684 1107 700 mu-

452 716 519 735 tatur
538 711 645 743 agendo.
665 711 734 741 VIII,
754 718 781 741 ιι,
801 710 840 735 18.
853 724 872 730 —
885 711 1005 736 Producit
1023 716 1106 736 totum

454 753 513 770 esse
531 746 631 777 absque
654 746 706 770 ulla
731 745 886 776 mutatione,
911 746 966 771 sive
984 754 1014 771 ex
1035 751 1107 779 parte

453 781 490 805 rei
509 786 608 805 creatae
626 781 681 806 sive
700 787 730 806 ex
748 786 819 812 parte
838 781 886 805 sui.
900 781 964 812 VIII,
983 789 1010 811 ιι,
1025 789 1050 813 4,
1068 789 1106 814 17,

457 815 627 847 18.—Ipsum
651 821 755 848 tempus
781 823 840 840 cum
863 816 954 848 ceteris
979 816 1106 849 producit.

453 851 523 881 VIII,
542 858 575 879 11,
598 858 637 884 19.

416 887 577 910 Ataxarmsa
594 899 629 904 —-
651 886 717 910 Dixit
740 886 858 910 ultimam
877 886 1014 918 sphaeram
1035 886 1107 911 nullo

454 921 531 945 modo
550 928 609 945 esse
628 921 669 951 vel
688 921 786 945 moveri
805 921 830 945 in
850 922 916 946 Ioco.
930 921 972 952 IV,
990 929 1034 951 vn,
1047 929 1073 953 4.
1086 935 1106 939 —

451 956 554 980 Nullam
580 956 818 981 transmutationem
843 963 901 980 esse
925 956 1106 982 indivisibilem

448 991 490 1015 vel
510 991 535 1015 in
550 999 600 1015 non
615 996 743 1023 tempore:
762 991 914 1023 reprobatur
927 991 989 1016 haec
1003 992 1105 1025 opinio:

451 1026 562 1058 benigna
581 1026 762 1059 interpretatio.
782 1026 828 1056 VI,
847 1034 871 1057 V,
896 1034 934 1057 12,
957 1034 995 1059 ¹4·
1009 1040 1028 1046 —
1042 1027 1105 1051 Cor—

450 1069 513 1093 pora
528 1062 646 1086 caelestia
659 1062 835 1086 aeternitatem
849 1062 880 1086 ab
895 1062 945 1086 alio
959 1062 1104 1094 acquirere:

451 1096 616 1128 impugnatur
635 1097 697 1121 haec
714 1097 806 1129 positio
821 1097 852 1121 ab
865 1097 992 1122 Averroe:
1012 1105 1106 1130 appro-

451 1131 533 1156 batur.
553 1131 616 1162 VIII,
636 1139 683 1160 xxx,
708 1131 799 1156 12-15.

414 1167 571 1191 ΛιιιιΕΝτυΜ
584 1180 620 1185 -
633 1167 682 1191 Ρει·
694 1167 781 1199 ipsum
794 1171 921 1199 augentur
935 1175 1049 1200 corpora.
1061 1168 1104 1198 IV,

450 1209 482 1231 ix,
506 1209 544 1225 ιο.
563 1202 624 1232 VIII,
638 1209 688 1232 ιιν,
703 1201 727 1226 3.
739 1216 758 1221 —
773 1202 920 1232 Quomodo.
934 1203 976 1233 IV,
990 1210 1014 1233 x,
1034 1202 1072 1227 13.
1085 1216 1104 1221 -

449 1237 607 1261 Alimentum
621 1237 754 1262 abundans
769 1237 925 1270 quandoque
941 1242 1028 1262 causat
1042 1245 1104 1270 aug-

449 1276 566 1295 mentum
580 1273 731 1297 innaturale.
742 1273 773 1302 V,
783 1280 806 1303 x,
821 1280 847 1304 4.
860 1286 879 1291 —
891 1272 941 1297 Per
953 1273 1103 1297 alimentum

449 1312 586 1331 causantur
605 1313 691 1332 motus
711 1308 736 1332 in
755 1307 917 1332 animalibus.
935 1308 1005 1337 VIII,
1024 1315 1059 1338 ιν,
1079 1307 1104 1333 6.

446 1349 505 1372 ιιιι,
524 1349 550 1373 4.
562 1343 620 1367 -In
639 1342 764 1376 principio
788 1348 828 1367 est
847 1343 972 1367 dissimile
991 1342 1014 1367 ei
1033 1344 1103 1376 quod

448 1378 569 1408 nutritum
590 1378 636 1402 sed
656 1378 760 1410 quando
779 1378 891 1408 additur,
909 1377 938 1402 fit
956 1377 991 1402 illi
1010 1378 1102 1403 simile.

448 1412 514 1441 Vlll,
532 1420 582 1443 xiv,
603 1412 627 1437 3.
648 1419 652 1424 ’

413 1448 526 1472 Amnum
539 1460 576 1465 —
595 1447 658 1472 Vide
677 1448 735 1472 Hoc
754 1455 871 1472 auom».

412 1484 496 1507 Aunn
510 1496 545 1501 —
560 1483 658 1515 Duplici
675 1490 753 1507 sensu
774 1482 851 1514 accipi
866 1487 959 1514 potest.
978 1482 1031 1514 VII,
1044 1490 1100 1514 vm,

447 1525 472 1550 9.
482 1531 500 1536 -
510 1517 578 1547 Quid
591 1517 715 1550 significet
728 1517 803 1542 aliud
815 1516 869 1542 fieri
880 1525 910 1542 ex
922 1517 985 1542 alio.
995 1518 1013 1548 1,
1023 1525 1065 1548 xu,
1075 1525 1101 1549 4.

410 1554 496 1578 Arum
510 1567 542 1570 —
556 1553 612 1577 Alia
631 1553 775 1585 impediunt
792 1553 846 1576 vim
869 1553 1027 1578 alterativam
1047 1561 1101 1578 ma—

448 1588 539 1620 gnetis.
558 1588 612 1618 VII,
631 1595 667 1618 ιιι,
687 1595 711 1620 7.

411 1624 563 1647 Amana-rio
576 1637 609 1640 —
620 1623 667 1647 Est
680 1627 766 1647 motus
783 1623 927 1647 secundum
943 1623 1101 1655 qualitatem.

448 1658 487 1688 III,
500 1665 527 1689 11,
539 1665 565 1690 4.
579 1658 643 1689 VIII,
653 1666 703 1688 xiv,
720 1666 758 1682 10.
770 1671 789 1676 -
802 1658 949 1682 Secundum
964 1659 1100 1691 qualitates

446 1693 594 1726 passibiles.
609 1693 640 1724 V,
660 1701 693 1724 iv,
709 1700 732 1718 2.
746 1693 798 1724 VII,
811 1700 844 1722 ιν,
860 1700 884 1717 2.
898 1706 915 1712 —
929 1693 976 1718 Est
994 1694 1101 1718 mutatio

447 1728 472 1752 in
487 1728 650 1753 contrarium.
670 1728 701 1757 V,
718 1736 755 1759 iv,
777 1727 801 1752 5.
816 1729 858 1758 VI,
872 1736 924 1757 xm,
941 1735 964 1753 2.
983 1729 1047 1759 VIII,
1060 1736 1100 1760 xv,

447 1771 472 1788 2.
485 1777 504 1783 -
517 1764 557 1788 Ad
571 1764 746 1788 alterationem
766 1763 894 1788 reducitur
913 1764 1021 1788 mutatio
1034 1772 1101 1797 quae

448 1803 487 1823 est
506 1799 647 1823 secundum
663 1799 744 1831 magis
759 1804 784 1823 et
799 1798 894 1823 minus.
913 1799 943 1828 V,
961 1807 994 1829 xv,
1016 1799 1039 1824 5.
1061 1800 1100 1833 Cf.

446 1833 495 1864 VI,
514 1841 548 1858 vn
560 1852 566 1864 ,
590 1834 615 1858 8.
634 1847 652 1853 —
672 1834 729 1859 Non
748 1839 788 1858 est
804 1835 889 1867 primo
915 1839 940 1859 et
963 1842 1009 1866 per
1027 1842 1056 1859 se
1075 1835 1101 1859 in

445 1869 612 1901 qualitatibus
631 1869 741 1901 primae,
767 1869 909 1903 secundae,
927 1870 968 1898 vel
995 1875 1101 1902 quartae

446 1904 549 1937 speciei.
568 1904 628 1935 VII,
651 1911 681 1935 v,
706 1911 730 1930 2.
743 1919 761 1923 —
774 1904 900 1938 Probatur
918 1905 1004 1937 quoad
1024 1913 1100 1938 quar-

446 1944 498 1964 tam
518 1940 639 1972 speciem.
658 1940 711 1971 VII,
723 1947 748 1969 v,
763 1939 790 1968 3.
809 1947 834 1971 4.
847 1953 866 1958 -
880 1939 972 1970 Quoad
991 1941 1100 1973 primam

447 1975 578 2007 speciem:
606 1980 732 2007 quantum
757 1975 788 2000 ad
813 1975 915 2000 habitus
940 1980 966 1999 et
990 1975 1102 2008 disposi-

446 2010 529 2034 tiones
546 2010 668 2042 corporis.
687 2010 740 2040 Vll,
759 2017 784 2040 v,
806 2009 829 2034 5.
841 2011 945 2035 —Idem
964 2011 1100 2042 probatur,

446 2050 572 2077 quantum
585 2045 616 2069 ad
630 2045 733 2070 habitus
747 2050 772 2069 et
791 2045 972 2077 dispositiones
991 2045 1101 2071 animae.

446 2079 505 2111 VII,
523 2087 550 2105 v1
563 2087 616 2112 per
634 2083 727 2105 totam.
747 2094 765 2098 -
783 2080 906 2105 Alteratio
924 2085 965 2105 est
982 2081 1099 2106 omnium

449 2123 587 2147 corporum
607 2115 775 2145 sensibilium,
789 2116 958 2140 animatorum
977 2122 1003 2141 et
1021 2116 1101 2141 inani-

447 2156 584 2175 matorum.
603 2151 654 2180 Vll,
669 2158 707 2182 tv,
728 2158 751 2175 2.
764 2164 783 2169 -
797 2151 825 2175 ln
838 2150 954 2176 animatis
974 2151 1101 2176 invenitur

447 2185 562 2210 alteratio
586 2186 730 2211 secundum
755 2193 875 2211 sensum:
895 2186 977 2218 magis
997 2187 1100 2219 proprie

448 2226 488 2245 est
506 2221 530 2245 in
548 2229 627 2246 sensu
642 2229 721 2254 quam
736 2222 761 2246 in
773 2221 912 2246 intellectu.
926 2221 988 2246 ibid.
999 2235 1018 2240 -
1031 2222 1099 2246 Dan-

447 2261 489 2280 tur
513 2256 674 2281 alterationes
697 2257 805 2281 latentes
825 2256 901 2281 etiam
921 2256 946 2281 in
970 2258 1107 2282 animatis.‘

448 2291 539 2316 ibid.—
552 2291 610 2316 Non
628 2297 668 2316 est
686 2292 711 2316 in
730 2296 801 2324 parte
820 2292 919 2316 animae
938 2292 1099 2318 intellectiva.

447 2326 504 2357 VII,
523 2334 563 2356 ιν,
584 2334 608 2351 2.
626 2334 664 2356 v1,
685 2326 698 2351 5
715 2334 774 2359 sqq.
790 2331 809 2346 -·-
821 2327 941 2352 Alterans
965 2332 990 2352 et
1008 2328 1099 2352 altera-

448 2367 504 2386 tum
529 2367 590 2386 sunt
614 2362 700 2386 simul.
719 2362 779 2393 VII,
797 2369 823 2386 ιν
837 2369 889 2394 per
913 2366 1006 2388 totam.
1026 2377 1044 2382 -
1057 2364 1099 2388 An

447 2397 472 2421 id
487 2397 557 2430 quod
576 2398 705 2428 alteratur,
721 2397 783 2422 dum
803 2398 937 2429 alteratur,
957 2398 989 2423 sit
1007 2399 1099 2431 partim

447 2433 472 2457 in
496 2433 606 2457 termino
631 2440 648 2457 α
672 2440 738 2465 quo,
762 2433 855 2466 partim
879 2433 904 2457 in
929 2434 1039 2460 termino
1063 2434 1100 2458 ad

448 2474 532 2500 quem.
544 2467 587 2498 VI,
602 2475 625 2499 ν,
643 2467 671 2492 ι5
687 2475 747 2500 sqq.
758 2482 778 2487 -
790 2469 831 2492 An
850 2468 883 2492 sit
901 2468 926 2493 in
942 2476 972 2493 ea
984 2469 1099 2502 accipere

447 2503 569 2535 primum.
585 2503 628 2533 VI,
641 2511 685 2533 vn,
705 2502 730 2527 8.
743 2518 762 2522 -
774 2505 897 2528 Alteratio
916 2512 968 2528 non
987 2509 1026 2529 est
1044 2503 1100 2529 infi-

449 2539 499 2562 nita
514 2538 657 2563 secundum
671 2540 792 2572 speciem.
805 2539 847 2568 VI,
859 2546 909 2568 xm,
926 2547 949 2564 2.
962 2553 981 2558 —
993 2539 1099 2564 Falsum

449 2578 489 2598 est
507 2574 576 2606 quod
595 2574 682 2598 omnia
701 2581 805 2606 semper
823 2574 969 2599 alterentur.
988 2575 1058 2607 viii,
1074 2582 1099 2604 v,

448 2607 509 2633 6-8.
527 2616 582 2639 xix,
603 2608 626 2633 5.
639 2622 658 2628 —-
672 2609 794 2634 Alteratio
817 2617 869 2634 non
892 2614 978 2642 potest
996 2617 1055 2635 esse
1074 2610 1099 2634 in

447 2642 572 2668 infinitum
592 2645 718 2669 continua.
732 2645 794 2674 VlII,
808 2652 848 2673 xv,
865 2651 889 2669 2.
901 2653 949 2675 xix,
964 2652 991 2676 4.
1002 2658 1022 2663 -
1033 2646 1100 2670 Ante

447 2687 553 2703 omnem
573 2679 748 2704 alterationem
767 2684 807 2704 est
822 2684 909 2704 motus
925 2680 1021 2713 localis.
1034 2680 1099 2711 VIII,

447 2722 497 2744 xiv,
510 2714 533 2739 3.
546 2728 566 2733 —
581 2715 656 2745 Quod
676 2715 804 2744 alteratur,
820 2714 910 2739 dicitur
924 2715 1022 2740 moveri
1036 2723 1100 2748 quo-

449 2749 599 2779 dammodo,
624 2758 675 2775 non
703 2749 858 2782 simpliciter.
878 2750 949 2780 VIII,
972 2758 1017 2780 xx,
1036 2758 1062 2782 4.
1082 2763 1101 2769 -

447 2785 540 2810 Utrum
564 2785 690 2818 quaedam
710 2786 872 2810 alterationes
891 2785 943 2809 sint
965 2785 1099 2815 violentae,

449 2820 576 2852 quaedam
596 2821 732 2844 naturales.
750 2820 781 2850 V,
797 2828 818 2850 x,
835 2828 858 2847 2,
871 2827 898 2852 4.
910 2833 929 2839 —
941 2820 981 2845 De
995 2827 1100 2852 compa-

449 2856 547 2880 ratione
566 2855 752 2880 alterationum.
771 2855 824 2886 Vll,
843 2863 896 2884 νιιι,
916 2862 1008 2886 ιο-ι4.
1026 2863 1059 2884 ιι,
1075 2855 1100 2886 8,

448 2897 474 2923 9.
488 2904 507 2908 -
520 2891 627 2915 Alterari
642 2891 798 2923 quandoque
820 2891 968 2915 nominatur
986 2891 1100 2922 generari

449 2933 496 2949 seu
514 2924 578 2956 fieri,
596 2930 620 2950 et
639 2926 777 2957 corrumpi.
794 2925 811 2956 1,
826 2933 850 2956 ν,
868 2925 890 2950 5.
904 2925 946 2956 VI,
958 2933 1012 2954 vm,
1031 2933 1069 2957 ι4.
1082 2940 1102 2945 -

449 2960 554 2992 Antiqui
574 2960 706 2985 Naturales
723 2961 842 2985 dicebant
854 2960 914 2985 nihil
935 2961 1034 2985 causari
1052 2961 1100 2985 nisi

450 3003 496 3028 per
518 2995 702 3020 alterationem.
728 2997 749 3025 1,
768 3003 822 3026 xlv,
843 3003 872 3024 2,
891 3003 923 3027 4.—
936 2995 1005 3025 VIII,
1024 3003 1056 3026 ιι,
1078 2995 1100 3020 3.

449 3038 497 3059 xix,
512 3030 536 3055 5.
549 3044 569 3050 -
582 3030 743 3055 Democritus
762 3030 882 3063 opinatus
895 3035 935 3055 est
948 3038 1052 3055 omnem
1065 3031 1100 3055 al-

449 3066 598 3091 terationem
609 3064 662 3090 fieri
672 3073 717 3098 per
727 3066 950 3098 congregationem
965 3070 990 3090 et
1004 3065 1101 3098 disgre-

449 3101 586 3127 nationem.
607 3100 668 3130 VIII,
687 3108 726 3131 xx,
744 3109 770 3131 4.

415 3137 560 3161 ΛιτκιιιτΑε
573 3150 609 3155 -
629 3135 691 3161 Vide
710 3136 809 3161 Morus.

414 3172 540 3196 Amanum
554 3185 590 3190 ——
604 3171 671 3202 Quid
686 3170 818 3202 significet.
832 3170 863 3201 V,
874 3178 908 3201 ιν,
924 3171 1100 3196 2.—-Alterum

450 3205 502 3231 fieri
522 3215 551 3231 ex
572 3207 661 3237 altero,
675 3206 737 3239 quid
756 3207 884 3239 importet.
897 3207 915 3237 1,
929 3214 971 3237 xn,
986 3213 1011 3237 4.
1024 3219 1043 3225 -
1056 3206 1101 3230 Al-

450 3247 510 3271 tera,
525 3250 554 3266 ex
569 3249 600 3266 eo
615 3242 685 3274 quod
704 3242 783 3267 altera
801 3247 869 3272 sunt,
884 3249 934 3266 non
954 3246 994 3266 est
1012 3249 1100 3266 neces-

450 3277 545 3302 sarium
565 3277 636 3310 quod
656 3282 815 3302 moveantur.
835 3277 875 3307 III,
894 3284 930 3306 ιιι,
949 3284 976 3308 4.

414 3313 536 3336 ΑΜιοιτιΛ
552 3327 582 3330 -
599 3313 741 3337 Amicitiam
766 3317 791 3336 et
816 3312 899 3342 litem,
923 3319 970 3337 seu
995 3319 1101 3336 concor-

450 3347 516 3371 diam
532 3353 556 3371 et
571 3347 733 3376 discordiam,
749 3347 918 3379 Empedocles
933 3347 1019 3379 posuit
1032 3346 1101 3379 prin-

449 3382 512 3414 cipIa
526 3390 620 3407 rerum.
633 3383 651 3413 I,
666 3390 692 3411 ιι,
710 3389 732 3411 ²,
746 3385 771 3407 et
781 3382 882 3414 pluries
899 3383 1018 3407 habetur.
1038 3381 1101 3407 Vide

451 3417 662 3442 Ennoocasm-
676 3418 713 3442 De
738 3418 835 3442 ratione
859 3417 983 3442 amicitiae
1010 3422 1050 3442 est
1072 3421 1101 3441 ut

451 3458 595 3484 conrii-eget.
608 3452 671 3481 VIII,
684 3459 700 3481 ι,
718 3452 740 3477 5.
756 3460 791 3482 ιιι,
806 3461 831 3484 4.
841 3466 861 3471 -
875 3453 931 3477 Non
945 3451 1100 3477 convertitur

451 3487 475 3511 in
495 3487 658 3511 inimicitiam.
678 3487 741 3516 VIII,
756 3495 791 3516 ιιι,
804 3495 830 3519 4.
847 3487 886 3521 Cs.
901 3488 918 3518 Ι,
931 3495 964 3516 ιιι,
978 3495 1004 3521 9.
1017 3500 1035 3506 -
1049 3487 1101 3512 Cor

451 3523 558 3545 amantis
582 3522 671 3547 dIcitur
694 3522 778 3547 inesse
807 3527 900 3547 amato.
921 3522 966 3553 IV,
987 3529 1025 3552 iv,
1047 3529 1101 3547 2.-

451 3557 544 3586 Quare.
563 3555 604 3587 IV,
624 3564 656 3588 xv,
678 3557 700 3581 3.

1217 249 1382 286 INDEX
1410 249 1808 288 ALPHABETICUS

1162 326 1344 351 Anaxaoonas
1360 341 1392 345 —
1413 326 1502 352 Posuit
1526 326 1622 352 infinita
1646 327 1782 360 principia,
1808 328 1855 353 sed

1198 368 1251 385 non
1269 362 1345 386 unius
1365 362 1476 394 generis.
1495 362 1513 393 Ι,
1532 370 1559 391 ιι,
1579 370 1603 387 2.
1622 370 1676 391 vm,
1697 362 1721 388 5.
1734 376 1753 382 —
1766 363 1854 388 Unum

1199 395 1275 420 etiam
1295 396 1432 421 confusum
1447 397 1599 429 principium
1614 397 1701 429 posuit
1707 406 1714 429 ;
1735 398 1855 423 differen-

1198 435 1237 455 ter
1246 435 1334 455 tamen
1349 431 1381 456 ab
1393 432 1593 456 Anaximandro.
1604 433 1621 462 I,
1632 440 1686 462 vm,
1700 440 1726 464 4.
1736 447 1755 452 —
1765 433 1854 463 Quod-

1198 465 1261 490 libet
1278 471 1335 490 actu
1355 473 1416 491 esse
1428 466 1454 491 in
1467 467 1592 499 quolibet.
1607 468 1624 497 Ι,
1640 475 1673 498 ix,
1685 475 1712 499 4.
1727 468 1765 498 ΙΙΙ,
1780 475 1814 498 v1,
1828 475 1854 501 9.

1196 514 1215 519 -
1229 501 1325 526 Omnia
1343 508 1358 525 a
1373 501 1498 534 principio
1512 502 1593 527 fuisse
1607 503 1753 527 commeta.
1766 503 1784 533 1,
1798 510 1853 533 vm,

1199 534 1223 561 5.
1241 543 1275 565 xx,
1296 535 1320 564 3,
1343 534 1382 560 ι5.
1401 535 1441 566 ΙΙΙ,
1453 543 1488 566 vi,
1524 555 1530 561 .
1545 537 1609 568 VIII,
1624 545 1641 567 ι,
1657 537 1679 562 3.
1693 551 1712 557 -
1725 538 1752 563 Ιιι
1768 538 1854 571 quiete

1198 571 1229 595 ab
1249 575 1362 595 aeterno.
1380 570 1444 602 VIII,
1464 579 1481 602 ι,

1197 610 1253 630 turn
1278 605 1406 638 incepisse
1430 606 1562 631 extrahere
1585 613 1611 632 et
1636 608 1801 640 distinguere.
1830 609 1852 639 Ι,

1195 648 1251 671 vm,
1271 640 1295 666 5.
1314 648 1347 671 ιι,
1370 639 1409 665 ι5.
1428 641 1468 671 ΙΙΙ,
1486 648 1520 672 vr,
1539 649 1564 675 9.
1583 642 1652 672 VIII,
1671 650 1689 673 1,
1706 643 1728 667 3.
1741 651 1780 673 xx,
1794 651 1820 675 4.
1832 658 1850 663 -

1196 675 1344 708 Explicatur
1362 681 1387 700 et
1405 676 1530 701 refutatur
1552 678 1607 702 eius
1626 682 1742 710 systema
1767 679 1852 711 quoad

1197 710 1293 736 infinita
1311 710 1440 743 principia.
1460 711 1482 741 1,
1502 719 1527 736 xx
1546 719 1598 743 per
1616 715 1709 738 totam.
1726 726 1745 733 -
1764 713 1852 738 Philo-

1196 746 1296 779 sophus
1315 746 1428 778 disputat
1442 751 1530 771 contra
1543 747 1630 780 ipsum
1644 753 1781 781 negantem
1794 756 1851 774 mo-
1867 758 1869 760 ’

1196 786 1238 806 tus
1257 780 1440 806 aeternitatem.
1458 781 1526 812 VIII,
1543 789 1585 812 m,
1609 789 1635 813 ι,
1655 790 1683 812 2,
1705 782 1729 808 3.
1741 796 1761 804 -
1772 783 1851 808 Recte

1196 817 1263 846 dixit,
1278 823 1378 848 ponens
1392 815 1550 841 intellectum
1563 817 1751 850 impassibilem
1765 823 1790 843 et
1803 818 1850 843 im-

1196 851 1312 876 mixtum.
1330 851 1393 880 VIII,
1412 858 1445 880 tx,
1458 859 1483 884 9.
1495 865 1515 870 -
1529 851 1618 877 Posuit
1636 860 1666 876 ex
1685 851 1788 878 infinitis
1803 861 1851 878 nu—

1196 894 1269 911 mero
1291 885 1345 910 fieri
1364 893 1446 910 unum
1472 885 1598 912 infinitum
1623 894 1671 919 per
1689 893 1849 913 contactum:

1195 922 1342 946 differenter
1360 926 1447 946 tamen
1466 929 1480 946 a
1499 921 1656 947 Democrito.
1675 923 1720 954 ΙΙΙ,
1739 931 1774 954 νι,
1793 931 1819 957 9.
1832 937 1852 944 -

1195 957 1405 981 Inconvenienter
1418 957 1558 989 assignavit
1569 958 1695 982 rationem
1705 958 1798 991 quietis
1812 959 1850 984 in-

1194 990 1266 1017 finiti.
1285 991 1324 1022 III,
1343 999 1376 1021 xx,
1396 999 1421 1024 7,
1440 990 1465 1021 8,
1484 999 1510 1025 9.
1522 989 1542 1011 ὶ-
1554 992 1615 1017 Eius
1635 993 1729 1018 modus
1742 994 1850 1018 demon-

1195 1026 1290 1052 strandi
1310 1035 1362 1052 non
1381 1034 1440 1051 esse
1457 1035 1577 1052 vacuum.
1595 1027 1638 1058 IV,
1657 1035 1689 1057 ιι,
1708 1036 1733 1060 4.

1159 1063 1353 1087 Aumuman
1368 1076 1400 1080 —
1422 1061 1509 1090 Unum
1534 1062 1686 1095 principium
1711 1063 1848 1089 confusum

1194 1097 1294 1129 posuit:
1314 1097 1340 1121 in
1359 1104 1412 1130 quo
1428 1096 1526 1122 differat
1539 1097 1571 1122 ab
1585 1098 1734 1130 Anaxagora
1748 1103 1774 1123 et
1787 1099 1849 1123 Em-

1194 1132 1309 1165 pedocle.
1322 1132 1339 1162 Ι,
1354 1139 1407 1161 νιιι,
1426 1139 1452 1164 4.
1465 1146 1484 1150 -
1497 1132 1585 1165 Ipsum
1603 1133 1721 1158 divinum
1736 1134 1848 1166 appella-

1193 1167 1251 1192 bat:
1271 1174 1324 1200 quo
1343 1174 1431 1192 sensu.
1451 1167 1489 1196 ΙΙΙ,
1507 1175 1541 1197 νι,
1565 1175 1604 1192 ιο.

1158 1203 1247 1227 Arum
1259 1216 1293 1220 —
1308 1203 1355 1226 Est
1377 1207 1466 1226 natura
1489 1207 1514 1226 et
1532 1202 1614 1226 forma
1634 1203 1759 1227 animalis.
1778 1203 1847 1234 VIII,

1193 1245 1241 1268 νιι,
1263 1237 1285 1261 3.
1300 1251 1318 1256 -
1332 1236 1502 1261 Constituitur
1519 1237 1544 1261 in
1563 1244 1613 1261 suo
1632 1245 1691 1262 esse
1709 1245 1756 1270 per
1775 1238 1848 1263 unio-

1193 1280 1253 1297 nem
1273 1272 1304 1296 ad
1324 1278 1427 1304 corpus.
1442 1271 1508 1302 VIII,
1527 1279 1579 1303 xm,
1599 1271 1624 1296 6.
1636 1286 1656 1291 —
1668 1272 1726 1297 Non
1745 1278 1785 1298 est
1803 1273 1848 1298 ali-

1193 1314 1246 1340 qua
1264 1307 1347 1331 anima
1362 1306 1506 1331 communis
1521 1314 1588 1339 quae
1602 1307 1733 1332 constituit
1745 1308 1848 1339 animal,

1192 1346 1294 1375 praeter
1312 1341 1383 1366 illam
1397 1348 1464 1374 quae
1479 1341 1610 1366 constituit
1622 1343 1734 1375 speciem
1751 1343 1848 1368 anima-

1193 1378 1233 1402 lis.
1251 1377 1305 1407 VII,
1323 1384 1378 1406 vm,
1392 1375 1418 1402 8.
1431 1390 1450 1395 —
1462 1376 1570 1402 Videtur
1591 1385 1621 1402 se
1639 1377 1733 1403 habere
1746 1378 1778 1403 ad
1791 1386 1847 1404 cor-

1192 1420 1240 1445 pus
1260 1412 1325 1436 sicut
1343 1417 1419 1436 nauta
1437 1412 1469 1436 ad
1486 1412 1581 1437 navim.
1595 1412 1658 1441 VIII,
1673 1420 1716 1443 νιι,
1731 1420 1757 1444 4.
1768 1427 1787 1432 -
1801 1414 1848 1439 Est

1192 1447 1305 1480 primum
1333 1454 1443 1471 movens
1469 1446 1494 1471 in
1524 1447 1635 1472 animali.
1654 1447 1723 1478 VIII,
1743 1456 1800 1479 xm,
1819 1457 1846 1481 4.

1195 1483 1236 1515 Cs.
1248 1482 1312 1512 VIll,
1326 1489 1365 1512 xx,
1380 1489 1405 1514 4.
1415 1496 1435 1501 -
1450 1481 1536 1512 Quare
1550 1490 1602 1507 non
1617 1488 1720 1508 moveat
1733 1491 1845 1516 semper.

1191 1518 1255 1547 VIII,
1273 1524 1330 1546 xm,
1349 1524 1375 1549 4,
1397 1516 1419 1542 5.
1431 1531 1451 1536 -
1463 1517 1581 1543 Movetur
1599 1523 1624 1542 et
1642 1517 1698 1551 ipsa
1717 1526 1764 1551 per
1781 1520 1846 1544 acci-

1192 1554 1269 1578 dens:
1288 1552 1431 1584 quomodo.
1449 1552 1520 1583 VIII,
1539 1560 1578 1583 xv,
1597 1551 1622 1578 6.
1636 1560 1688 1583 xm,
1702 1561 1727 1585 4,
1747 1553 1772 1585 5,
1792 1553 1816 1579 6.
1828 1567 1847 1575 —-

1191 1588 1239 1613 Est
1253 1587 1278 1612 in
1293 1588 1350 1612 Ioco
1364 1588 1508 1612 secundum
1523 1588 1650 1613 accidens.
1665 1589 1706 1618 IV,
1715 1596 1761 1620 vu,
1779 1589 1818 1614 13.
1828 1604 1847 1610 -

1190 1624 1231 1648 An
1251 1630 1343 1647 omnes
1362 1622 1462 1647 animae
1477 1622 1529 1647 sint
1547 1623 1761 1656 incorruptibiles.
1780 1623 1844 1656 VIII,

1190 1666 1234 1689 xn,
1250 1665 1273 1683 2.
1286 1672 1307 1677 —-
1320 1658 1358 1682 De
1373 1658 1487 1691 partibus
1500 1658 1600 1683 animae
1614 1659 1687 1683 solus
1700 1659 1845 1685 intellectus

1191 1699 1231 1719 est
1249 1693 1455 1726 incorruptibilis.
1469 1693 1532 1718 ibid.
1546 1707 1565 1712 —
1576 1693 1677 1719 Tamen
1692 1694 1769 1720 etiam
1782 1695 1845 1720 aliae

1191 1734 1276 1761 partes
1296 1729 1395 1756 animae
1414 1733 1474 1753 sunt
1489 1734 1632 1754 moventes.
1646 1729 1709 1754 ibid.
1720 1744 1741 1749 -
1752 1729 1846 1755 Anima

1190 1764 1332 1794 rationalis,
1355 1764 1488 1796 quomodo
1513 1764 1546 1788 sit
1564 1769 1695 1796 separata,
1714 1770 1740 1789 et
1754 1770 1845 1790 *tamen

1191 1800 1215 1823 in
1230 1800 1350 1824 materia:
1363 1799 1394 1823 ad
1405 1807 1484 1831 quam
1499 1799 1631 1824 scientiam
1646 1799 1770 1831 pertineat
1783 1807 1845 1825 con-

1190 1834 1303 1859 siderare
1317 1835 1349 1859 de
1362 1842 1400 1859 ea.
1410 1834 1439 1864 ΙΙ,
1449 1842 1482 1865 ιν,
1498 1842 1564 1859 ιο.-
1577 1834 1712 1859 Successio
1725 1840 1844 1860 motuum

1191 1869 1217 1894 in
1236 1870 1320 1894 anima
1335 1869 1429 1894 indicat
1441 1875 1552 1902 tempus.
1572 1867 1614 1900 IV,
1628 1877 1688 1900 xvn,
1703 1876 1726 1894 2.
1739 1884 1759 1889 —
1773 1870 1845 1901 Quo—

1190 1905 1269 1929 modo
1290 1904 1446 1934 numeratio,
1473 1909 1575 1936 tempus
1594 1909 1620 1929 et
1638 1909 1724 1929 motus
1748 1905 1845 1938 depen-

1191 1940 1267 1964 deant
1285 1940 1316 1964 ab
1340 1940 1424 1964 anima
1449 1940 1610 1965 intellectiva.
1628 1939 1674 1969 IV,
1693 1947 1767 1971 xxm,
1785 1948 1812 1972 4.
1824 1955 1845 1961 -

1189 1974 1429 2000 Transmutationes
1445 1975 1544 1999 animae
1562 1975 1712 2007 vegetabilis
1731 1983 1778 2000 seu
1797 1985 1845 2001 nu—

1189 2010 1289 2035 tritivae
1299 2010 1416 2034 dicuntur
1426 2015 1513 2034 motus
1524 2010 1666 2040 naturales;
1681 2017 1769 2043 quare.
1779 2010 1843 2043 VIII,

1190 2052 1224 2076 iv,
1235 2044 1260 2070 6.
1271 2047 1290 2064 -'-
1304 2045 1462 2077 Evigilantur
1475 2045 1593 2070 animalia
1608 2053 1638 2070 ex
1652 2045 1730 2077 opere
1743 2046 1843 2071 animae

1189 2080 1332 2105 nutritivae.
1348 2080 1410 2105 ibid.
1420 2094 1439 2099 ·-
1451 2080 1529 2104 Liber
1547 2080 1580 2105 de
1597 2080 1703 2105 Anima.
1718 2080 1736 2111 Ι,
1750 2089 1768 2112 ι,
1786 2088 1812 2113 4.
1826 2086 1844 2101 -·-

1192 2114 1257 2140 Vide
1274 2115 1371 2140 ΡιΛτο.

1153 2150 1421 2175 Amaia—Amnum
1431 2164 1461 2168 —
1474 2149 1602 2175 Animalia
1611 2154 1636 2175 et
1645 2150 1776 2183 quaelibet
1785 2159 1842 2184 par-

1188 2191 1228 2210 tes
1247 2193 1338 2210 eorum
1357 2190 1417 2210 sunt
1435 2193 1450 2210 a
1468 2190 1565 2210 natura.
1585 2185 1613 2214 ΙΙ,
1632 2193 1648 2214 ι,
1671 2192 1695 2210 2.
1706 2199 1725 2204 -
1738 2186 1843 2211 Movere

1189 2220 1305 2253 seipsum
1318 2226 1358 2245 est
1376 2221 1509 2253 proprium
1528 2221 1708 2246 animatorum.
1720 2220 1785 2251 VIII,
1797 2229 1842 2252 vn,

1189 2254 1213 2280 6.
1227 2269 1246 2275 -
1259 2256 1363 2281 Movent
1386 2256 1471 2288 seipsa
1492 2255 1634 2280 secundum
1655 2260 1755 2281 motum
1774 2257 1843 2282 Ioca-

1188 2291 1239 2316 lem
1254 2295 1362 2316 tantum.
1373 2291 1437 2320 VIII,
1450 2298 1485 2320 ιν,
1499 2289 1525 2316 6.
1537 2298 1590 2322 ιιιι,
1602 2298 1628 2323 4.
1637 2304 1656 2310 -
1665 2291 1771 2316 Nonnisi
1784 2299 1843 2325 per-

1188 2326 1260 2351 fectis
1270 2326 1422 2351 animalibus
1437 2326 1503 2351 inest
1513 2331 1599 2351 motus
1609 2326 1706 2351 localis.
1716 2326 1780 2358 VIII,
1791 2334 1842 2358 x1V,
1855 2347 1857 2349 .

1188 2361 1213 2386 8.
1225 2374 1245 2381 ·-
1259 2361 1363 2386 Movent
1381 2362 1467 2394 seipsa
1485 2361 1636 2394 inquantum
1656 2361 1741 2386 anima
1754 2368 1842 2387 movet

1189 2404 1291 2429 corpus,
1312 2397 1363 2427 VII,
1376 2404 1393 2426 1,
1410 2404 1433 2421 2.
1452 2396 1515 2426 VIII,
1534 2403 1578 2426 vn,
1595 2395 1618 2426 3,
1631 2403 1658 2428 4.
1669 2409 1689 2417 -
1700 2396 1750 2421 Per
1764 2404 1841 2422 suum

1188 2432 1329 2465 appetitum
1344 2436 1482 2456 moventur
1495 2436 1521 2456 et
1540 2436 1614 2456 stant.
1633 2431 1697 2462 VIII,
1709 2439 1744 2463 ιν,
1759 2430 1784 2457 6.
1796 2439 1841 2463 vn,

1189 2475 1213 2500 7.
1226 2481 1245 2486 -
1257 2467 1314 2492 Non
1327 2474 1432 2499 semper
1444 2474 1459 2491 a
1471 2467 1564 2499 seipsis
1583 2471 1731 2492 moventur:
1751 2474 1840 2500 quare.

1188 2502 1251 2531 VIII,
1265 2510 1318 2533 xm,
1331 2510 1358 2534 4.
1369 2516 1388 2520 —
1401 2502 1429 2526 ln
1443 2501 1596 2527 animalibus
1612 2506 1712 2526 motum
1732 2502 1841 2527 localem

1188 2538 1344 2570 praecedunt
1362 2542 1449 2562 motus
1468 2536 1598 2561 naturales
1616 2536 1795 2568 qui-oriuntur
1808 2537 1840 2562 ab

1189 2573 1330 2598 extrinseco
1339 2572 1380 2597 vel
1396 2571 1427 2596 ab
1440 2572 1586 2600 intrinseco,
1596 2571 1682 2604 ipsum
1696 2577 1840 2597 causantes.

1188 2607 1255 2638 VIII,
1275 2615 1312 2638 ιν,
1332 2603 1357 2632 6.
1375 2614 1432 2636 xm,
1450 2614 1476 2638 4.
1487 2606 1646 2639 -Incipiunt
1663 2607 1762 2631 moveri
1781 2615 1841 2632 cum

1188 2643 1260 2675 prius
1272 2642 1423 2675 quieverint.
1437 2641 1499 2666 ibid.
1508 2655 1528 2660 —
1537 2641 1699 2666 Animalibus
1712 2642 1841 2667 dormien-

1188 2677 1258 2702 tibus
1276 2677 1362 2702 nullus
1381 2677 1454 2702 ⁴inest
1478 2681 1564 2701 motus
1584 2684 1599 2701 a
1617 2677 1732 2702 sensibili
1749 2685 1840 2710 appre-

1188 2712 1314 2737 hensione
1337 2711 1504 2744 proveniens:
1528 2711 1662 2744 quomodo
1681 2712 1840 2745 evIgilentur.

1189 2747 1253 2773 ibid.
1267 2761 1286 2766 -
1298 2747 1383 2772 Motus
1403 2747 1519 2771 animalis
1538 2755 1590 2779 quo
1609 2747 1724 2779 seipsum
1745 2753 1841 2779 movet,

1190 2783 1322 2815 quomodo
1350 2782 1471 2807 naturalis
1494 2786 1519 2806 et
1544 2783 1677 2814 quomodo
1704 2783 1841 2808 vi01entus.

1188 2817 1258 2847 VIII,
1283 2825 1332 2848 vu,
1353 2817 1376 2842 3.
1393 2831 1413 2836 -
1430 2817 1492 2842 Loci
1518 2818 1624 2842 mutatio
1647 2822 1686 2842 est
1709 2823 1841 2851 postrema

1189 2858 1307 2886 tempore
1326 2853 1390 2877 inter
1408 2860 1499 2877 omnes
1515 2857 1601 2877 motus
1617 2853 1642 2877 in
1657 2853 1758 2878 animali
1772 2853 1841 2886 quod

1181 2889 1222 2912 ⁴de
1241 2890 1309 2912 novo
1328 2893 1471 2919 generatur.
1490 2887 1554 2918 VIII,
1567 2895 1616 2918 xxv,
1630 2887 1654 2913 8.
1668 2888 1726 2913 -In
1745 2889 1842 2914 anima·

1190 2923 1256 2948 libus
1276 2931 1343 2956 quae
1362 2922 1456 2948 habent
1474 2928 1574 2947 motum
1594 2923 1710 2955 localem,
1730 2931 1783 2948 non
1801 2928 1842 2949 est

1189 2958 1300 2991 perfecta
1319 2958 1482 2983 continuatio.
1501 2958 1564 2987 VIII,
1584 2966 1628 2989 vu,
1643 2958 1667 2983 8.
1681 2971 1699 2978 -
1711 2959 1770 2984 Vita
1787 2960 1841 2984 ani-

1190 2993 1296 3018 malium
1319 2998 1391 3018 motu
1411 2998 1522 3026 apparet.
1542 2993 1610 3024 VIII,
1630 3001 1651 3023 1,
1673 3001 1696 3019 2.
1714 3001 1765 3024 vn,
1784 2993 1809 3019 6.
1822 3007 1843 3013 -

1191 3028 1329 3058 Quomodo
1343 3029 1470 3053 Averroes
1489 3029 1597 3061 explicet
1615 3029 1783 3054 differentiam
1797 3037 1842 3054 ve-

1191 3063 1298 3088 locitatis
1318 3063 1343 3088 in
1362 3063 1511 3096 corporibus
1534 3063 1659 3089 animatis.
1679 3064 1720 3094 IV,
1733 3072 1776 3094 ιιι,
1789 3072 1842 3098 9.—

1190 3098 1229 3123 De
1253 3099 1400 3124 aiteratione
1424 3107 1561 3131 corporum
1589 3098 1768 3124 animatorum.
1787 3099 1842 3130 VII,

1189 3141 1228 3164 xv,
1250 3141 1272 3158 2.
1284 3148 1304 3152 —
1316 3134 1442 3159 Animalia
1460 3133 1555 3159 habent
1573 3134 1741 3167 quantitatem
1760 3134 1843 3160 deter-

1191 3169 1321 3194 minatam.
1340 3169 1363 3199 Ι,
1389 3177 1426 3199 ιι,
1446 3169 1470 3194 8.
1485 3170 1544 3194 —In
1569 3169 1686 3195 animatis
1710 3170 1842 3202 quomodo

1191 3204 1392 3229 determinentur
1408 3204 1561 3230 differentiae
1576 3205 1633 3230 Ioci.
1646 3205 1686 3235 ΙΙΙ,
1700 3212 1732 3234 tx.
1747 3212 1785 3230 ιι.
1801 3205 1841 3239 Cs.

1190 3241 1226 3271 V,
1244 3247 1302 3269 vm,
1326 3247 1385 3273 9.·—
1398 3239 1502 3273 Species
1527 3239 1675 3265 animalium
1699 3239 1842 3265 certissime

1190 3275 1340 3300 diiudicatur
1354 3282 1383 3299 ex
1398 3274 1487 3307 figura.
1506 3275 1559 3306 Vll,
1573 3282 1597 3306 v,
1612 3274 1635 3300 5.
1647 3289 1665 3294 —
1679 3274 1843 3300 Generantur

1190 3310 1315 3340 animalia,
1329 3318 1387 3342 pars
1407 3315 1465 3342 post
1483 3315 1591 3343 partem.
1603 3309 1646 3340 VI,
1659 3317 1712 3342 vm,
1731 3317 1770 3336 12.
1782 3323 1802 3330 -·
1814 3311 1842 3336 ln

1190 3353 1280 3371 eorum
1295 3345 1458 3378 generatione
1477 3350 1517 3370 est
1535 3345 1719 3371 determinatus
1731 3344 1799 3371 linis.
1813 3347 1842 3375 II,

1190 3388 1240 3412 xrv,
1258 3388 1284 3412 4,
1305 3379 1328 3411 5,
1347 3378 1372 3405 6.
1389 3380 1429 3414 Cf.
1443 3380 1581 3406 Mons-nu.
1594 3394 1613 3399 -
1625 3380 1803 3406 Generationis
1818 3386 1843 3406 et

1190 3414 1360 3449 corruptionis
1387 3414 1536 3440 animalium
1561 3423 1639 3441 causa
1663 3421 1703 3441 est
1729 3415 1842 3449 primum

1189 3451 1293 3484 aliquod
1309 3458 1416 3475 movens
1427 3455 1579 3483 perpetuum
1595 3455 1620 3475 et
1633 3450 1734 3484 penitus
1749 3447 1841 3475 immo-

1189 3486 1248 3512 bile.
1267 3485 1334 3515 VIII,
1354 3493 1396 3515 ιιι,
1416 3485 1431 3510 6
1451 3493 1509 3519 sqq.
1523 3500 1543 3505 -
1557 3486 1657 3511 Animal
1677 3493 1736 3511 esse
1755 3493 1842 3510 corru-

1190 3521 1278 3555 ptibile
1296 3525 1336 3546 est
1355 3522 1529 3546 necessarium
1549 3521 1676 3546 absolute.
1689 3520 1719 3551 ΙΙ,
1733 3528 1773 3550 xv,
1788 3527 1812 3545 2.
1824 3533 1844 3541 -

1190 3556 1291 3581 Animal
1316 3555 1393 3580 habet
1417 3555 1609 3586 similitudinem
1635 3556 1764 3589 quandam
1783 3562 1842 3580 cum

1519 589 1526 596 .
1539 586 1559 591 --
1573 573 1732 598 Intellectum
1752 573 1858 598 immix-·

1947 329 2054 354 mundo.
2066 329 2129 361 VIII,
2140 337 2175 361 xv,
2191 330 2214 356 3.
2223 343 2242 350 ·-·
2255 331 2382 357 Animalia
2394 332 2479 366 aliqua
2493 335 2602 366 corpore

1905 368 1911 374 ·
1947 371 2020 389 aerea
2039 369 2182 396 posuerunt
2199 366 2304 398 quidam
2323 367 2456 393 Platonici.
2474 369 2538 400 VIII,
2557 376 2601 400 vu,

1948 398 1971 423 3.
1983 412 2003 418 -
2014 399 2054 424 De
2067 399 2185 424 animatis
2198 405 2320 426 tractatur
2332 402 2358 427 in
2372 403 2437 428 libro
2450 403 2483 428 de
2495 404 2604 430 Anima.

1946 433 1963 464 I,
1983 441 2000 464 1,
2019 441 2047 465 4.
2059 447 2078 453 —-
2096 434 2158 459 Vide
2176 435 2274 461 Aaou.

1979 469 2117 494 Animalia
2126 469 2304 495 irrationalia.
2313 470 2421 504 Propter
2432 472 2528 506 aliquid
2537 481 2603 507 ope—

1945 508 2050 528 rantur:
2069 511 2117 536 per
2134 510 2251 530 naturam
2269 510 2368 532 tamen.
2387 507 2416 538 II,
2428 514 2482 538 xm,
2496 507 2510 533 5
2521 521 2541 528 ·-
2552 509 2603 534 Be-

1944 539 1992 563 stia
2010 546 2062 563 non
2081 539 2133 571 agit
2151 547 2166 565 a
2184 539 2298 571 fortuna,
2317 546 2404 574 potest
2426 547 2514 567 tamen
2536 543 2596 576 pati.

1944 574 1973 603 11,
1992 581 2015 604 x,
2036 573 2060 599 5.
2071 575 2131 600 -In
2149 575 2180 599 iis
2202 575 2331 600 invenitur
2349 583 2434 602 casus.
2453 577 2483 608 ΙΙ,
2500 585 2525 609 x,
2544 585 2569 611 7.
2582 592 2602 598 -

1920 637 1927 644 ι
1943 608 2083 639 Quomodo
2092 610 2187 635 talibus
2201 610 2353 636 attribuatur
2362 612 2598 644 praedicamentum

1942 643 2056 669 habitus.
2070 645 2110 676 ΙΙΙ,
2119 652 2144 676 v,
2159 644 2223 670 ι5..-
2232 645 2328 671 Natura
2342 646 2392 671 illis
2406 647 2516 679 providit
2528 647 2600 674 suffi-

1942 679 2039 704 cienter
2057 680 2088 704 ad
2108 680 2332 705 conservationem
2349 682 2425 707 vitae.
2444 682 2508 708 ibid.

1905 714 2032 739 Asnaum
2047 729 2080 733 —
2095 715 2234 745 Quomodo
2253 715 2375 741 infinitus.
2394 717 2433 747 III,
2451 724 2485 748 xt,
2506 716 2530 742 3.
2564 729 2567 731 ¹

1905 749 1980 773 Aru-z
1995 762 2028 768 --
2041 750 2111 775 Ante
2130 755 2170 775 est
2188 750 2329 776 differentia
2340 751 2398 777 Ioci.
2417 751 2457 781 ΙΙΙ,
2475 759 2508 782 ιι,
2526 759 2597 778 ιι.-

1947 784 2011 809 Vide
2029 785 2126 810 Locus.

1977 819 2015 852 Ly
2033 823 2096 844 ante
2114 820 2140 844 in
2160 819 2305 846 definitione
2330 821 2444 854 principii
2462 822 2597 855 temporie,

1941 854 2003 886 quid
2022 854 2157 887 significet.
2175 855 2239 885 VIII,
2258 863 2285 886 11,
2307 863 2348 881 20.

1904 888 2122 915 minuis-rasis
2138 904 2171 908 —
2186 890 2255 920 Quid
2273 890 2406 923 significet.
2427 891 2468 922 IV,
2487 899 2521 923 xi,
2540 890 2565 917 6.
2579 905 2598 912 -

1940 924 2087 949 Secundum
2106 925 2235 957 quosdam
2259 931 2299 950 est
2317 933 2394 951 causa
2410 931 2497 951 motus
2512 927 2597 960 proie-

1941 963 2050 984 ctorum.
2069 959 2131 984 ibid.
2149 973 2169 978 —
2186 960 2254 990 Quid
2273 961 2305 985 de
2323 960 2370 986 hac
2392 962 2514 994 opinione
2537 969 2596 987 sen·

1939 993 2064 1019 tiendum.
2083 994 2148 1025 VIII,
2166 1002 2225 1025 xxn,
2243 1002 2270 1027 4.
2283 1009 2302 1015 -
2321 996 2384 1021 Vide
2402 997 2553 1022 Famam-10.

1904 1029 2044 1053 Auru-uon
2059 1043 2091 1047 —
2107 1029 2216 1054 Putabat
2228 1037 2257 1054 se
2271 1029 2402 1056 invenisse
2411 1031 2594 1064 quadraturam

1940 1063 2040 1088 circuli:
2057 1064 2112 1088 eius
2126 1064 2252 1088 rationem
2267 1065 2410 1090 dissolvere
2423 1074 2475 1091 non
2487 1066 2598 1098 pertinet

1940 1099 1971 1123 ad
1991 1103 2160 1130 geometram.
2179 1099 2201 1130 Ι,
2219 1106 2252 1128 ιι,
2272 1107 2298 1132 7.
2315 1113 2334 1118 -
2353 1100 2492 1126 Materialia
2510 1101 2596 1127 subsi-

1939 1133 2033 1158 stentia
2046 1133 2136 1158 formis
2152 1133 2310 1159 naturalibus
2325 1134 2386 1160 dixit
2403 1143 2463 1160 esse
2477 1140 2596 1162 naturam

1940 1172 1965 1192 et
1984 1167 2153 1192 substantiam
2171 1175 2268 1194 rerum.
2287 1169 2315 1199 11.
2335 1177 2361 1200 ιι,
2385 1178 2406 1195 ι.

1903 1203 2051 1228 amm-ms
2065 1216 2098 1221 -—
2113 1203 2160 1227 Est
2178 1209 2283 1236 propter
2301 1204 2473 1236 indigentiam.
2488 1205 2506 1236 Ι,
2516 1213 2556 1237 xv,
2567 1205 2593 1232 8.

1938 1251 1958 1256 -
1971 1237 2096 1262 Dividitur
2118 1237 2144 1262 in
2167 1239 2308 1270 appetitum
2327 1247 2387 1264 cum
2406 1241 2551 1273 cognitione
2569 1246 2596 1267 et

1939 1272 2079 1304 appetitum
2097 1274 2249 1299 naturalem.
2264 1274 2282 1304 Ι,
2295 1281 2336 1304 xv,
2350 1282 2375 1308 9.
2387 1288 2407 1294 -
2421 1275 2489 1306 Quid
2504 1275 2536 1301 sit
2548 1283 2594 1309 ap—

1939 1307 2033 1340 petitus
2046 1308 2177 1333 naturalis.
2189 1308 2252 1333 ibid.
2263 1323 2283 1328 -
2293 1309 2430 1342 Appetitus
2442 1311 2594 1337 coniunctu-

1939 1342 2077 1375 cognitioni
2094 1343 2136 1368 vel
2155 1347 2196 1368 est
2218 1344 2358 1369 sensitivus
2375 1345 2417 1370 vel
2436 1345 2595 1372 intellectua-

1939 1378 1978 1403 lis.
1997 1378 2061 1409 VIII,
2080 1385 2114 1409 tv,
2129 1377 2155 1403 6.
2168 1393 2187 1398 -
2200 1379 2334 1411 Appetitus
2352 1380 2462 1413 quiescit
2480 1380 2506 1406 in
2524 1381 2596 1407 bono

1938 1418 2032 1438 amato.
2051 1413 2097 1444 IV,
2116 1421 2157 1444 tv,
2179 1413 2241 1446 3.-
2257 1415 2374 1440 Movetm·
2398 1415 2430 1440 ab
2453 1415 2593 1449 appetibili.

1937 1447 2001 1479 VIII,
2010 1455 2054 1479 ιιι,
2067 1455 2090 1473 2.
2099 1461 2118 1468 -
2126 1449 2262 1484 Appetims
2274 1454 2362 1475 movet
2377 1451 2496 1476 animalia
2507 1451 2595 1484 quoad

1937 1488 2039 1508 motum
2058 1483 2176 1509 localem.
2195 1484 2259 1515 VIII,
2278 1492 2312 1516 tv,
2325 1484 2350 1510 6.
2363 1492 2408 1516 vn,
2422 1493 2447 1519 7.
2465 1493 2518 1517 xm,
2538 1493 2595 1518 4.-

1937 1519 1977 1543 Αιι
1996 1519 2122 1551 appetitus
2141 1519 2259 1544 animalis
2275 1525 2410 1546 moveatur
2428 1520 2444 1546 'a
2462 1525 2591 1546 masmu-

1937 1553 2074 1578 tationibus
2092 1553 2164 1579 factis
2182 1554 2208 1579 in
2223 1561 2339 1588 corpore.
2359 1555 2423 1586 VIII,
2435 1563 2470 1587 w,
2482 1563 2508 1588 4
2519 1569 2539 1576 —
2551 1557 2594 1582 An

1937 1588 1971 1613 sit
1988 1588 2104 1614 alteratio
2123 1588 2148 1614 in
2166 1594 2239 1622 parte
2257 1590 2357 1616 animae
2375 1591 2521 1624 appetitiva.
2539 1590 2594 1623 VII,

1935 1631 1971 1654 νι,
1991 1631 2050 1655 2-4.
2063 1637 2082 1642 -
2096 1623 2189 1649 Omnis
2208 1625 2359 1658 appetitivae
2379 1625 2509 1659 potentiae
2526 1633 2595 1668 ope-

1936 1658 2000 1684 ratio
2023 1658 2175 1684 terminatur
2192 1659 2224 1684 ad
2250 1659 2446 1692 delectationem
2465 1665 2492 1686 et
2514 1660 2593 1687 trist&

1935 1695 2006 1719 tiam.
2024 1694 2078 1724 VII,
2096 1701 2130 1725 νι,
2149 1701 2175 1726 4.
2186 1708 2205 1714 -
2219 1694 2283 1720 Vide
2302 1695 2452 1721 Vocon-m.

1900 1730 2043 1755 Arposmo
2055 1743 2088 1748 —
2104 1729 2152 1754 Est
2165 1730 2292 1763 quaedam
2307 1731 2479 1764 congregatio.
2487 1730 2543 1764 vn,
2553 1738 2589 1763 iv,
2612 1734 2615 1735 ’

1934 1772 1992 1797 4.-
2011 1765 2153 1797 Apponens
2178 1770 2204 1790 et
2225 1765 2250 1790 id
2274 1765 2344 1798 quod
2369 1766 2506 1799 apponitur
2529 1771 2592 1792 sunt

1935 1799 2020 1824 simul.
2040 1798 2103 1824 ibid.
2121 1813 2141 1818 -
2159 1799 2296 1832 Appositio
2314 1801 2339 1825 in
2361 1800 2498 1828 infinitum.
2525 1800 2591 1828 Vide

1934 1835 2080 1865 larini-mx,
2098 1834 2266 1866 Maean-uno,
2285 1835 2420 1862 Nouanus.

1898 1870 1978 1896 Aona
1988 1883 2022 1887 —
2036 1869 2124 1894 Unum
2138 1877 2168 1895 ex
2182 1870 2327 1896 elementis.
2340 1870 2358 1902 I,
2372 1878 2426 1902 vm,
2441 1878 2465 1903 2,
2481 1870 2505 1897 5.
2517 1878 2551 1902 ix,
2565 1870 2590 1896 3.

1934 1905 1964 1934 11,
1981 1911 1998 1934 ι,
2020 1911 2044 1929 2.
2057 1917 2076 1924 ·-
2087 1904 2162 1937 Aqua
2181 1904 2259 1930 habet
2277 1909 2362 1938 partes
2381 1905 2479 1931 similes
2494 1905 2589 1939 speci&

1933 1940 2016 1970 111,1x.
2032 1938 2056 1964 3.
2068 1952 2087 1958 -
2100 1939 2185 1964 Locus
2200 1939 2263 1965 eius.
2278 1940 2320 1971 IV,
2330 1948 2363 1970 vx,
2378 1948 2417 1974 17.
2430 1954 2449 1960 -
2463 1941 2497 1967 Se
2510 1941 2588 1967 habet

1933 1975 1966 2000 ad
1980 1981 2067 1999 aerem
2081 1979 2109 1999 ut
2122 1975 2241 2004 materia,
2260 1980 2290 2000 ut
2303 1975 2496 2009 imperfectum,
2515 1980 2543 2002 et
2559 1980 2589 2001 ut

1933 2017 2002 2043 pars.
2022 2009 2089 2034 Inter
2107 2016 2138 2034 ea
2156 2010 2313 2043 quandoque
2334 2015 2374 2036 est
2391 2011 2488 2042 tactus,
2506 2018 2590 2045 quan—

1934 2045 2020 2077 doque
2034 2044 2198 2070 continuatio.
2212 2045 2254 2075 1V.
2265 2051 2319 2076 vm,
2333 2053 2358 2079 7.
2375 2045 2415 2080 Cs.
2425 2047 2492 2072 Ana.
2502 2059 2523 2066 -
2535 2045 2588 2072 Ge*

1933 2084 2022 2104 nerato
2038 2086 2096 2104 aere
2109 2087 2139 2104 ex
2153 2087 2228 2112 aqua,
2243 2080 2326 2106 maior
2338 2079 2367 2106 fit
2379 2080 2508 2114 quantit-s
2522 2081 2590 2114 neris

1932 2122 2012 2148 quam
2025 2118 2079 2138 erat
2097 2122 2188 2148 aquae.
2207 2115 2249 2147 IV,
2267 2123 2292 2147 x,
2310 2115 2350 2140 13.
2361 2123 2413 2147 xiv,
2429 2123 2456 2148 2,
2475 2115 2500 2147 8,
2518 2123 2559 2143 ιι.
2570 2130 2590 2136 -

1932 2150 1999 2175 Cum
2019 2156 2062 2175 aer
2080 2155 2217 2182 generatur
2232 2158 2263 2176 ex
2281 2158 2356 2184 aqua,
2370 2151 2412 2176 vel
2425 2159 2440 2177 e
2453 2158 2588 2184 converso,

1933 2185 2023 2210 eadem
2042 2189 2082 2209 est
2101 2185 2207 2211 materia
2220 2185 2364 2219 utriusque.
2378 2186 2420 2219 IV,
2438 2194 2494 2218 xiv,
2514 2193 2557 2213 n.
2569 2199 2588 2206 ·-·

1933 2220 2019 2251 Quare
2033 2227 2085 2244 non
2099 2221 2151 2245 sint
2163 2221 2343 2254 comparabilia
2361 2221 2504 2248 secundum
2516 2221 2587 2250 mul-

1931 2255 2076 2280 titudinem.
2094 2255 2153 2284 VII.
2171 2261 2220 2286 vu,
2239 2255 2268 2286 8,
2288 2263 2314 2290 9.
2331 2270 2350 2276 —
2367 2257 2443 2290 Aqua
2461 2261 2487 2283 et
2505 2256 2588 2290 ignis,

1931 2290 2066 2324 quomodo
2090 2290 2156 2315 inter
2179 2298 2209 2316 se
2229 2292 2423 2317 contras-lentur.
2442 2291 2480 2323 V,
2498 2299 2543 2323 m,
2559 2299 2588 2324 4.

1934 2326 1974 2359 Cf.
1987 2325 2066 2350 lmus.
2078 2338 2098 2345 -
2110 2326 2186 2359 Aqua
2203 2331 2228 2351 et
2241 2334 2291 2351 vox
2310 2334 2363 2352 non
2376 2333 2437 2352 sunt
2454 2333 2587 2361 compen-

1930 2361 1991 2386 bilia
2009 2360 2153 2386 secundum
2166 2361 2376 2394 magnitudinem.
2395 2362 2449 2393 vn,
2462 2369 2506 2394 vu,
2520 2369 2588 2388 ιο.-

1929 2396 2006 2428 Aqua
2024 2395 2090 2420 cedit
2113 2397 2214 2429 corpori
2237 2396 2263 2421 in
2282 2396 2366 2430 ipsam
2388 2397 2515 2423 immisso.
2539 2394 2583 2427 w.

1929 2438 1982 2460 xm,
2005 2437 2026 2454 ι.
2038 2443 2058 2448 -
2071 2430 2222 2463 Congelatio
2240 2438 2322 2464 aquae
2339 2430 2402 2457 fitne
2425 2436 2479 2457 ton
2496 2431 2583 2457 simul.

1929 2466 1972 2496 VI,
1990 2473 2014 2494 v,
2037 2463 2076 2496 ι5,
2099 2464 2139 2491 ι6.
2157 2465 2221 2497 VIII,
2239 2473 2264 2497 v,
2283 2464 2309 2491 6.
2320 2479 2341 2485 —
2358 2466 2423 2492 Vide
2433 2466 2551 2492 Tuam.

1893 2501 1998 2526 Aaamu
2011 2511 2046 2517 -—
2065 2500 2217 2526 Ostenditur
2235 2501 2306 2534 quod
2324 2509 2377 2527 non
2395 2506 2535 2535 operentur
2553 2509 2585 2527 ex

1931 2536 2070 2562 intellectu.
2088 2536 2117 2566 ΙΙ,
2135 2544 2159 2566 x,
2183 2535 2222 2561 13.

1894 2571 2080 2596 Agamus-rua
2090 2585 2124 2589 —
2134 2571 2322 2604 Argumentum
2335 2571 2420 2597 debita
2433 2571 2517 2597 forma
2525 2579 2586 2605 pro-

1931 2607 2012 2631 latum
2031 2611 2071 2631 est
2089 2605 2176 2631 efficax
2194 2607 2220 2631 in
2238 2607 2309 2631 omni
2329 2607 2444 2632 materia.
2464 2607 2488 2638 1,
2506 2614 2541 2639 vn,
2561 2604 2586 2632 5.

1892 2639 2076 2666 'Amatorem
2091 2655 2124 2660 ·-
2139 2641 2283 2674 Opiniones
2298 2642 2407 2667 aliorum
2419 2641 2497 2668 refert
2513 2645 2587 2668 ante—

1930 2684 2104 2737 ‘divim
2115 2677 2284 2737 532231‘3‘2'2.
2297 2675 2586 2746 ἓξοᾶῗκῗὲᾶυῗὰὲ·

1978 2730 1984 2742 ι
2026 2731 2032 2743 ι
2065 2730 2072 2736 ·
2085 2725 2104 2731 “’
2574 2724 2588 2730 “

1931 2754 1988 2771 sam
2013 2747 2092 2772 totius
2117 2755 2185 2773 esse.
2203 2747 2274 2779 VIII,
2297 2754 2329 2779 ιι,
2349 2747 2374 2773 5.
2391 2762 2411 2767 —·
2425 2746 2587 2781 Reprobma·

1930 2782 1986 2807 eius
2009 2782 2097 2815 opInio
2124 2782 2155 2807 de
2178 2783 2325 2808 aeternitate
2349 2788 2446 2810 monis.
2467 2781 2540 2814 VIII,
2552 2789 2585 2812 u,

1934 2816 1965 2842 16
1979 2825 2039 2850 sqq.
2051 2832 2070 2837 —
2085 2817 2196 2848 Quidam
2210 2818 2339 2850 negabant
2351 2818 2438 2851 ipsum
2453 2822 2543 2845 contu
2553 2815 2585 2844 a·

1931 2853 1990 2878 dem
2015 2853 2130 2878 locutum
2155 2859 2223 2878 esse.
2248 2853 2310 2878 ibid.
2327 2866 2347 2873 -
2364 2853 2478 2886 Credidit
2499 2851 2587 2879 Deum

1931 2895 1990 2913 esse
2003 2895 2108 2913 causam
2127 2888 2229 2914 essendi
2247 2887 2295 2921 ipsi
2309 2886 2416 2913 mundo.
2429 2887 2494 2919 VIII,
2506 2893 2545 2918 m,
2558 2885 2585 2912 6.

1966 2923 2104 2956 Sequentia
2119 2924 2174 2949 eius
2187 2930 2266 2956 opera
2280 2922 2397 2948 citantur.
2410 2919 2489 2948 Liber
2502 2921 2585 2947 stae-

1931 2957 2072 2983 dicament.
2090 2958 2134 2988 III,
2155 2966 2179 2989 ι,
2199 2957 2222 2983 3.
2240 2957 2278 2989 V,
2297 2965 2340 2989 m,
2360 2965 2384 2983 2.
2402 2956 2456 2989 VII,
2474 2964 2509 2987 ιν,
2529 2962 2553 2982 2.
2566 2969 2586 2976 -

1931 2992 1963 3018 11
1971 2993 2089 3019 Periher.
2096 2993 2160 3025 vm,
2170 3001 2219 3023 xxx,
2237 2992 2277 3018 13.
2288 3006 2308 3012 -
2317 2993 2334 3018 1
2342 2993 2446 3018 Foster.
2454 2993 2478 3024 I.
2490 3001 2509 3024 ι,
2525 2991 2549 3025 5,
2558 2991 2586 3019 8.

1930 3028 1959 3058 ΙΙ,
1979 3036 2018 3058 xv,
2037 3027 2062 3053 6.
2076 3043 2096 3048 -
2111 3028 2143 3054 11
2156 3028 2259 3054 Foster.
2273 3027 2313 3059 III,
2331 3035 2349 3059 ι,
2370 3027 2394 3053 5.
2407 3027 2461 3060 VII,
2475 3035 2510 3060 vt,
2526 3027 2551 3054 5.
2563 3042 2585 3048 —

1932 3063 1949 3088 1
1967 3063 2055 3095 Topic.
2075 3064 2092 3093 I,
2106 3071 2136 3093 n,
2157 3062 2182 3088 5.
2199 3062 2263 3094 VIII,
2281 3070 2306 3095 v,
2327 3061 2350 3088 3.
2363 3077 2383 3083 -
2404 3063 2444 3088 VI
2461 3062 2550 3096 Topic.
2564 3063 2586 3095 Ι,

1930 3106 1971 3128 νι,
1994 3105 2064 3123 ιο.-
2078 3098 2119 3124 De
2138 3098 2222 3124 sensu
2241 3102 2268 3124 et
2286 3098 2408 3124 Sensuro.
2429 3098 2476 3130 VI,
2493 3106 2523 3130 v,
2546 3097 2585 3132 ι5,

1936 3132 2007 3159 ι6.-
2021 3133 2038 3158 1
2053 3133 2094 3159 De
2115 3134 2180 3159 Gen.
2194 3136 2220 3159 et
2241 3134 2317 3159 Cor-r.
2336 3133 2358 3165 Ι,
2377 3141 2401 3163 x,
2422 3141 2446 3159 2.
2461 3133 2495 3164 ΙΙ,
2513 3141 2540 3165 ιι,
2558 3132 2584 3159 8.

1931 3169 1972 3199 ΙΙΙ,
1991 3176 2025 3199 iv,
2046 3167 2070 3194 5.
2089 3168 2131 3199 IV,
2143 3175 2196 3198 vm,
2216 3176 2241 3201 7.
2259 3176 2370 3199 x,11.—
2384 3168 2466 3195 IIDe
2481 3169 2546 3195 Gen.
2560 3171 2587 3194 et

1934 3204 2012 3229 Cor-r.
2031 3204 2060 3235 II,
2074 3211 2102 3233 ιι,
2119 3203 2145 3229 8.
2164 3204 2196 3235 V,
2207 3211 2248 3234 ιιι,
2267 3211 2293 3236 4,
2314 3203 2338 3229 5.
2350 3218 2370 3223 -
2384 3203 2452 3230 IDe
2466 3204 2546 3230 Caelo
2559 3207 2586 3230 et

1931 3238 2043 3264 Mundo.
2062 3240 2103 3269 III,
2121 3246 2175 3269 vm,
2195 3238 2219 3264 5.
2238 3239 2280 3268 IV,
2298 3247 2324 3270 v,
2344 3246 2369 3265 2.
2387 3239 2419 3271 V,
2435 3247 2472 3270 m,
2486 3247 2512 3271 4.
2526 3238 2586 3270 vn,

1931 3281 1965 3304 vi,
1976 3273 2001 3299 8.
2007 3273 2072 3306 VIII,
2081 3281 2131 3304 ιιι,
2143 3273 2166 3299 5.
2180 3273 2244 3299 ι3.-
2253 3274 2338 3300 11·De
2350 3275 2428 3300 Caelo
2437 3277 2464 3300 et
2473 3273 2585 3300 Mundo.

1931 3309 1964 3340 V,
1978 3317 2002 3341 x,
2018 3308 2041 3335 3.
2053 3323 2073 3329 -
2088 3309 2133 3335 111
2147 3309 2189 3336 De
2205 3309 2284 3335 Caelo
2302 3312 2330 3335 er
2342 3309 2455 3335 Mundo.
2468 3310 2486 3341 I,
2497 3317 2543 3341 vn,
2559 3308 2585 3335 3.

1931 3352 1965 3375 ιι,
1983 3352 2024 3370 u.
2035 3358 2055 3364 -
2070 3344 2086 3370 1
2102 3344 2142 3370 De
2159 3344 2266 3370 Anima.
2284 3344 2350 3375 VIII,
2364 3352 2408 3376 vu,
2422 3343 2448 3371 6.
2461 3357 2480 3364 -·
2494 3344 2527 3370 11
2541 3344 2583 3370 De

1930 3380 2036 3405 Anima.
2051 3379 2104 3411 VII,
2118 3387 2152 3411 ιν,
2165 3387 2191 3412 4.
2203 3379 2267 3411 V'III,
2278 3387 2323 3411 vu,
2337 3387 2364 3412 4.
2375 3393 2396 3399 -
2410 3379 2455 3406 11!
2465 3379 2506 3406 De
2518 3378 2585 3405 Ani—

1932 3422 1984 3440 ma.
1994 3415 2048 3446 VII,
2056 3422 2091 3445 νι,
2104 3414 2130 3440 8.
2142 3414 2209 3441 VIII.
2223 3422 2272 3446 xxx,
2285 3422 2324 3440 ιο.
2337 3428 2357 3434 -
2371 3414 2389 3440 1
2396 3414 2516 3447 Metapa.
2530 3413 2584 3445 vu,

1930 3457 1965 3481 vi,
1976 3449 2000 3475 5.
2011 3464 2032 3470 -
2046 3449 2204 3482 11Metaph.
2215 3450 2234 3481 Ι,
2248 3457 2266 3481 ι,
2281 3457 2306 3484 7.
2318 3449 2383 3480 VIII,
2395 3457 2422 3480 ιι,
2440 3457 2467 3482 4.
2479 3457 2516 3480 ιιι,
2526 3447 2551 3474 6.
2564 3461 2585 3468 -

1932 3484 1975 3509 JV
1987 3484 2106 3517 Metaph.
2125 3485 2143 3515 I,
2162 3492 2200 3516 ιιι,
2221 3483 2244 3510 5.
2262 3492 2296 3516 νι,
2310 3492 2336 3518 7.
2354 3484 2395 3515 ΙΙΙ,
2412 3492 2431 3516 ι,
2450 3492 2475 3544 7.
2489 3491 2538 3516 vn,
2556 3481 2582 3509 6.

1931 3519 1973 3548 IV,
1993 3526 2010 3550 ι,
2031 3527 2054 3544 2.
2070 3519 2102 3549 iv,
2123 3519 2146 3545 3.
2158 3520 2191 3551 V,
2205 3527 2240 3550 vi,
2253 3527 2280 3553 7.
2291 3534 2311 3540 -
2326 3518 2450 3552 VMetap
2470 3536 2477 3544 .
2491 3518 2509 3549 t,
2522 3526 2540 3551 ι,
2557 3517 2581 3543 5.

1932 3554 1971 3585 ΙΙΙ,
1990 3561 2007 3585 ι,
2026 3553 2051 3580 6.
2069 3562 2112 3586 ιιι,
2133 3553 2156 3580 3.
2176 3554 2217 3586 IV,
2236 3562 2270 3584 ιν,
2291 3553 2314 3580 3.
2332 3554 2364 3585 V,
2379 3554 2454 3585 m,'a,
2473 3552 2499 3579 8.
2517 3552 2581 3582 VIII,
