2898 3996
189 396 199 405 ·
213 394 275 416 Lect.
285 400 292 415 ι
307 400 357 422 sqq·

183 868 194 878 '
203 866 238 888 Cf.
261 866 300 887 lib.
312 866 329 892 1,
345 865 396 886 lect.

185 899 216 918 tx.
231 898 262 913 11.

183 920 195 931 ¹⁸
205 919 304 946 primum
321 923 369 939 om.
383 923 396 938 Ρ

185 944 266 970 acala·
271 944 299 965 cf.
307 943 395 965 lin-hui.

200 978 214 992 ς

215 977 248 1069 ⁶³2?

427 267 506 302 410

428 334 552 382 doque
573 339 658 369 sunt
686 339 722 368 et
735 331 970 380 'quandoque
989 342 1067 366 non
1086 335 1181 374 sunt,
1195 334 1249 363 est
1266 333 1481 375 perpetuus,

426 393 467 422 ut
486 397 599 434 supra
612 385 632 406 ’¹‘
647 392 841 421 ostensum
862 391 930 429 est;
952 390 988 419 et
1007 381 1161 418 effectus
1179 386 1385 428 perpetuus
1404 389 1482 414 non

391 452 395 456 ·
425 445 549 486 potest
568 449 648 473 esse
668 436 738 472 nisi
753 448 775 472 a
791 447 902 472 causa
920 441 1116 483 perpetua:
1137 443 1291 490 necesse
1309 437 1364 466 est
1379 429 1482 478 quod

424 490 591 538 primum
618 500 780 525 movens
808 487 854 524 sit
879 493 1114 535 perpetuum,
1136 496 1166 520 Sl
1193 490 1247 520 est
1274 493 1429 540 un-um;.
1446 488 1483 518 et

425 542 455 578 si
483 548 569 577 sunt
594 541 703 588 plura
735 540 859 588 prima
891 537 1106 584 moventia,
1142 535 1246 584 quod
1281 541 1393 570 etiam
1421 534 1482 570 1lla

423 594 531 641 plura
560 592 631 629 sint
657 599 849 640 perpetua.
1353 639 1360 646 ¹

477 657 512 692 7.
543 644 690 681 Deinde
711 656 798 681 curn
818 642 923 680 dicit:
958 643 1082 679 Unum
1106 645 1230 677 autem
1251 650 1376 688 magns
1397 645 1479 696 etc3,

424 696 585 733 ostendit
612 696 717 744 quod
749 695 868 743 magis
903 694 1038 731 debeat
1073 692 1165 741 poni
1198 703 1318 728 unum
1345 691 1481 739 prinei-

422 749 527 797 pium
545 755 772 796 perpetuum
792 759 908 796 quam
935 746 1063 782 multa.
1090 746 1138 781 Et
1158 744 1245 781 dicit
1263 744 1367 791 quod
1387 743 1482 779 sicut

424 807 571 849 oportet
590 800 797 837 existimare
818 799 935 846 magis
952 809 1032 834 esse
1047 796 1228 846 principia
1243 796 1348 833 finita
1363 807 1479 843 quam

423 853 568 889 infinita
596 853 634 898 ³¹,
664 853 714 889 ita
742 859 889 900 oportet
918 850 1124 886 existimare
1154 849 1259 897 quod
1287 848 1332 885 sit
1359 848 1479 895 magis

423 917 541 941 unum
567 905 734 953 primum
751 906 770 925 *
784 903 1011 952 principium
1031 914 1148 949 quam
1175 902 1294 949 plura.
1317 901 1356 937 Si
1377 900 1478 938 enim

423 957 558 994 eadem
578 957 747 994 accidant
765 957 827 993 vel
847 961 1125 1003 consequantur
1153 953 1190 989 in
1220 953 1414 990 effectibus
1434 965 1479 990 ex

250 1028 264 1042 a
302 1027 392 1068 Zma,
420 1009 606 1058 positione
627 1009 821 1046 finitorum
849 1007 1134 1056 principiorum,
1155 1018 1252 1054 quae
1274 1007 1293 1027 ’³‘
1315 1018 1359 1043 ex
1377 1006 1478 1054 posi-

369 1054 392 1072 ⁵³
421 1062 521 1098 tione
541 1061 781 1107 infinitorum,
798 1060 917 1107 magis
934 1067 988 1096 est
1007 1058 1268 1106 accipiendum
1282 1059 1387 1107 quod
1406 1058 1479 1095 sint

419 1114 600 1162 principia
615 1113 720 1150 finita
736 1125 851 1161 quam
870 1112 1030 1148 infinita:
1051 1111 1138 1160 quia
1153 1110 1192 1147 in
1206 1111 1263 1148 his
1279 1123 1377 1159 quae
1393 1118 1478 1148 sunt

420 1166 629 1203 secundum
644 1173 829 1212 naturam,
842 1177 994 1213 semper
1008 1171 1063 1200 est
1077 1163 1198 1210 magis
1213 1163 1476 1212 accipiendum

419 1219 508 1255 illud
527 1218 631 1266 quod
652 1225 706 1254 est
723 1217 868 1264 melius,
885 1217 915 1254 si
931 1217 977 1254 sit
994 1216 1184 1265 possibile,
1207 1216 1295 1265 quia
1315 1229 1359 1253 ea
1377 1229 1476 1264 quae

419 1278 506 1307 sunt
537 1271 746 1307 secundum
774 1278 957 1317 naturam,
987 1276 1073 1306 sunt
1101 1269 1244 1317 optime
1279 1269 1475 1318 disposita;

350 1340 390 1355 sm
419 1324 552 1360 melius
580 1331 707 1360 autem
737 1330 791 1359 est
812 1323 831 1344 ’¹‘
849 1323 997 1359 finitum
1025 1321 1251 1371 principium
1278 1334 1396 1370 quam
1419 1321 1475 1358 in-

418 1376 578 1422 finitum,
600 1383 635 1412 et
653 1388 773 1412 unum
802 1387 918 1424 quarn
938 1375 1066 1412 multa.
1098 1374 1245 1411 Sufficit
1271 1382 1399 1412 autem
1427 1374 1476 1412 ad

419 1429 651 1466 causandum
674 1428 960 1477 perpetuitatem
982 1435 1124 1475 motus,
1150 1428 1255 1475 quod
1283 1427 1330 1464 sit
1355 1439 1475 1464 unum

416 1482 580 1530 primum
598 1480 821 1530 principium
849 1480 1066 1527 immobile,
1096 1480 1126 1517 si
1155 1480 1200 1516 sit
1226 1487 1474 1529 perpetuum:

415 1547 493 1571 non
514 1546 600 1581 ergo
622 1541 707 1569 sunt
733 1533 912 1581 ponenda
939 1534 1048 1582 plura
1075 1533 1198 1581 prima
1215 1532 1410 1582 principia.

470 1588 504 1623 8.
533 1586 680 1623 Deinde
719 1598 806 1622 cum
844 1585 950 1623 dicit:
988 1586 1236 1634 Manifestum
1274 1586 1390 1635 igitur
1425 1597 1475 1622 ex

413 1639 469 1675 his
497 1646 578 1686 etc.,
610 1639 798 1676 concludit
826 1651 871 1675 ex
889 1638 1090 1687 praedictis
1118 1638 1224 1687 quod
1243 1650 1399 1676 necesse
1420 1645 1475 1675 est

1033 248 1376 288 PHYSICORUM
1403 247 1752 284 ARISTOTELIS
1782 247 1875 283 LIB.
1905 247 1991 284 VIII

1540 335 1621 361 esse
1641 324 1795 372 aliquod
1813 336 1934 361 unum
1946 324 2111 373 primum
2129 338 2291 364 movens
2306 334 2343 364 et
2358 336 2599 378 perpetuum.

1538 377 1587 413 Et
1606 376 1780 424 quamvis
1808 377 1882 413 hoc
1911 389 1956 414 ex
1984 378 2240 426 superioribus
2262 380 2491 418 sufficienter
2512 394 2600 430 pro-

1538 429 1668 465 batum
1686 429 1871 476 videatur,
1900 437 2030 478 posset
2052 437 2178 467 tamen
2207 431 2340 480 aliquis
2369 434 2599 471 calumniose

1538 480 1682 528 dicere,
1712 481 1816 530 quod
1845 494 1959 518 causa
1988 482 2239 520 continuitatis
2266 485 2516 531 generationis
2545 495 2601 524 est

1537 533 1691 582 aliquod
1708 534 1874 582 primum
1892 546 2055 572 movens
2074 535 2242 584 seipsum
2264 545 2511 585 perpetuum:
2531 539 2600 576 sed

1535 593 1662 622 motor
1679 586 1774 623 illius
1792 587 1982 624 moventis
2001 587 2180 636 seipsum,
2200 600 2279 625 non
2298 597 2358 626 est.
2371 598 2600 638 perpetuum

1537 645 1573 674 et
1598 650 1739 686 unum,
1777 639 1846 676 sed
1876 647 2055 677 movetur
2085 653 2108 677 a
2141 640 2299 678 diversis
2333 643 2598 691 moventibus,

1536 702 1700 739 quorum
1728 691 1918 740 quaedam
1948 701 2240 741 corrumpuntur
2266 701 2303 731 et
2330 695 2519 743 quaedam
2537 707 2600 743 ge-

1535 751 1724 780 nerantur.
1764 744 1842 781 Sed
1877 745 1952 782 hoc
1987 745 2145 783 intendit
2181 746 2405 797 excludere:
2442 747 2547 796 quia.
2567 748 2599 786 si

1534 802 1661 832 motus
1689 803 1745 833 est
1771 804 1993 846 perpetuus,
2022 805 2064 835 ut
2091 797 2204 847 supra
2226 799 2246 820 '¹‘
2262 799 2503 848 probaverat,
2533 813 2599 838 ne·-
2623 811 2636 823 ·

1536 860 1640 885 cesse
1678 856 1734 886 est
1761 850 1864 897 quod
1891 857 2018 887 motus
2045 850 2156 899 primi
2187 852 2378 889 moventis
2405 852 2595 901 seipsum,

1535 900 1640 949 quod
1657 901 1812 950 ponitur
1838 914 1952 939 causa
1979 903 2092 940 totius
2118 904 2376 952 perpetuitatis
2393 912 2531 954 motus,
2551 906 2601 943 sit

1535 953 1786 1002 sempiternus
1807 962 1842 991 et
1862 954 2082 992 continuus:
2111 956 2142 992 si
2171 956 2272 993 enim
2291 969 2370 994 non
2390 965 2488 995 esset
2506 971 2596 996 con-

1533 1006 1671 1053 tinuus,
1701 1019 1780 1044 non
1809 1015 1907 1045 esset
1933 1008 2193 1057 sempiternus.
2224 1009 2302 1046 Sed
2329 1009 2434 1057 quod
2463 1022 2596 1048 conse-

1534 1066 1694 1107 quenter
1721 1067 1795 1107 est,
1825 1072 1904 1099 non
1934 1068 1988 1096 est
2016 1061 2258 1097 continuum:
2289 1062 2338 1098 ad
2365 1062 2441 1098 hoc
2469 1070 2602 1100 autem·

1533 1112 1638 1160 quod
1664 1119 1791 1149 motus
1820 1112 1866 1149 sit
1893 1112 2113 1160 continuus,
2152 1125 2308 1150 necesse
2336 1121 2391 1150 est
2419 1114 2523 1163 quod
2551 1115 2597 1152 sit

1531 1176 1652 1201 unus:
1690 1164 1738 1201 ad
1766 1165 1841 1201 hoc
1867 1176 1961 1202 vero
1990 1165 2096 1213 quod
2129 1165 2176 1202 sit
2201 1178 2319 1214 unus,
2355 1178 2511 1204 necesse
2540 1175 2597 1206 est

1532 1217 1638 1264 quod
1666 1216 1712 1253 sit
1745 1217 1793 1253 ab
1822 1229 1900 1254 uno
1932 1225 2112 1254 movente
2151 1226 2187 1255 et
2221 1218 2334 1255 unius
2361 1219 2522 1257 mobilis.
2554 1220 2595 1258 Si

1531 1281 1625 1306 vero
1655 1269 1700 1306 sit
1727 1269 1828 1306 aliud
1865 1277 1902 1306 et
1933 1270 2036 1307 aliud
2062 1282 2244 1318 movens,
2283 1283 2362 1308 non
2395 1271 2462 1309 erit
2493 1279 2594 1310 totus

1530 1329 1657 1358 motus
1686 1322 1907 1370 continuus,
1945 1322 2013 1360 sed
2047 1331 2322 1372 consequenter
2358 1336 2399 1361 se
2435 1324 2592 1364 habens.

1532 1375 1700 1411 Necesse
1729 1382 1785 1412 est
1808 1387 1897 1422 ergo
1926 1375 2082 1412 omnino
2110 1376 2215 1425 quod
2243 1376 2410 1424 primum
2429 1389 2593 1418 movens

1531 1427 1576 1464 sit
1594 1439 1715 1464 unum
1743 1434 1779 1464 et
1796 1435 2034 1477 perpetuum.
2065 1429 2229 1466 Movens
2251 1436 2377 1466 autem
2396 1429 2592 1467 immobile

1531 1480 1636 1529 quod
1662 1488 1840 1518 movetur
1866 1493 1936 1530 per
1962 1480 2148 1527 accidens,
2171 1493 2250 1518 non
2270 1489 2324 1518 est
2350 1490 2590 1531 perpetuum,

1529 1540 1571 1570 ut
1593 1545 1708 1582 supra
1723 1534 1742 1554 *
1759 1533 1900 1570 dictum
1920 1541 1984 1570 est.
2015 1533 2253 1583 Relinquitur
2281 1547 2370 1583 ergo
2394 1535 2499 1584 quod
2516 1535 2591 1584 pri-
2617 1545 2629 1558 ⁸

1528 1598 1636 1623 mum
1655 1598 1817 1625 movens
1845 1586 1892 1624 sit
1918 1586 2075 1624 omnino
2103 1586 2310 1636 immobile,
2341 1595 2377 1624 et
2402 1599 2472 1637 per
2495 1600 2536 1625 se
2555 1596 2592 1626 et

1527 1650 1597 1687 per
1625 1639 1810 1677 accidens.
