2898 3996
347 3049 472 3074 Inrus—
485 3049 511 3074 Si

400 341 486 365 Omne
507 339 578 371 quod
597 343 684 364 movet
702 343 728 364 et
745 344 864 364 movetur
881 339 958 364 habet
976 347 1016 364 ra-

364 375 462 400 tionem
479 374 651 399 instrumenti.
670 375 733 403 VIII,
751 382 784 405 ιι,
803 374 828 399 8.

399 410 450 434 Ρει·
468 410 637 435 instrumenta
655 414 750 438 motus,
769 410 818 434 loci
837 409 946 434 mutatio
964 417 1016 434 non

365 443 548 469 diversificatur
557 445 656 477 specie;
674 445 753 469 ratio:
774 444 835 476 quia
848 445 1017 469 instrumenta

364 487 394 504 se
411 484 499 504 tenent
517 487 547 504 ex
565 484 638 512 parte
655 479 799 504 mobilium.
817 479 870 509 VII,
888 486 943 509 vm,
956 478 981 503 6.

330 515 506 540 Innumeros
525 528 558 532 —
579 514 724 539 Intellectus
750 514 851 538 divinus
879 518 918 538 est
941 521 1018 538 causa

364 557 461 580 rerum,
471 549 582 581 ideoque
594 556 654 574 esse
667 556 753 574 rerum
767 553 959 574 numeratas-um
974 549 1018 572 de-

366 585 462 617 pendet
480 583 511 608 ab
530 584 597 616 ipso.
615 584 657 613 IV,
675 591 744 614 xxm,
765 582 788 608 5.
801 596 821 604 ·-·
834 584 964 608 Intellectu
976 590 1019 607 ae-

365 624 440 644 terno
458 619 529 643 Deus
554 623 640 651 potest
659 619 800 651 intelligere
822 626 879 643 rem
901 625 954 642 non
977 625 1018 642 ae-

365 658 475 678 ternam.
493 653 558 684 VIII,
576 661 603 683 11,
626 653 665 678 18.

402 689 479 713 Solus
491 688 635 712 intellectus
648 695 784 713 numerare
797 691 893 720 potest.
898 687 940 716 IV,
949 693 1019 715 xxm,

367 730 393 755 4.
404 737 423 742 -
437 723 594 752 Numeratio,
608 730 661 748 non
680 728 766 747 tamen
779 729 903 747 numerus
921 727 1018 750 rerum,

368 758 434 783 sicut
452 765 500 782 nec
518 765 591 787 esse,
610 758 738 791 dependet
758 757 790 782 ab
813 756 942 781 intellectu
966 755 1019 779 ani-

368 800 436 818 mae.
454 793 496 822 lv.
514 800 584 823 xxm,
604 791 629 817 5.

404 828 526 858 Scientia,
553 828 620 852 idest
643 825 753 858 cognitio
775 825 934 854 intellectus,
953 832 1020 857 quo-

368 862 449 886 modo
466 861 510 887 fiat
527 862 554 886 in
571 861 665 889 anima,
677 861 745 884 iuxta
758 860 906 892 opinionem
919 859 1019 884 Aristo·
1034 853 1042 861 “

369 897 437 921 ιεΙῐε.
455 896 514 924 VII,
531 902 566 926 w,
585 894 611 920 8.
623 909 642 914 —
655 894 799 919 Intellectus
818 902 896 927 agens
915 899 940 918 et
958 902 1020 927 pos-

369 930 461 955 sibilia.
474 929 538 954 ibid.
551 943 569 948 -
583 929 739 954 Passibilitas
759 930 901 954 intellectus
920 929 968 954 alia
980 934 1020 954 est

371 971 401 989 ac
418 964 573 996 passibilitas
591 971 693 989 sensus.
713 964 775 988 ibid.

403 999 453 1023 Per
462 998 619 1023 intellectum
633 1003 720 1024 movet
733 999 819 1023 omnis
829 998 942 1031 potentia
954 1006 1020 1031 quae

369 1041 422 1058 non
441 1039 480 1058 est
493 1033 519 1058 in
531 1034 713 1066 magnitudine.
729 1034 791 1065 VIII,
803 1041 853 1064 ιιι,
870 1041 909 1058 ιο.
920 1047 939 1052 -
951 1034 1021 1065 Ope-

369 1068 434 1093 ratio
449 1068 594 1094 intellectus
608 1076 660 1093 non
675 1073 715 1093 est
726 1075 772 1100 per
785 1075 911 1101 organum
930 1076 1021 1100 corpo-

370 1110 454 1128 reum.
472 1103 524 1133 VII,
537 1111 572 1133 xv,
587 1110 611 1128 α.
623 1103 688 1132 VIII,
701 1110 736 1132 w,
749 1111 774 1136 7.
789 1117 808 1122 -
825 1103 939 1136 Ideoque
956 1103 1022 1128 alte-

370 1137 442 1163 ratio
460 1145 513 1162 non
526 1139 629 1170 proprie
647 1139 680 1163 de
698 1138 827 1163 intellectu
845 1137 944 1163 dicitur.
959 1138 1022 1163 ibid.

370 1173 424 1202 VII,
437 1180 472 1202 w,
483 1172 497 1197 5
511 1180 571 1205 sqq.
580 1173 752 1198 -Intellectus
768 1181 819 1198 non
832 1177 872 1198 est
882 1173 962 1197 virtus
977 1173 1022 1197 ali-

371 1207 444 1232 cuius
457 1208 582 1239 corporis.
593 1208 622 1237 11,
635 1215 669 1239 xv,
681 1215 719 1232 10.
728 1208 793 1237 VIII,
805 1215 855 1238 ιιι,
871 1215 911 1232 ιο.
919 1221 938 1226 -
947 1207 1024 1232 Nulla

370 1242 484 1274 potentia
497 1250 564 1274 quae
577 1248 618 1268 est
629 1243 656 1267 in
664 1242 840 1276 magnitudine
848 1247 935 1267 movet
948 1242 1021 1275 quasi

372 1276 526 1310 intelligens.
543 1277 607 1306 VIII,
625 1285 674 1307 ιιι,
697 1285 736 1303 ιο.

408 1312 517 1344 Agentia
531 1319 578 1344 per
595 1313 762 1338 intellectum.
774 1327 794 1331 -
812 1312 876 1337 Vide
888 1313 988 1337 Aonas.

407 1346 450 1370 An
467 1354 575 1379 corpora
590 1347 709 1372 caelestia
727 1347 832 1372 influant
850 1348 876 1372 in
895 1351 966 1371 actus
985 1347 1023 1371 in-

373 1381 501 1406 tellectus.
515 1382 578 1411 VIII,
597 1389 631 1411 iv,
649 1390 675 1414 7.
689 1395 706 1402 -
720 1382 866 1407 Intellectus
880 1387 906 1406 et
919 1381 1025 1406 scientia

371 1417 487 1448 procedit
504 1424 535 1441 ex
554 1417 698 1449 cognitione
721 1417 916 1449 principiorum,
936 1424 1024 1441 causa-

372 1458 431 1475 rum
450 1456 476 1476 et
494 1452 698 1482 elementorum,
719 1451 745 1476 in
763 1451 884 1476 omnibus
903 1451 1024 1482 scientiis,

374 1492 483 1517 quarum
510 1490 570 1511 sunt
594 1486 716 1519 principia
739 1490 783 1511 aut
801 1494 894 1511 causae
911 1491 956 1511 aut
973 1486 1025 1511 ele—

373 1525 469 1545 menta.
488 1521 506 1550 I,
525 1528 542 1551 1,
563 1520 588 1546 5.

410 1555 504 1580 Omnis
523 1555 627 1580 scientia
645 1561 685 1581 est
703 1557 728 1580 in
746 1555 885 1581 intellectu.
905 1556 922 1586 I,
935 1563 953 1585 ι,
977 1563 1026 1581 ι.-

373 1589 492 1622 Cognitio
504 1589 648 1615 intellectus
662 1595 702 1616 est
714 1591 905 1616 universalium.
920 1591 938 1620 Ι,
947 1598 966 1621 ι,
976 1590 1026 1615 8.-

373 1624 422 1649 Est
448 1625 584 1657 perfectior
609 1626 753 1658 cognitione
778 1626 907 1651 sensitiva.
931 1625 994 1650 ibid.
1006 1639 1027 1645 -

375 1658 452 1689 Quod
471 1664 511 1684 est
529 1665 619 1685 notum
637 1662 706 1694 apud
724 1661 889 1691 intellectum,
909 1668 1027 1693 compre-

373 1693 493 1719 henditur
516 1695 548 1720 ab
572 1696 629 1727 ipso
653 1701 779 1728 quantum
803 1696 835 1720 ad
855 1696 942 1720 omnia
961 1703 1026 1727 quae

374 1729 456 1762 ipsius
471 1734 539 1754 sunt.
549 1730 567 1760 I,
576 1737 608 1759 ιι,
619 1738 644 1763 7.
657 1731 698 1763 Q‘.
709 1731 898 1755 Ausxaoonas.
907 1745 925 1750 -
938 1731 1027 1761 Quan-

374 1764 461 1796 doque
473 1765 620 1790 naturaliter
634 1765 734 1797 attingit
746 1765 889 1796 veritatem,
901 1766 960 1791 licet
972 1767 1026 1791 eius
1067 1762 1074 1767 ⁶

375 1799 500 1824 rationem
519 1807 571 1824 non
589 1800 718 1832 percipiat.
737 1801 755 1831 Ι,
773 1808 798 1830 ι,
819 1799 842 1824 5.

410 1832 522 1859 Infinitas
532 1834 741 1866 apprehensionis
755 1835 898 1859 intellectus
908 1835 949 1859 vel
963 1835 1026 1860 ima-

375 1867 519 1900 ginationis.
538 1869 577 1898 111,
595 1876 639 1899 vn,
659 1867 684 1893 6.
701 1876 754 1898 ιιιι,
766 1876 792 1900 4.
804 1883 822 1887 -
835 1869 1028 1902 Apprehensio-

374 1909 437 1928 nem
457 1902 602 1938 intellectus
620 1903 652 1928 ab
670 1903 858 1936 imaginationis
876 1912 1027 1937 repraesen-

375 1937 470 1962 tatione
488 1945 541 1962 non
564 1938 753 1970 distinguebant
771 1938 882 1971 antiqui,
901 1939 1027 1964 infinitum

375 1979 436 1997 esse
453 1977 589 2004 ponentes.
608 1973 654 2004 111,
672 1980 723 2004 vu,
741 1972 767 1998 6.
778 1974 970 1999 —Intellectum
995 1975 1027 1999 ab

375 2006 556 2039 imaginatione
578 2015 631 2032 non
649 2007 838 2040 distinguebant
856 2009 962 2042 antiqui.
981 2010 1027 2039 ΙΙΙ,

350 2056 354 2060 -
375 2048 436 2072 xm,
454 2048 480 2072 4.

412 2075 559 2100 Intellectus
583 2076 714 2101 immixtus
733 2077 877 2102 secundum
894 2079 1028 2111 Anaxago-

363 2117 442 2135 rram.
462 2111 502 2141 III,
521 2118 555 2140 vx,
574 2119 599 2145 9.
617 2111 681 2140 VIII,
699 2119 733 2142 ιι,
751 2119 777 2144 9.

413 2145 442 2169 In
465 2145 580 2178 partibus
603 2146 702 2171 animae
726 2147 798 2171 solus
821 2147 966 2172 intellectus
989 2153 1030 2172 est

377 2181 583 2213 incorruptibilis.
601 2181 664 2210 VIII,
682 2188 726 2211 ιιι,
747 2188 771 2206 2.

413 2215 450 2240 Ex
464 2216 575 2247 quadam
588 2216 732 2240 intellectus
751 2216 895 2242 infirmitate
904 2217 1029 2250 procedit,

379 2250 450 2282 quod
461 2250 538 2283 aliqui
553 2250 639 2276 dicunt
647 2251 735 2276 omnia
745 2251 886 2284 quiescere.
895 2252 959 2282 VIII,
969 2259 993 2281 v,
1006 2251 1030 2277 3.

413 2285 564 2316 Intellectus,
575 2286 641 2310 idest
655 2290 725 2311 actus
738 2285 883 2311 definiendi.
902 2287 965 2312 Vide
978 2287 1029 2311 Da-

378 2326 484 2345 rmno.

413 2354 548 2387 Appetitus
566 2354 743 2380 intellectivus.
766 2356 831 2381 Vide
844 2356 994 2381 Voumms.

344 2388 517 2414 lut-numana
531 2403 566 2408 —-
577 2390 626 2414 Est
641 2390 772 2422 quoddam
790 2391 849 2422 pati.
867 2392 920 2420 VII,
933 2399 967 2420 νι,
986 2391 1011 2416 8.

412 2423 504 2448 Dicere
516 2425 666 2456 simpliciter
675 2426 746 2457 quod
758 2425 873 2450 divinum
887 2426 1029 2458 intelligere

379 2457 413 2482 sit
431 2462 524 2487 motus,
540 2463 580 2484 est
597 2459 669 2492 loqui
682 2459 829 2492 aequivoce.
840 2460 904 2490 VIII,
918 2468 946 2491 11,
960 2460 999 2485 16.
1012 2475 1031 2479 -

378 2493 468 2518 Potest
493 2498 579 2519 tamen
606 2494 750 2527 improprie
774 2500 862 2520 motus
890 2495 1030 2524 nominari,

378 2527 445 2552 sicut
462 2536 540 2553 omne
561 2529 718 2562 intelligere,
736 2535 813 2562 prout
834 2531 974 2562 intelligere
993 2531 1030 2555 in—

379 2562 462 2621 cludit3
470 2563 646 2595 operationem
659 2571 726 2596 quae
735 2569 775 2589 est
788 2565 815 2589 in
827 2570 959 2598 operante.
966 2565 1029 2595 VIII,

366 2603 428 2626 -xn,
465 2614 473 2622 .

414 2631 580 2664 Intelligendo
611 2632 775 2665 procedimus
805 2634 838 2659 de
864 2634 978 2668 potentia
1005 2635 1031 2659 in

381 2670 474 2691 actum.
493 2667 512 2697 I,
530 2674 548 2696 1,
566 2674 592 2699 7.
972 2691 977 2696 ,

416 2701 567 2733 Intelligere,
586 2701 653 2726 idest
671 2701 784 2727 definire.
808 2703 871 2728 Vide
885 2703 1030 2729 Duum-10.

346 2737 536 2761 Ina-annotans
546 2750 580 2755 —
589 2736 695 2769 Aliquid
706 2735 734 2761 fit
743 2737 900 2770 intelligibile
912 2745 959 2769 per
972 2737 1031 2763 abs-

380 2771 531 2796 tractionem
549 2779 564 2796 a
582 2771 695 2796 materia.
714 2771 740 2802 I,
758 2779 782 2801 1,
805 2780 826 2797 1.
837 2786 856 2792 -
876 2772 973 2798 Totum
991 2772 1029 2796 in-

380 2806 513 2838 telligibile
532 2804 625 2839 (prout
643 2811 683 2831 est
701 2806 863 2841 universale)
883 2812 924 2832 est
947 2808 1032 2833 notius

381 2841 526 2866 secundum
543 2840 710 2866 intellectum.
729 2841 747 2870 Ι,
759 2849 776 2871 1,
791 2849 816 2875 9.
827 2856 847 2861 —
858 2842 1032 2867 Universalius

380 2875 538 2907 intelligibile
555 2880 595 2900 est
612 2876 682 2908 prius
695 2881 786 2900 notum
797 2877 873 2902 nobis
887 2878 1031 2902 secundum

381 2910 548 2935 Intellectum.
566 2911 583 2940 1,
602 2917 620 2941 1,
643 2918 682 2935 11.
907 2934 911 2938 .

346 2946 529 2970 Iit-rnansrmm
543 2959 576 2963 -—-
589 2945 733 2978 'tripliciter
751 2945 849 2971 dicitur.
866 2947 906 2977 III,
920 2954 964 2976 νιι,
979 2955 1005 2980 9.
1014 2961 1032 2966 —

382 2980 521 3009 Quomodo
540 2979 667 3004 infinitum
693 2980 791 3005 dicatur
813 2982 979 3008 intransibile.
992 2982 1031 3012 III,

381 3021 425 3045 vn,
445 3022 469 3048 9,
491 3022 531 3039 10.
544 3028 563 3034 —
582 3015 646 3040 Vide
664 3015 807 3041 mmm.

512 3048 614 3082 gnificat
632 3050 727 3075 locum.
746 3051 786 3080 III,
803 3058 838 3081 vr,
857 3050 883 3076 6.

347 3084 485 3109 mmmm
497 3098 530 3102 —
544 3084 688 3117 Tripliciter
702 3086 799 3111 dicitur.
818 3086 857 3116 ΙΙΙ,
871 3094 914 3116 vn,
924 3094 949 3120 9.
960 3100 979 3106 -
993 3087 1033 3111 In-

382 3118 590 3177 ἶῖἰείὺὶΙεὸἀίεὶῑ-ιιι·
613 3120 684 3152 quod
701 3126 760 3145 'non
779 3125 818 3145 est
841 3126 931 3146 natum
944 3122 1032 3146 videri.

408 3170 416 3183 ,
433 3160 468 3183 νι,
506 3170 513 3177 .

347 3188 454 3213 luri-ran
468 3201 501 3206 ——
515 3187 592 3218 Quod
611 3188 712 3220 Iupiter
720 3190 808 3221 plan,-
823 3190 935 3222 intellige
948 3191 1033 3215 Deum

383 3222 424 3247 vel
443 3227 561 3247 naturam
578 3223 759 3249 universalem.
778 3225 807 3255 11,
824 3232 867 3254 111,
883 3224 907 3250 3.
920 3239 938 3244 —
951 3225 1032 3249 Motui

384 3257 451 3281 Iovis
477 3261 581 3290 tempus
606 3258 742 3283 duodecim
760 3267 886 3284 annorum
911 3260 1033 3292 deputant

385 3292 516 3324 astrologi.
534 3292 597 3322 VIII,
615 3300 684 3323 xxm,
705 3292 729 3319 5.

350 3327 459 3352 Iuvamzs
477 3341 511 3345 —-
535 3326 598 3352 Vide
615 3327 708 3353 Poam-

678 3410 712 3446 K

351 3501 451 3526 Ksmns
462 3511 499 3535 ?-
513 3500 541 3525 In
559 3507 650 3533 graeco
669 3505 708 3525 est
732 3502 863 3534 quoddam
881 3502 1035 3527 instrumen-

386 3540 440 3560 tum
459 3543 513 3568 quo
530 3540 636 3560 utuntur
653 3540 777 3567 textores,
797 3537 869 3569 quod
888 3537 919 3562 ad
938 3544 967 3562 se
984 3542 1035 3563 tra-

493 3587 562 3620 Opp.
581 3587 611 3612 D.
626 3587 739 3612 ΤιιοιιΑΕ
758 3587 789 3612 Τ.
809 3588 838 3613 11.

1112 263 1276 299 INDEX
1304 261 1699 298 ALPHABETICUS

1104 339 1169 364 hunt
1196 340 1304 364 texendo
1317 356 1324 369 ,
1348 338 1419 371 quod
1442 337 1520 362 latine
1544 338 1636 363 radius
1661 339 1758 363 dicitur.

1104 375 1158 404 VII,
1177 382 1214 404 111,
1233 382 1258 407 9.

1070 410 1194 434 Kamsis
1213 422 1246 427 -
1266 409 1314 434 Est
1332 407 1457 432 attractio.
1477 407 1529 437 VII,
1547 414 1584 438 111,
1603 415 1629 440 9.

1399 492 1430 527 L

1071 583 1181 607 Lamus
1195 595 1228 600 —
1243 582 1274 606 In
1294 582 1434 615 diffusione
1451 582 1595 615 lampadis,
1615 582 1681 607 idest
1699 590 1758 607 cum

1108 617 1215 642 candela
1233 617 1265 640 de
1289 625 1369 641 manu
1388 618 1413 641 in
1432 625 1539 642 manum
1559 617 1722 648 transfertur3
1742 631 1759 636 -

1107 652 1148 676 vel
1174 650 1339 685 (secundum
1364 652 1439 676 aliam
1469 651 1673 684 expositionem)
1700 659 1759 676 cum

1108 691 1208 710 motum
1228 686 1335 711 localem
1350 687 1456 719 liquoris
1470 695 1522 719 quo
1541 686 1644 711 flamma
1658 691 1759 711 susten-

1107 726 1174 746 tatur
1193 720 1250 755 (qui
1269 721 1374 754 diffusio
1394 722 1502 756 dicitur),
1519 722 1685 753 consequitur
1703 729 1761 746 mo-

1107 761 1150 780 tus
1170 756 1258 780 localis
1277 756 1396 781 flammae
1411 755 1489 789 (quae
1505 756 1610 780 nomine
1628 756 1760 788 lampadis

1109 790 1274 824 significatur)
1288 806 1307 809 —
1320 796 1389 824 patet
1412 792 1481 823 quod
1505 792 1530 816 in
1549 791 1640 815 eodem
1666 799 1760 823 genere

1109 826 1159 851 loci
1177 826 1340 856 mutationis,
1356 834 1406 850 una
1420 826 1468 851 loci
1487 826 1593 850 mutatio
1611 830 1651 850 est
1670 833 1760 850 conse-

1110 866 1218 893 quenter
1236 869 1265 885 se
1279 861 1377 885 habens
1390 862 1422 886 ad
1436 862 1519 891 aliam,
1533 868 1592 885 cum
1606 866 1693 885 tamen
1706 869 1759 885 non

1110 896 1143 920 sit
1161 896 1288 920 continua.
1305 896 1336 925 V,
1355 903 1398 926 vn,
1419 903 1443 920 2.

1074 931 1155 955 Lms
1178 945 1211 948 —
1236 930 1313 955 Gutta
1337 931 1438 962 pluviae
1462 930 1626 962 multiplicata
1655 930 1761 955 conterit

1109 965 1228 997 lapIdem.
1242 965 1305 995 VIII,
1319 973 1344 995 v,
1356 964 1379 989 5.
1389 978 1407 983 —-
1417 966 1466 990 Per
1480 965 1570 997 lapidis
1585 965 1759 995 effossionem,

1110 1004 1240 1024 causatam
1255 1007 1270 1023 a
1283 1000 1360 1031 guttis
1379 1000 1526 1025 successive
1544 1000 1701 1029 cadentibus,
1716 1008 1761 1032 pa-

1110 1039 1148 1059 tet
1166 1034 1236 1066 quod
1260 1042 1350 1058 eorum
1374 1042 1441 1066 quae
1465 1042 1517 1058 non
1542 1039 1602 1058 sunt
1625 1035 1715 1064 simul,
1736 1039 1761 1059 et

1110 1069 1169 1094 ideo
1187 1076 1265 1093 causa
1279 1069 1385 1093 alicuius
1405 1077 1463 1094 esse
1479 1077 1531 1093 non
1549 1074 1667 1101 possunt,
1682 1077 1761 1101 quae-

1111 1104 1171 1129 dam
1189 1109 1277 1128 tamen
1295 1103 1443 1136 disponunt,
1457 1109 1483 1128 et
1501 1104 1629 1135 quaedam
1648 1109 1762 1129 causant.

1110 1139 1176 1169 vni,
1194 1146 1238 1169 xn,
1256 1137 1282 1163 6.

1076 1175 1160 1199 Lam-10
1174 1188 1207 1192 --
1225 1173 1297 1198 Latio
1325 1174 1395 1205 quod
1418 1172 1542 1206 significat
1566 1180 1661 1197 nomen
1693 1180 1761 1197 com-

1111 1208 1352 1241 munerimponitur
1366 1209 1447 1233 motui
1462 1208 1603 1232 secundum
1614 1208 1707 1238 locum,
1719 1208 1763 1240 qui

1112 1251 1165 1268 non
1183 1243 1260 1268 habet
1277 1251 1374 1268 nomen
1392 1250 1531 1268 commune
1549 1242 1658 1274 generis,
1678 1250 1763 1274 neque

1112 1278 1217 1303 nomina
1234 1278 1338 1311 propria
1357 1279 1514 1310 specierum:
1532 1278 1597 1302 ratio
1615 1285 1696 1310 quare
1713 1277 1764 1302 hoc

1113 1321 1208 1338 nomen
1226 1313 1307 1337 motui
1326 1314 1469 1338 secundum
1493 1313 1581 1337 locum
1599 1313 1697 1345 imponi
1716 1320 1765 1344 po-

1113 1349 1197 1373 tuerit.
1215 1348 1246 1377 V,
1265 1355 1298 1378 ιν,
1317 1355 1343 1379 4.

1078 1384 1226 1408 Leucippus
1239 1397 1274 1401 -
1287 1383 1402 1415 Corpora
1416 1382 1447 1407 ab
1460 1382 1569 1407 invicem
1582 1382 1704 1415 distingui
1718 1389 1765 1415 per

1112 1425 1193 1442 vacua
1211 1418 1305 1450 posuit.
1325 1418 1366 1448 IV,
1385 1425 1418 1448 ιι,
1440 1417 1463 1442 5.

1078 1454 1149 1477 Lava:
1168 1467 1200 1472 —-
1220 1453 1286 1477 Esse
1304 1453 1368 1477 Ievis
1381 1457 1421 1477 est
1438 1452 1532 1476 habere
1551 1452 1719 1485 aptitudinem
1732 1452 1764 1476 ad

1114 1487 1163 1512 hoc
1182 1487 1252 1520 quod
1271 1488 1304 1511 sit
1322 1495 1434 1512 sursum.
1452 1487 1522 1517 VIII,
1541 1495 1594 1517 vm,
1614 1486 1640 1512 6.
1652 1501 1671 1506 —
1684 1488 1764 1512 Actus

1114 1523 1178 1547 levis
1197 1523 1348 1554 inquantum
1366 1522 1521 1553 huiusmodi,
1539 1527 1579 1546 εει
1597 1530 1656 1547 εεεε
1675 1523 1699 1546 in
1719 1523 1763 1546 ali-

1115 1565 1168 1590 quo
1186 1557 1245 1582 loco'
1262 1557 1437 1589 determinato,
1453 1557 1547 1582 scilicet
1566 1565 1681 1582 sursum.
1700 1557 1764 1587 VIII,

1114 1600 1168 1623 vm,
1189 1591 1212 1617 5.
1225 1605 1244 1612 -
1257 1593 1326 1617 Leve
1344 1591 1373 1616 fit
1391 1600 1421 1617 ex
1439 1592 1524 1624 gravi,
1543 1592 1607 1617 sicut
1625 1599 1656 1617 ex
1674 1592 1765 1624 frigido

1116 1627 1241 1653 calidum:
1259 1628 1329 1652 unde
1351 1627 1422 1659 prius
1447 1633 1487 1652 est
1509 1627 1566 1651 leve
1589 1628 1614 1651 in
1638 1628 1765 1660 potentIa,

1115 1662 1284 1695 postmodum
1305 1670 1367 1687 vero
1386 1663 1410 1686 in
1430 1666 1496 1687 actu.
1514 1662 1577 1687 ibid.
1596 1676 1615 1681 —
1632 1663 1702 1686 Leve
1726 1666 1766 1687 est

1115 1697 1266 1730 principium
1283 1701 1369 1722 motus
1388 1705 1500 1721 sursum.
1512 1697 1566 1727 VII,
1584 1704 1628 1727 vn,
1647 1697 1671 1721 3.
1684 1710 1703 1715 —-
1716 1698 1766 1722 Le-

1115 1732 1156 1756 via
1174 1732 1291 1756 feruntur
1309 1740 1424 1757 sursum.
1444 1733 1486 1763 IV,
1506 1739 1541 1760 w,
1566 1739 1604 1764 17.
1623 1735 1650 1757 et
1662 1732 1766 1764 pluries

1116 1766 1235 1791 habetur.
1248 1781 1267 1786 -
1284 1767 1348 1791 Vide
1366 1767 1467 1791 Gnavn.

1080 1802 1201 1826 meum
1217 1816 1248 1820 —-
1267 1802 1295 1826 In
1320 1802 1382 1826 solis
1407 1801 1541 1834 agentibus
1566 1800 1676 1826 liberum
1701 1801 1766 1826 arbi-

1116 1837 1194 1861 trium
1212 1835 1364 1861 habentibus
1383 1837 1505 1869 contingit
1519 1836 1614 1868 aliquid
1632 1844 1647 1861 a
1665 1836 1766 1861 fortuna

1117 1878 1184 1896 esse.
1197 1871 1226 1902 11,
1240 1879 1263 1901 x,
1277 1879 1302 1902 4,
1320 1870 1343 1896 5.

1081 1907 1167 1931 Lmen
1179 1919 1212 1923 —
1227 1906 1405 1930 Diversimode
1418 1906 1591 1931 consideratur
1601 1914 1615 1931 a
1624 1905 1767 1931 mathema-

1117 1941 1168 1965 tico
1186 1945 1212 1965 et
1230 1949 1245 1965 a
1262 1941 1378 1965 naturali.
1390 1941 1419 1971 II,
1434 1949 1471 1971 111,
1485 1948 1510 1972 4,
1526 1940 1549 1971 5,
1565 1940 1590 1965 8.

1151 1975 1199 2000 Εει
1217 1983 1275 2005 una,
1290 1976 1356 2000 sicut
1370 1975 1520 2000 continuum
1535 1980 1574 2000 est
1591 1983 1681 2000 unum.
1695 1976 1714 2006 1,
1729 1983 1766 2006 ιιι,

1119 2010 1143 2036 3.
1154 2024 1174 2029 -
1188 2011 1300 2035 Punctus
1319 2015 1405 2035 motus
1424 2011 1482 2035 facit
1500 2010 1605 2040 lineam,
1625 2011 1768 2035 secundum

1117 2050 1271 2078 geometras.
1286 2045 1328 2076 Ν,
1342 2053 1412 2076 ινιιι,
1425 2052 1450 2077 4.
1462 2059 1481 2064 —
1490 2045 1548 2069 Non
1563 2046 1724 2078 componitur
1738 2053 1767 2070 ex

1117 2080 1228 2112 punctis.
1241 2080 1305 2109 VIII,
1324 2087 1383 2109 xvu,
1403 2088 1428 2112 7.
1442 2094 1460 2098 -
1474 2081 1524 2104 Sed
1548 2085 1642 2113 puncta
1660 2085 1769 2113 possunt

1117 2115 1211 2146 signari
1230 2114 1256 2138 in
1274 2115 1348 2145 linea,
1361 2114 1512 2146 inquantum
1532 2115 1658 2139 dividitur.
1676 2115 1738 2140 ibid.
1750 2129 1769 2134 —

1118 2149 1207 2173 Partes
1226 2149 1308 2173 lineae
1326 2153 1387 2173 sunt
1411 2150 1504 2179 lineae,
1524 2157 1576 2173 non
1594 2154 1696 2181 puncta.
1720 2150 1767 2179 IV,

1117 2191 1186 2214 xvm,
1205 2191 1244 2208 11.
1262 2183 1304 2214 VI,
1325 2191 1334 2208 1
1348 2190 1401 2215 per
1419 2187 1466 2208 tot.
1480 2197 1498 2202 —
1512 2183 1651 2213 Quomodo
1670 2192 1685 2208 a
1702 2192 1770 2216 pun-

1118 2223 1159 2243 cto
1178 2218 1310 2243 dividatur.
1325 2219 1366 2249 IV,
1378 2226 1426 2248 ιιι,
1443 2225 1467 2243 2.
1479 2231 1500 2236 —
1512 2218 1571 2242 Non
1590 2219 1687 2243 excedit
1703 2226 1768 2251 pun-

1119 2258 1197 2278 ctum.
1205 2253 1247 2284 IV,
1256 2261 1299 2283 ιιι,
1310 2260 1335 2284 4.
1344 2267 1363 2271 —
1372 2252 1485 2277 Infinitae
1500 2253 1581 2277 lineae
1596 2261 1688 2278 curvae
1707 2261 1768 2285 pos-

1119 2293 1179 2313 sunt
1193 2288 1300 2312 describi
1313 2288 1378 2312 inter
1397 2289 1448 2312 duo
1461 2293 1568 2320 puncta3
1585 2289 1632 2312 sed
1648 2296 1699 2313 una
1713 2293 1768 2312 tan-

1119 2327 1175 2347 tum
1193 2323 1260 2347 linea
1277 2327 1354 2347 recta.
1372 2323 1436 2353 VIII,
1456 2330 1504 2352 xix,
1526 2330 1551 2347 2.
1564 2335 1582 2342 —-
1595 2323 1689 2348 Lineae
1708 2328 1769 2348 sunt

1118 2358 1208 2382 ultima
1226 2357 1427 2390 superficierum.
1441 2358 1482 2388 IV,
1497 2365 1533 2388 111,
1549 2357 1573 2382 5.
1590 2365 1635 2388 xv,
1654 2357 1679 2382 6.
1698 2358 1728 2388 V,
1742 2365 1767 2388 v,

1121 2400 1144 2417 2.
1157 2406 1176 2411 -
1195 2393 1290 2417 Ultima
1314 2393 1439 2416 linearum
1464 2397 1525 2416 sunt
1542 2397 1643 2424 puncta.
1661 2393 1724 2418 ibid.
1743 2398 1769 2417 et

1118 2428 1161 2458 VI,
1173 2434 1227 2457 vm,
1241 2434 1266 2458 4,
1284 2426 1307 2451 5.
1319 2441 1339 2446 —
1351 2427 1446 2452 Lineae
1464 2426 1562 2458 finitae,
1585 2428 1650 2452 sicut
1668 2436 1715 2452 nec
1729 2428 1768 2452 ul-

1119 2462 1168 2487 IIus
1188 2462 1319 2486 divisibilis
1342 2461 1419 2493 finiti,
1441 2470 1492 2486 non
1510 2467 1596 2495 potest
1619 2470 1677 2487 esse
1700 2471 1768 2487 unus

1119 2498 1243 2522 terminus
1262 2501 1369 2521 tantum.
1388 2497 1436 2528 IV,
1454 2505 1498 2527 xv,
1518 2496 1543 2521 6.
1561 2510 1581 2516 —-
1598 2498 1645 2522 Est
1669 2498 1768 2530 species

1119 2531 1309 2564 magnitudinis.
1322 2532 1363 2562 IV,
1377 2539 1415 2562 m,
1432 2531 1454 2556 5.
1467 2546 1486 2550 -
1500 2532 1594 2557 Ultima
1612 2533 1721 2557 duarum
1739 2533 1769 2556 li-

1119 2575 1226 2591 nearum
1245 2574 1273 2591 se
1291 2567 1449 2599 tangentium
1467 2567 1628 2592 continentur
1646 2567 1694 2592 sub
1714 2575 1767 2592 uno

1119 2606 1214 2634 puncto
1233 2602 1281 2626 loci
1300 2602 1459 2626 continentis.
1473 2602 1505 2632 V,
1519 2609 1543 2632 v,
1560 2609 1583 2626 2.

1155 2637 1196 2661 An
1209 2641 1307 2661 rectum
1320 2641 1345 2661 et
1359 2637 1478 2661 circulare
1493 2636 1543 2661 sint
1561 2636 1660 2669 species
1678 2636 1768 2662 lineae.

1120 2672 1181 2700 VII,
1195 2678 1255 2702 vm,
1276 2670 1300 2696 5.
1318 2684 1337 2690 —-
1355 2671 1436 2695 Linea
1458 2675 1526 2696 recta
1551 2677 1590 2696 est
1614 2671 1768 2704 imperfecta.

1120 2707 1162 2736 IV,
1180 2713 1229 2736 vn,
1251 2705 1275 2730 5.
1291 2719 1311 2726 -
1331 2706 1466 2730 Circularis
1485 2706 1511 2730 in
1529 2707 1624 2741 seipsa,
1633 2705 1769 2739 perficitur.

1121 2740 1184 2765 ibid.
1203 2754 1222 2759 ·-
1241 2741 1268 2765 In
1295 2741 1362 2765 linea
1379 2745 1449 2765 recta
1473 2741 1654 2766 determinatur
1678 2742 1769 2773 princi-

1120 2775 1199 2806 pium,
1214 2775 1329 2799 medium
1347 2779 1373 2799 et
1390 2774 1457 2800 finis.
1471 2775 1535 2807 VIII,
1550 2783 1589 2806 xx,
1608 2784 1630 2801 1.
1643 2791 1661 2795 -
1674 2777 1702 2801 In
1721 2777 1769 2801 cir-

1121 2809 1199 2834 culari
1217 2809 1318 2834 termini
1342 2817 1394 2834 non
1413 2814 1473 2834 sunt
1496 2810 1615 2836 distincti.
1635 2811 1696 2836 ibid.
1710 2812 1770 2836 -In

1121 2844 1187 2868 linea
1205 2848 1273 2868 recta
1291 2844 1417 2869 invenitur
1436 2846 1607 2875 contrarietas,
1627 2846 1769 2871 consistens

1121 2879 1186 2903 inter
1199 2883 1300 2903 motum
1318 2879 1362 2911 qui
1381 2883 1420 2904 est
1437 2881 1475 2904 ad
1492 2880 1604 2912 aliquem
1621 2882 1770 2911 terminum,

1122 2918 1147 2938 et
1165 2918 1264 2937 motum
1287 2913 1331 2945 qui
1350 2918 1389 2938 est
1407 2921 1444 2939 ex
1469 2915 1513 2940 illo
1537 2916 1628 2940 eodem
1650 2917 1768 2941 termino.

1121 2948 1185 2978 VIII,
1198 2955 1247 2977 ιιι,
1261 2955 1286 2973 2.
1298 2961 1316 2966 —
1328 2948 1356 2972 In
1369 2949 1483 2974 circulari
1498 2954 1583 2974 autem
1602 2958 1655 2975 non
1673 2951 1769 2976 inveni-

1121 2987 1171 3008 tur.
1186 2982 1248 3007 ibid.
1260 2997 1278 3002 -
1290 2983 1365 3007 Ratio
1383 2983 1548 3012 differentiae.
1566 2985 1628 3010 ibid.

1157 3018 1246 3042 Partes
1265 3018 1389 3042 linearum
1408 3020 1540 3050 quomodo
1558 3019 1606 3044 sibi
1625 3021 1769 3045 succedant.

1121 3051 1153 3082 V,
1166 3060 1209 3082 vn,
1223 3052 1248 3078 8.
1260 3066 1279 3070 -
1292 3053 1358 3077 Ante
1371 3054 1619 3079 consummationem
1634 3055 1716 3080 lineae
1730 3060 1769 3079 to-

1121 3088 1180 3116 tius,
1195 3092 1235 3112 est
1253 3095 1355 3119 semper
1373 3088 1487 3121 accipere
1502 3094 1627 3121 punctum
1646 3090 1770 3115 dividens.

1121 3122 1164 3152 VI,
1177 3129 1220 3151 vn,
1234 3129 1260 3153 4.
1273 3135 1292 3141 ·-·
1305 3122 1431 3147 Punctum
1447 3128 1504 3148 ante
1522 3124 1674 3149 divisionem
1691 3130 1731 3149 est
1745 3125 1770 3149 in

1123 3157 1190 3181 linea
1203 3157 1230 3181 in
1247 3157 1360 3189 potentia
1372 3170 1390 3175 —
1405 3157 1431 3181 in
1444 3162 1501 3183 actu
1513 3160 1617 3191 quando
1635 3160 1686 3184 iam
1705 3159 1770 3184 linea

1123 3191 1202 3216 divisa
1226 3196 1273 3216 est.
1294 3191 1356 3216 ibid.
1372 3205 1391 3210 -
1407 3192 1435 3216 In
1453 3193 1568 3225 qualibet
1589 3194 1656 3218 linea
1679 3198 1719 3218 est
1736 3194 1771 3218 si-

1122 3233 1200 3258 gnare
1218 3225 1335 3251 infinities
1354 3231 1479 3258 punctum
1502 3233 1560 3253 ante
1577 3233 1709 3260 punctum.
1728 3229 1769 3257 VI,

1122 3267 1176 3290 vm,
1193 3259 1215 3285 5.
1228 3274 1247 3279 -
1259 3261 1306 3285 Est
1325 3261 1436 3286 dividere
1449 3266 1475 3286 et
1493 3263 1586 3287 addere
1599 3263 1625 3287 in
1643 3263 1769 3287 infinitum

1123 3295 1149 3319 in
1167 3295 1248 3320 lineis.
1262 3296 1304 3326 VI,
1318 3303 1372 3327 vm,
1389 3296 1428 3320 13.
1441 3310 1459 3314 —
1472 3297 1539 3322 Ante
1553 3298 1693 3330 quamlibet
1712 3305 1770 3329 par-

1122 3334 1176 3354 tem
1195 3330 1276 3354 lineae
1294 3335 1334 3355 est
1356 3331 1470 3363 accipere
1492 3337 1616 3364 punctum
1640 3333 1665 3356 in
1685 3332 1771 3356 medio

1123 3364 1191 3388 illius
1209 3365 1296 3397 partis,
1315 3370 1341 3390 et
1358 3370 1415 3390 ante
1434 3365 1496 3391 illud
1514 3372 1638 3398 punctum
1657 3366 1769 3391 medium

1125 3399 1237 3431 aliquam
1255 3404 1354 3431 partem
1372 3400 1461 3431 lineae,
1475 3401 1501 3426 in
1519 3401 1652 3426 infinitum.
1672 3401 1734 3426 ibid.
1751 3415 1771 3420 —

1123 3434 1202 3458 Linea
1220 3438 1306 3459 tamen
1324 3442 1375 3459 non
1394 3439 1435 3459 est
1451 3435 1556 3461 infinita.
1575 3436 1637 3461 ibid.

1161 3468 1253 3493 Omnis
1271 3469 1338 3494 linea
1355 3474 1395 3494 est
1412 3470 1496 3499 media
1518 3470 1583 3495 inter
1601 3471 1651 3495 duo
1669 3474 1771 3502 puncta.

1124 3503 1156 3533 V,
1176 3511 1200 3533 v,
1218 3511 1256 3528 11.
1275 3503 1316 3534 Vl,
1335 3511 1388 3533 vm,
1409 3503 1433 3529 5.
1450 3517 1468 3525 ·-
1484 3505 1564 3530 Linea
1581 3510 1649 3530 recta
1667 3509 1707 3529 est
1724 3504 1772 3528 mi-

1124 3538 1193 3563 nima
1217 3539 1332 3564 distantia
1356 3539 1421 3564 inter
1444 3540 1495 3564 duo
1517 3545 1610 3572 puncta
1627 3554 1646 3559 —
1664 3543 1703 3564 est
1721 3547 1772 3564 una

2411 264 2488 311 473

1848 344 1947 364 tantum
1960 341 2024 364 inter
2043 341 2094 365 duo
2106 345 2199 372 puncta
2210 355 2230 360 —
2242 341 2321 366 lineas
2341 347 2425 367 autem
2440 351 2496 367 cur-

1847 382 1893 398 vas
1913 375 1978 399 inter
1996 375 2047 399 duo
2071 381 2164 407 puncta
2182 376 2208 400 in
2226 375 2351 401 infinitum
2376 378 2498 410 multipli-

1849 409 1899 434 cari
1918 410 2047 442 contingit.
2066 410 2097 440 V,
2115 418 2139 439 v,
2161 409 2184 434 5.
2201 425 2220 429 —
2240 412 2384 436 Secundum
2403 413 2497 437 lineam

1849 451 1953 468 curvam
1973 445 2090 469 distantia
2104 446 2214 470 maxima
2226 453 2292 478 quae
2308 452 2347 471 est
2360 447 2425 471 inter
2438 448 2497 477 duo,

1848 486 1900 503 non
1922 484 2008 511 potest
2037 480 2180 504 mensurari
2197 493 2216 500 —
2234 482 2375 506 secundum
2404 482 2498 507 lineam

1848 518 1944 538 rectam
1963 514 2047 538 solam
2066 514 2114 539 hoc
2133 520 2226 547 potest.
2246 516 2309 541 ibid.

1885 548 2037 581 Superficies
2056 549 2082 573 in
2101 550 2189 580 lineas,
2205 555 2230 574 et
2248 551 2326 575 lineas
2341 551 2366 575 in
2386 551 2497 576 indivisi-

1848 583 1909 607 bilia
1928 584 2028 613 resolvi,
2043 584 2116 608 Plato
2134 585 2252 616 ponebat.
2269 585 2286 613 Ι,
2306 593 2351 617 νιι,
2372 585 2394 610 3.
2408 600 2425 604 -
2439 587 2498 611 Non

1849 622 1889 642 est
1908 617 2006 642 difficile
2025 619 2156 643 destruere
2179 619 2326 651 opinionem
2348 622 2498 652 ponentium

1849 652 2014 677 indivisibiles
2034 661 2092 678 esse
2110 654 2205 684 lineas;
2224 654 2290 679 idest
2313 656 2449 680 ostendere
2468 657 2498 680 li-

1849 695 1919 717 neas,
1939 695 2004 719 quas
2019 688 2123 720 quidam
2138 694 2235 720 ponunt
2253 689 2424 720 indivisibiles,
2440 698 2498 715 esse

1849 722 1989 754 partibiles.
2007 723 2047 752 III,
2060 730 2083 753 x,
2105 722 2127 747 3.

1813 757 1859 780 Lts
1878 771 1911 775 —
1931 757 2103 789 Empedocles
2122 757 2220 790 posuit,
2240 766 2299 783 cum
2318 764 2428 791 quatuor
2446 761 2498 784 ele-

1849 792 1943 816 mentiS
1963 792 2014 816 duo
2033 793 2081 816 alia
2099 800 2165 822 esse,
2179 793 2274 817 scilicet
2292 794 2399 819 amicitia
2417 799 2443 819 et
2458 795 2498 820 lis.

1850 826 1868 856 1,
1882 834 1909 855 11,
1924 834 1947 856 2,
1961 830 1987 851 et
2000 827 2102 858 pluries
2121 827 2239 852 habetur.
2257 842 2277 846 -
2290 829 2346 853 Lite
2365 835 2499 861 separante

1850 866 1875 885 et
1894 862 2079 893 distinguente,
2099 863 2225 886 mundum
2250 862 2342 888 iterum
2365 864 2497 896 generari,

1850 903 1909 920 cum
1928 901 2077 928 corruptum
2096 896 2150 928 fuit,
2164 893 2271 922 amicitia
2288 898 2375 923 omnia
2393 899 2499 923 confun-

1850 931 1925 955 dente
1951 931 1976 955 in
2003 939 2092 956 unum.
2111 932 2135 962 1,
2155 939 2212 961 vm,
2235 931 2258 956 5.
2277 946 2296 951 -
2313 933 2365 957 Sub
2386 934 2498 958 dominio

1850 965 1973 990 amicitiae
1992 970 2017 990 et
2035 966 2084 990 litis
2103 967 2188 991 omnia
2213 968 2369 999 quandoque
2392 969 2499 993 moveri.

1849 1000 1911 1030 VIII,
1931 1008 1964 1031 Vl,
1986 1000 2009 1025 3.
2021 1014 2041 1019 -
2061 1001 2124 1025 Vide
2148 1001 2300 1032 DlsconmA,
2319 1003 2499 1028 Empcnocmzs.

1814 1035 1879 1059 Loc1
1897 1042 2011 1060 nunno
2026 1050 2058 1053 —
2078 1036 2124 1060 Est
2142 1036 2240 1068 species
2259 1042 2354 1061 motus.
2374 1038 2404 1067 V,
2423 1045 2463 1069 ιιι,
2476 1045 2500 1063 2.

1848 1070 1907 1100 VII,
1926 1078 1967 1100 ιιι,
1988 1077 2011 1095 2.
2030 1071 2100 1100 VIII,
2118 1078 2167 1099 xtv,
2189 1071 2212 1095 3.
2225 1085 2244 1089 -
2256 1071 2352 1096 Dicitur
2369 1072 2443 1096 latio.
2461 1073 2500 1103 V,

1849 1111 1883 1133 ιν,
1896 1111 1922 1135 4.
1931 1119 1950 1123 -
1963 1105 2010 1129 Est
2021 1106 2103 1138 prima
2117 1111 2243 1130 motuum.
2258 1106 2296 1135 111,
2311 1114 2328 1136 1,
2346 1106 2368 1131 3.
2388 1107 2429 1136 IV,
2439 1115 2500 1138 xvn,

1850 1138 1874 1163 6.
1894 1139 1931 1168 V,
1943 1147 1970 1170 11,
1985 1148 2009 1173 9.
2034 1140 2086 1170 VII,
2106 1148 2132 1170 11,
2155 1148 2176 1165 1.
2195 1141 2258 1170 VIII,
2281 1149 2329 1170 xlv,
2346 1141 2368 1170 3,
2384 1149 2409 1173 4.
2421 1142 2499 1166 —Est

1850 1175 1932 1205 prima
1949 1175 1976 1207 a)
1996 1182 2027 1199 eo
2046 1183 2136 1204 sensu,
2156 1176 2226 1207 quod
2245 1183 2275 1200 ea
2293 1184 2344 1200 non
2366 1177 2496 1206 existente,

1853 1214 2019 1233 removentur
2031 1210 2079 1239 alii,
2094 1210 2154 1234 dum
2173 1210 2229 1241 ipsa
2246 1211 2301 1235 sine
2320 1211 2374 1235 aliis
2394 1212 2501 1236 existere

1852 1248 1937 1275 potest
1945 1252 1952 1274 ;
1972 1245 1996 1276 b)
2010 1249 2034 1268 et
2047 1250 2176 1276 tempore;
2189 1245 2213 1277 c)
2227 1250 2252 1269 et
2264 1246 2426 1277 perfectione.
2435 1247 2499 1275 VIII,

1851 1285 1900 1306 xlv,
1913 1277 1971 1311 5-9.
1983 1292 2002 1297 -
2013 1279 2060 1303 Est
2071 1280 2152 1311 prima
2166 1285 2284 1304 motuum
2297 1281 2372 1305 etiarn
2386 1289 2415 1305 ex
2427 1286 2500 1313 parte

1853 1313 1964 1338 mobilis.
1983 1313 2046 1342 VIII,
2064 1321 2112 1342 xiv,
2137 1321 2175 1338 11.
2186 1315 2260 1338 —Est
2278 1315 2360 1346 prima
2373 1321 2498 1344 motuum,

1853 1355 1904 1380 qua
1929 1353 2041 1378 remota,
2065 1353 2229 1372 removentur
2248 1350 2298 1374 alii.
2316 1351 2359 1379 111,
2377 1357 2400 1380 1,
2422 1350 2445 1375 3.
2463 1351 2500 1380 V,

1851 1389 1878 1411 ιι,
1898 1390 1924 1415 9.
1936 1397 1955 1401 -
1966 1383 2031 1407 Eam
2049 1390 2108 1408 esse
2126 1383 2235 1415 primam
2257 1390 2373 1409 motuum
2393 1385 2502 1417 probant

1854 1417 1919 1442 dicta
1945 1418 2062 1442 omnium
2089 1418 2304 1451 philosophorum
2332 1420 2502 1452 antiquorum.

1852 1452 1916 1481 VIII,
1935 1460 1973 1482 xx,
1992 1460 2018 1484 4.

1888 1487 1935 1511 Est
1953 1492 2039 1512 motus
2057 1487 2201 1512 continuus.
2214 1488 2255 1517 IV,
2268 1495 2284 1517 ι,
2300 1488 2324 1513 3.
2335 1496 2394 1518 xvn,
2405 1488 2430 1514 6.
2439 1489 2503 1518 VIII,

1853 1529 1885 1546 xv
1905 1530 1991 1554 sqq.—
2003 1522 2057 1547 Nec
2075 1523 2139 1547 alius
2158 1530 2173 1547 a
2192 1528 2263 1548 motu
2282 1524 2355 1548 locali
2369 1524 2504 1548 continuus

1854 1564 1913 1582 esse
1931 1562 2025 1590 potest.
2043 1556 2107 1586 VIII,
2118 1565 2150 1581 xv
2166 1565 2218 1589 per
2237 1561 2284 1582 tot.
2296 1572 2315 1577 —
2327 1559 2404 1583 Solus
2419 1564 2504 1583 autem

1854 1596 1942 1616 motus
1962 1592 2050 1616 localis
2063 1592 2202 1617 circularis
2213 1597 2299 1624 potest
2311 1601 2369 1618 esse
2382 1598 2504 1626 perpetuo

1855 1627 2000 1651 continuus.
2021 1627 2084 1656 VIII,
2103 1634 2144 1651 xvt
2157 1634 2209 1658 per
2228 1630 2285 1657 ἰοῖς
2302 1636 2343 1652 ιιι
2356 1636 2409 1660 per
2427 1628 2475 1653 tot.
2486 1642 2505 1647 -

1853 1662 1892 1686 De
1911 1661 2075 1686 continuitate
2088 1665 2173 1686 motus
2183 1663 2285 1695 reflexi.
2297 1663 2361 1692 VIII,
2369 1671 2426 1692 xvn,
2436 1670 2504 1688 xvm.

1889 1697 1936 1721 Est
1954 1702 2041 1721 motus
2054 1697 2191 1729 perfectus.
2205 1697 2246 1726 IV,
2259 1705 2275 1726 1,
2292 1697 2315 1722 3.
2325 1699 2389 1727 VIII,
2399 1706 2431 1723 xv
2444 1706 2504 1731 sqq.

1888 1732 1936 1756 Est
1948 1732 2058 1756 maxime
2070 1732 2214 1756 communis
2228 1733 2294 1756 inter
2304 1740 2396 1758 ornnes
2410 1738 2504 1758 motus-

1854 1766 1896 1796 IV,
1914 1774 1931 1795 1,
1952 1766 1976 1791 3.

1890 1802 1937 1826 Est
1955 1802 1986 1826 de
2005 1802 2156 1826 necessitate
2174 1802 2298 1833 corporis.
2317 1800 2364 1831 IV,
2383 1810 2430 1831 vn,
2449 1810 2474 1835 7.
2486 1815 2505 1820 -

1856 1836 1950 1861 Omnia
1969 1844 2075 1868 corpora
2092 1836 2187 1861 habent
2205 1841 2306 1860 motum
2324 1837 2442 1862 localem.
2463 1837 2504 1866 IV,

1855 1879 1922 1900 xxm,
1937 1878 1960 1895 2.
1972 1885 1991 1890 —
2002 1868 2157 1904 Impartibile
2170 1878 2222 1895 non
2235 1875 2320 1903 potest
2338 1873 2444 1901 moveri,
2457 1879 2506 1896 nec

1855 1906 1978 1931 localiter.
1996 1906 2038 1935 VI,
2056 1913 2097 1935 xn,
2119 1905 2142 1931 5.

1892 1941 1939 1965 Est
1953 1945 2038 1965 motus
2051 1941 2180 1966 mutabilis
2194 1941 2337 1966 secundum
2355 1941 2450 1965 Iocum.
2466 1941 2506 1970 III,

1857 1983 1884 2004 ιι,
1902 1983 1928 2007 4.
1940 1989 1958 1994 -
1971 1976 2032 2000 Loci
2051 1977 2156 2001 mutatio
2172 1976 2293 2000 naturalis
2312 1975 2418 2008 requirit
2437 1977 2508 2000 loco-

1857 2018 1916 2035 rum
1935 2011 2112 2036 differentiam.
2131 2011 2172 2040 lV,
2190 2018 2223 2040 ιι,
2245 2010 2268 2035 5.
2279 2024 2298 2029 -
2309 2011 2395 2035 Μοιιιε
2415 2018 2508 2035 secun-

1858 2046 1919 2069 dum
1938 2046 2024 2070 locum
2045 2053 2096 2077 per
2113 2053 2141 2071 se
2163 2050 2188 2070 et
2206 2053 2243 2070 ex
2266 2046 2442 2077 consequenti.
2460 2045 2507 2075 Ν,

1856 2088 1881 2109 v,
1903 2079 1926 2104 5.
1938 2094 1957 2099 -
1969 2081 2083 2109 Qualiter
2101 2081 2134 2105 sit
2151 2080 2177 2104 in
2196 2080 2247 2105 ubi.
2265 2081 2296 2109 V,
2315 2087 2349 2110 xv,
2371 2080 2394 2105 5.
2405 2094 2424 2099 -
2436 2080 2509 2110 Quo-

1857 2115 1936 2139 modo
1960 2115 2009 2139 loci
2032 2116 2137 2140 mutatio
2160 2115 2193 2140 sit
2210 2123 2278 2140 unus
2300 2120 2386 2139 rnotus
2404 2122 2508 2148 genere.

1857 2150 1889 2180 V,
1907 2157 1948 2179 vt,
1968 2157 1992 2174 2.
2004 2163 2023 2170 -
2034 2150 2092 2174 Non
2111 2155 2150 2174 est
2168 2149 2264 2175 infinita
2284 2150 2377 2181 specie.
2395 2150 2437 2179 VI,
2455 2157 2507 2179 xm,

1859 2184 1882 2214 3,
1901 2191 1958 2215 4.—
1969 2185 2010 2208 An
2029 2183 2178 2210 duratioiie.
2197 2185 2238 2214 VI,
2255 2192 2307 2213 xm,
2328 2183 2352 2209 5.
2364 2198 2382 2203 -
2394 2185 2452 2209 Non
2471 2185 2507 2209 di-

1857 2217 2015 2243 versificatur
2030 2220 2115 2251 specie
2133 2220 2276 2244 secundum
2295 2219 2395 2244 diversa
2413 2220 2507 2244 instru-

1858 2257 1944 2277 menta
1956 2258 2051 2278 motus.
2069 2254 2123 2284 VII,
2136 2261 2187 2283 vm,
2201 2253 2227 2278 6.
2238 2268 2257 2273 -
2269 2255 2295 2278 In
2309 2254 2358 2278 Ioci
2367 2255 2507 2278 mutatione

1857 2287 1964 2312 inveniri
1988 2293 2073 2320 potest
2097 2289 2255 2321 regularitas.
2274 2289 2321 2318 IV,
2343 2295 2414 2318 xxm,
2437 2297 2475 2314 ιι.
2488 2302 2508 2307 -

1858 2323 1945 2347 Ratio:
1963 2327 2049 2355 potest
2061 2331 2120 2347 esse
2137 2323 2227 2355 aliquis
2246 2327 2332 2347 motus
2345 2323 2431 2348 localis
2445 2331 2505 2348 con-

1856 2357 1943 2382 tinuus
1962 2362 1987 2381 et
2004 2358 2148 2383 uniformis.
2167 2358 2229 2382 ibid.

1891 2393 1930 2416 De
1952 2393 2128 2417 contrarietate
2146 2397 2171 2417 et
2188 2392 2359 2422 ,continuitate
2384 2392 2410 2417 in
2433 2397 2506 2417 motu

1857 2427 1939 2451 locali.
1958 2427 1989 2456 V,
2007 2435 2032 2459 v,
2047 2435 2073 2459 4.
2094 2428 2134 2457 Cf.
2147 2428 2179 2457 V,
2193 2435 2229 2456 ιιι,
2243 2426 2268 2452 6.
2286 2435 2320 2456 ιν,
2340 2435 2366 2459 4.
2385 2435 2438 2456 vm,
2449 2435 2474 2460 9.
2487 2441 2506 2446 -

1856 2462 1897 2486 An
1915 2462 1963 2486 Ioci
1982 2463 2088 2487 mutatio
2113 2462 2145 2486 sit
2162 2470 2194 2487 ex
2217 2462 2336 2495 opposito
2357 2462 2383 2486 in
2401 2462 2504 2494 opposi-

1856 2501 1920 2521 tum.
1938 2497 1980 2526 VI,
1998 2505 2055 2526 xm,
2076 2497 2098 2522 3.
2117 2497 2179 2527 VIII,
2192 2505 2232 2527 xv,
2249 2504 2273 2521 2.
2285 2511 2303 2515 -
2315 2497 2342 2521 In
2355 2497 2446 2521 eodem
2459 2504 2506 2528 ge-

1857 2539 1918 2556 nere
1942 2531 1991 2556 loci
2015 2532 2176 2561 mutationis,
2194 2531 2312 2556 una‘loci
2339 2532 2447 2556 mutatio
2466 2536 2507 2555 est

1858 2571 2046 2598 consequenter
2059 2575 2088 2591 se
2099 2566 2196 2591 habens
2210 2567 2241 2591 ad
2254 2566 2337 2595 aliam,
2348 2574 2407 2590 cum
2419 2571 2505 2590 tamen

1856 2609 1910 2626 non
1929 2601 1979 2625 sint
1997 2601 2123 2626 continua.
2142 2602 2173 2631 V,
2191 2609 2239 2631 vn,
2261 2608 2284 2625 2.
2297 2615 2316 2620 —
2329 2602 2414 2626 Motus
2433 2606 2505 2625 natu—

1856 2637 1916 2660 ralis
1935 2641 1960 2660 et
1977 2636 2114 2661 violentus.
2132 2637 2173 2666 IV,
2191 2643 2224 2665 ιι,
2245 2635 2267 2665 5,
2287 2635 2312 2661 6.
2325 2636 2356 2666 V,
2369 2643 2405 2665 ιιι,
2418 2634 2442 2660 6.
2462 2635 2504 2664 VI,

1858 2678 1915 2700 xm,
1937 2671 1959 2695 3.
1977 2671 2040 2700 VIII,
2053 2679 2092 2702 ιι,
2108 2671 2130 2695 3.
2142 2683 2161 2690 ·-
2175 2671 2285 2700 Quidam
2304 2676 2391 2695 motus
2410 2670 2505 2695 locales

1859 2710 1884 2730 et
1902 2706 2002 2738 quietes
2021 2714 2073 2730 non
2091 2710 2202 2738 possunt
2219 2706 2305 2730 latere.
2324 2706 2386 2734 V111.
2401 2713 2426 2735 v,
2445 2711 2471 2737 9.

1893 2741 2009 2773 Tempus
2026 2741 2112 2765 motus
2131 2741 2218 2765 localis
2232 2741 2364 2773 dupliciter
2377 2740 2505 2771 accipitur.

1857 2775 1921 2804 VIII,
1939 2783 1988 2806 ιιι,
2006 2783 2032 2807 4.

1894 2811 1977 2835 Motus
1996 2810 2125 2835 circularis
2143 2810 2207 2835 inter
2225 2810 2288 2834 alios
2307 2815 2392 2835 motus
2411 2809 2506 2834 locales

1858 2850 1898 2869 est
1915 2846 2025 2877 primus,
2044 2850 2070 2870 et
2087 2845 2169 2877 magis
2194 2845 2302 2877 simplex
2325 2850 2351 2869 et
2373 2843 2505 2877 regularis.

1858 2881 1900 2910 IV,
1918 2888 1986 2910 xxiii,
2010 2887 2047 2904 ιο.
2071 2880 2142 2911 VIII,
2162 2887 2204 2904 xxv
2221 2887 2281 2912 sqq.
2292 2893 2310 2899 -
2321 2879 2368 2904 Εει
2384 2885 2507 2904 mensura

1859 2915 1975 2939 omnium
1994 2919 2119 2939 motuum.
2138 2915 2180 2944 IV,
2198 2922 2266 2944 xxm,
2289 2923 2328 2939 11.
2339 2928 2358 2933 -
2370 2913 2506 2939 Circulatio

1859 2957 1925 2982 quae
1943 2957 2011 2974 nunc
2030 2955 2081 2979 εει,
2099 2958 2152 2974 non
2170 2957 2278 2974 numero
2296 2950 2343 2974 sed
2361 2949 2446 2982 specie
2465 2957 2507 2974 ea-

1859 2986 1919 3009 dem
1937 2989 1977 3009 est
1995 2992 2054 3009 cum
2072 2985 2115 3009 illa
2133 2992 2199 3017 quae
2217 2985 2271 3009 fuit.
2291 2985 2332 3013 IV,
2350 2992 2398 3014 ιιι,
2417 2983 2443 3008 6.
2464 2985 2504 3017 Cf-

1858 3027 1906 3049 x1x,
1925 3019 1948 3044 5.
1960 3033 1979 3038 —
1992 3019 2092 3044 Tamen
2109 3024 2177 3044 totus
2196 3024 2282 3044 motus
2301 3024 2341 3043 εει
2359 3026 2426 3043 unus
2446 3027 2507 3044 con-

1858 3055 1981 3083 tinuitate,
2000 3055 2060 3087 quia
2078 3062 2128 3079 una
2147 3054 2275 3078 circulatio
2293 3054 2453 3078 continuatur
2469 3054 2505 3078 al-

1858 3090 1914 3114 terI.
1934 3089 2005 3118 ibid.;
2023 3089 2086 3118 VIII,
2098 3097 2175 3113 ιιι.-
2186 3089 2248 3113 Pars
2267 3088 2435 3113 circulationis
2454 3096 2507 3113 non

1860 3129 1900 3149 est
1917 3123 2053 3148 circulatio.
2072 3124 2113 3152 IV,
2131 3130 2180 3152 xw,
2201 3130 2225 3147 2.

1896 3159 2027 3188 Quaenam
2053 3157 2189 3182 differentia
2208 3157 2272 3181 inter
2290 3161 2389 3181 motum
2407 3161 2506 3181 rectum

1860 3198 1886 3218 et
1903 3193 2060 3217 circularem.
2079 3192 2125 3220 IV,
2144 3198 2194 3220 νιι,
2213 3192 2360 3224 7.—Motus
2379 3191 2506 3216 circularis

1859 3232 1885 3252 et
1902 3231 1986 3251 rectus
2005 3234 2057 3251 non
2073 3231 2133 3250 sunt
2145 3227 2213 3250 idem
2226 3226 2367 3250 secundum
2385 3226 2505 3258 speciem,

1859 3261 1975 3294 quamvis
1995 3261 2045 3285 sint
2062 3260 2127 3285 inter
2144 3261 2250 3285 eosdem
2268 3261 2398 3285 terminos.
2416 3261 2452 3290 V,
2471 3268 2505 3292 vt,

1858 3303 1885 3327 4.
1897 3309 1914 3315 -
1926 3296 2011 3320 Motus
2034 3295 2161 3320 circularis
2184 3300 2209 3320 et
2228 3300 2312 3320 rectus
2331 3302 2383 3319 non
2401 3303 2505 3328 compa-

1859 3335 1947 3355 rantur
1964 3330 1989 3354 in
2007 3330 2149 3355 velocitate.
2167 3330 2220 3358 VII,
2235 3337 2279 3360 vn,
2294 3338 2319 3362 7.
2336 3337 2388 3359 vm,
2400 3337 2425 3361 4,
2440 3329 2464 3355 5.

1859 3365 1927 3389 Inter
1945 3365 2007 3390 alios
2026 3369 2111 3389 motus
2130 3364 2264 3389 circulares
2282 3365 2391 3389 maxime
2409 3365 2506 3389 unifor-

1859 3400 1908 3424 mis
1927 3404 1952 3424 et
1969 3400 2092 3432 regularis
2111 3403 2150 3423 est
2168 3399 2266 3431 primus
2284 3404 2383 3430 motus,
2403 3399 2446 3432 qui
2465 3407 2505 3424 re-

1859 3435 1940 3458 volvit
1954 3439 2036 3458 totum
2053 3433 2242 3458 firmamentum
2260 3438 2333 3458 motu
2352 3434 2450 3458 diurno.
2463 3434 2507 3464 IV,

1860 3476 1927 3499 xxm,
1941 3476 1964 3493 2.
1977 3482 1996 3486 -
2008 3469 2081 3493 Unde
2093 3469 2135 3493 illa
2148 3469 2275 3493 circulatio
2289 3473 2411 3501 tanquam
2424 3469 2506 3501 prima

1861 3508 1886 3528 et
1913 3503 2051 3536 simplicior
2078 3508 2103 3528 et
2130 3503 2268 3536 regularior
2281 3521 2288 3533 ,
2319 3507 2359 3528 est
2386 3511 2507 3528 mensura

1863 3538 1980 3563 omnium
2001 3543 2128 3564 motuum.
2147 3538 2209 3564 ibid.
2221 3538 2298 3563 -Est
2319 3545 2385 3562 unus
2408 3538 2507 3584 primps

2297 3588 2330 3614 60
