2898 3996
30 2000 38 2054 ⁷)
70 2017 83 2026 ⁴
97 2015 167 2038 Num.
182 2015 205 2038 8.
224 2016 228 2019 '

39 2171 42 2200 ξ
70 2171 84 2184 ⁴¹
97 2173 169 2195 Num.
183 2178 232 2201 seq.

25 2577 50 2630 *3*
72 2591 202 2640 Ltqci‘iiom'
216 2591 286 2614 codd.

79 3013 90 3023 '¹
104 3011 166 3034 Lect.
178 3017 194 3038 1,
209 3017 262 3039 n.5.

40 3055 42 3066 ι
58 3064 61 3068 .

40 3221 92 3246 n*
105 3220 139 3242 u't
149 3226 192 3246 νας
207 3219 273 3241 multi

49 3248 55 3262 ἵ
78 3246 149 3268 codd.
164 3253 190 3268 ne
207 3247 245 3267 uiv

41 3292 43 3294 .
60 3275 68 3289 *i
81 3273 92 3283 ‘¹
105 3278 198 3294 moyen

41 3310 44 3316 ·
56 3298 144 3321 'dices
154 3305 292 3321 excmnruo.

224 3279 237 3293 Υ
251 3279 292 3294 CO-

1141 310 1251 346 CAP.
1282 309 1349 356 IV,
1380 309 1530 345 LECT.
1559 310 1644 346 VIII

377 389 424 434 μὴ
451 386 502 432 ὑφ’
524 388 652 428 αὐτῶν,
673 387 740 419 οἷον
765 386 813 419 τοὶ
835 387 944 429 κοῦφα
968 388 1024 418 καὶ
1050 385 1098 418 τοὶ
1122 384 1229 438 βῇαρέα
1249 384 1287 427 (ἦ
1305 385 1368 438 γοὶΙρ
1394 386 1397 412 1

378 433 444 465 ὑπὸ
462 433 524 465 τοῦ
548 431 774 477 γεννήσαντος
791 433 848 462 καὶ
866 429 1074 467 ποιήσαντος
1090 441 1211 474 κουφον
1229 428 1249 465 ἦ
1269 429 1367 472 βαρυ,

377 476 398 513 ἦ
425 477 489 508 om}
508 478 570 509 τοῦ
588 476 636 508 τοὶ
653 470 883 519 ἐμποδίζοντα
900 476 958 506 καὶ
975 474 1153 506 κωλύοντα
1169 472 1366 516 λύσαντος),

380 519 522 553 ἅπαντα
549 519 587 555 ὀὲν
613 520 661 552 τοὶ
683 518 862 562 κινούμενα
889 517 954 551 ὑπό
980 529 1068 555 τινος
1092 521 1231 550 κινοῖτο.

364 623 512 654 SYNOP'sts.
527 641 565 647 ·-
584 635 607 653 1.
622 626 832 661 Argumentum
848 630 876 652 et
885 622 992 651 -divisio
1008 628 1108 650 textus.
1125 638 1144 643 -
1159 621 1308 656 Quaedam
1324 620 1367 648 di-

310 666 383 694 visio
405 674 555 694 causarum
577 663 763 692 moventium.
785 663 863 691 Sicut
885 671 986 690 eorum
1007 670 1081 698 quae
1103 667 1263 694 moventur,
1279 669 1366 697 quae-

312 707 379 734 dam
399 705 558 733 secundum
578 710 709 732 naturam
731 709 891 737 moventur,
907 701 1049 738 quaedam
1063 706 1142 728 extra
1161 706 1294 728 naturam
1316 700 1366 735 (cf.

311 746 375 773 lect.
389 753 482 781 praec.
502 753 581 772 num.
603 745 648 779 2),
669 742 709 770 ita
729 742 759 770 in
779 740 960 770 moventibus
988 740 1131 776 quaedam
1152 745 1269 767 movent
1290 746 1368 767 extra

311 790 453 819 naturam,
469 784 611 820 quaedam
632 781 797 810 naturaliter
816 789 867 808 seu
880 779 1039 807 secundum
1059 785 1201 806 naturam.
1218 778 1296 806 Sicut
1317 788 1367 807 au-

313 830 370 852 tem
393 823 422 851 id
443 823 522 859 quod
549 828 592 850 est
612 821 642 849 in
662 827 726 849 actu
746 818 911 848 naturaliter
931 825 1042 853 movet„
1065 818 1103 846 ita
1124 818 1153 845 id
1175 819 1254 854 quod
1275 825 1317 846 est
1337 819 1367 846 in

311 862 442 900 potentia
461 861 625 890 naturaliter
645 866 784 888 movetur.
802 875 819 879 -
832 859 878 886 Ad
900 858 955 885 hoc
976 867 1044 886 vero
1059 858 1139 894 quod
1160 857 1268 894 aliquid
1286 863 1366 885 natu-

313 902 416 930 raliter
436 905 593 933 moveatur,
608 896 714 927 sufficit
734 898 814 934 quod
835 897 870 925 sit
884 897 913 924 in
928 906 963 925 eo
978 906 1036 935 per
1050 906 1080 925 se
1095 903 1122 925 et
1136 906 1196 925 non
1210 898 1366 925 secundum

312 941 444 969 accidens
465 938 636 976 principium
665 937 810 974 passivum
839 943 950 972 motuS,
980 946 1030 964 seu
1057 936 1186 973 potentia
1207 937 1366 964 secundum

312 989 399 1016 quam
419 984 462 1006 est
482 977 597 1006 mobile.
613 992 632 998 —
653 977 729 1011 Quia
749 985 818 1013 ergo
840 977 919 1012 quod
941 983 982 1004 est
1003 976 1033 1003 ln
1053 976 1182 1012 potentia
1202 976 1368 1004 naturaliter

310 1024 443 1047 movetur
455 1018 491 1046 ab
513 1026 548 1045 eo
563 1016 643 1053 quod
657 1022 700 1044 est
719 1016 749 1043 in
763 1023 837 1052 actu,
859 1022 887 1043 et
907 1015 976 1043 nihil
997 1016 1155 1043 secundum
1176 1015 1254 1043 idem
1275 1022 1317 1043 est
1338 1016 1367 1043 in

310 1057 439 1094 potentia
459 1063 487 1085 et
507 1056 537 1084 in
551 1062 632 1091 actu,
653 1055 782 1092 sequitur
802 1056 881 1092 quod
902 1064 996 1091 neque
1016 1055 1112 1092 gravia
1133 1061 1160 1082 et
1181 1054 1253 1082 levia
1273 1064 1367 1091 neque

310 1096 418 1133 aliquid
438 1095 517 1124 aliud
538 1101 687 1124 moveatur
707 1104 724 1123 a
744 1094 848 1131 seipso,
864 1095 914 1122 sed
928 1095 964 1122 ab
985 1094 1058 1129 alio;
1081 1093 1138 1121 sive
1154 1100 1303 1121 moveatur
1316 1103 1367 1130 per

309 1135 489 1170 violentiam,
511 1134 569 1163 sive
589 1134 755 1163 naturaliter
782 1139 940 1163 moveatur.
957 1150 975 1155 -
990 1141 1016 1161 2.
1038 1134 1144 1161 Textus
1168 1132 1333 1161 subdivisio.
1349 1150 1368 1154 -

310 1176 348 1204 Ut
368 1181 558 1211 cognoscatur
578 1183 596 1202 a
616 1183 675 1211 quo
696 1173 792 1211 gravia
805 1179 834 1202 et
853 1173 924 1201 levia
945 1179 1114 1201 moveantur
1134 1179 1216 1201 motu
1235 1172 1366 1208 naturali,

312 1216 426 1252 oportet
447 1223 619 1251 cognoscere
634 1219 706 1250 quot
726 1213 821 1241 modis
835 1212 938 1241 dicitur
951 1212 1060 1249 aliquid
1075 1222 1136 1240 esse
1150 1212 1180 1240 in
1193 1211 1330 1249 potentia.
1346 1229 1366 1233 —

313 1255 338 1283 3.
353 1254 443 1282 Aliter
463 1263 531 1290 ergo
554 1253 656 1281 dicitur
676 1261 737 1281 esse
764 1252 793 1280 in
814 1252 942 1289 potentia
962 1251 991 1279 id
1022 1253 1101 1289 quod
1123 1257 1164 1279 est
1185 1251 1215 1279 in
1239 1251 1368 1288 potentia

311 1294 349 1331 ad
369 1293 463 1330 ipsum
484 1298 579 1320 actum
595 1292 735 1330 primum,
751 1301 801 1320 seu
822 1293 902 1328 quod
922 1292 1053 1319 nondum
1067 1292 1154 1319 habet
1173 1291 1297 1319 formam
1317 1300 1369 1327 per

311 1342 399 1370 quam
421 1339 570 1369 operetur3
593 1339 620 1360 et
640 1331 722 1360 aliter
742 1331 771 1359 id
792 1332 872 1368 quod
892 1331 949 1359 iam
979 1340 1009 1358 1n
1030 1338 1095 1359 actu
1115 1330 1210 1367 primo
1237 1330 1367 1366 existens,

312 1378 354 1400 est
374 1372 468 1400 adhuc
488 1371 518 1399 in
532 1371 660 1408 potentia
681 1371 718 1398 ad
739 1376 832 1399 actum
847 1371 1013 1399 secundum.
1029 1372 1070 1398 Ex
1091 1370 1184 1406 prima
1204 1376 1300 1398 autem
1314 1379 1368 1406 po-

311 1411 400 1440 tentia
420 1411 564 1439 reducitur
584 1410 691 1447 aliquid
711 1410 740 1438 in
754 1410 925 1444 secundam,
947 1419 1013 1437 cum
1034 1409 1157 1438 activum
1179 1418 1232 1437 suo
1253 1409 1367 1445 passivo

312 1450 484 1487 applicatur:
500 1451 549 1478 sed
564 1451 681 1487 quando
703 1449 811 1486 aliquid
831 1449 887 1477 iam
903 1450 989 1477 habet
1010 1449 1132 1477 formam
1147 1458 1220 1486 quae
1235 1455 1278 1476 est
1290 1448 1368 1485 prin-

312 1490 419 1526 cipium
439 1489 591 1526 operandi,
611 1499 672 1517 non
694 1495 808 1525 oportet
828 1489 908 1525 quod
929 1489 1082 1516 reducatur
1102 1489 1130 1516 in
1152 1494 1246 1516 actum
1267 1497 1368 1516 secun-

312 1530 381 1557 dum
402 1538 453 1565 per
473 1529 590 1566 aliquod
611 1538 711 1565 agens3
733 1529 783 1556 sed
804 1528 900 1556 statim
928 1538 980 1564 per
1001 1528 1126 1564 seipsum
1147 1534 1290 1564 operatur,
1313 1527 1368 1555 nisi

312 1568 347 1596 sit
367 1567 474 1604 aliquid
495 1568 660 1604 prohibens.
676 1583 695 1589 -·
709 1567 928 1595 Manifestantur
948 1568 1018 1595 haec
1038 1567 1068 1595 in
1093 1567 1236 1595 intellectu
1257 1573 1368 1602 nostro,

312 1607 361 1644 qui
390 1608 565 1644 quandoque
593 1614 635 1635 est
661 1606 691 1634 in
718 1607 847 1643 potentia
876 1607 913 1635 ad
940 1606 1034 1643 ipsum
1063 1606 1191 1634 habitum
1219 1606 1368 1642 scientiae;

311 1647 487 1684 quandoque
508 1647 616 1675 habens
631 1646 760 1674 habitum
775 1645 909 1674 scientiae
928 1653 970 1674 est
984 1647 1078 1674 adhuc
1099 1646 1128 1674 in
1149 1646 1286 1682 potentia,
1302 1645 1370 1683 quia

430 1845 445 1851 ⁸*
515 1852 528 1898 J-
546 1875 559 1899 >
574 1865 597 1889 a
616 1865 693 1900 quo
723 1860 960 1889 moveantur.
991 1853 1040 1888 Et
1059 1852 1185 1900 primo
1207 1852 1369 1888 ostendit

376 1928 397 1934 a
517 1911 596 1941 ἰ’-3
616 1917 692 1952 quo
712 1913 961 1950 moveantur;
992 1905 1160 1942 secundo
1182 1905 1371 1941 concludit

310 1957 517 2006 principale
554 1957 761 2004 intentum,
800 1957 872 1994 ibi:
910 1958 952 1994 Si
978 1958 1093 2007 igitur
1121 1958 1247 1994 omnia
1276 1970 1372 2006 quae

311 2015 508 2047 moventur
527 2011 547 2031 ξ’·
569 2017 638 2047 θῖθ.
669 2010 780 2047 Circa
807 2010 972 2058 primum
1005 2011 1081 2047 duo
1111 2010 1216 2047 facit:
1245 2010 1370 2058 primo

313 2062 475 2099 ostendit
494 2063 598 2110 quod
618 2063 832 2100 naturaliter
851 2070 1054 2100 moventur
1073 2063 1120 2099 ab
1141 2063 1284 2110 aliquo;
1315 2075 1370 2099 se-

313 2115 439 2152 cundo
467 2115 618 2162 inquirit
645 2127 668 2151 a
696 2127 772 2162 quo
802 2123 1045 2162 moveantur,
1075 2115 1146 2152 ibi:
1186 2116 1371 2157 Quoniam

312 2173 437 2204 autem
465 2168 565 2216 quod
585 2168 750 2216 potentia
770 2168 789 2188 ”⁸
811 2175 879 2205 etc.
1352 2212 1354 2217 .

365 2219 464 2256 Dicit
484 2232 572 2267 ergo
591 2220 728 2268 primo,
750 2221 853 2267 quod
882 2219 949 2256 etsi
976 2219 1104 2267 gravia
1125 2227 1160 2256 et
1178 2220 1275 2256 levia
1294 2232 1372 2257 non

313 2279 496 2309 moveant
522 2272 664 2320 seipsa,
695 2280 823 2308 tamen
850 2280 1053 2309 moventur
1081 2273 1127 2309 ab
1157 2272 1294 2320 aliquo.
1325 2273 1374 2309 Et

311 2326 386 2361 hoe
416 2323 823 2373 potest··'manifestari‚
862 2325 892 2362 si
929 2325 1201 2372 distinguantur
1239 2337 1373 2362 causae

313 2385 523 2415 moventes.
555 2377 658 2414 Sicut
677 2377 778 2414 enim
807 2378 845 2414 in
873 2378 930 2414 his
959 2390 1056 2426 quae
1083 2385 1298 2424 moventur,
1320 2385 1374 2414 est

313 2430 483 2478 accipere
521 2430 711 2477 quaedam
749 2430 959 2467 secundum
995 2438 1168 2467 naturam
1204 2430 1372 2476 moveri,

313 2490 350 2519 et
376 2482 566 2530 quaedam
587 2490 688 2519 extra
707 2491 896 2529 naturam;
925 2483 975 2520 ita
1003 2490 1039 2519 et
1066 2483 1104 2519 in
1132 2483 1373 2532 moventibus

313 2535 502 2583 quaedam
531 2542 690 2572 movent
716 2543 817 2572 extra
844 2543 1031 2582 naturam,
1060 2543 1101 2572 ut
1126 2536 1250 2581 vectis,
1279 2535 1374 2573 idest

313 2587 485 2635 baculus,
506 2588 604 2636 qui*
620 2600 698 2624 non
713 2588 926 2625 naturaliter
944 2588 1111 2625 motivus
1131 2595 1187 2624 est
1206 2588 1374 2636 corporis

313 2640 456 2688 gravis,
495 2647 586 2688 puta
613 2640 767 2689 lapidis;
797 2641 986 2688 quaedam
1015 2653 1108 2677 vero
1130 2648 1290 2678 movent
1317 2653 1374 2677 se-

316 2692 483 2729 cundum
516 2700 710 2740 naturam,
740 2693 834 2730 sicut
861 2694 965 2741 quod
994 2701 1050 2746 est
1086 2701 1171 2730 actu
1210 2693 1373 2730 calidum

315 2745 529 2782 naturaliter
555 2752 686 2782 movet
706 2745 744 2782 id
765 2747 870 2793 quod
898 2746 1108 2783 secundum
1137 2758 1245 2782 suam
1269 2754 1378 2782 natu-

316 2809 398 2834 ram
427 2805 482 2834 est
507 2798 676 2846 potentia
700 2798 884 2843 calidum;
915 2806 951 2834 et
978 2798 1143 2835 similiter
1162 2806 1218 2835 est
1235 2798 1273 2835 in
1294 2799 1374 2835 aliis

315 2850 460 2886 talibus.
478 2851 527 2886 Et
541 2850 634 2886 sicut
653 2851 757 2898 quod
773 2858 828 2887 est
846 2850 884 2887 in
899 2858 984 2887 actu
1003 2850 1216 2887 naturaliter
1231 2859 1372 2898 movet,

315 2902 366 2940 ita
393 2902 431 2939 id
459 2903 564 2950 quod
593 2910 647 2939 est
674 2902 713 2939 in
739 2903 907 2952 potentia
935 2903 1149 2940 naturaliter
1177 2911 1373 2951 movetur,

315 2955 377 2992 vel
397 2955 606 2992 secundum
626 2955 854 3003 qualitatem,
874 2956 936 2992 vel
960 2956 1171 2992 secundum
1191 2957 1374 3004 quantita-

316 3015 406 3055 tem,
425 3008 487 3044 vel
507 3009 718 3045 secundum
736 3008 813 3045 ubi.
829 3029 853 3036 -
870 3009 918 3045 Et
936 3009 1025 3056 quia
1043 3009 1082 3045 in
1102 3010 1268 3046 secundo
1286 3011 1305 3030 '³⁵
1321 3009 1374 3046 di-

316 3067 420 3096 xerat
457 3060 561 3108 quod
598 3060 659 3097 illa
695 3069 898 3098 moventur
935 3061 1147 3098 naturaliter
1162 3090 1171 3108 ,
1210 3073 1373 3109 quorum

317 3111 544 3160 principium
581 3120 708 3150 motus
745 3113 783 3150 in
819 3113 908 3162 ipsis
946 3122 1001 3150 est
1035 3126 1104 3162 per
1135 3127 1191 3160 se,
1226 3122 1262 3151 et
1295 3127 1372 3151 non

319 3164 530 3201 secundum
556 3165 751 3212 accidens;
785 3178 831 3203 ex
859 3178 935 3214 quo
965 3174 1093 3215 posset
1119 3166 1240 3203 videri
1268 3167 1373 3214 quod

318 3216 357 3253 id
376 3217 481 3264 quod
501 3225 555 3254 est
573 3218 610 3254 in
629 3218 795 3267 potentia
814 3226 958 3255 tantum
980 3218 1160 3266 calidum,
1191 3231 1278 3255 cum
1298 3220 1340 3256 fit
1353 3221 1373 3241 *

320 3268 503 3316 calidum,
536 3282 614 3306 non
651 3278 828 3307 movetur
865 3272 884 3292 '²²
922 3271 1151 3317 naturaliter,
1189 3279 1372 3318 tanquam

318 3321 502 3370 principio
522 3321 645 3358 activo
661 3330 787 3359 motus
807 3322 966 3359 exterius
987 3323 1180 3359 existente:
1202 3324 1309 3370 quasi
1324 3324 1373 3360 ad

374 3486 401 3517 α)
426 3485 499 3510 Unde
517 3485 565 3510 hoc
583 3485 654 3517 quod
671 3485 813 3510 dixerat...
828 3486 899 3517 quod
916 3486 1084 3519 contingit.—
1098 3487 1133 3511 lta
1152 3487 1238 3518 legunt
1257 3487 1331 3511 codd.
1351 3492 1376 3511 et

320 3528 338 3546 a
347 3521 370 3546 b.
385 3521 432 3545 Ed.
445 3520 509 3545 Ven.
528 3519 594 3551 1504
607 3525 723 3545 nostrum
739 3520 843 3545 unicum
854 3528 959 3545 versum
974 3526 1056 3545 textus
1071 3521 1148 3545 Arist.
1162 3521 1249 3546 dividit
1262 3522 1287 3545 in
1302 3522 1374 3551 duos,

2406 312 2474 358 391

1489 395 1673 426 moventur,
1705 395 1734 418 et
1758 398 1838 428 quae
1862 399 1926 418 non
1951 399 1968 418 a
1992 388 2100 428 seipsis
2109 411 2119 426 ,
2153 396 2188 420 ut
2217 389 2297 420 levia
2324 396 2354 420 et
2377 389 2481 429 gravia

1490 429 1562 471 (aut
1586 431 1670 461 enim
1694 442 1711 461 a
1730 438 1895 471 generante
1926 439 1956 463 et
1986 433 2116 463 faciente
2140 433 2207 463 leve
2231 440 2261 463 et
2284 443 2395 472 grave,
2426 440 2481 464 aut

1490 475 1527 504 ab
1551 485 1589 505 eo
1613 476 1699 515 quod
1723 475 1925 515 impedientia
1948 483 1978 506 et
2001 477 2198 516 prohibentia
2222 476 2347 519 solvit):
2373 477 2481 507 omnia

1489 528 1562 558 ergo
1586 529 1666 558 quae
1691 526 1869 558 moventur,
1893 520 1931 550 ab
1956 520 2062 560 aliquo
2086 521 2310 551 movebuntur.

1420 621 1566 649 actualiter
1579 631 1640 649 non
1655 622 1826 658 considerat,
1841 623 1884 651 vel
1898 629 2016 659 propter
2037 623 2276 660 impedimentum
2297 625 2341 652 vel
2362 631 2482 661 propter

1421 661 1590 688 electionem
1612 661 1776 689 voluntatis.
1795 678 1814 683 —
1839 671 1867 697 4.
1892 662 2088 690 Manifestatur
2117 663 2194 691 idem
2226 663 2256 691 in
2286 663 2479 700 qualitatibus.

1421 699 1535 736 Corpus
1554 707 1619 728 actu
1648 701 1782 737 frigidum
1813 708 1855 729 est
1882 702 2011 738 potentia
2034 702 2174 737 calidum;
2197 704 2247 730 sed
2269 703 2291 730 si
2316 712 2367 739 per
2387 710 2480 732 trans-

1420 739 1609 767 mutationem
1637 740 1757 776 accipiat
1786 741 1909 769 formam
1931 741 2022 777 ignis,
2041 748 2110 770 tunc
2140 748 2206 770 actu
2236 743 2321 770 habet
2347 742 2480 771 virtutem

1421 779 1610 814 calefaciendi,
1636 786 1664 807 et
1684 780 1779 807 statim
1795 780 1928 815 calefacit,
1950 780 2005 808 nisi
2026 781 2133 817 aliquid
2152 781 2298 817 impediat.
2314 799 2333 803 -
2356 783 2381 810 5.
2401 783 2479 810 Idem

1421 819 1617 846 manifestatur
1637 819 1667 846 in
1688 826 1770 847 motu
1791 819 1875 847 locali
1896 820 2025 856 gravium
2040 827 2067 848 et
2082 820 2201 848 levium:
2224 829 2300 857 aqua
2315 830 2356 849 ex.
2373 831 2414 858 gr.
2437 828 2479 849 est

1420 857 1450 885 in
1471 858 1599 894 potentia
1619 858 1702 893 levis3
1725 859 1776 886 sed
1793 866 1947 895 postquam
1962 869 2101 887 conversa
2122 866 2164 887 est
2184 859 2214 887 in
2235 869 2339 895 aerem,
2355 867 2423 889 tunc
2438 867 2480 888 est

1420 897 1489 925 levis
1510 897 1540 925 in
1560 904 1634 932 actu,
1656 905 1683 925 et
1705 898 1809 933 statim,
1831 898 1885 926 nisi
1907 898 1942 926 sit
1963 899 2212 934 impedimentum,
2228 899 2313 927 habet
2334 900 2480 936 operatio-

1420 946 1487 964 nem
1509 946 1599 972 suam,
1615 938 1773 965 secundum
1795 947 1881 974 quam
1902 938 1993 966 tendit
2014 938 2043 966 in
2065 945 2160 966 actum
2182 948 2276 973 suum,
2292 938 2341 975 qui
2356 946 2397 967 est
2419 949 2480 967 esse

1420 985 1542 1004 sursum.
1565 993 1583 997 —
1604 977 1683 1004 Idem
1704 977 1858 1004 dicendum
1887 978 1922 1004 de
1951 983 2033 1005 motu
2061 978 2219 1005 secundum
2248 978 2415 1014 qualitatem
2436 979 2480 1006 vel

1421 1015 1616 1051 quantitatem.
1628 1032 1647 1036 -
1662 1017 1689 1043 6.
1706 1017 1850 1050 Quaerere
1871 1025 1939 1053 ergo
1962 1026 2050 1053 quare
2071 1026 2155 1053 grave
2169 1024 2319 1045 moveatur
2333 1018 2479 1053 deorsum,

1420 1054 1497 1082 idem
1519 1061 1561 1082 est
1581 1064 1614 1083 ac
1629 1064 1765 1091 quaerere
1781 1065 1869 1092 quare
1883 1056 1918 1083 sit
1938 1065 2036 1092 grave:
2058 1057 2128 1084 haec
2143 1063 2185 1084 est
2199 1056 2276 1084 enim
2291 1057 2363 1085 ratio
2377 1057 2479 1094 gravis,

1421 1093 1525 1121 habere
1546 1094 1704 1122 naturalem
1726 1094 1916 1130 aptitudinem
1937 1096 1974 1123 ad
1996 1096 2051 1123 hoc
2073 1097 2152 1132 quod
2174 1095 2209 1123 sit
2228 1097 2372 1124 deorsum.
2397 1097 2480 1124 Unde

1421 1133 1501 1169 quod
1514 1133 1579 1160 facit
1594 1133 1688 1169 ipsum
1703 1143 1795 1170 grave,
1807 1134 1873 1162 facit
1887 1134 1981 1170 ipsum
1997 1135 2106 1162 moveri
2121 1136 2266 1163 deorsum.
2282 1136 2391 1163 Eadem
2406 1136 2479 1164 ratio

1421 1178 1463 1200 est
1484 1173 1519 1199 de
1540 1172 1603 1199 levi.
1617 1188 1636 1192 —
1653 1182 1679 1208 7.
1696 1173 1770 1200 Cum
1785 1183 1853 1210 ergo
1875 1183 1962 1201 omne
1983 1175 2063 1210 quod
2078 1181 2120 1202 est
2134 1174 2163 1202 in
2178 1175 2314 1211 potentia,
2331 1182 2481 1203 moveatur

1421 1212 1457 1239 ab
1472 1221 1507 1239 eo
1523 1212 1602 1248 quod
1621 1218 1663 1239 est
1683 1211 1713 1239 in
1728 1219 1808 1247 actu;
1831 1219 1858 1240 et
1879 1222 1945 1240 cum
1967 1213 2116 1249 dupliciter
2136 1214 2244 1250 aliquid
2259 1214 2295 1242 sit
2309 1214 2338 1242 in
2352 1215 2482 1250 potentia

1420 1260 1506 1288 grave
1519 1251 1563 1278 vel
1577 1251 1646 1286 leve,
1661 1250 1798 1278 nimirum
1819 1258 1868 1279 aut
1887 1252 1955 1288 quia
1975 1254 2106 1280 nondum
2128 1254 2214 1281 habet
2235 1260 2367 1281 naturam
2388 1254 2481 1290 gravis

1420 1290 1465 1318 vel
1486 1290 1569 1325 levis,
1591 1297 1641 1318 aut
1662 1290 1729 1327 quia
1750 1291 1859 1319 habens
1879 1291 1966 1318 talem
1988 1298 2120 1320 naturam
2145 1292 2299 1328 impeditur
2319 1302 2356 1320 ne
2378 1294 2482 1321 habeat

1421 1339 1506 1357 suurn
1527 1330 1675 1366 proprium
1697 1337 1810 1358 actum:
1833 1330 1939 1358 ichrco
1959 1340 2120 1369 generans,
2144 1333 2222 1368 quod
2237 1333 2286 1360 dat
2299 1332 2423 1360 formam
2445 1333 2482 1360 ad

1422 1378 1510 1406 quam
1524 1369 1652 1406 sequitur
1665 1369 1728 1397 talis
1742 1369 1899 1405 inclinatio,
1915 1377 1957 1398 est
1973 1380 2031 1407 per
2045 1380 2075 1398 se
2097 1380 2215 1398 movens
2228 1371 2325 1407 gravia
2345 1378 2372 1400 et
2392 1372 2480 1406 levia;

1423 1418 1575 1436 removens
1595 1415 1691 1437 autem
1712 1409 1868 1445 prohibens
1890 1416 1932 1437 est
1954 1419 2071 1438 movens
2088 1419 2145 1447 per
2166 1411 2307 1438 accidens.
2327 1427 2346 1432 -
2365 1412 2482 1439 Nullum

1423 1457 1490 1485 ergo
1511 1457 1596 1485 grave
1617 1448 1661 1476 vel
1682 1448 1742 1476 leve
1763 1455 1860 1476 movet
1874 1449 2011 1485 seipsum.
2033 1450 2130 1477 Motus
2147 1455 2244 1477 tamen
2259 1459 2360 1478 eorum
2375 1457 2417 1478 est
2431 1460 2482 1478 na-

1422 1487 1528 1522 turalis,
1551 1487 1619 1524 quia
1640 1488 1746 1516 habent
1767 1487 1797 1515 in
1818 1497 1848 1516 se
1869 1488 2043 1524 principium
2063 1495 2178 1524 motus;
2200 1498 2260 1517 non
2275 1490 2392 1526 quidem
2414 1490 2483 1518 acti-

1421 1536 1504 1562 vum,
1527 1528 1577 1555 sed
1598 1527 1751 1563 passivum,
1769 1529 1849 1564 quod
1863 1534 1905 1555 est
1918 1528 2046 1564 potentia
2060 1529 2097 1556 ad
2112 1529 2198 1556 talem
2213 1535 2317 1557 actum.
2333 1546 2351 1550 -
2362 1530 2389 1557 8.
2405 1530 2483 1557 Con-

1422 1566 1544 1594 cluditur
1565 1566 1719 1603 principale
1734 1566 1885 1601 intentum,
1900 1576 2005 1604 nempe
2020 1569 2100 1604 quod
2115 1568 2213 1596 omnia
2228 1578 2302 1605 quae
2320 1575 2481 1603 moventur,

1423 1613 1575 1634 moventur
1593 1607 1629 1634 ab
1650 1606 1750 1643 aliquo
1771 1606 1838 1642 alio,
1860 1607 1940 1643 quod
1961 1613 2003 1635 est
2023 1608 2067 1635 vel
2089 1616 2209 1636 movens
2231 1607 2417 1636 intrinsecum
2438 1608 2482 1636 vel

1423 1652 1622 1673 extrinsecum.

1423 1747 1522 1783 hanc
1559 1747 1811 1784 obiectionem
1846 1748 2120 1785 excludendam
2149 1748 2357 1796 subiungit:
2396 1761 2481 1786 cum

1423 1800 1559 1835 habeat
1578 1800 1807 1847 principium
1826 1801 2038 1837 huiusmodi
2065 1801 2101 1837 in
2131 1802 2260 1848 seipso,
2282 1807 2318 1838 et
2335 1814 2408 1838 non
2427 1814 2482 1838 se-

1425 1852 1587 1888 cundum
1615 1850 1804 1896 accideris,-
1833 1853 1939 1900 quasi
1965 1853 2062 1890 dicat
2090 1854 2195 1901 quod
2214 1854 2264 1890 ad
2282 1855 2357 1891 hoc
2377 1855 2483 1902 quod

1424 1912 1552 1940 motus
1572 1904 1616 1940 sit
1636 1904 1825 1951 naturalis,
1847 1905 1984 1942 sufficit
2012 1906 2116 1953 quod
2143 1907 2357 1943 huiusmodi
2375 1908 2482 1955 prin—

1425 1957 1577 2005 cipium,
1608 1956 1745 1994 scilicet
1771 1957 1951 2005 potentia,
1982 1958 2028 1995 de
2057 1970 2133 2006 qua
2161 1959 2299 1996 fecerat
2323 1960 2483 1996 mentio-

1425 2022 1526 2055 nem,
1548 2009 1593 2045 sit
1612 2009 1649 2046 in
1670 2022 1716 2046 eo
1737 2010 1841 2057 quod
1861 2018 2048 2057 movetur,
2069 2023 2138 2059 per
2158 2024 2196 2048 se
2226 2019 2262 2048 et
2280 2024 2359 2048 non
2377 2025 2445 2060 per
2465 2014 2484 2034 '⁵‘

1425 2062 1616 2108 accidens;
1647 2062 1742 2099 sicut
1769 2075 1968 2099 scamnum
1999 2071 2053 2100 est
2079 2064 2247 2111 potentia
2281 2065 2483 2101 combusti-

1426 2115 1517 2162 bile,
1547 2127 1624 2151 non
1653 2115 1878 2162 inquantum
1909 2123 1963 2152 θεῖ
1991 2128 2203 2164 scamnum,
2233 2118 2300 2154 sed
2326 2117 2484 2165 inquan-

1426 2175 1507 2204 turn
1537 2175 1592 2204 est
1623 2167 1776 2215 lignum.
1816 2168 1925 2205 Unde
1958 2169 2032 2205 hoc
2069 2169 2173 2216 quod
2209 2169 2370 2216 dixerat,
2410 2182 2483 2207 non

1425 2220 1627 2256 secundum
1656 2221 1843 2265 accidens,
1874 2233 2079 2269 exponens,
2110 2221 2236 2258 subdit
2264 2223 2367 2270 quod
2395 2235 2483 2260 con-

1426 2272 1530 2319 tingit
1544 2278 1561 2293 α
1580 2272 1682 2308 idem
1711 2273 1923 2310 subiectum
1944 2286 2025 2310 esse
2046 2281 2082 2310 et
2101 2282 2285 2322 quantum
2307 2283 2342 2311 et
2361 2276 2483 2323 quale,

1427 2325 1495 2370 sed
1522 2337 1642 2361 unum
1673 2337 1805 2361 eorum
1825 2337 1894 2373 per
1917 2326 2091 2363 accidens
2111 2339 2150 2363 εθ
2169 2327 2284 2363 habet
2303 2328 2351 2364 ad
2370 2328 2483 2375 aliud,

1428 2385 1464 2413 et
1482 2389 1560 2413 non
1578 2389 1647 2425 per
1666 2389 1727 2413 se:
1758 2378 1862 2425 quod
1891 2390 1980 2426 ergo
2010 2386 2064 2415 est
2090 2379 2259 2427 potentia
2287 2381 2409 2427 quale,
2431 2389 2486 2417 θεῖ

1428 2430 1541 2466 etiam
1569 2430 1736 2478 potentia
1756 2438 1952 2478 quantum,
1974 2431 2041 2467 sed
2060 2443 2129 2480 per
2148 2432 2332 2469 accidens.
2347 2453 2368 2460 -
2385 2433 2485 2479 Quia

1427 2482 1535 2530 igitur
1563 2482 1667 2530 quod
1697 2490 1751 2519 est
1778 2482 1815 2519 in
1843 2484 2030 2531 potentia,
2061 2484 2275 2524 naturaliter
2307 2493 2486 2522 movetur

1428 2535 1475 2571 ab
1495 2534 1568 2571 alio
1593 2536 1698 2582 quod
1726 2542 1782 2571 est
1808 2536 1847 2572 in
1875 2543 1980 2572 actu:
2009 2536 2099 2573 nihil
2128 2544 2253 2573 autem
2272 2537 2484 2575 secundum

1427 2587 1529 2624 idem
1559 2595 1614 2624 est
1636 2588 1804 2636 potentia
1833 2596 1868 2624 et
1895 2596 2000 2625 actu:
2030 2589 2199 2637 sequitur
2226 2590 2331 2637 quod
2359 2602 2484 2638 neque

1427 2640 1521 2687 ignis
1549 2652 1673 2688 neque
1702 2648 1799 2677 terra
1827 2653 1951 2688 neque
1986 2641 2126 2689 aliquid
2155 2642 2255 2679 aliud
2284 2650 2485 2679 moveatur

1428 2705 1450 2729 a
1478 2705 1538 2739 se,
1568 2693 1636 2729 scd
1665 2693 1712 2729 ab
1741 2693 1826 2730 alio.
1856 2694 2062 2730 Moventur
2088 2695 2107 2714 *
2136 2695 2292 2742 quidem
2321 2695 2414 2742 ignis
2449 2703 2484 2732 θῖ

1427 2753 1525 2782 terra
1553 2746 1600 2782 ab
1629 2745 1722 2792 alio,
1753 2746 1821 2782 sed
1857 2758 1925 2794 per
1956 2746 2196 2794 violentiam,
2232 2760 2319 2784 cum
2356 2755 2483 2785 motus

1429 2810 1561 2835 eorum
1599 2806 1654 2834 est
1682 2806 1784 2835 extra
1813 2799 2020 2835 naturalem
2057 2799 2226 2848 ipsorum
2254 2800 2480 2848 potentiam:

1428 2851 1495 2887 sed
1524 2851 1736 2887 naturaliter
1754 2859 1969 2898 moventur,
1992 2864 2078 2888 cum
2103 2860 2305 2889 moventur
2323 2853 2360 2889 in
2380 2861 2483 2890 aetus

1427 2903 1622 2952 propriOS,
1661 2903 1710 2940 ad
1745 2916 1841 2951 quos
1878 2911 1963 2940 sunt
1999 2905 2037 2942 in
2070 2905 2238 2953 potentia
2275 2907 2484 2943 secundum

1429 2968 1536 2993 suam
1565 2963 1749 2992 naturam.

1484 3021 1517 3045 2.
1548 3008 1696 3045 Deinde
1735 3021 1821 3045 cum
1852 3009 1957 3046 dicit:
2002 3010 2187 3051 Quoniam
2225 3016 2349 3047 autem
2387 3011 2487 3059 quod

1422 3062 1588 3109 potentia
1617 3069 1703 3108 etc.,
1733 3062 1896 3099 ostendit
1924 3075 1946 3098 a
1974 3074 2050 3110 quo
2080 3071 2321 3100 moveantur:
2344 3071 2378 3100 et
2398 3064 2485 3111 quia

1429 3115 1532 3161 quod
1561 3122 1615 3151 est
1643 3114 1680 3151 in
1707 3115 1875 3162 potentia
1902 3123 2079 3151 movetur
2107 3116 2153 3151 ab
2175 3128 2221 3152 eo
2242 3116 2345 3163 quod
2375 3116 2485 3152 estin

1428 3174 1522 3213 actu,
1543 3167 1667 3215 primo
1689 3167 1877 3214 distinguit
1903 3167 2129 3215 potentiam3
2159 3168 2326 3204 secundo
2348 3180 2391 3204 ex
2410 3169 2484 3204 hoc

1428 3219 1590 3256 ostendit
1613 3232 1635 3256 a
1659 3231 1736 3267 quo
1765 3220 1982 3256 huiusmodi
2002 3227 2237 3266 moveantur,
2258 3220 2325 3256 ibi:
2353 3221 2484 3256 Poten-

1427 3272 1476 3308 tia
1505 3277 1627 3308 autem
1657 3278 1710 3308 est
1736 3273 1846 3308 leve*
1861 3280 1928 3308 ete.
1954 3272 2062 3308 Circa
2087 3271 2253 3319 primum
2281 3272 2349 3308 tria
2377 3272 2482 3309 facit:

1426 3323 1550 3371 primo
1570 3324 1732 3361 ostendit
1756 3324 2008 3360 necessarium
2034 3336 2114 3360 esse
2145 3336 2370 3371 cognoscere
2391 3332 2485 3372 quot

1429 3495 1450 3512 s.
1463 3488 1696 3520 Th.·interponere.
1716 3489 1798 3513 Editio
1813 3489 1878 3513 Ven.
1899 3487 1961 3519 1545
1983 3493 2007 3513 et
2026 3494 2165 3520 sequentes
2180 3489 2295 3514 similiter
2309 3489 2374 3514 duos
2392 3498 2484 3515 versus

1430 3523 1455 3547 in
1473 3528 1543 3548 textu
1561 3524 1638 3548 Arist.
1658 3523 1784 3552 efficiunt'‚
1805 3523 1851 3547 sed
1871 3524 2012 3547 secundum
2032 3523 2154 3556 incipiunt
2173 3531 2219 3556 per
2237 3524 2314 3549 verba
2335 3525 2397 3550 Erit
2414 3526 2483 3550 enim

320 3556 464 3588 incipiendo
483 3556 590 3580 alterum
610 3563 668 3580 cum
687 3555 742 3580 istis
755 3555 848 3584 νει-δίε,
869 3556 904 3580 Et
919 3563 968 3580 non
988 3556 1130 3580 secundum
1143 3557 1278 3583 accidens,-
1297 3564 1375 3588 quem
1430 3557 1506 3587 idem,
1517 3558 1654 3591 ipsumque
1664 3563 1762 3590 ponunt
1771 3563 1829 3590 post
1842 3558 1921 3582 verba
1935 3565 2070 3590 exponens
2084 3559 2173 3583 subdit
2177 3567 2186 3588 ‚-
2200 3559 2300 3589 deinde,
2312 3561 2484 3584 continuando

320 3599 426 3616 versum
445 3591 572 3623 integrum
591 3591 680 3615 inserit
697 3591 762 3615 inter
776 3591 853 3615 verba
873 3599 895 3615 s.
907 3590 957 3615 Th.
980 3591 1054 3615 Unde
1072 3591 1120 3615 hoc
1138 3592 1207 3623 quod
1227 3591 1337 3615 dixerat
1351 3597 1376 3616 et
1431 3594 1642 3617 commentarium
1662 3601 1682 3617 s.
1697 3593 1746 3617 Th.
1764 3593 1842 3617 verba
1864 3594 1898 3617 Et
1917 3593 1981 3618 dicit
2000 3599 2056 3618 ante
2075 3594 2146 3625 quod
2164 3594 2295 3627 contingit
2308 3595 2482 3620 introducunt:

321 3633 456 3658 exponens
470 3626 566 3656 subdit,
582 3626 660 3650 modo
679 3633 732 3658 quo
751 3626 884 3650 consuevit
897 3626 960 3650 haec
973 3626 1013 3651 ed.
1026 3631 1123 3650 textum
1135 3626 1213 3651 Arist.
1229 3631 1376 3651 commento
1430 3628 1536 3652 eaedem
1555 3635 1602 3660 pro
1621 3628 1691 3660 quod
1710 3628 1820 3652 dixerat
1839 3635 1898 3657 non,
1918 3628 1989 3660 quod
2008 3628 2118 3653 dixerat
2136 3632 2162 3654 et
2181 3637 2240 3654 non.

2510 2018 2518 2025 '
2533 2017 2657 2038 secundum
2672 2023 2720 2038 noi(

2510 2048 2579 2065 monz.

2510 2703 2519 2711 '
2535 2701 2669 2723 Moueretur
2682 2709 2723 2724 Αικ

2510 2733 2600 2756 stvpt.
2615 2732 2635 2750 et
2650 2734 2673 2750 a.

2510 3286 2519 3293 “
2534 3284 2605 3306 Num.
2616 3291 2636 3312 7.
