2898 3996
105 2486 118 2498 “
129 2486 193 2509 Lect.
201 2492 258 2514 seq„
266 2485 316 2508 n.6.

108 2695 120 2707 “
132 2694 201 2718 Num.
216 2700 236 2723 3.

107 2755 120 2768 ⁴
132 2755 194 2778 Lect.
207 2762 282 2784 praec.
293 2762 316 2777 n.

107 2855 119 2868 ⁸
163 2856 320 2878 aedicamentt

138 2897 144 2903 .
165 2888 181 2904 a
202 2886 224 2904 et
247 2882 316 2904 codd.

92 2914 95 2917 “
109 2913 158 2930 exc.
171 2914 194 2930 r.

109 3063 122 3076 ⁴
134 3064 197 3086 Lect.
211 3070 226 3092 ι,
239 3070 262 3086 ιι.
277 3065 299 3091 6,

110 3116 122 3128 “
134 3122 212 3141 reum
226 3122 319 3138 omnm.

41 3232 45 3233 γ
185 3221 231 3242 .11,
246 3222 269 3238 n.
283 3216 306 3237 6.

202 3231 320 3267 .1'ect.1x;

34 3250 70 3290 t
110 3257 320 3296 Did.1tb.,.'1v·:ap

111 3298 152 3320 vn,
165 3299 189 3316 n.
202 3301 226 3321 4.

24 3500 41 3541 vs':
35 3338 38 3341 ‘
38 3307 39 3310 .
24 3027 27 3035 s
33 3003 35 3006 .
25 2973 28 2974 ,
29 2940 31 2942 ,
25 2868 35 2907 .·
23 2840 26 2842 ⁴
17 2743 28 2793 .«’,
15 2695 27 2729 W-.
17 2599 28 2673 .‚..**
14 2525 21 2557 2-2—
16 2506 17 2510 Α
14 2370 18 2383 -’

34 3250 92 3630 ‘ffifflssssssfflssffa
48 3214 70 3259 ν
50 2972 76 3171 aufem-
47 2335 77 2895 „32.ff2-›.«ff2wffisffl

80 3523 91 3530 [-
80 3458 83 3459 ¹
88 3417 90 3420 .
78 3131 79 3135 Α
79 3004 93 3039 ’,ἐπ
77 2938 79 2941 “
90 2889 92 2893 .

84 3530 99 3545 ὃ
98 3040 131 3227 ‘13¹

1204 257 1635 304 CAP.1‚LECT.n1

393 335 541 362 SYNOPSIS.
564 350 599 354 -—
626 343 649 361 1.
675 335 884 371 Argumentum
913 342 941 363 et
968 335 1069 363 divisio
1097 342 1198 364 textus.
1222 352 1242 356 -
1262 343 1290 362 2.
1319 335 1394 363 Cum

338 380 436 401 motus
464 373 588 410 speciem
609 373 701 401 trahat
721 383 738 401 a
759 374 892 409 termino,
915 381 942 403 et
963 375 1101 402 terminus
1122 374 1157 402 sit
1177 374 1207 402 in
1228 373 1324 410 aliquo
1346 382 1393 410 ge-

340 421 407 440 nere
431 413 753 450 praedicamentorum,
784 422 899 441 necesse
928 420 970 442 est
997 413 1105 450 species
1132 419 1228 441 motus
1259 411 1394 448 distingui

339 452 499 480 secundum
520 460 624 488 genera
644 452 951 488 praedicamentorum.
973 453 1003 480 Si
1025 461 1093 489 ergo
1114 452 1144 480 in
1164 452 1254 479 tribus
1281 451 1393 487 praedi-

340 491 487 526 camentis,
509 490 614 519 scilicet
633 492 797 528 quantitate,
819 492 953 528 qualitate
974 498 1001 519 et
1022 492 1078 526 ubi,
1090 491 1126 519 sit
1146 497 1258 524 motus,
1281 496 1395 526 oportet

340 539 402 558 esse
416 536 473 558 tres
487 530 594 567 species
605 537 709 558 motus.
724 546 743 551 -
754 531 882 565 Qualiter
896 537 992 558 motus
1006 530 1042 558 sit
1056 530 1084 557 in
1097 539 1218 567 genere,
1233 535 1261 556 et
1275 529 1395 565 qualiter

339 569 480 606 pertineat
501 569 538 597 ad
558 569 822 606 praedicamentum
843 569 962 597 actionis
983 575 1011 596 et
1030 568 1181 605 passionis.
1198 584 1216 588 —
1239 568 1264 595 3.
1287 569 1393 595 Textus

341 607 506 637 subdivisio.
521 609 742 637 Praenotamen.
765 610 820 636 Per
833 609 954 636 eandem
967 607 1111 635 rationem
1125 616 1176 643 per
1186 615 1275 643 quam
1288 608 1394 643 proba-

340 654 388 676 tur
401 654 514 676 motum
528 657 590 676 non
610 657 671 676 esse
691 647 722 675 in
743 647 855 675 actione
876 653 904 674 et
922 646 1056 682 passione
1077 653 1105 674 et
1118 646 1148 673 in
1162 647 1200 673 ad
1220 647 1330 683 aliquid
1344 655 1394 674 seu

340 686 371 715 in
384 686 536 721 relatione,
554 686 714 715 ostenditur
727 685 812 714 etiam
833 695 893 713 non
907 694 968 712 esse
986 691 1099 713 motum
1113 685 1143 712 in
1158 685 1394 721 praedicamentis

340 726 462 763 quando,
485 726 540 754 situ
561 732 590 753 et
611 725 717 753 habitu.
733 741 752 746 -
765 725 864 752 Motus
884 733 939 751 non
960 729 1004 751 est
1024 724 1052 751 in
1073 733 1184 762 genere
1205 724 1394 752 substantiae:

340 774 410 794 nam
431 765 527 793 omnis
552 770 648 793 motus
669 770 712 792 est
731 763 806 791 inter
825 763 982 798 contraria3
1007 763 1181 791 substantiae
1201 770 1298 791 autem
1325 763 1396 791 nihil

341 803 587 833 estcontrarium.
609 818 626 823 —
647 811 677 836 4.
694 801 842 830 Dubitatio
866 803 901 830 de
915 802 971 830 hoc
988 803 1068 839 quod
1090 802 1199 838 dicitur,
1222 803 1394 840 substantiae

341 842 414 870 nihil
434 851 495 870 esse
522 841 709 870 contrarium.
731 842 813 869 Duae
837 841 994 869 solutiones
1019 841 1213 870 excluduntur.
1236 858 1254 862 —
1272 843 1297 870 5.
1320 843 1395 870 Vera

340 880 453 909 solutio.
467 881 499 908 In
513 879 614 908 formis
628 879 860 907 substantialibus
882 886 924 908 est
937 880 1122 908 contrarietas
1142 882 1299 909 secundum
1314 891 1394 914 com-v

340 928 459 948 munem
479 918 621 947 rationem
642 919 860 954 contrarietatis,
882 919 955 947 idest
974 921 1133 948 secundum
1152 920 1347 948 excellentiam
1368 927 1396 948 et

340 959 491 994 defectum,
512 958 684 995 inquantum
704 967 762 986 una
783 958 875 986 forma
895 965 937 987 est
957 959 1082 987 nobilior
1098 960 1193 987 altera.
1205 961 1316 988 Tamen
1337 969 1396 987 una

340 997 434 1026 forma
457 997 561 1034 speciei
582 998 739 1025 secundum
761 998 907 1034 propriam
929 997 1070 1026 rationem
1093 1008 1153 1026 non
1174 999 1260 1026 habet
1283 1005 1396 1026 contra-

339 1036 470 1064 rietatem
493 1037 530 1065 ad
555 1036 655 1064 aliam:
683 1036 752 1073 quia
777 1037 921 1065 contraria
943 1043 1010 1065 sunt
1032 1045 1106 1074 quae
1129 1037 1251 1065 maxime
1275 1037 1394 1072 distant3

339 1076 371 1104 in
390 1076 490 1104 formis
511 1082 607 1104 autem
628 1075 861 1104 substantialibus
881 1085 950 1116 non¹
962 1076 1105 1105 invenitur
1126 1077 1250 1104 maxima
1264 1076 1396 1104 distantia

340 1115 413 1144 inter
434 1115 543 1152 aliquas
564 1116 636 1143 duas
657 1115 772 1144 formas.
795 1117 912 1152 Insuper
933 1117 970 1144 ad
993 1116 1049 1144 hoc
1072 1117 1151 1153 quod
1172 1116 1202 1144 in
1230 1116 1326 1152 aliquo
1348 1126 1396 1152 ge-

339 1164 408 1182 nere
429 1154 465 1182 sit
485 1160 596 1190 motus,
612 1160 726 1191 oportet
740 1155 820 1192 quod
833 1155 869 1183 ab
883 1165 943 1183 uno
958 1162 1085 1183 extremo
1101 1154 1247 1192 contingat
1268 1155 1298 1182 in
1319 1155 1397 1183 aliud

339 1193 488 1230 pervenire
512 1200 594 1222 motu
615 1194 762 1222 continuo.
789 1194 846 1222 Sed
866 1203 931 1222 cum
953 1203 1014 1222 esse
1042 1194 1226 1223 substantiale
1248 1194 1397 1222 cuiuslibet

340 1233 381 1261 rei
402 1233 438 1261 sit
458 1233 488 1261 in
508 1233 686 1268 indivisibili,
708 1242 769 1262 non
790 1240 885 1270 potest
905 1240 1001 1262 motus
1027 1233 1180 1262 continuus
1201 1243 1262 1262 esse
1282 1235 1318 1262 de
1338 1243 1398 1262 una

339 1272 434 1301 forma
446 1272 624 1301 substantiali
638 1272 668 1300 in
681 1272 776 1308 aliam,
787 1282 837 1310 per
850 1273 1050 1302 remissionem
1064 1273 1149 1301 unius
1164 1279 1191 1301 et
1205 1273 1397 1301 intensionem

340 1311 465 1340 alterius.
487 1313 538 1339 Est
558 1321 627 1348 ergo
648 1312 780 1348 probatio
802 1312 961 1340 Aristotelis
983 1311 1220 1347 demonstrativa,
1242 1312 1307 1340 licet
1327 1322 1397 1341 con

341 1350 430 1379 clusio
451 1350 543 1387 possit
563 1350 650 1378 etiam
673 1351 788 1387 probari
809 1360 843 1379 ex
864 1360 899 1379 eo
921 1352 1000 1388 quod
1021 1351 1181 1379 subiectum
1203 1353 1313 1379 formae
1330 1352 1398 1379 sub-

340 1390 477 1418 stantialis
496 1396 539 1418 est
553 1399 604 1418 ens
625 1390 655 1418 in
675 1390 806 1426 potentia
825 1397 947 1419 tantum.
962 1407 981 1412 -
995 1392 1022 1419 6.
1039 1392 1198 1425 Quomodo
1211 1391 1397 1419 contrarietas

340 1429 501 1458 necessaria
521 1430 558 1457 ad
578 1435 701 1464 motum,
723 1429 883 1458 inveniatur
903 1430 933 1458 in
947 1430 1131 1467 qualitatibus
1154 1431 1255 1458 tertiae
1277 1430 1397 1467 speciei,

341 1475 369 1497 et
396 1468 426 1496 in
447 1469 604 1505 quantitate
625 1475 653 1496 et
673 1468 705 1496 in
726 1469 800 1496 loco.
826 1486 843 1490 -
864 1478 891 1505 7.
914 1469 1011 1497 Motus
1038 1479 1094 1497 non
1116 1475 1159 1497 est
1179 1469 1207 1496 in
1227 1479 1339 1514 genere
1360 1470 1398 1497 ad

341 1508 466 1545 aliquid.-
487 1517 555 1536 nam
571 1507 601 1535 in
617 1517 801 1544 quocumque
815 1517 919 1544 genere
940 1515 983 1536 est
997 1517 1049 1544 per
1062 1518 1092 1536 se
1108 1515 1211 1543 motus,
1221 1508 1303 1539 nihil
1324 1508 1398 1536 illius

341 1547 452 1584 generis
472 1546 615 1575 invenitur
636 1548 671 1574 de
692 1556 769 1575 novo
791 1547 821 1574 in
842 1547 939 1583 aliquo
959 1548 1067 1584 absque
1088 1547 1132 1575 sui
1153 1548 1326 1582 mutatione;
1348 1549 1398 1575 sed

341 1585 480 1623 contingit
506 1586 615 1622 aliquid
636 1587 672 1614 de
699 1595 776 1614 novo
805 1586 918 1614 relative
947 1586 1003 1614 dici
1030 1587 1067 1615 ad
1091 1587 1212 1614 alterurn
1234 1596 1284 1623 per
1305 1594 1397 1616 muta-

340 1625 451 1653 tionem
478 1634 539 1653 non
566 1634 664 1660 suam,
692 1625 743 1653 sed
770 1625 901 1660 alterius;
930 1635 997 1662 ergo
1019 1632 1114 1654 motus
1141 1636 1202 1654 non
1230 1633 1272 1654 est
1296 1635 1347 1662 per
1368 1636 1398 1654 se

341 1663 372 1692 in
392 1665 431 1692 ad
450 1664 574 1701 aliquid,
596 1665 647 1692 sed
669 1664 763 1692 solum
783 1674 836 1701 per
855 1664 1001 1700 accidens,
1022 1665 1194 1701 inquantum
1215 1666 1251 1693 ad
1272 1665 1397 1702 aliquam

341 1703 533 1732 mutationem
560 1703 688 1740 sequitur
714 1713 791 1732 nova
818 1704 927 1732 relatio.
953 1721 972 1725 —
1000 1705 1028 1732 8.
1053 1702 1213 1732 Difficultas
1241 1704 1316 1732 circa
1343 1705 1398 1732 hoc

341 1743 468 1772 solvitur.
485 1760 504 1764 -
518 1743 628 1771 Relatio
642 1744 798 1771 secundum
814 1743 954 1771 rationem
969 1749 997 1770 et
1010 1743 1109 1771 relatio
1126 1743 1224 1771 realis.
1239 1760 1258 1764 -
1273 1744 1398 1777 Quando

341 1782 441 1810 relatio
463 1782 606 1810 invenitur
622 1782 734 1810 realiter
747 1782 777 1810 in
790 1789 914 1818 utroque
935 1788 1071 1817 extremo,
1093 1788 1121 1809 et
1141 1781 1249 1818 aliquid
1271 1783 1306 1809 de
1321 1791 1398 1810 novo

342 1821 444 1850 dicitur
457 1821 572 1850 relative
594 1822 629 1849 de
649 1831 710 1849 uno
730 1830 782 1858 per
802 1821 893 1849 solam
916 1821 1106 1849 mutationem
1123 1821 1247 1855 alterius,
1268 1828 1336 1850 tunc
1355 1831 1398 1849 re-

341 1861 432 1889 latio
424 1870 455 1888 111
468 1860 563 1897 primo
577 1861 635 1889 iarn
657 1867 717 1889 erat
739 1861 968 1905 quodammodo,
982 1860 1054 1888 sicut
1074 1861 1104 1888 in
1125 1870 1177 1888 sua
1197 1843 1301 1889 radice.
1317 1861 1399 1888 Unde

340 1900 412 1929 nihil
433 1901 468 1928 de
489 1909 567 1928 novo
595 1900 731 1936 acquirit3
754 1901 805 1928 sed
826 1900 904 1936 quod
926 1900 1005 1935 prius
1026 1907 1085 1928 erat
1108 1899 1138 1927 in
1158 1900 1238 1936 ipso,
1266 1899 1399 1927 determi-

341 1945 425 1968 natur
439 1945 471 1967 ut
487 1948 596 1967 novum
616 1939 772 1967 terminum
794 1938 934 1975 respiciat.
952 1956 970 1960 —
985 1949 1012 1975 9.
1034 1940 1132 1967 Motus
1153 1949 1208 1967 non
1233 1945 1275 1967 est
1296 1939 1324 1967 in
1345 1948 1397 1977 ge-

342 1987 411 2007 nere
439 1978 560 2007 actionis
580 1984 608 2006 et
630 1978 785 2016 passionis.
808 1978 891 2006 Actio
920 1984 947 2006 et
973 1978 1069 2014 passio
1091 1987 1151 2006 non
1177 1978 1311 2006 differunt
1331 1979 1398 2006 sub-

341 2018 415 2047 iecto
441 2027 492 2046 seu
518 2018 631 2046 realiter
655 2027 673 2046 a
699 2024 797 2052 motu;
825 2017 903 2054 atqui
928 2024 1024 2046 motus
1047 2026 1108 2046 non
1135 2024 1177 2045 est
1205 2024 1319 2052 motus,
1348 2027 1399 2045 seu

341 2057 497 2095 generatim
511 2057 678 2086 mutationis
692 2067 754 2086 non
768 2064 810 2085 est
823 2057 957 2090 mutatio..
971 2073 990 2078 -
1008 2066 1050 2085 10.
1067 2058 1155 2091 Quod
1171 2066 1219 2084 sex
1240 2057 1398 2085 rationibus

545 2173 776 2213 ostquam
800 2165 1055 2213 Philosophus
1079 2164 1202 2201 divisit
1222 2164 1398 2209 mutatio-

559 2222 581 2267 ’ᾗ
600 2230 690 2255 nem
705 2218 743 2254 in
758 2217 1040 2265 generationem
1065 2224 1101 2253 et
1115 2216 1397 2274 corruptionem

535 2276 558 2310 ἐ
601 2278 638 2307 et
664 2277 829 2316 motum,
858 2270 920 2306 hic
946 2269 1151 2306 subdividit
1182 2276 1332 2305 motum
1361 2269 1398 2305 in

406 2350 430 2357 ν
490 2355 497 2367 .
548 2322 585 2354 bf
600 2335 688 2360 suas
706 2330 843 2381 partes.
873 2323 922 2359 Et
945 2322 1033 2370 quia
1061 2321 1324 2370 oppositorum
1345 2328 1399 2357 est

343 2376 478 2413 eadem
506 2375 670 2422 scientia,
690 2375 815 2423 primo
835 2374 996 2421 assignat
1015 2374 1159 2422 species
1178 2381 1321 2419 motus;
1343 2386 1398 2410 se-

343 2428 469 2466 cundo
499 2428 663 2464 ostendit
685 2434 779 2476 quot
797 2427 922 2464 modis
942 2426 1130 2463 immobile
1154 2426 1308 2472 dicatur,
1329 2426 1396 2462 ibi:

341 2481 688 2518 Immobileautem
708 2481 728 2501 ᾗ
753 2487 822 2516 etc.
853 2478 963 2516 Circa
990 2479 1158 2527 primum
1187 2479 1262 2515 duo
1292 2455 1397 2514 f’acit:

341 2533 467 2582 primo
494 2533 602 2582 ponit
629 2531 822 2581 quandam
852 2531 1165 2578 conditionalem,
1191 2543 1259 2579 per
1277 2531 1399 2581 Lquam

343 2585 523 2634 accipitur
551 2585 685 2622 divisio
714 2592 840 2621 motus
868 2584 907 2620 in
936 2596 1022 2620 suas
1050 2591 1196 2632 partes;
1231 2583 1399 2620 secundo

344 2638 559 2675 manifestat
576 2637 868 2674 conditionalem
891 2636 1151 2685 praemissam,
1171 2635 1243 2672 ibi:
1264 2637 1400 2672 Secun-

343 2691 433 2727 dum
460 2690 703 2727 substantiam
730 2695 855 2726 autem
873 2689 892 2709 ’ἡ
912 2696 980 2725 etc.

399 2754 434 2779 2.
465 2741 667 2779 Concludit
695 2753 783 2788 ergo
812 2753 858 2777 ex
880 2740 1097 2789 praemissis
1117 2741 1149 2787 ²¹⁸,
1179 2741 1284 2788 quod
1312 2751 1400 2776 curn

345 2802 472 2832 motus
499 2794 544 2831 sit
573 2795 620 2831 de
648 2793 818 2830 subiecto
838 2793 876 2830 in
895 2793 1119 2840 subiectum,
1141 2792 1308 2829 subiecta
1337 2804 1401 2828 au-

344 2855 422 2884 tem
451 2847 524 2884 sint
551 2847 588 2883 in
617 2846 742 2894 aliquo
777 2857 913 2893 genere
945 2845 1341 2894 praedicamentorum
1362 2845 1399 2890 *3

344 2911 499 2936 necesse
520 2907 575 2936 est
593 2900 697 2947 quod
724 2898 868 2946 species
895 2905 1022 2934 motus
1051 2897 1323 2944 distinguantur
1345 2909 1401 2932 se-

346 2952 514 2989 cundum
547 2963 686 2999 genera
718 2950 1129 2999 praedicamentorum,
1160 2961 1247 2986 cum
1275 2955 1401 2985 motus

346 3004 694 3042 denominationem
723 3010 760 3039 et
786 3003 952 3050 speciem
980 3015 1003 3038 a
1029 3001 1189 3038 termino
1209 3002 1341 3048 trahat,
1361 3009 1402 3037 ut

346 3068 460 3105 supra
482 3057 501 3077 ⁸¹²
524 3056 666 3094 dictum
702 3063 767 3092 est.
798 3055 838 3092 Si
867 3067 956 3102 ergo
983 3054 1289 3103 praedicamenta
1317 3061 1403 3090 sunt

346 3108 468 3146 divisa
493 3107 532 3145 in
559 3109 694 3145 decem
713 3120 841 3144 rerum
861 3107 880 3128 ²⁸²
900 3119 1049 3155 genera,
1070 3106 1208 3143 scilicet
1231 3107 1401 3143 substan-

346 3161 437 3197 tiam
469 3167 506 3196 et
532 3161 751 3209 qualitatem
789 3168 879 3206 etc.,
917 3167 959 3196 ut
985 3159 1128 3196 dictum
1157 3166 1212 3195 est
1238 3159 1277 3195 in
1304 3158 1399 3195 libro

346 3212 739 3250 Praedicamentorum
759 3213 779 3233 ²¹⁴
809 3219 845 3248 et
871 3211 910 3248 in
932 3211 967 3248 V
985 3212 1200 3259 Metaphys.
1222 3212 1282 3256 *ἢ
1308 3218 1344 3246 et
1362 3211 1401 3246 in

347 3265 464 3302 tribus
482 3264 634 3301 illorum
652 3265 863 3301 inveniatur
882 3270 1008 3299 motus
1022 3269 1051 3306 ‘²‘;
1071 3274 1226 3299 necesse
1245 3270 1302 3298 est
1320 3274 1400 3299 esse

347 3325 421 3354 tres
453 3316 596 3365 species
624 3324 762 3363 motus,
783 3315 920 3352 scilicet
947 3322 1073 3351 motus
1101 3315 1166 3362 qui
1194 3322 1248 3351 est
1274 3314 1313 3350 in
1340 3326 1402 3362 ge-

347 3382 438 3407 nere
465 3369 694 3418 quantitatis,
724 3375 759 3404 et
787 3375 912 3404 motus
936 3366 1000 3415 qui
1019 3366 1131 3403 estin
1150 3378 1287 3413 genere
1311 3378 1400 3414 qua-

402 3527 429 3568 ᾳ)
449 3530 475 3552 et
493 3526 519 3551 in
539 3525 622 3550 tribus
641 3524 746 3549 illorum
765 3523 915 3548 inveniatur
933 3525 1057 3547 motus.-
1071 3522 1140 3546 Haec
1158 3529 1210 3546 om.
1222 3521 1322 3545 codices
1339 3528 1402 3545 una-

349 3562 467 3593 nimiter;
487 3568 552 3594 quae
571 3560 676 3592 quidem
694 3558 802 3583 omissio
820 3566 871 3583 non
895 3562 980 3590 potest
1002 3556 1119 3589 explicari
1141 3563 1187 3588 per
1204 3563 1339 3580 recursum
1358 3563 1402 3580 eo-

2421 262 2493 298 235

1448 334 1594 376 probatur.
1617 336 1644 368 a)
1667 335 1786 363 Mutatio
1808 345 1869 364 non
1896 343 1990 372 potest
2011 346 2071 365 esse
2093 337 2258 365 mutationis
2279 338 2351 366 sicut
2371 339 2497 372 subiecti,

1449 372 1516 408 quia
1537 372 1657 400 mutatio
1678 383 1738 401 non
1757 381 1799 402 est
1818 376 1975 403 substantia
1995 385 2046 412 per
2066 385 2095 403 se
2116 376 2279 404 subsistens.
2298 393 2316 398 -
2335 387 2377 404 11.
2399 379 2497 414 Neque

1448 417 1542 446 potest
1556 412 1676 439 mutatio
1694 422 1755 440 esse
1777 414 1942 442 mutationis
1957 421 1988 442 ut
2003 415 2126 448 termini,
2148 415 2186 443 ita
2206 422 2238 443 ut
2258 415 2416 444 subiectum
2435 426 2497 444 mo-

1448 456 1546 477 veatur
1567 459 1600 478 ex
1621 460 1679 478 una
1693 452 1795 496 specie·
1807 453 1974 481 mutationis
1994 454 2024 482 in
2043 454 2138 482 aliam.
2160 456 2244 482 Nam
2253 455 2365 492 primo,
2387 455 2410 483 si
2431 457 2497 483 sub-

1449 488 1553 518 iectum
1574 496 1668 524 potest
1689 491 1797 519 moveri
1814 501 1872 529 per
1885 502 1915 520 se
1930 494 1965 520 de
1979 493 2137 521 mutatione
2152 493 2181 521 in
2196 493 2393 529 mutationem
2415 494 2498 522 simul

1449 528 1518 554 dum
1540 535 1670 556 movetur
1690 539 1748 557 una
1769 531 1935 565 mutatione,
1958 539 2088 560 movetur
2108 533 2193 560 etiam
2216 542 2248 560 ex
2270 534 2322 561 hac
2341 534 2498 562 mutatione

1449 566 1478 593 in
1499 566 1594 594 aliam.
1617 568 1673 595 Sed
1694 568 1724 596 in
1745 570 1880 605 subiecto,
1905 571 2055 599 terminata
2075 580 2134 599 una
2161 572 2331 606 mutatione,
2353 572 2425 600 sicut
2445 582 2498 609 po-

1448 611 1503 633 test
1524 607 1675 634 succedere
1696 607 1786 644 quies,
1802 609 1840 636 ita
1855 619 2052 646 quaecumque
2066 610 2121 638 alia
2134 611 2254 638 mutatio
2271 611 2498 640 indeterminate.

1449 646 1525 682 Ergo
1540 645 1667 682 sequitur
1681 646 1710 674 in
1724 648 1875 683 hypothesi
1890 650 1969 685 quod
1983 649 2128 686 contingat
2148 657 2261 677 motum
2283 659 2343 678 esse
2357 652 2392 678 de
2406 651 2499 687 prima

1449 684 1607 711 mutatione
1628 684 1658 711 in
1679 695 1890 723 quamcumque
1918 687 2003 716 aliam
2030 687 2229 716 indifferenter.
2256 690 2319 717 Hoc
2340 696 2434 717 autem
2457 696 2499 718 est

1449 729 1549 750 contra
1569 723 1710 751 rationem
1732 731 1827 752 motus
1849 735 1899 762 per
1919 736 1963 754 se.
1991 727 2086 754 omnis
2111 728 2187 755 enim
2214 735 2309 755 motus
2331 735 2358 756 et
2378 729 2498 757 mutatio

1450 768 1491 790 est
1505 763 1540 790 ab
1552 771 1612 790 uno
1627 764 1815 792 determinato
1830 765 1953 793 termino
1968 767 2004 793 ad
2018 766 2106 794 alium
2120 767 2498 796 determinatum-1282-

1450 802 1556 835 cundo,
1572 801 1643 829 sicut
1657 802 1686 829 ln
1701 803 1828 831 subiecto
1843 804 1892 831 uni
1907 805 2058 833 mutationi
2074 812 2167 841 potest
2181 807 2331 834 succedere
2352 807 2498 843 opposita,

1449 840 1488 868 ita
1509 840 1532 868 si
1553 841 1673 869 mutatio
1702 849 1744 869 est
1764 851 1822 880 per
1842 852 1873 871 se
1894 844 1929 871 de
1951 853 2008 872 una
2036 844 2193 872 mutatione
2221 845 2250 872 in
2271 845 2371 880 aliam,
2396 846 2499 881 poterit

1450 879 1609 907 subiectum
1637 881 1740 908 mutari
1762 882 1796 909 de
1818 883 1976 910 mutatione
1997 883 2092 919 aliqua
2113 883 2142 911 in
2162 884 2340 919 oppositam,
2369 884 2441 912 sicut
2464 886 2499 913 de

1449 919 1644 962 aegrotatione
1665 920 1695 947 in
1715 921 1902 949 sanationem.
1925 923 1982 949 Sed
1995 922 2064 950 istae
2079 923 2152 950 duae
2169 923 2349 958 mutationes,
2364 924 2500 952 habentes

1449 957 1587 985 terminos
1609 959 1767 994 oppositos,
1790 960 1873 987 simul
1900 967 1983 989 erunt
2003 961 2032 989 in
2053 962 2180 990 subiecto
2195 962 2240 997 (cf.
2253 971 2280 989 n.
2290 965 2394 998 praec).
2410 962 2501 991 Simul

1451 1005 1517 1033 ergo
1540 997 1609 1024 dum
1631 997 1732 1033 aliquis
1754 1006 1884 1026 movetur
1911 1001 1947 1027 ad
1968 1001 2189 1037 aegritudinem,
2214 1001 2375 1029 movebitur
2398 1002 2434 1028 ad
2455 1011 2498 1029 sa-

1450 1035 1583 1070 nitatem3
1606 1036 1661 1064 hoc
1682 1044 1732 1071 est,
1748 1038 1908 1065 movebitur
1928 1039 1964 1066 ad
1985 1040 2133 1075 opposita,
2155 1041 2234 1076 quod
2253 1047 2294 1067 est
2316 1040 2499 1085 impossibile.

1450 1091 1469 1095 -
1484 1076 1580 1102 Potest
1600 1081 1696 1102 tamen
1718 1077 1838 1104 mutatio
1860 1086 1920 1105 esse
1938 1087 1995 1115 per
2015 1079 2148 1106 accidens
2169 1080 2204 1106 de
2218 1089 2276 1107 una
2297 1079 2454 1107 mutatione
2469 1080 2498 1107 in

1450 1113 1550 1148 aliam,
1573 1114 1744 1150 inquantum
1772 1116 1930 1144 subiectum
1958 1126 2035 1145 nunc
2062 1124 2187 1145 mutatur
2212 1127 2270 1146 una
2296 1119 2453 1147 mutatione
2474 1125 2502 1146 et

1450 1154 1636 1197 postmodum
1665 1153 1729 1181 alia.
1748 1171 1765 1175 -
1789 1155 1831 1182 13.
1854 1155 1880 1190 b)
1903 1155 1932 1182 Si
1954 1156 2118 1184 mutationis
2140 1164 2180 1184 est
2202 1157 2320 1185 mutatio
2347 1158 2391 1185 vel
2416 1167 2501 1195 gene-

1451 1192 1570 1220 rationis
1591 1193 1745 1237 generatio,
1767 1194 1868 1221 eadem
1889 1194 1998 1222 ratione
2020 1195 2105 1223 etiam
2125 1196 2228 1231 prioris
2247 1197 2435 1241 generationis
2450 1197 2502 1225 erit

1451 1231 1612 1268 generatio,
1635 1238 1662 1259 et
1682 1232 1722 1259 sic
1737 1233 1766 1260 in
1780 1232 1931 1265 infinitum.
1954 1235 2010 1261 Sed
2031 1234 2060 1261 in
2082 1235 2196 1262 infinitis
2217 1245 2277 1263 non
2299 1243 2339 1263 est
2360 1236 2501 1272 primum3

1451 1279 1519 1307 ergo
1540 1280 1601 1299 non
1622 1271 1674 1299 erit
1695 1271 1788 1307 prima
1808 1272 1929 1301 mutatio
1950 1273 1994 1300 vel
2014 1274 2167 1310 generatio.
2190 1281 2217 1301 et
2231 1282 2438 1319 consequenter
2452 1284 2502 1303 ne-

1452 1319 1507 1346 que
1535 1311 1660 1338 secunda
1687 1320 1780 1347 neque
1808 1311 1923 1347 ultima,
1946 1312 2014 1348 quia
2034 1314 2158 1340 secunda
2179 1322 2239 1340 non
2259 1313 2310 1340 erit
2338 1314 2391 1341 nisi
2418 1314 2502 1342 fuerit

1451 1350 1594 1385 completa
1614 1349 1716 1385 prima.
1739 1351 1815 1387 Ergo
1830 1360 1890 1378 non
1906 1351 1958 1378 erit
1971 1351 2028 1379 ulla
2042 1352 2186 1388 generatio
2200 1352 2245 1380 vel
2259 1353 2394 1387 mutat103
2416 1360 2444 1380 et
2464 1354 2503 1381 sic

1451 1388 1522 1416 nihil
1542 1389 1723 1425 generabitur
1749 1390 1794 1418 vel
1817 1390 1985 1418 movebitur.
2008 1407 2027 1412 —
2048 1392 2213 1419 Notandum
2235 1391 2309 1419 circa
2323 1393 2396 1419 hanc
2416 1392 2502 1420 ratio-

1451 1437 1528 1455 nem.
1544 1444 1563 1449 -
1588 1437 1630 1463 14.
1652 1430 1678 1464 c)
1700 1429 1730 1456 Si
1750 1429 1942 1466 generationis
1971 1436 2012 1457 est
2032 1430 2194 1467 generatio,
2216 1430 2287 1458 idest
2316 1430 2339 1458 si
2359 1431 2502 1467 generatio

1451 1473 1615 1504 generatur,
1636 1474 1750 1503 oportet
1771 1469 1851 1505 quod
1872 1468 1957 1496 etiarn
1977 1469 2123 1506 generatio
2145 1476 2353 1505 corrumpatur
2377 1471 2433 1497 Sed
2454 1480 2503 1498 ne-

1452 1515 1529 1534 cesse
1551 1513 1593 1534 est
1613 1508 1693 1543 quod
1714 1507 1907 1551 corrumpitur
1927 1507 2054 1536 existere.
2076 1509 2151 1545 Ergo
2173 1517 2288 1536 necesse
2308 1515 2350 1536 est
2364 1510 2443 1545 quod
2457 1518 2504 1546 ge-

1451 1546 1571 1581 neratio,
1589 1555 1647 1582 qua
1667 1545 1774 1590 aliquid
1794 1553 1954 1583 generatur,
1968 1547 2053 1575 simul
2067 1548 2157 1575 dum
2151 1557 2213 1584 ipsa
2226 1554 2276 1583 est,
2295 1555 2502 1584 corrumpatur:

1453 1586 1532 1621 quod
1552 1585 1663 1613 videtur
1686 1585 1897 1614 inconveniens.
1923 1602 1941 1607 -
1970 1587 2012 1614 15.
2039 1587 2068 1621 d)
2091 1588 2157 1614 Non
2181 1593 2222 1614 est
2245 1587 2387 1631 assignare
2415 1594 2504 1616 mate-

1452 1624 1524 1652 riam
1542 1624 1742 1661 generationis,
1764 1634 1838 1661 quae
1859 1625 1983 1653 scilicet'
1977 1635 2006 1653 ln
2021 1626 2143 1662 speciem
2159 1626 2350 1663 generationis
2371 1633 2502 1655 transeat.

1453 1679 1471 1685 -
1486 1665 1555 1691 Item
1576 1663 1605 1691 in
1626 1664 1750 1700 qualibet
1771 1665 1929 1692 mutatione
1954 1671 2067 1701 oportet
2094 1674 2155 1693 esse
2183 1665 2306 1701 aliquem
2334 1665 2502 1701 terminum,

1453 1702 1502 1739 qui
1524 1702 1559 1730 sit
1580 1703 1633 1730 hoc
1654 1703 1763 1739 aliquid
1791 1704 2035 1731 demonstratum:
2055 1705 2110 1732 tale
2131 1711 2226 1732 autem
2254 1714 2315 1732 non
2342 1711 2384 1732 est
2411 1714 2505 1741 neque

1456 1748 1552 1769 motus
1573 1751 1667 1778 neque
1682 1742 1835 1778 generatio.
1858 1759 1876 1763 —
1901 1744 1943 1770 16.
1966 1745 1991 1778 e)
2022 1743 2051 1771 Si
2072 1743 2263 1780 generationis
2285 1750 2327 1771 est
2348 1744 2503 1780 generatio,

1454 1786 1567 1817 oportet
1588 1781 1668 1817 quod
1689 1787 1717 1808 et
1738 1781 1884 1809 doctrinae
1898 1782 2043 1818 generatio
2065 1782 2100 1810 sit
2114 1782 2258 1810 doctrina:
2280 1783 2335 1810 hoc
2354 1790 2448 1810 autem
2464 1791 2505 1811 est

1453 1820 1571 1854 falsum3
1593 1829 1662 1847 nam
1684 1820 1813 1847 doctrina
1834 1826 1875 1848 est
1889 1821 2032 1857 generatio
2044 1821 2185 1856 scientiae,
2200 1828 2227 1849 et
2241 1831 2301 1849 non
2317 1822 2471 1850 doctrinae.
2486 1839 2505 1843 -

1458 1868 1501 1895 17.
1516 1860 1552 1896 s)
1575 1859 1605 1886 Si
1626 1859 1792 1887 mutationis
1812 1859 1847 1886 sit
1867 1860 1996 1895 mutatio,
2015 1861 2058 1888 vel
2079 1860 2150 1888 sicut
2165 1860 2281 1888 subiecti
2301 1861 2345 1888 vel
2365 1861 2436 1888 sicut
2450 1867 2504 1889 ter-

1453 1898 1532 1933 mini,
1548 1905 1682 1942 sequetur
1702 1899 1781 1935 quod
1802 1898 1960 1935 specierum
1980 1906 2076 1927 motus
2097 1909 2155 1927 una
2169 1900 2259 1936 possit
2272 1909 2333 1927 esse
2347 1900 2505 1928 subiectum

1451 1937 1496 1965 vel
1510 1937 1648 1965 terminus
1662 1938 1784 1973 alterius,
1799 1944 1848 1965 aut
1862 1938 1947 1966 etiam
1961 1938 2004 1966 sui
2018 1938 2114 1974 ipsius:
2131 1945 2158 1966 et
2171 1939 2236 1966 ideo
2252 1939 2331 1976 quod
2345 1939 2399 1966 loci
2414 1946 2506 1967 muta-

1452 1976 1492 2004 tio
1514 1977 1656 2011 alteretur,
1677 1977 1721 2004 vel
1743 1976 1828 2005 etiam
1849 1977 1953 2005 feratur
1973 1978 2130 2006 secundum
2150 1978 2262 2013 Iocum3
2284 1987 2357 2014 quae
2378 1985 2443 2006 sunt
2463 1978 2506 2006 in-

1453 2016 1659 2045 convenientia.
1682 2032 1700 2036 -
1726 2017 1768 2044 18.
1796 2016 1988 2045 Solummodo
2016 2026 2067 2053 per
2089 2018 2221 2045 accidens
2248 2017 2387 2054 contingit
2414 2024 2506 2046 muta-

1453 2055 1563 2083 tionem
1591 2056 1710 2090 mutari,
1738 2055 1909 2093 inquantum
1930 2065 2034 2092 nempe
2055 2063 2181 2084 mutatur
2201 2056 2359 2084 subiectum
2380 2056 2477 2093 ipsius.

1451 2164 1572 2210 litatz's,
1604 2172 1639 2201 et
1666 2172 1793 2201 motus
1813 2165 1877 2213 qui
1902 2172 1956 2201 est
1975 2165 2014 2202 in
2032 2177 2169 2212 genere
2190 2165 2262 2210 ubi,
2293 2165 2353 2213 qui
2376 2165 2508 2202 dicitur

1452 2216 1663 2254 secundum
1683 2218 1822 2253 locum.
1841 2217 2010 2263 Qualiter
2029 2225 2155 2254 autem
2171 2225 2296 2253 motus
2312 2217 2357 2253 sit
2375 2217 2412 2254 in
2431 2218 2507 2254 istis

1452 2268 1671 2316 generibus,
1701 2276 1738 2305 et
1765 2269 1922 2317 qualiter
1939 2269 2122 2318 pertineat
2149 2277 2275 2306 motus
2294 2269 2342 2306 ad
2360 2270 2507 2317 praedi—

1453 2329 1670 2358 camentum
1700 2321 1855 2357 actionis
1881 2329 1916 2357 et
1932 2322 2129 2370 passionis,
2149 2322 2187 2358 in
2206 2322 2312 2358 tertio
2327 2322 2347 2342 *⁴
2366 2322 2506 2359 dictum

1454 2381 1518 2410 est.
1552 2374 1663 2410 Unde
1695 2386 1796 2409 nunc
1833 2374 1995 2410 breviter
2027 2374 2150 2410 dicere
2187 2375 2367 2420 sufficiat,
2403 2375 2507 2422 quod

1453 2426 1607 2474 quilibet
1629 2433 1754 2462 motus
1774 2433 1829 2462 est
1850 2426 1889 2462 in
1910 2426 2047 2462 eodem
2066 2438 2203 2473 genere
2224 2439 2311 2463 cum
2339 2439 2408 2463 suo
2436 2435 2507 2464 ter-

1453 2478 1579 2524 mino,
1609 2490 1688 2514 non
1724 2477 1878 2526 quidem
1914 2478 1963 2514 ita
1991 2478 2094 2526 quod
2122 2486 2248 2515 motus
2285 2479 2348 2527 qui
2377 2487 2432 2515 est
2458 2480 2507 2516 ad

1454 2531 1670 2579 qualitatem
1699 2530 1744 2566 sit
1772 2530 1915 2578 species
1935 2530 2130 2578 qualitatis,
2151 2530 2218 2567 sed
2236 2536 2304 2578 per
2322 2531 2506 2567 reductio-

1454 2595 1555 2620 nem.
1569 2583 1672 2619 Sicut
1687 2582 1787 2619 enim
1802 2583 1970 2630 potentia
1985 2582 2172 2619 reducitur
2190 2583 2239 2619 ad
2253 2595 2370 2629 genus
2389 2590 2504 2630 actus,

1454 2643 1608 2684 propter
1635 2635 1709 2671 hoc
1737 2635 1841 2683 quod
1869 2647 1983 2671 omne
2012 2647 2129 2682 genus
2159 2635 2334 2671 dividitur
2351 2647 2420 2683 per
2437 2648 2505 2684 po-

1454 2688 1610 2724 tentiam
1640 2695 1675 2724 et
1703 2694 1848 2723 actum:
1878 2687 1928 2724 ita
1956 2695 2104 2735 oportet
2136 2687 2238 2735 quod
2267 2695 2412 2735 motus,
2442 2688 2506 2736 qui

1456 2748 1511 2777 est
1538 2748 1640 2776 actus
1667 2739 1927 2788 imperfectus,
1957 2740 2155 2776 reducatur
2182 2739 2229 2776 ad
2256 2752 2373 2787 genus
2402 2748 2504 2777 actus

1453 2792 1619 2841 perfecti.
1650 2793 1869 2829 Secundum
1897 2799 2023 2828 autem
2052 2792 2155 2840 quod
2182 2800 2308 2828 motus
2336 2792 2504 2829 conside-

1455 2852 1556 2882 ratur
1573 2852 1615 2880 ut
1633 2851 1688 2880 est
1705 2844 1745 2882 in
1762 2844 1836 2884 hoc
1855 2844 1902 2880 ab
1923 2844 2006 2891 alio,
2026 2845 2087 2881 vel
2107 2845 2153 2880 ab
2174 2845 2247 2880 hoc
2265 2844 2302 2880 in
2322 2844 2432 2891 aliud,
2453 2844 2505 2881 sic

1454 2897 1614 2946 pertinet
1637 2896 1685 2933 ad
1707 2896 2058 2944 praedicamentum
2077 2896 2232 2933 actionis
2253 2904 2289 2933 et
2306 2896 2503 2944 passionis.

1510 2951 1543 2986 3.
1573 2949 1722 2986 Deinde
1757 2961 1844 2985 cum
1874 2948 1979 2986 dicit:
2019 2949 2228 2985 Secundum
2263 2950 2504 2986 substantiam

1454 3008 1579 3038 autem
1600 3009 1680 3048 etc.,
1701 3001 1912 3037 manifestat
1932 3001 2221 3038 conditionalem
2244 3001 2503 3049 praemissam.

1456 3055 1504 3090 Et
1521 3054 1645 3102 primo
1666 3053 1828 3090 ostendit
1846 3053 1948 3102 quod
1967 3053 2005 3090 in
2025 3053 2104 3090 aliis
2123 3054 2323 3100 generibus
2348 3066 2369 3089 a
2388 3054 2504 3090 tribus

1453 3106 1652 3155 praedictis
1664 3106 1694 3151 ²⁸,
1711 3118 1789 3142 non
1802 3113 1926 3154 potest
1941 3118 2022 3142 esse
2041 3113 2182 3150 motus;
2199 3106 2364 3142 secundo
2381 3112 2503 3141 osten·
2530 3119 2541 3130 *

1455 3158 1508 3195 dit
1535 3158 1732 3206 quomodo
1760 3158 1798 3195 in
1825 3157 1901 3194 istis
1929 3158 2045 3194 tribus
2073 3157 2271 3204 generibus
2298 3163 2424 3192 motus
2443 3156 2498 3201 sit,

1455 3210 1523 3247 ibi:
1549 3210 1734 3252 Quoniam
1753 3216 1876 3247 autem
1896 3221 2013 3257 neque
2028 3209 2250 3245 substantiae
2265 3208 2284 3228 '¹‘
2305 3215 2372 3244 etc.
2394 3208 2502 3244 Circa

1454 3263 1621 3310 primum
1649 3262 1718 3298 tria
1745 3262 1848 3298 facit:
1870 3262 1889 3282 '³‘
1916 3261 2039 3309 primo
2069 3259 2229 3296 ostendit
2256 3259 2360 3306 quod
2384 3260 2422 3296 in
2441 3271 2501 3307 ge-

1455 3326 1545 3351 nere
1573 3314 1800 3351 substantiae
1831 3325 1909 3350 non
1938 3320 1992 3348 est
2024 3320 2167 3357 motus;
2197 3311 2364 3347 secundo
2398 3313 2501 3360 quod

1455 3379 1525 3403 nec
1553 3366 1591 3403 in
1618 3378 1754 3414 genere
1787 3365 1834 3402 ad
1862 3364 2019 3412 aliquid,
2052 3364 2122 3400 ibi:
2150 3364 2284 3411 Neque
2311 3369 2364 3400 est
2389 3364 2425 3400 in
2453 3365 2504 3401 ad

1455 3522 1565 3546 rundem
1583 3521 1735 3546 verborum:
1758 3524 1843 3544 tamen
1861 3519 1999 3543 retinemus
2024 3519 2159 3544 lectionem
2178 3519 2245 3550 Pab,
2265 3519 2325 3552 quia
2343 3527 2395 3544 non
2413 3527 2502 3552 parum

1455 3555 1553 3581 confert
1571 3556 1602 3580 ad
1621 3555 1759 3580 claritatem
1778 3554 2012 3586 argumentationis.

2535 2335 2542 2343 ·
2555 2334 2618 2356 Lect.
2629 2341 2642 2355 v
2654 2351 2659 2362 ‚
2674 2341 2696 2356 n.
2712 2340 2741 2362 17.

2554 3119 2622 3140 Num.
2636 3125 2711 3147 praec.

2530 3226 2537 3233 ¹
2552 3224 2613 3246 Lect.
2628 3231 2676 3253 seq.

2528 3273 2538 3283 ⁴*
2548 3273 2602 3300 quia
2613 3272 2665 3294 add.
2675 3273 2711 3294 rb.
