2982 4022
108 861 118 870 ²
132 861 202 883 Num.
217 866 237 888 3.

109 969 118 978 ²
129 971 236 997 potentes
247 974 316 990 Ace-m

108 1001 223 1021 mou-vx.

109 1026 118 1036 ²
128 1026 178 1047 Lib.
188 1025 206 1053 1,
214 1025 265 1046 lect.
273 1030 312 1051 zu,

108 1058 131 1074 u.
142 1057 168 1073 n.

106 1388 215 1417 *fonnis
229 1394 276 1410 om.
287 1394 315 1409 en

106 1420 210 1436 :omn
225 1417 247 1435 et
261 1420 276 1435 a
285 1414 305 1435 b.

1234 276 1344 312 CAP.
1375 276 1407 322 1,
1438 275 1587 311 LECT.
1618 276 1650 310 11
2454 274 2499 320 59

340 362 434 391 forma
458 366 559 389 natura
580 365 636 387 est:
659 365 686 387 et
706 358 770 386 licet
791 367 808 386 a
830 357 949 385 materia
971 365 1031 384 non
1060 361 1205 391 separetur
1233 353 1390 396 secundum

339 411 410 436 rern,
425 407 522 429 tamen
537 399 629 427 differt
646 398 765 426 ratione.
777 414 796 418 -
809 406 837 432 4.
853 395 1054 432 Compositum
1070 400 1165 422 autem
1180 398 1350 436 eit-materia
1364 398 1391 419 et

339 441 433 468 forma
453 448 513 467 non
535 445 576 466 est
599 443 715 472 natura,
738 437 788 464 sed
808 437 893 464 habet
914 435 1054 463 rationem
1067 432 1248 475 principiam,-
1265 438 1292 459 et
1313 436 1354 458 est
1375 439 1392 458 a

340 486 450 508 natura.
466 495 484 500 -
502 479 526 506 5.
542 477 632 514 Magis
647 477 739 504 forma
760 482 802 503 est
815 481 916 503 natura
937 482 1024 510 quam
1045 471 1178 500 materia:
1201 479 1268 507 quia
1283 478 1389 497 unum-

341 519 477 556 quodque
498 517 588 554 magis
602 516 704 544 dicitur
719 515 876 543 secundum
891 513 970 549 quod
991 518 1033 539 est
1053 511 1083 538 in
1099 517 1172 543 actu,
1188 518 1275 553 quarn
1291 518 1392 537 secun-

342 559 412 586 dum
433 558 513 594 quod
526 562 568 584 est
588 555 618 583 in
638 554 775 591 potentia.
791 570 810 574 -
824 554 851 581 6.
874 553 901 587 b)
923 553 1028 579 Forma
1048 558 1122 586 quae
1142 550 1216 577 redit
1235 558 1287 585 per
1307 557 1393 584 gene-

349 662 379 686 1.
462 670 523 692 „az
540 651 777 694 wostquam
814 642 1066 689 Philosophus
1106 639 1268 676 ostendit
1305 639 1396 687 quid

407 698 435 741 J-
474 691 493 718 5.
686 703 833 741 natura,
860 694 921 730 hic
954 692 1115 729 ostendit
1146 699 1239 740 quot
1270 691 1395 727 modis

397 761 404 771 “
572 750 588 796 Ὶ,ζ
603 757 734 786 natura
750 746 891 784 dicitur.
909 747 957 782 Et
969 745 1094 794 primo
1111 743 1272 781 ostendit
1291 744 1396 791 quod

421 826 433 832 -
488 794 499 842 ’χ
549 796 586 827 “1¹''
604 809 736 838 natura
769 799 901 836 dicitur
936 798 983 835 de
1020 797 1196 842 materia;
1227 796 1394 832 secundo

345 855 447 905 quod
467 853 599 891 dicitur
618 853 664 890 de
683 853 816 898 forma,
833 851 899 887 ibi:
919 851 1005 887 Alio
1024 856 1148 886 autem
1167 849 1276 885 modo
1293 850 1312 868 ³*
1325 856 1394 885 etc.

331 907 452 944 'Circa
478 906 656 954 primurn,
677 904 874 941 sciendum
900 910 955 939 est
973 903 1078 951 quod
1106 901 1247 949 antiqui
1274 901 1395 949 philo-

342 959 451 1007 sophi
478 958 675 1004 naturales,
695 969 773 993 non
800 956 967 993 valentes
987 957 1006 974 ³*
1026 967 1146 1003 usque
1165 954 1214 990 ad
1231 953 1396 1001 primam

343 1010 540 1048 materiam
554 1009 764 1059 pervenire,
785 1016 826 1044 ut
845 1008 988 1056 supra*
1007 1007 1148 1044 dictum
1165 1014 1229 1052 est,
1243 1005 1396 1053 aliquod

343 1075 480 1112 corpus
509 1062 682 1099 sensibile
710 1062 872 1110 primam
911 1059 1107 1096 materiam
1137 1058 1310 1095 omnium
1339 1070 1395 1093 re-

342 1128 427 1153 rum
455 1116 658 1164 ponebant,
678 1122 720 1150 ut
747 1114 872 1161 ignem
897 1113 959 1150 vel
988 1123 1115 1148 aerem
1137 1110 1206 1162 ivel
1234 1122 1394 1159 aquam:

343 1175 380 1205 et
407 1168 460 1205 sic
479 1168 705 1217 sequebatur
725 1166 828 1215 quod
856 1177 990 1202 omnes
1010 1165 1155 1200 formae
1176 1163 1397 1200 advenirent

343 1220 521 1257 materiae
548 1227 728 1267 tanquam
756 1219 795 1255 in
822 1225 907 1254 actu
936 1216 1120 1263 existenti,
1149 1223 1190 1252 ut
1218 1214 1396 1262 contingit

343 1273 382 1310 in
410 1272 682 1318 artificialibus3
702 1283 793 1308 nam
821 1271 944 1307 forma
971 1268 1107 1306 cultelli
1125 1268 1278 1306 advenit
1296 1268 1394 1321 ferro

343 1325 419 1362 iam
440 1324 608 1361 existenti
626 1324 665 1360 in
693 1330 789 1360 actu.
810 1323 859 1359 Et
886 1322 972 1359 ideo
993 1321 1154 1358 similem
1175 1320 1395 1369 opinionem

344 1377 576 1425 accipiebant
590 1377 637 1413 de
653 1376 783 1412 formis
802 1374 1042 1421 naturalibus,
1059 1374 1153 1410 sicut
1173 1373 1218 1409 de
1233 1372 1363 1409 formis
1378 1373 1397 1392 ’f‘

344 1429 607 1466 artificialibus.
637 1428 735 1465 Dicit
763 1439 851 1475 ergo
882 1426 1007 1475 primo
1036 1427 1140 1475 quod
1168 1425 1396 1474 quibusdam

300 1506 303 1509 <
343 1482 492 1519 videtur
526 1481 629 1530 quod
655 1482 729 1517 hoc
749 1480 794 1516 sit
830 1478 1036 1516 substantia
1055 1486 1090 1515 et
1118 1485 1250 1514 natura
1270 1489 1396 1514 rerum

107 1649 117 1658 ²
132 1648 225 1678 etiamr
233 1653 317 1670 Aemo

108 1680 207 1701 ervxr.

205 1753 222 1769 α

111 2323 123 2335 ¹·
149 2323 297 2344 mutationem

112 2349 180 2371 codd.
194 2355 243 2370 exc.
256 2355 320 2370 nium

112 2381 146 2397 uz.

111 2433 121 2442 '¹
135 2431 282 2452 assumebant
291 2436 319 2452 en

110 2457 219 2485 minnah.

110 2483 122 2495 ⁶
131 2483 201 2505 habet
209 2489 319 2510 cumps.

109 2583 121 2595 ¹⁶
146 2589 224 2605 eorum
246 2585 319 2605 mate-

110 2610 148 2630 ria
161 2615 319 2635 ABCPIKLOQST

109 2641 168 2662 vxr,
183 2641 262 2657 eorum
275 2641 318 2657 na-

109 2663 164 2683 tura
177 2668 212 2683 n.

112 2797 120 2806 ²
127 2796 291 2818 concludebant
296 2802 319 2816 n.

111 2849 120 2858 ¹
127 2854 207 2870 earum
214 2854 255 2874 un,
260 2847 321 2874 ipsa-

111 2880 162 2896 rum
175 2880 225 2895 ruz.

110 3061 122 3072 ⁶
129 3060 259 3082 denumero
266 3059 319 3081 add.

110 3092 195 3108 neuun.

109 3113 122 3124 ¹·
135 3112 187 3134 Lib.
197 3112 215 3140 1,
230 3113 281 3133 lect.
293 3117 319 3137 n,

110 3144 135 3165 ας
150 3139 201 3160 lect.
211 3144 261 3165 vni,
272 3143 293 3159 2.

209 3256 224 3290 β

344 1533 589 1580 naturalium,
619 1533 723 1581 quod
749 1532 874 1580 primo
903 1531 998 1568 inest
1033 1530 1254 1578 unicuique,
1293 1531 1397 1578 quod

345 1586 554 1623 secundum
587 1597 626 1621 se
665 1584 942 1621 consideratum
981 1580 1035 1619 est
1071 1582 1273 1618 informe:'
1293 1590 1334 1618 ut
1365 1582 1395 1618 si

345 1639 514 1676 dicamus
535 1639 554 1659 ’²‘
573 1636 678 1686 quod
697 1644 829 1673 natura
856 1636 939 1672 lecti
959 1642 1014 1671 est
1032 1635 1185 1682 lignum,
1207 1642 1243 1670 et
1265 1642 1398 1671 natura

344 1697 486 1728 statuae
516 1697 570 1726 est
597 1701 681 1735 aes;
702 1701 792 1725 narn
820 1688 962 1735 lignum
996 1695 1051 1724 est
1073 1687 1111 1723 in
1139 1688 1247 1734 lecto,
1278 1694 1314 1722 et
1341 1699 1397 1723 se-

345 1743 512 1780 cundum
549 1754 588 1779 se
626 1741 904 1778 consideratum
931 1752 1010 1776 non
1046 1747 1099 1789 est
1135 1740 1339 1775 formatum
1367 1745 1395 1775 α.

344 1796 394 1832 Et
419 1795 530 1832 huius
558 1794 705 1842 signum
726 1793 873 1831 dicebat
891 1792 1084 1840 Antiphon
1100 1804 1181 1828 esse
1195 1792 1281 1838 hoc,
1293 1792 1398 1839 quod

345 1847 375 1884 si
403 1847 533 1896 aliquis
551 1846 721 1895 proiiciat
748 1847 887 1882 lectum
907 1845 955 1881 ad
977 1852 1127 1891 terram,
1149 1851 1184 1879 et
1211 1844 1310 1891 ligna
1328 1856 1397 1892 pu-

345 1899 541 1936 trescendo
575 1899 758 1947 accipiant
792 1897 1000 1946 potentiam
1033 1904 1074 1933 ut
1102 1896 1242 1944 aliquid
1270 1908 1315 1932 ex
1345 1896 1397 1932 eis

345 1952 548 2000 germinet,
580 1951 671 1988 illud
699 1951 803 2000 quod
831 1957 1028 1999 generatur
1057 1961 1134 1985 non
1163 1948 1230 1985 erit
1257 1949 1394 1996 lectus,

346 2005 412 2042 sed
440 2004 594 2052 lignum.
615 2004 663 2040 Et
691 2003 779 2052 quia
806 2003 1011 2039 substantia
1040 2009 1094 2038 est
1122 2014 1218 2050 quae
1245 2013 1395 2049 perma-

345 2065 419 2103 net,
441 2064 476 2093 et
495 2063 647 2093 naturae
667 2064 722 2092 est
749 2055 818 2092 sibi
841 2055 961 2092 simile
985 2066 1175 2102 generare,
1198 2054 1398 2090 conclude-

345 2110 409 2146 bat
436 2108 541 2157 quod
577 2108 700 2156 omnis
735 2107 928 2156 dispositio
962 2119 1057 2156 quae
1096 2114 1151 2142 est
1187 2106 1397 2143 secundum

346 2172 626 2210 quamcumque
655 2161 776 2207 legem
809 2159 961 2196 rationis
982 2160 1044 2195 vel
1073 2166 1203 2205 artem,
1232 2158 1277 2194 sit
1304 2159 1398 2195 acci-

348 2213 460 2249 dens:
490 2219 526 2248 et
543 2212 632 2248 illud
652 2212 755 2259 quod
774 2219 971 2259 permanet
990 2211 1035 2246 sit
1057 2210 1278 2257 substantia,
1300 2222 1398 2258 quae

348 2265 522 2301 continue
541 2264 677 2312 patitur
703 2263 920 2300 huiusmodi
945 2262 1232 2310 dispositionum
1261 2262 1398 2299 immu-

347 2317 527 2353 tationem
547 2316 578 2352 *.
601 2316 805 2364 Supposito
824 2315 932 2363 igitur
959 2315 1063 2363 quod
1082 2327 1207 2351 rerum
1227 2315 1397 2351 artificia-

346 2369 438 2405 lium
466 2369 610 2405 formae
639 2368 711 2404 sint
741 2368 961 2414 accidentia,
992 2375 1027 2404 et
1054 2367 1210 2404 materia
1238 2367 1283 2403 sit
1310 2368 1397 2404 sub-

346 2421 489 2467 stantia,
520 2421 735 2464 assumebat
762 2421 782 2441 ²³²
810 2420 921 2457 aliam
948 2420 1265 2468 propositionem,
1295 2420 1399 2468 quod

347 2474 440 2510 sicut
463 2485 504 2510 se
522 2473 661 2509 habent
675 2473 695 2493 *
711 2473 826 2509 lectus
846 2479 882 2509 et
901 2479 1020 2509 statua
1039 2473 1086 2509 ad
1106 2485 1168 2509 aes
1189 2480 1224 2508 et
1242 2472 1396 2520 lignum,

346 2526 396 2562 ita
424 2533 460 2561 et
481 2525 680 2573 quodlibet
698 2525 836 2561 horum
865 2537 905 2561 se
924 2525 1038 2561 habet
1065 2526 1113 2561 ad
1139 2525 1278 2573 aliquid
1298 2525 1398 2562 aliud

346 2578 451 2627 quod
471 2585 525 2614 est
548 2578 708 2614 materia
727 2578 897 2625 ipsorum
917 2579 953 2622 ἢ
980 2585 1020 2613 ut
1048 2590 1111 2614 aes
1132 2585 1168 2613 et
1196 2590 1330 2614 aurum
1350 2578 1397 2614 ad

347 2642 486 2679 aquam
507 2629 609 2678 (quia
628 2630 799 2667 omnium
827 2629 1146 2679 liquefactibilium
1171 2630 1325 2666 materia
1343 2630 1398 2667 vi-

349 2683 456 2719 detur
483 2695 564 2719 esse
593 2685 726 2731 aqua),
757 2690 792 2719 et
819 2695 905 2719 ossa
926 2690 961 2719 et
987 2683 1085 2730 ligna
1113 2683 1160 2719 ad
1188 2690 1341 2728 terram3
1363 2690 1399 2719 et

348 2735 515 2771 similiter
534 2743 589 2772 est
608 2735 655 2771 de
669 2734 838 2784 quolibet
856 2735 1015 2771 aliorum
1035 2735 1270 2772 naturalium.
1287 2736 1398 2772 Unde

349 2788 596 2824 concludebat
613 2789 633 2808 ³³
647 2786 751 2835 quod
769 2787 830 2823 illa
848 2787 1052 2824 materialia
1071 2787 1306 2824 subsistentia
1324 2789 1397 2824 for-

348 2839 420 2876 mis
439 2840 679 2886 naturalibus,
700 2839 771 2876 sint
790 2847 922 2876 natura
941 2847 976 2876 et
994 2840 1199 2876 substantia
1219 2852 1352 2877 eorum
1366 2842 1396 2877 ³¹⁶.

348 2893 397 2929 Et
413 2900 568 2941 propter
594 2893 668 2928 hoc
696 2892 850 2940 quidam
876 2892 1047 2929 dixerunt
1069 2900 1206 2929 terram
1233 2905 1313 2929 esse
1334 2906 1397 2930 na-

347 2951 470 2981 turam
487 2953 521 2982 et
536 2945 783 2981 substantiam
798 2944 971 2981 omnium
986 2957 1124 2993 rerum,
1137 2945 1273 2982 scilicet
1286 2945 1397 2994 primi

347 3005 481 3046 poetae
500 2997 807 3044 theologizantes;
826 2998 1052 3046 posteriores
1071 3010 1163 3035 vero
1183 2998 1398 3047 philosophi

347 3050 409 3087 vel
436 3050 562 3097 ignem
589 3050 651 3087 vel
680 3061 807 3086 aerem
825 3051 887 3087 vel
912 3062 1062 3098 aquam,
1084 3051 1143 3087 vel
1173 3051 1361 3099 quaedam
1378 3053 1397 3071 ⁴*

348 3102 506 3148 horum,
545 3102 606 3139 vel
640 3102 769 3138 omnia
800 3102 913 3149 haec,
946 3110 987 3139 ut
1020 3115 1064 3138 ex
1096 3103 1351 3151 superioribus
1378 3105 1397 3125 '¹‘

348 3161 460 3202 patet.
482 3154 581 3200 Quia
608 3161 662 3191 tot
690 3154 736 3191 de
764 3167 924 3192 numero
954 3167 1086 3191 eorum
1116 3156 1288 3192 dicebant
1317 3168 1397 3193 esse

350 3206 594 3243 substantiam
614 3207 786 3243 omnium
805 3219 943 3254 rerum,
959 3215 1052 3256 quot
1070 3208 1303 3256 accipiebant
1318 3222 1398 3246 esse

349 3257 529 3306 principia
549 3259 769 3305 materialia3
790 3266 826 3296 et
854 3260 982 3296 omnia
1001 3260 1071 3296 alia
1088 3259 1105 3288 β
1125 3261 1298 3298 dicebant
1317 3274 1398 3298 esse

1445 352 1602 387 rationem,
1632 358 1675 379 est
1695 358 1805 379 natura.
1828 353 1933 379 Forma
1954 357 2049 379 autem
2074 350 2113 378 rei
2134 350 2269 378 naturalis
2291 350 2363 378 redit
2383 359 2434 386 per
2454 359 2502 387 ge-

1446 392 1633 419 nerationem.
1657 407 1675 412 -
1697 401 1724 427 7.
1754 393 1779 426 c)
1803 391 1878 425 Quia
1906 390 2032 418 actiones
2061 389 2283 418 denominantur
2305 399 2321 417 a
2341 389 2502 425 principiis,

1445 430 1593 466 passiones
1614 439 1682 458 vero
1703 439 1721 457 a
1741 430 1879 464 terminis,
1894 429 2026 457 nativitas
2048 439 2077 457 se
2098 430 2184 457 habet
2204 429 2241 456 ad
2262 435 2394 456 naturam
2414 435 2445 456 ut
2466 430 2503 457 ad

1446 469 1610 497 terminum.
1634 470 1665 496 ld
1686 475 1781 496 autern
1803 469 1832 497 in
1855 469 1935 505 quod
1956 469 2046 496 tendit
2066 468 2212 503 nativitas,
2234 475 2275 495 est
2297 468 2396 496 forma.
2425 469 2502 504 Ergo

1445 509 1538 536 forma
1559 515 1601 536 est
1622 514 1733 536 natura.
1750 525 1768 529 -
1783 509 1810 536 8.
1827 510 1935 536 Natura
1956 517 2030 544 quae
2051 514 2093 535 est
2108 508 2201 535 forma
2222 507 2370 543 dupliciter
2391 507 2502 542 dicitur,

1447 548 1482 575 de
1504 548 1597 575 forma
1618 547 1790 583 incompleta
1811 554 1839 575 et
1860 548 2011 583 completa.

1451 638 1656 676 accidentia
1675 639 1824 685 horum,
1842 639 1936 675 idest
1950 638 2198 677 materialium
2218 638 2501 687 principiorum,

1449 693 1510 727 vel
1538 703 1606 739 per
1625 691 1785 727 modum
1805 691 1989 739 passionis
2010 697 2024 717 ⁷
2043 692 2103 727 vel
2122 704 2191 740 per
2211 692 2371 728 modum
2399 691 2504 727 habi-

1449 751 1508 780 tus
1533 744 1594 780 vel
1628 756 1697 791 per
1725 744 1885 780 modum
1920 744 2190 792 dispositionis,
2219 745 2280 780 vel
2310 744 2506 781 cuiuslibet
2537 763 2544 768 ·

1451 796 1599 832 alterius
1628 796 1732 844 quod
1760 796 1958 832 reducatur
1986 797 2034 833 ad
2062 809 2180 843 genus
2215 797 2426 834 accidentis.
2456 797 2505 833 Et

1449 849 1544 884 haec
1579 856 1633 884 est
1672 861 1748 884 una
1792 848 1999 885 differentia
2037 861 2152 897 quam
2185 850 2379 897 ponebant
2411 850 2505 886 inter

1449 900 1631 948 principia
1659 900 1863 937 materialia
1885 908 1920 937 et
1948 902 2130 949 formalia,
2152 902 2239 950 quia
2268 903 2441 940 dicebant
2461 916 2506 939 ea

1451 953 1599 989 differre
1629 954 1838 989 secundum
1868 954 2114 990 substantiam
2144 962 2179 990 et
2207 955 2391 992 accidens.
2422 956 2506 992 Alia

1450 1013 1577 1041 autem
1607 1005 1815 1041 differentia
1844 1013 1908 1051 est,
1931 1006 2018 1054 quia
2048 1006 2221 1043 dicebant
2250 1020 2294 1044 ea
2315 1009 2334 1029 “²⁸
2355 1008 2505 1045 differre

1451 1057 1660 1094 secundum
1679 1065 1905 1105 perpetuum
1927 1066 1961 1094 et
1985 1059 2233 1107 corruptibile.
2255 1061 2358 1097 Nam
2387 1062 2506 1110 quod-

1451 1122 1614 1158 cumque
1642 1110 1938 1158 praemissorum
1963 1123 2165 1159 corporum
2193 1112 2419 1161 simplicium
2439 1127 2506 1162 po-

1450 1163 1591 1199 nebant
1619 1175 1700 1198 esse
1729 1163 1921 1199 materiale
1948 1164 2187 1212 principium,
2216 1165 2389 1202 dicebant
2416 1166 2506 1203 illud

1451 1227 1532 1251 esse
1559 1222 1802 1263 perpetuum:
1824 1227 1902 1251 non
1930 1216 2031 1252 enim
2061 1217 2234 1253 dicebant
2257 1220 2360 1266 quod
2388 1226 2505 1255 trans-

1451 1275 1685 1304 mutarentur
1699 1267 1862 1304 invicem
1874 1269 1905 1304 θ’.
1919 1269 1995 1304 Sed
2011 1269 2140 1305 omnia
2151 1270 2222 1305 alia
2237 1270 2410 1307 dicebant
2423 1272 2505 1308 fieri
2533 1287 2541 1296 ·

1451 1327 1487 1356 et
1515 1320 1706 1368 corrumpi
1734 1320 1929 1356 infinities:
1950 1328 1991 1357 ut
2009 1329 2110 1369 puta,
2131 1322 2161 1358 si
2181 1335 2279 1371 aqua
2303 1323 2347 1359 sit
2367 1324 2386 1344 '¹‘
2405 1324 2504 1372 prin·
2532 1343 2541 1352 ·

1451 1372 1591 1420 cipium
1611 1373 1813 1419 materiale,
1836 1373 2010 1409 dicebant
2033 1376 2176 1421 'aquam
2200 1388 2396 1424 nunquam
2426 1389 2506 1413 cor-

1451 1425 1588 1473 rumpi,
1622 1425 1689 1461 sed
1717 1437 1871 1462 manere
1905 1438 1990 1462 eam
2019 1426 2056 1462 in
2091 1427 2268 1464 omnibus
2291 1429 2392 1479 {sicut
2420 1430 2506 1466 sub-

1451 1477 1625 1514 stantiam
1655 1490 1808 1523 eorum;
1845 1478 1912 1515 sed
1946 1491 2010 1515 aes
2044 1488 2079 1515 et
2107 1492 2241 1516 aurum
2277 1488 2312 1517 et
2340 1481 2411 1517 alia
2438 1483 2506 1518 hu-

1451 1530 1615 1566 iusmodi
1644 1530 1818 1566 dicebant
1846 1531 2038 1579 corrumpi
2059 1533 2289 1579 et-generari
2317 1533 2504 1571 infinities.

1506 1594 1539 1619 2.
1562 1582 1668 1618 Haec
1686 1590 1812 1618 autem
1831 1583 1966 1631 positio
1988 1590 2170 1632 quantum
2191 1586 2239 1622 ad
2258 1586 2397 1634 aliquid
2415 1599 2507 1623 vera

1452 1642 1516 1681 est,
1539 1642 1574 1671 et
1602 1643 1783 1683 quantum
1813 1635 1861 1672 ad
1885 1636 2023 1684 aliquid
2051 1637 2152 1673 falsa.
2180 1638 2375 1684 Quantum
2405 1639 2505 1676 enim

1452 1687 1499 1723 ad
1519 1687 1593 1723 hoc
1621 1688 1725 1735 quod
1743 1688 1900 1724 materia
1925 1689 1970 1724 sit
1998 1689 2202 1726 substantia
2232 1698 2268 1726 et
2295 1699 2426 1728 natura
2450 1704 2506 1728 re-

1452 1751 1536 1774 rum
1551 1740 1788 1785 naturalium,
1804 1752 1895 1776 vera
1915 1748 1985 1786 est;
2007 1742 2163 1778 materia
2178 1743 2278 1779 enim
2295 1743 2403 1780 intrat
2418 1757 2506 1780 con-

1451 1791 1681 1828 stitutionem
1711 1793 1937 1828 substantiae
1967 1794 2161 1830 cuiuslibet
2189 1795 2241 1830 rei
2268 1797 2287 1816 *
2312 1797 2505 1833 naturalis:
2533 1810 2540 1818 ·

1452 1844 1519 1880 sed
1539 1851 1722 1892 quantum
1743 1845 1790 1881 ad
1809 1845 1883 1880 hoc
1898 1846 2002 1893 quod
2023 1846 2196 1883 dicebant
2215 1860 2349 1884 omnes
2365 1849 2523 1885 formas·

1452 1909 1533 1932 esse
1563 1896 1767 1934 accidentia
1786 1898 1815 1944 ⁸³,
1842 1897 1932 1934 falsa
1953 1906 2017 1935 est.
2039 1899 2149 1935 Unde
2170 1912 2214 1935 ex
2237 1901 2308 1936 hac
2328 1901 2505 1949 opinione

1453 1957 1488 1985 et
1516 1949 1658 1986 ratione
1679 1949 1758 1986 eius
1779 1950 1967 1986 concludit
1995 1951 2032 1987 id
2059 1951 2163 1999 quod
2186 1964 2322 1990 verum
2352 1961 2416 2000 est,
2438 1954 2505 1990 sci-

1451 2002 1535 2038 licet
1550 2003 1653 2050 quod
1672 2010 1804 2038 natura
1822 2015 1899 2039 uno
1915 2004 2032 2041 modo
2054 2004 2185 2041 dicitur
2205 2007 2222 2024 ’κ’
2239 2006 2395 2042 materia
2409 2019 2506 2054 quae

1453 2054 1645 2091 subiicitur
1677 2055 1880 2103 unicuique
1908 2056 1960 2092 rei
1988 2057 2146 2093 naturali
2173 2058 2193 2078 ‘'¹'‘
2216 2058 2367 2094 habenti
2401 2059 2438 2095 in
2467 2072 2506 2096 se
2534 2067 2542 2076 '

1451 2107 1677 2155 principium
1715 2115 1841 2144 motus
1874 2109 1935 2144 vel
1965 2109 2236 2158 cuiuscumque
2265 2111 2505 2148 mutationis:

1452 2172 1542 2196 nam
1570 2166 1695 2196 motus
1721 2168 1775 2196 est
1794 2161 1938 2208 species
1966 2162 2182 2198 mutationis
2201 2164 2230 2208 ³¹⁸,
2251 2171 2292 2200 ut
2311 2163 2349 2200 in
2377 2165 2505 2212 quinto
2534 2181 2542 2189 ·

1452 2212 1563 2248 huius
1590 2213 1610 2232 *
1638 2212 1791 2249 dicetur.

1507 2265 1540 2300 3.
1572 2264 1719 2301 Deinde
1748 2277 1835 2301 curn
1866 2265 1969 2302 dicit:
1998 2267 2083 2302 Alio
2117 2273 2239 2304 autem
2274 2270 2384 2305 modo
2415 2276 2504 2316 etc.,

1453 2316 1614 2353 ostendit
1628 2317 1733 2364 quod
1760 2325 1892 2354 natura
1921 2318 2053 2355 dicitur
2082 2319 2128 2356 de
2149 2320 2168 2340 ξ’·
2196 2321 2329 2358 forma.
2347 2323 2394 2358 Et
2410 2322 2506 2358 circa

1452 2369 1525 2404 hoc
1546 2369 1622 2405 duo
1647 2369 1748 2405 facit:
1768 2370 1892 2418 primo
1922 2372 2083 2408 ostendit
2099 2374 2350 2421 propositum,
2371 2374 2508 2410 scilicet

1453 2421 1556 2469 quod
1583 2422 1706 2458 forma
1734 2422 1779 2458 sit
1806 2430 1953 2468 natura3
1980 2424 2146 2461 secundo
2182 2427 2342 2463 ostendit
2369 2427 2506 2463 forma-

1453 2486 1537 2510 rum
1567 2474 1838 2521 diversitatem,
1858 2475 1927 2511 ibi:
1949 2477 2022 2512 Sed
2028 2478 2163 2525 forma
2183 2484 2219 2514 et
2240 2485 2376 2515 natura
2396 2482 2415 2499 ’ἓ
2437 2487 2503 2516 etc.

1452 2526 1624 2563 Primum
1645 2535 1772 2563 autem
1793 2527 1811 2548 ²¹⁸
1833 2528 1994 2564 ostendit
2023 2529 2139 2566 tribus
2169 2531 2384 2568 rationibus.
2406 2531 2504 2568 Dicit

1454 2591 1540 2626 ergo
1556 2579 1680 2627 primo
1696 2579 1799 2627 quod
1816 2580 1886 2615 alio
1903 2581 2020 2617 modo
2037 2581 2169 2618 dicitur
2187 2591 2319 2620 natura
2334 2584 2456 2620 forma
2471 2592 2507 2620 et

1452 2631 1606 2680 species,
1628 2644 1724 2679 quae
1746 2638 1798 2668 est
1816 2634 2017 2670 secundum
2038 2635 2231 2681 rationem,
2253 2636 2348 2672 idest
2367 2649 2411 2672 ex
2431 2649 2505 2684 qua

1452 2684 1544 2720 ratio
1572 2684 1624 2720 rei
1646 2685 1664 2705 ’¹‘
1684 2685 1930 2722 constituitur:
1953 2694 1988 2722 et
2015 2687 2088 2723 hoc
2107 2689 2243 2735 probat
2261 2689 2322 2725 tali
2351 2689 2504 2726 ratione.
2534 2696 2542 2705 ·

1453 2737 1568 2773 Sicuti
1601 2737 1702 2773 enim
1737 2737 1827 2774 illud
1865 2746 1918 2774 est
1946 2751 2024 2785 ars,
2058 2740 2162 2787 quod
2191 2741 2370 2790 competit
2398 2742 2506 2778 alicui

1452 2789 1675 2838 inquantum
1691 2797 1746 2826 est
1760 2791 1969 2827 secundum
1990 2799 2108 2828 artem
2130 2800 2164 2829 et
2183 2794 2441 2841 artificiosum;
2457 2795 2507 2831 ita

1452 2842 1540 2879 illud
1569 2850 1624 2878 est
1651 2842 1794 2888 natura,
1815 2843 1919 2890 quod
1940 2845 2118 2893 competit
2146 2846 2503 2895 alicuiinquantum

1454 2902 1508 2931 est
1545 2896 1754 2932 secundum
1783 2896 1802 2914 ⁴*
1831 2903 2003 2933 naturam
2041 2905 2077 2933 et
2104 2900 2282 2936 naturale.
2313 2900 2389 2937 Sed
2417 2900 2507 2937 illud

1453 2947 1558 2996 quod
1577 2955 1632 2984 est
1650 2947 1688 2984 in
1702 2948 1868 2996 potentia
1887 2956 2031 2986 tantum
2052 2950 2101 2987 ad
2115 2952 2188 2987 hoc
2207 2952 2310 3000 quod
2330 2953 2376 2989 sit
2395 2953 2506 2990 artifi-

1454 3000 1610 3047 ciosum,
1631 3012 1709 3036 non
1739 3000 1897 3037 dicimus
1924 3003 2063 3039 habere
2092 3003 2229 3052 aliquid
2251 3007 2270 3026 ²³²
2295 3006 2391 3053 artis,
2418 3006 2506 3054 quia
2535 3015 2542 3023 ·

1453 3053 1625 3090 nondum
1646 3053 1759 3089 habet
1778 3054 1943 3102 speciem
1971 3056 2069 3092 lecti:
2092 3069 2180 3104 ergo
2200 3058 2220 3078 ²³²
2239 3058 2277 3094 in
2301 3059 2413 3095 rebus
2442 3071 2505 3095 na-

1453 3106 1632 3142 turalibus
1661 3105 1699 3142 id
1728 3106 1832 3154 quod
1869 3114 1924 3143 est
1950 3109 2116 3156 potentia
2154 3122 2240 3146 caro
2270 3118 2306 3147 et
2334 3124 2397 3157 os,
2427 3124 2505 3148 non

1452 3158 1566 3194 habet
1593 3165 1766 3195 naturam
1788 3159 1907 3196 carnis
1937 3167 1972 3196 et
1998 3161 2091 3197 ossis
2121 3170 2322 3211 antequam
2351 3164 2507 3212 accipiat

1452 3211 1627 3257 formam,
1649 3211 1859 3248 secundum
1879 3225 1994 3261 quam
2024 3214 2182 3251 sumitur
2201 3215 2293 3251 ratio
2314 3215 2506 3252 definitiva

1453 3263 1505 3299 rei
1529 3265 1617 3312 (per
1635 3275 1752 3312 quam
1785 3264 1922 3301 scilicet
1941 3266 1959 3284 ⁴⁵
1984 3266 2122 3302 scimus
2142 3267 2231 3314 quid
2256 3274 2310 3303 est
2330 3280 2415 3304 caro
2444 3269 2505 3305 vel

403 3369 430 3403 α)
452 3369 646 3394 consideratum
659 3377 710 3394 non
729 3373 768 3395 est
779 3371 938 3403 formatum.
952 3385 970 3389 -
983 3372 1177 3397 consideratum
1198 3381 1251 3398 om.
1266 3374 1323 3404 EG;
1343 3382 1401 3407 per-

351 3409 413 3437 gunt
431 3404 482 3434 Rz,
497 3407 536 3428 est
555 3404 676 3437 informe.
688 3418 706 3423 -
720 3405 799 3429 Paulo
813 3405 876 3429 infra
895 3412 942 3437 pro
961 3406 1098 3438 germinet,
1113 3407 1216 3432 PYZsO
1237 3412 1261 3432 et
1279 3415 1295 3432 a
1308 3409 1322 3433 b
1340 3416 1402 3441 ger-

350 3439 472 3468 minetur,
491 3438 573 3463 EGtO
591 3442 741 3471 generetur.

405 3473 430 3506 β)
444 3477 469 3498 et
481 3473 570 3498 omnia
583 3474 646 3498 alia.
655 3487 674 3493 -
683 3474 746 3498 Cod.
759 3474 781 3497 K
791 3474 920 3505 quomodo
932 3475 987 3503 alii,
1002 3475 1047 3499 sed
1061 3475 1193 3508 corrigitur
1210 3476 1236 3500 in
1252 3477 1340 3502 omnia
1353 3485 1401 3502 au-

352 3512 403 3534 tem
421 3509 476 3533 alia
482 3515 491 3537 ‚⁴
508 3508 724 3533 ACILOSTVXY
740 3511 766 3534 et
782 3509 840 3533 ideo
858 3509 927 3538 alia;
946 3510 967 3534 N
987 3512 1012 3533 et
1026 3509 1084 3534 ideo
1098 3511 1187 3535 omm'a
1198 3511 1268 3535 alia.-
1280 3512 1305 3542 Q
1315 3511 1399 3542 habet,

352 3547 378 3568 et
397 3544 454 3568 ideo
474 3551 489 3567 u
509 3543 578 3568 alia!
585 3543 691 3568 —Linea
710 3544 826 3576 sequenti
839 3551 886 3576 pro
905 3544 1007 3574 horum,
1023 3546 1092 3577 quod
1111 3553 1164 3569 orn.
1177 3546 1208 3575 X,
1223 3553 1312 3571 eorum
1331 3547 1400 3572 DFG

352 3579 391 3609 H}
410 3585 457 3611 pro
476 3578 661 3608 materialium,
681 3579 842 3603 naturalium
861 3579 939 3604 MRZ.

1507 3375 1533 3409 γ)
1549 3377 1590 3400 vel
1595 3383 1647 3407 per
1659 3377 1765 3401 modum
1779 3377 1989 3408 passionis.-1ta
2006 3378 2093 3408 legunt
2107 3378 2163 3402 PsK
2182 3383 2207 3402 et
2226 3379 2255 3408 ὸ,-
2273 3379 2452 3412 BDFGRZsL,
2468 3383 2509 3408 vel

1450 3417 1502 3441 per
1520 3411 1626 3435 modum
1645 3411 1805 3442 privationis
1811 3419 1820 3441 ‚·
1838 3419 1855 3435 a
1874 3416 1899 3435 et
1918 3411 1993 3436 ceteri
2019 3413 2119 3436 codices
2145 3418 2250 3446 excepto
2269 3414 2305 3444 N,
2325 3416 2365 3439 vel
2378 3423 2429 3447 per
2453 3425 2507 3442 mo-

1454 3445 1517 3469 dum
1527 3446 1668 3476 positionis
1674 3454 1683 3475 ‚·
1702 3446 1723 3470 N
1743 3451 1877 3478 utramque
1897 3447 2030 3471 lectionem
2052 3447 2193 3479 coniungit,
2213 3453 2237 3473 et
2256 3449 2316 3481 legit
2333 3451 2374 3475 vel
2382 3458 2434 3482 per
2453 3460 2508 3477 mo—

1455 3479 1516 3504 dum
1532 3481 1673 3511 positionis
1692 3481 1732 3504 vel
1746 3488 1797 3512 per
1820 3481 1925 3505 modum
1941 3481 2116 3513 privationi33
2135 3483 2160 3506 in
2179 3484 2293 3516 margine
2312 3486 2329 3509 S
2347 3485 2454 3511 habetur
2472 3488 2507 3512 al.

1455 3514 1496 3538 Ira
1510 3515 1679 3546 privationis.
1695 3515 1789 3539 Confer
1807 3516 2026 3541 textum.-Linea
2046 3517 2162 3549 sequenti
2182 3526 2228 3550 pro
2247 3519 2288 3544 vel
2305 3521 2447 3551 cuiuslibet,
2468 3523 2508 3546 vel

1452 3556 1501 3579 per
1520 3550 1626 3574 modum
1640 3550 1823 3582 cuiuscumque
1837 3549 1931 3575 habent
1948 3551 2005 3581 FY;
2024 3552 2206 3585 cuiuscumque
2223 3553 2318 3579 habent
2337 3555 2412 3580 etiam
2431 3557 2507 3581 ceteri

1455 3584 1565 3616 exceptis
1584 3585 1688 3614 AHLQ.

2533 1025 2542 1034 ²
2557 1031 2585 1046 ea
2600 1031 2647 1046 om.
2662 1026 2730 1047 reah.

2557 1288 2579 1308 in
2594 1287 2690 1308 invicem
2704 1294 2727 1309 n.

2563 1343 2663 1370 primum
2690 1343 2743 1364 add.

2532 1369 2600 1390 codd.
2615 1376 2663 1391 exc.
2681 1376 2744 1391 norm

2533 1401 2611 1422 nrzps.

2557 1810 2593 1830 rei
2607 1816 2653 1832 om.
2668 1817 2716 1832 rnz.

2533 1916 2543 1925 “
2559 1915 2715 1936 accidentales
2730 1922 2745 1937 ι,

2534 1947 2580 1962 nsz.

2535 2020 2543 2028 ²
2559 2019 2651 2040 dicatur
2665 2026 2713 2041 ruz.

2558 2068 2663 2088 naturali
2676 2074 2723 2089 om.
2730 2074 2745 2089 Α

2534 2099 2675 2119 Βικοατνκγ.

2564 2186 2617 2201 nam
2670 2183 2745 2202 muta-

2533 2207 2604 2227 tionis
2615 2213 2662 2228 om.
2672 2213 2745 2228 Aeson

2534 2239 2675 2258 nmoqvxrz.

2534 2260 2541 2267 “
2551 2259 2614 2280 Lect.
2623 2265 2648 2280 11.
2658 2271 2668 2275 -
2677 2259 2744 2280 huius

2534 2291 2580 2306 om.
2586 2291 2743 2311 ACIROQTva.

2534 2337 2542 2346 ²
2558 2337 2586 2358 de
2599 2343 2646 2359 om.
2661 2344 2696 2359 to.

2535 2491 2543 2499 ²
2558 2490 2627 2512 Num.
2643 2491 2665 2513 8.

2534 2549 2543 2557 ²
2558 2551 2633 2570 autem
2644 2556 2690 2572 om.
2703 2557 2747 2573 PDE

2534 2581 2598 2597 canu
2613 2580 2634 2598 et
2649 2583 2663 2597 α
2672 2577 2692 2598 h.

2557 2697 2594 2718 rei
2607 2703 2653 2719 om.
2669 2704 2723 2725 upa.

2535 2915 2543 2924 ·
2558 2921 2624 2936 suam
2638 2916 2690 2938 add.
2708 2924 2743 2938 ις.

2558 3015 2655 3043 aliquod
2663 3022 2713 3037 esse
2722 3023 2744 3038 ι’.

2535 3070 2541 3077 ·
2557 3074 2597 3089 nec
2612 3069 2662 3089 add.
2676 3069 2744 3090 codd.

2533 3101 2681 3142 Ξέῗῒιιῗοψοη
2691 3096 2745 3117 add.

2533 3251 2542 3259 ²
2557 3252 2646 3273 scilicet
2659 3258 2706 3274 om.
2717 3259 2744 3275 uz

2529 3283 2570 3304 px.
