2982 4022
490 975 569 1007 ‘'o-ev.
594 970 632 1006 δὲ
655 977 810 1022 μοναχῶς
832 976 920 1009 οὕτω
944 976 1067 1009 λύεται
1091 981 1148 1011 καὶ
1175 980 1195 1015 ’ἡ
1214 981 1280 1012 τῶν
1305 980 1452 1025 ἀρχαίων
1475 982 1559 1014 ἀπο·
1611 984 1629 1004 *
1643 985 1741 1023 Quod
1764 993 1870 1017 autem
1895 986 2090 1028 singulariter
2108 988 2151 1019 sic
2170 989 2302 1020 solvitur
2318 997 2348 1021 et
2364 990 2569 1032 antiquorum
2588 991 2671 1022 dese·
2697 1002 2708 1012 ⁴·
2725 1002 2783 1030 esp.
2792 1007 2841 1024 vm.
2853 1001 2912 1032 εις.

1142 306 1488 345 PHYSICORUM
1515 309 1862 347 ARISTOTELIS
1892 311 1986 348 LIB.
2015 312 2030 347 Ι

1093 586 1394 643 LECTIO
1431 589 2088 668 DECIMAQUARTA

638 759 696 789 EX
718 759 938 790 VERITATE
961 759 1259 806 DE·PR1NC1PIIS
1282 761 1596 793 DETERMINATA
1619 762 1882 796 SOLVUNTUR
1902 743 2197 804 ANTIQUORUM
2219 767 2539 800 DUBITATIONES

918 824 921 827 ⁴
959 820 1017 850 ET
1041 820 1237 852 ERRORES
1260 821 1588 854 PROVENIENTES
1610 824 1668 855 EX
1692 824 1961 870 IGNORANTIA
1983 827 2207 859 MATERIAE

566 1022 643 1063 ρία,
668 1020 810 1066 λέγομεν
835 1022 927 1063 μετά
951 1023 1080 1054 ταῦτα.
1107 1025 1294 1062 Ζητοῦντες
1320 1028 1384 1071 γάρ
1412 1028 1439 1057 οἱ
1463 1026 1560 1058 κατά

565 1065 760 1107 φιλοσοφίαν
787 1067 913 1109 πρῶτοι
939 1066 1002 1102 τήν
1029 1066 1191 1104 ἀληθειαν
1215 1070 1273 1100 καὶ
1298 1070 1362 1107 τήν
1379 1069 1474 1112 φύσιν
1493 1070 1558 1106 τήν

565 1109 632 1139 τῶν
659 1107 763 1140 ὄντων
790 1110 1024 1155 ἐξετράπησαν
1043 1112 1111 1143 οἷον
1138 1107 1215 1144 ὀδόν
1240 1124 1318 1145 τινα
1344 1115 1447 1151 ἄλλην
1467 1115 1560 1146 ἀπω-

565 1151 698 1190 σθέντες
724 1154 790 1184 ύπὸ
817 1155 983 1200 ἀπειρίας,
1001 1158 1058 1187 καὶ
1076 1157 1175 1199 φασὶν
1200 1156 1279 1190 οὔτε
1301 1157 1474 1204 γίγνεσθαι
1491 1159 1557 1192 τῶν

566 1196 670 1228 ὄντων
697 1194 794 1230 οὐδέν
822 1198 901 1230 οὔτε
925 1199 1113 1245 φθείρεσθαι
1137 1196 1196 1233 διά
1219 1201 1260 1234 τὸ
1287 1203 1472 1249 ἀναγκαῖον
1497 1203 1557 1247 μέν

564 1238 649 1272 εἶναι
674 1242 847 1289 γίγνεσθαι
876 1243 918 1275 τὸ
946 1244 1142 1291 γιγνόμενον
1167 1243 1188 1282 ἦ
1215 1245 1249 1286 ἐξ
1282 1247 1378 1285 ὄντος
1403 1246 1423 1284 ἦ
1450 1248 1486 1279 ἐκ
1510 1247 1557 1290 μή

565 1285 676 1328 ὄντος,
695 1288 731 1320 ἐκ
748 1283 786 1318 δὲ
802 1287 934 1320 τούτων
953 1289 1149 1333 ἀμφοτέρων
1170 1285 1340 1324 ἀδύνατον
1359 1289 1457 1323 εἶναι·
1477 1291 1557 1323 οὔτε

564 1330 629 1377 γάρ
648 1333 690 1365 τὸ
712 1331 746 1364 ὂν
764 1331 937 1378 γίγνεσθαι
957 1331 1059 1376 (εἶναι
1079 1334 1143 1379 γάρ
1162 1330 1262 1378 ἤδη),
1283 1335 1318 1367 ἔκ
1336 1348 1374 1368 τε
1391 1336 1438 1379 μη
1461 1335 1556 1373 ὄντος

565 1375 660 1408 οὐδὲν
687 1375 726 1409 ἂν
746 1375 915 1422 γενέσθαι·
935 1379 1132 1410 ὑποκεῖσθαι
1156 1378 1220 1425 γάρ
1240 1391 1273 1412 τι
1294 1375 1358 1413 δεῖ.
1383 1381 1449 1411 Καὶ
1468 1379 1556 1413 οὕτω

564 1415 607 1456 δή
636 1421 677 1454 τὸ
702 1419 820 1464 ἐφεξῆς
845 1423 1027 1464 συμβαῖνον
1054 1422 1213 1464 αὔξοντες
1239 1418 1309 1455 οὐδ’
1334 1421 1419 1456 εἶναι
1445 1424 1558 1456 πολλά

564 1475 676 1508 φασιν,
696 1466 786 1498 ἀλλά
802 1465 902 1510 μόνον
921 1467 1010 1498 αὐτὸ
1027 1467 1068 1499 τό
1087 1467 1134 1499 ὄν.
1155 1467 1297 1499 Ἐκεῖνοι
1315 1468 1374 1512 μὲν
1394 1466 1450 1500 οὖν
1475 1468 1558 1500 ταύ-

565 1520 627 1547 την
653 1510 775 1551 ἔλαβον
802 1510 865 1547 τήν
892 1506 995 1552 δόξαν
1020 1506 1079 1543 διά
1104 1511 1151 1544 τά
1175 1511 1343 1556 εἰρημένα.

494 1594 608 1638 Ἡμεῖς
633 1592 671 1629 δέ
694 1597 835 1644 λέγομεν
871 1597 923 1630 ὅτι
948 1598 990 1630 τὸ
1015 1596 1048 1639 ἐξ
1076 1598 1171 1636 ὄντος
1197 1598 1217 1635 ἦ
1243 1599 1279 1630 ἐκ
1303 1599 1350 1652 μη
1381 1599 1476 1646 ὄντος
1508 1603 1559 1656 γί-ἱ

749 1643 755 1653 x
807 1643 813 1653 ι
987 1641 993 1650 ¹
1052 1643 1058 1653 ι

563 1642 714 1688 γνεσθαι,
735 1647 754 1679 ἠ
773 1655 813 1675 το
839 1642 885 1685 μή
913 1641 946 1673 ὃν
973 1644 992 1678 ἢ
1019 1654 1060 1674 το
1087 1643 1120 1674 ὂν
1147 1647 1252 1675 ποιεῖν
1276 1655 1308 1675 τι
1327 1657 1347 1680 η
1370 1643 1513 1688 πάσχειν
1535 1647 1556 1682 ἠ

565 1688 678 1720 ὁτιοῦν
704 1685 784 1719 τόδε
808 1685 995 1732 γίγνεσθαι,
1012 1686 1070 1718 ἕνα
1095 1688 1154 1731 μὲν
1180 1686 1306 1743 τρόπον
1332 1683 1428 1721 οὐδὲν
1446 1689 1559 1734 διαφέ-

563 1744 610 1776 ρει
635 1731 655 1768 ἦ
682 1731 722 1764 τὸ
748 1731 806 1764 τὸν
840 1731 956 1775 ἰατρὸν
990 1735 1095 1762 ποιεῖν
1129 1744 1163 1764 τι
1188 1734 1208 1768 ἠ
1231 1731 1375 1776 πάσχειν
1401 1733 1422 1771 ἦ
1447 1735 1488 1768 vd
1522 1734 1556 1775 ἐξ

562 1777 682 1821 ἰατροῦ
707 1773 792 1808 εἶναι
819 1787 853 1807 τι
878 1773 899 1811 ἦ
924 1775 1111 1829 γίγνεσθαι.
1131 1776 1221 1809 ”Ωστ’
1250 1773 1369 1814 ἐπειδή
1387 1780 1493 1812 τοῦτο
1510 1774 1558 1810 δι-

562 1822 628 1866 χῶς
652 1820 808 1867 λέγεται,
834 1816 937 1856 δῆλον
962 1821 1014 1851 ὅτι
1038 1822 1095 1851 καὶ
1122 1821 1162 1852 τὸ
1189 1820 1223 1861 ἑξ
1251 1821 1346 1860 ὄντος
1370 1824 1428 1854 καὶ
1453 1824 1495 1856 τὸ
1522 1821 1556 1855 ὃν

563 1868 584 1903 ἦ
606 1869 708 1898 τοιεῖν
734 1864 755 1901 ἦ
781 1863 938 1910 πάσχειν.
964 1860 1143 1909 Οἰκοδομεῖ
1166 1865 1225 1908 μὲν
1251 1863 1307 1897 οὖν
1328 1867 1343 1898 ὁ
1360 1866 1475 1911 ἰατρός
1495 1868 1558 1912 οὑχ

564 1911 584 1954 ᾖ
610 1908 739 1952 ἰατρός,
760 1909 828 1942 ἀλλ’
851 1911 870 1953 ῄ
893 1904 1080 1952 οἰκοδόμος·
1099 1911 1156 1940 καὶ
1180 1911 1295 1948 λευκὸς
1321 1913 1476 1956 γίγνεται
1495 1912 1558 1957 οὐχ

564 1957 584 1998 ῄ
609 1953 746 1999 ἰατρός,
774 1954 843 1988 ἀλλ’
875 1954 893 1996 ᾖ
919 1953 1036 1998 μέλας·
1064 1953 1212 1997 ἱατρεύει
1243 1950 1281 1987 δέ
1310 1958 1366 1987 καὶ
1398 1956 1555 2001 ἀνίατρος

562 2002 695 2046 γίνεται
719 1998 738 2040 ᾖ
763 1998 892 2042 ἱατρός.
913 2000 1010 2030 Ἐπεὶ
1036 1992 1073 2029 δὲ
1097 1997 1251 2041 μάλιστα
1274 1998 1416 2045 λέγομεν
1441 2004 1556 2045 κυρίως

562 2045 622 2076 τὸν
648 2043 765 2085 ἰατρὸν
791 2047 898 2076 ποιεῖν
925 2055 957 2075 τι
982 2042 1002 2079 ἧ
1030 2041 1173 2086 πάσχειν
1199 2042 1220 2079 ἥ
1245 2044 1418 2090 γίγνεσθαι
1450 2045 1484 2086 ἐξ
1506 2046 1559 2078 ἱα-

562 2089 657 2134 τροῦ,
677 2090 735 2121 ἐάν
758 2088 777 2131 ᾔ
796 2087 912 2131 ἰατρὸς
931 2088 1049 2119 ταῦτα
1067 2087 1186 2131 πάσχῃ
1204 2085 1225 2124 ἦ
1243 2089 1328 2131 ποιῇ
1340 2087 1362 2127 ’ἦ
1380 2090 1555 2134 γίγνηται,

562 2130 664 2170 δῆλον
692 2133 745 2166 ὄτι
769 2135 826 2164 καὶ
852 2132 892 2164 τὸ
918 2131 963 2176 μή
990 2130 1025 2171 ἐξ
1052 2130 1148 2168 ὄντος
1170 2132 1356 2178 γίγνεσθαι,
1375 2136 1559 2173 τοῦτο-ση-

562 2181 673 2222 μαίνει
698 2178 739 2210 vd
767 2177 787 2220 ᾖ
812 2177 858 2220 μή
886 2175 932 2208 ὄν.
961 2175 1063 2220 ’Ὀπερ
1090 2177 1207 2208 ἐκεῖνοι
1232 2177 1290 2219 μέν
1316 2178 1354 2210 οὖ
1386 2174 1556 2218 διελόντές

564 2224 782 2263 ἀπέστησαν,
808 2223 866 2253 καὶ
890 2217 949 2252 διά
972 2219 1104 2257 ταύτην
1130 2220 1194 2256 τήν
1223 2220 1361 2267 ἄγνοιαν
1389 2224 1554 2256 τοσοῦτον

563 2279 587 2299 π
610 2266 841 2313 οσηγνόησαν,
873 2264 959 2296 ὥστε
985 2264 1085 2308 μηθὲν
1117 2264 1244 2296 οἴεσθαι
1272 2266 1446 2312 γίγνεσθαι
1471 2262 1557 2312 μηδὲ

561 2323 646 2343 ειναι
671 2312 736 2343 τῶν
765 2311 893 2351 ἄλλων,
923 2310 991 2342 ἀλλ’
1021 2310 1147 2343 ἀνελεῖν
1177 2310 1291 2342 πᾶσαν
1316 2311 1380 2347 τήν
1411 2311 1551 2358 γένεσιν.

558 2358 672 2400 “Ημεῖς
690 2351 727 2387 δὲ
743 2357 801 2386 καὶ
820 2352 918 2387 αὐτοί
933 2366 1040 2400 φαμεν
1056 2353 1229 2400 γίγνεσθαι
1247 2354 1306 2398 μέν
1325 2351 1420 2387 οὐδὲν
1441 2357 1553 2394 άπλῶς

562 2399 598 2432 ἐκ
623 2400 668 2444 μή
697 2399 812 2440 ὄντος,
841 2399 925 2443 ὅμως
955 2400 1072 2454 μέντοι
1103 2397 1276 2444 γίγνεσθαι
1303 2399 1338 2431 ἐκ
1362 2400 1409 2442 μή
1437 2401 1552 2442 ὄντος,

562 2446 630 2477 οἷον
655 2445 750 2477 κατά
770 2445 991 2488 συμβεβηκος·
1012 2443 1046 2477 ἐκ
1062 2444 1126 2488 γάρ
1145 2443 1207 2480 τῆς
1225 2443 1426 2488 στερήσεως,
1447 2444 1462 2477 ὄ
1481 2446 1554 2477 ἐστι

559 2488 633 2521 καθ’
671 2489 756 2522 αὐτὸ
790 2488 835 2532 μή
863 2488 917 2528 ὄν,
951 2491 1010 2521 οὐκ
1035 2487 1283 2532 ἐνυπάρχοντος
1316 2491 1472 2534 γίγνεταί
1503 2501 1550 2522 τι.

556 2530 780 2578 ’Θαυμάζεται
805 2529 842 2564 δὲ
866 2533 972 2566 τοῦτο
998 2536 1054 2565 καὶ
1082 2527 1251 2565 ἀδύνατον
1275 2531 1364 2565 οὕτω
1381 2529 1484 2574 δοκεῖ,
1504 2535 1555 2579 γί-

559 2577 695 2624 γνεσθαί
721 2589 755 2610 τι
781 2577 815 2609 ἐκ
840 2577 885 2621 μή
913 2577 1020 2615 ὄντος.
1045 2576 1217 2614 Ὡσαύτως
1243 2572 1280 2608 δέ
1307 2573 1374 2609 οὐδ’
1404 2577 1438 2618 ἐξ
1457 2577 1553 2615 ὄντος

562 2620 639 2655 οὐδὲ
665 2622 705 2656 τό
733 2621 765 2654 ὃν
791 2620 976 2668 γίγνεσθαι,
997 2621 1084 2658 πλην
1101 2621 1197 2654 κατά
1213 2621 1431 2665 συμβεβηκός.
1454 2620 1551 2654 Οὕτω

559 2664 596 2700 δὲ
620 2669 678 2699 καὶ
703 2667 808 2699 τοῦτο
833 2666 1007 2712 γίγνεσθαι
1032 2666 1091 2698 τὸν
1118 2666 1223 2698 αὐτόν
1249 2665 1398 2710 τρόπον,
1431 2666 1499 2697 οἷον
1524 2666 1553 2697 εὶ

559 2713 596 2745 ἐκ
620 2712 706 2755 ζῴου
730 2712 814 2753 ζῷον
841 2713 992 2756 γίγνοιτο
1017 2713 1074 2742 καὶ
1100 2710 1136 2742 ἐκ
1161 2709 1250 2746 τινὸς
1275 2709 1360 2752 ζῴου
1391 2711 1424 2741 τὶ
1453 2710 1550 2751 ζῷον,

560 2758 627 2789 οἷον
653 2757 679 2787 εὶ
703 2756 790 2787 κύων
813 2755 970 2796 ἐξῖππου
987 2757 1150 2800 γίγνοιτο.
1178 2756 1331 2798 Γίγνοιτο
1349 2753 1408 2797 μὲν
1425 2754 1489 2799 γάρ
1512 2753 1550 2786 ἆὶν

560 2802 597 2833 οὐ
623 2800 722 2844 μόνον
749 2800 784 2831 ἐκ.
809 2799 898 2836 τινὸς
922 2799 1007 2842 ζῴου
1034 2800 1049 2830 ὁ
1073 2799 1173 2837 κύων,
1194 2797 1284 2831 ἀλλά
1307 2800 1363 2829 καὶ
1389 2798 1424 2830 ἐκ
1449 2797 1549 2840 ζῴου,

561 2847 629 2878 ἀλλ’
660 2845 722 2889 οὐχ
748 2845 768 2886 ᾖ
793 2844 890 2885 ζῷον·
918 2842 1062 2887 ὑπάρχει
1085 2843 1148 2888 γάρ
1175 2839 1239 2880 ἤδη
1267 2843 1386 2874 τοῦτο·
1413 2842 1441 2873 εἱ
1462 2838 1551 2875 δέτι

558 2889 672 2933 μέλλει
696 2887 871 2934 γίγνεσθαι
895 2887 978 2929 ζῷον
1004 2886 1050 2928 μη
1075 2887 1171 2920 κατά
1194 2885 1415 2930 συμβεβηκός,
1435 2888 1550 2919 οὐκέκ

557 2933 642 2976 ζῴου
669 2933 779 2965 ἔσται·
805 2934 861 2963 καὶ
887 2934 916 2963 εἴ
942 2943 975 2963 τι
1002 2931 1048 2972 ὄν,
1078 2932 1136 2963 οὐκ
1162 2932 1196 2972 ἐξ
1223 2931 1331 2971 ὄντος,
1359 2928 1428 2964 οὐδ’
1450 2933 1486 2964 ἐκ
1503 2932 1549 2975 μή

560 2978 669 3014 ὄντος·
696 2977 736 3009 τὸ
761 2976 824 3021 γάρ
851 2976 886 3007 ἐκ
911 2975 956 3020 μῆ
986 2976 1079 3014 ὄντος
1105 2979 1235 3020 εἴρηται
1267 2976 1344 3019 ’ἡμῖν
1371 2979 1403 3008 τί
1429 2978 1549 3013 σηααί-

558 3034 617 3063 νει,
646 3020 699 3053 ὅτι
726 3021 745 3063 ’ᾗ
771 3021 816 3063 μη
844 3019 890 3058 ὄν..
922 3021 999 3053 ’Ἔτι
1023 3015 1060 3051 δέ
1084 3023 1142 3052 καὶ
1167 3020 1208 3052 τό
1233 3017 1317 3051 εἶναι
1344 3019 1435 3052 ἅπαν
1462 3010 1482 3057 ’ἦ
1509 3019 1549 3053 ‘cd

557 3067 603 3110 μή
630 3062 714 3097 εἶναι
741 3065 798 3096 οὐκ
826 3065 1036 3108 άναιροῦμεν.
1064 3065 1117 3103 Εἷς
1143 3065 1201 3108 μὲν
1226 3059 1269 3100 δή
1293 3063 1416 3107 τρόπος
1436 3064 1547 3102 οὗτος·

492 3275 591 3312 ἄλλος
617 3270 645 3306 δ’
675 3273 728 3307 ὅτι
754 3268 932 3318 ἐνδέχεται
958 3271 1075 3305 ταύτά
1090 3270 1199 3318 λέγειν
1217 3272 1312 3304 κατά
1327 3272 1392 3308 τήν
1405 3266 1548 3314 δύναμιν

489 3406 557 3439 ὥσθ’
585 3407 688 3461 (ὅπερ
714 3406 893 3452 ἐλέγομεν)
921 3407 955 3437 αἱ
983 3406 1121 3458 ἀπορίαι
1145 3403 1288 3436 λύονται
1313 3399 1349 3435 δι’
1381 3404 1417 3441 ἂς
1444 3404 1549 3481 ἀναξ-

554 3321 611 3351 καὶ
638 3318 700 3355 τήν
727 3317 907 3363 ἐνέργειαν·
935 3317 1040 3350 τοῦτο
1065 3311 1093 3347 δ’
1119 3317 1152 3348 ἐν
1180 3315 1293 3354 ἄλλοις
1311 3311 1487 3359 διώρισται
1504 3311 1542 3347 δι’

558 3364 726 3407 ἀκριβείας
751 3363 894 3406 μᾶλλον·

554 3452 733 3495 καζομενοι
768 3451 942 3495 ἀναιροῦσι
974 3461 1039 3481 των
1071 3447 1248 3493 εἰρημένων
1282 3447 1367 3480 ἐ’νια·
1400 3443 1459 3480 διά
1482 3461 1502 3494 γ
1530 3461 1546 3493 ρ

556 3497 660 3527 τοῦτο
693 3497 855 3527 τοσοῦτον
887 3496 944 3526 καὶ
970 3496 999 3525 οἱ
1024 3493 1184 3538 πρότερον
1217 3491 1452 3535 ἐξετράπησαν
1482 3495 1544 3531 τῆς

556 3535 635 3570 ὀδοῦ
661 3540 722 3576 τῆς
749 3541 802 3571 ἐπὶ
829 3538 891 3575 τήν
917 3538 1045 3585 γένεσιν
1069 3539 1127 3570 καὶ
1152 3537 1273 3582 φθοράν
1298 3538 1355 3568 καὶ
1382 3536 1463 3575 ὅλως
1491 3549 1547 3580 με-

557 3582 723 3622 ταβολήν.
748 3583 838 3620 Αὕτη
857 3583 920 3629 γάρ
940 3582 978 3616 ἂν
998 3581 1134 3626 ὀφθεῖσα
1153 3583 1172 3619 ἡ
1191 3581 1283 3625 φύσις
1303 3581 1414 3614 ἔλυσεν
1433 3579 1545 3615 αὐτῶν

558 3628 670 3658 πᾶσαν
696 3626 758 3663 την
787 3627 936 3673 ἄγνοιαν.

1679 1036 1763 1068 ctus,
1787 1030 1928 1061 dicamus
1951 1038 2024 1072 post
2047 1032 2132 1063 haec.
2163 1031 2355 1071 Quaerentes
2386 1034 2472 1065 enim
2495 1036 2671 1066 secundum

1679 1073 1914 1114 philosophiam
1938 1075 2031 1116 primi
2053 1075 2215 1107 veritatem
2244 1084 2274 1108 et
2301 1085 2447 1109 naturam
2474 1089 2596 1118 rerum,
2625 1079 2671 1110 di·-

1678 1124 1836 1148 verterunt
1864 1125 1899 1149 ut
1921 1119 1954 1149 in
1978 1119 2060 1150 viam
2087 1121 2248 1160 quandam
2275 1121 2369 1151 aliam
2397 1123 2596 1153 abscedentes
2628 1124 2670 1154 ob

1678 1160 1909 1192 infirmitatem:
1934 1169 1965 1193 et
1988 1163 2096 1194 dicunt
2119 1174 2221 1204 neque
2251 1163 2318 1195 fieri
2345 1175 2457 1196 eorum
2488 1176 2570 1207 quae
2598 1173 2672 1198 sunt

1679 1205 1815 1243 nullum,
1839 1215 1942 1246 neque
1966 1208 2144 1247 corrumpi;
2167 1214 2296 1248 propter
2309 1208 2342 1238 id
2358 1209 2447 1249 quod
2461 1210 2671 1241 necessarium

1679 1255 1724 1279 est
1747 1248 1812 1279 fieri
1836 1250 1924 1290 quod
1947 1249 1992 1288 fit,
2016 1258 2071 1282 aut
2090 1261 2127 1281 ex
2151 1261 2189 1282 eo
2211 1252 2299 1292 quod
2322 1259 2369 1283 est
2391 1260 2446 1284 aut
2468 1263 2505 1284 ex
2528 1263 2566 1284 eo
2582 1254 2671 1295 quod

1679 1302 1745 1322 non
1768 1299 1823 1323 est.
1848 1294 1895 1323 Ex
1917 1293 1965 1323 his
1989 1301 2096 1325 autem
2119 1295 2261 1336 utrisque
2283 1295 2478 1336 impossibile
2507 1303 2554 1328 est
2583 1305 2668 1329 esse:

1678 1346 1782 1377 neque
1810 1337 1894 1366 enim
1921 1338 2022 1377 quod'
2039 1345 2085 1369 est
2111 1337 2178 1368 fieri
2206 1338 2378 1379 contingit,
2406 1347 2452 1371 est
2481 1341 2567 1371 enim
2587 1341 2671 1381 iam;

1678 1390 1782 1420 neque
1806 1389 1843 1410 ex
1866 1390 1904 1411 eo
1928 1381 2016 1421 quod
2040 1391 2106 1412 non
2130 1389 2176 1412 est
2198 1382 2277 1413 nihil
2304 1383 2415 1424 utique
2444 1384 2527 1424 fieri,
2558 1385 2670 1416 subiici

1679 1424 1764 1454 enim
1787 1423 1906 1464 aliquid
1929 1431 2064 1464 oportet.
2080 1425 2098 1445 *
2120 1426 2161 1456 Et
2183 1426 2226 1456 sic
2245 1434 2472 1468 consequenter
2487 1429 2670 1470 contingens

1680 1474 1928 1507 augmentantes,
1952 1478 2018 1498 non
2034 1479 2100 1500 esse
2115 1470 2216 1501 multa
2232 1470 2350 1510 dicunt,
2370 1472 2425 1501 sed
2443 1478 2567 1503 tantum
2582 1473 2671 1514 quod

1680 1518 1735 1542 est.
1760 1511 1806 1541 Illi
1829 1511 1924 1551 igitur
1947 1512 2043 1543 talem
2070 1514 2262 1555 accipiebant
2284 1514 2470 1555 opinionem
2487 1523 2615 1557 propter
2635 1526 2671 1547 ea

1679 1565 1760 1596 quae
1784 1555 1866 1586 dicta
1888 1562 1971 1587 sunt.
2566 1574 2570 1578 ·

1611 1599 1710 1630 *Nos
1741 1606 1848 1630 autem
1880 1599 2015 1631 dicimus
2042 1602 2131 1642 quod
2160 1612 2197 1632 ex
2229 1612 2267 1633 eo
2300 1603 2388 1644 quod
2411 1610 2458 1634 est
2485 1610 2540 1635 aut
2562 1614 2599 1635 ex
2631 1614 2670 1635 eo

1679 1644 1767 1684 quod
1796 1653 1862 1674 non
1890 1651 1936 1674 est
1962 1644 2048 1684 fieri,
2072 1652 2127 1676 aut
2149 1647 2238 1687 quod
2267 1654 2312 1677 est
2340 1654 2395 1678 aut
2423 1648 2513 1688 quod
2535 1658 2602 1679 non
2625 1655 2671 1680 est

1678 1687 1797 1728 aliquid
1821 1688 1920 1719 facere
1943 1695 1997 1719 aut
2020 1689 2101 1729 pati,
2131 1697 2185 1721 aut
2213 1690 2378 1731 quodlibet
2398 1690 2465 1722 fieri
2492 1692 2572 1732 hoc,
2602 1703 2669 1723 uno

1679 1732 1809 1772 quidem
1832 1733 1931 1763 modo
1955 1732 2033 1763 nihil
2057 1733 2157 1765 differt
2178 1741 2232 1765 aut
2250 1735 2410 1766 medicum
2432 1736 2551 1776 aliquid
2569 1736 2669 1767 facere

1679 1783 1733 1807 aut
1755 1777 1830 1817 pati,
1847 1783 1901 1808 aut
1915 1787 1951 1807 ex
1970 1777 2094 1808 medico
2118 1778 2237 1818 aliquid
2261 1789 2326 1809 esse
2350 1786 2405 1810 aut
2419 1779 2495 1811 fieri.
2511 1781 2529 1800 *
2552 1781 2668 1820 Quare,

1678 1821 1832 1861 quoniam
1856 1821 1917 1852 hoc
1941 1821 2105 1861 dupliciter
2128 1822 2257 1861 dicitur,
2281 1823 2486 1855 manifestum
2515 1831 2562 1856 est
2589 1835 2669 1866 quo-

1678 1865 1764 1895 niam
1788 1872 1818 1895 et
1845 1875 1881 1895 ex
1905 1875 1943 1895 eo
1967 1865 2056 1906 quod
2079 1872 2143 1905 est,
2177 1873 2207 1897 et
2230 1877 2266 1897 ex
2289 1877 2328 1897 eo
2352 1869 2440 1908 quod
2463 1878 2529 1899 non
2553 1875 2615 1908 est,
2639 1875 2670 1901 et

1679 1909 1766 1949 quod
1790 1916 1836 1939 est
1858 1915 1912 1939 aut
1934 1909 2034 1939 facere
2062 1916 2116 1940 aut
2137 1910 2211 1950 pati.
2236 1910 2388 1943 Aedificat
2417 1912 2548 1953 quidem
2575 1913 2671 1953 igitur

1677 1952 1819 1983 medicus
1843 1963 1908 1983 non
1933 1953 2107 1983 secundum
2130 1955 2219 1994 quod
2241 1955 2393 1994 medicus,
2417 1957 2472 1986 sed
2493 1957 2670 1988 secundum

1678 1997 1767 2037 quod
1791 1996 1984 2035 aedificator3
2008 2004 2038 2028 et
2053 1997 2142 2028 albus
2161 1997 2195 2029 fit
2219 2009 2286 2029 non
2305 1999 2495 2040 inquantum
2514 2001 2668 2041 medicus,

1677 2041 1733 2071 sed
1750 2041 1940 2083 inquantum
1958 2041 2060 2081 niger;
2074 2042 2248 2073 medicatur
2269 2050 2376 2074 autem
2392 2051 2422 2074 et
2436 2054 2503 2075 non
2526 2045 2669 2076 medicus

1677 2084 1712 2116 fit
1738 2085 1931 2126 inquantum
1958 2092 2004 2116 est
2026 2086 2177 2117 medicus.
2207 2087 2370 2124 Quoniam
2397 2095 2505 2119 autem
2531 2089 2668 2120 maxime

1676 2129 1804 2169 proprie
1827 2129 1961 2160 dicimus
1983 2129 2144 2160 medicum
2166 2130 2286 2171 aliquid
2309 2131 2409 2162 facere
2431 2139 2486 2163 aut
2507 2133 2590 2173 pati,
2614 2139 2670 2164 aut

1676 2172 1744 2203 fieri
1767 2183 1804 2204 ex
1826 2173 1962 2212 medico,
1986 2173 2012 2203 si
2027 2174 2203 2204 secundum
2225 2175 2314 2216 quod
2337 2176 2477 2207 medicus
2492 2176 2554 2207 hoc
2570 2177 2668 2217 patia-

1676 2223 1728 2248 tur
1755 2223 1809 2249 aut
1831 2217 1940 2255 faciat,
1963 2217 2166 2248 manifestum
2190 2228 2226 2248 ex
2249 2229 2287 2249 eo
2311 2220 2399 2260 quod
2422 2230 2488 2250 non
2514 2227 2561 2252 est
2585 2220 2668 2260 fieri,

1677 2268 1708 2292 et
1730 2261 1791 2292 hoc
1815 2260 1968 2301 significat
1985 2261 2174 2302 inquantum
2195 2272 2261 2292 non
2281 2270 2335 2294 est.
2357 2264 2454 2301 Quod
2472 2264 2518 2294 illi
2536 2264 2668 2305 quidem

1676 2315 1742 2336 non
1766 2305 1971 2346 percipientes
1996 2306 2208 2347 deliquerunt:
2230 2313 2260 2338 et
2275 2314 2404 2347 propter
2425 2308 2507 2339 hanc
2521 2308 2668 2348 ignoran-

1675 2350 1752 2380 tiam
1775 2350 1955 2380 in'tantum
1977 2349 2215 2389 ignoraverunt,
2239 2352 2327 2391 quod
2350 2351 2429 2382 nihil
2451 2352 2572 2392 opinati
2595 2359 2669 2384 sunt

1674 2393 1874 2434 fierineque
1897 2403 1963 2424 esse
1991 2393 2144 2432 aliorum,
2176 2395 2231 2424 sed
2258 2395 2439 2427 auferebant
2462 2406 2592 2427 omnem
2614 2406 2668 2437 ge-

1674 2437 1879 2468 nerationem.
1897 2437 1914 2456 *
1936 2438 2004 2468 Nos
2027 2444 2134 2468 autem
2156 2445 2186 2468 et
2207 2438 2268 2478 ipsi
2292 2439 2425 2470 dicimus
2447 2439 2514 2470 fieri
2537 2441 2666 2481 quidem

1674 2482 1752 2511 nihil
1775 2481 1957 2521 simpliciter
1981 2491 2017 2511 ex
2042 2491 2079 2512 eo
2103 2482 2191 2522 quod
2215 2492 2281 2512 non
2305 2489 2365 2521 est;
2389 2483 2444 2513 sed
2471 2490 2577 2514 tamen
2599 2484 2666 2516 fieri

1675 2536 1711 2556 ex
1736 2536 1774 2556 eo
1798 2526 1887 2565 quod
1910 2535 1975 2555 non
1999 2531 2045 2555 est
2068 2532 2104 2556 ut
2122 2526 2299 2556 secundum
2322 2527 2481 2557 accidens:
2508 2537 2546 2558 ex
2563 2528 2666 2568 priva-

1674 2569 1760 2600 tione
1785 2569 1879 2607 enim,
1897 2569 1984 2610 quod
2009 2575 2055 2599 est
2077 2569 2207 2610 quidem
2230 2580 2286 2610 per
2308 2580 2340 2601 se
2356 2581 2422 2601 non
2438 2581 2508 2610 ens,
2533 2582 2599 2602 non
2617 2572 2664 2603 in-

1674 2614 1821 2644 existente
1844 2612 1888 2643 fit.
1913 2613 2054 2644 Mirabile
2078 2620 2184 2644 autem
2205 2614 2328 2645 videtur
2351 2621 2382 2645 et
2403 2615 2598 2655 impossibile
2621 2616 2664 2648 sic

1672 2657 1739 2687 fieri
1762 2657 1880 2698 aliquid
1903 2667 1939 2687 ex
1962 2667 2000 2688 eo
2017 2657 2106 2698 quod
2121 2667 2186 2687 non
2203 2665 2258 2689 est.
2274 2658 2461 2690 *Similiter
2477 2665 2584 2690 autem
2607 2671 2664 2692 nec

1673 2711 1709 2731 ex
1733 2711 1770 2731 eo
1795 2702 1883 2742 quod
1907 2708 1969 2740 est,
1994 2711 2096 2743 neque
2120 2702 2208 2742 quod
2231 2708 2277 2733 est
2299 2702 2381 2741 fieri,
2405 2703 2464 2733 nisi
2488 2705 2664 2735 secundum

1672 2745 1825 2776 accidens.
1854 2745 1905 2776 Sic
1934 2752 2041 2776 autem
2064 2752 2094 2776 et
2117 2755 2153 2776 ex
2176 2746 2237 2776 hoc
2265 2745 2331 2777 fieri
2359 2747 2472 2777 eodem
2499 2748 2597 2779 modo
2628 2755 2665 2780 ut

1672 2789 1696 2819 si
1721 2800 1756 2819 ex
1780 2789 1906 2819 animali
1930 2789 2046 2820 animal
2065 2789 2176 2830 utique
2192 2789 2255 2828 fiat,
2275 2796 2306 2821 et
2324 2800 2360 2821 ex
2376 2791 2518 2831 quodam
2533 2792 2663 2824 animali

1671 2834 1834 2874 quoddam
1858 2833 1988 2872 animal,
2008 2840 2043 2864 ut
2062 2834 2087 2865 si
2103 2834 2187 2864 canis
2211 2844 2247 2865 ex
2261 2844 2345 2875 equo
2361 2834 2425 2866 fiat.
2449 2835 2518 2866 Fiet
2533 2836 2663 2877 quidem

1671 2878 1756 2908 enim
1780 2877 1890 2918 utique
1913 2888 1978 2908 non
2002 2878 2108 2908 solum
2123 2888 2159 2908 ex
2177 2878 2319 2919 quodam
2342 2879 2469 2909 animali
2493 2880 2588 2919 canis,
2607 2882 2662 2911 sed

1671 2922 1766 2952 etiam
1790 2932 1826 2952 ex
1849 2922 1988 2959 animali,
2013 2922 2067 2952 sed
2090 2932 2155 2952 non
2179 2922 2369 2963 inquantum
2392 2929 2439 2954 est
2457 2923 2590 2954 animal:
2614 2931 2662 2956 est

1672 2966 1756 2996 enim
1779 2967 1843 2996 iam
1861 2966 1933 2996 hoc.
1954 2966 1985 2996 Si
2001 2972 2108 2996 autem
2127 2966 2245 3006 aliquid
2261 2967 2352 2997 debet
2374 2966 2440 2997 fieri
2456 2966 2572 2998 animal
2594 2978 2660 2998 non

1672 3011 1847 3040 secundum
1871 3010 2023 3048 accidens,
2043 3020 2108 3040 non
2125 3020 2162 3040 ex
2178 3010 2304 3041 animali
2321 3010 2386 3041 erit.
2402 3010 2420 3030 *
2437 3010 2478 3041 Et
2496 3010 2522 3041 si
2541 3011 2660 3053 aliquid

1671 3055 1759 3094 quod
1783 3061 1839 3092 est,
1863 3063 1929 3084 non
1954 3064 1990 3084 ex
2013 3063 2051 3084 eo
2071 3054 2160 3094 quod
2179 3061 2239 3093 est,
2256 3064 2360 3095 neque
2378 3064 2414 3084 ex
2430 3064 2469 3085 eo
2485 3055 2574 3095 quod
2593 3065 2659 3086 non

1671 3105 1733 3128 est:
1759 3098 1847 3139 quod
1870 3098 1954 3127 enim
1978 3104 2024 3128 est
2047 3108 2083 3128 ex
2107 3108 2145 3128 eo
2169 3098 2257 3138 quod
2284 3108 2350 3128 non
2373 3104 2436 3137 est,
2465 3098 2586 3130 dictum
2613 3106 2660 3131 est

1670 3142 1761 3172 nobis
1779 3142 1856 3183 quid
1872 3140 2033 3181 significet,
2050 3141 2203 3182 quoniam
2219 3141 2409 3183 inquantum
2424 3152 2490 3173 non
2506 3150 2561 3174 est.
2581 3145 2659 3174 Am-

1670 3186 1752 3226 plius
1776 3193 1900 3224 autem,
1924 3192 1954 3216 et
1983 3195 2050 3216 esse
2082 3195 2178 3216 omne
2207 3193 2261 3216 aut
2283 3195 2349 3216 non
2372 3195 2438 3216 esse
2466 3196 2532 3217 non
2555 3197 2659 3219 remo-

1669 3237 1768 3261 vetur.
1784 3230 1802 3249 *
1824 3230 1914 3261 Unus
1938 3229 2068 3270 quidem
2086 3229 2179 3269 igitur
2203 3230 2318 3260 modus
2341 3229 2392 3260 hic
2415 3237 2471 3261 est.

1603 3274 1693 3304 Alius
1717 3281 1834 3312 autern,
1858 3273 2012 3314 quoniam
2042 3273 2195 3313 contingit
2225 3274 2335 3304 eadem
2358 3274 2459 3305 dicere
2483 3275 2658 3306 secundum

1670 3317 1845 3358 potentiam
1867 3324 1898 3348 et
1921 3324 2042 3348 actum:
2066 3317 2126 3348 hoc
2150 3324 2257 3348 autem
2286 3318 2529 3350 determinatum
2558 3326 2604 3350 est
2625 3318 2658 3350 in

1670 3362 1736 3392 aliis
1760 3371 1815 3402 per
1839 3361 2057 3393 certitudinem
2080 3361 2188 3401 magis.

1603 3407 1718 3444 Quare,
1744 3406 1919 3436 secundum
1942 3406 2030 3446 quod
2054 3415 2126 3436 vere
2150 3405 2301 3444 dicimus,
2327 3405 2466 3437 defectus
2492 3405 2657 3437 solvuntur

1669 3457 1797 3490 propter
1819 3460 1900 3491 quos
1924 3450 2023 3481 coacti
2053 3456 2216 3480 removent
2238 3450 2471 3490 praedictorum
2489 3449 2653 3491 quaedam.

1668 3495 1799 3534 Propter
1821 3494 1883 3525 hoc
1906 3494 1990 3524 enim
2006 3494 2038 3524 in
2053 3501 2176 3524 tantum
2195 3494 2378 3525 destiterunt
2392 3493 2510 3534 priores
2525 3503 2543 3523 a
2558 3492 2607 3523 via
2622 3492 2655 3523 in

1663 3538 1896 3578 generationem
1921 3545 1950 3569 et
1973 3538 2209 3579 corruptionem
2224 3544 2255 3569 et
2280 3538 2412 3568 omnino
2436 3536 2653 3568 mutationem.

1668 3583 1753 3613 Haec
1770 3582 1854 3613 enim
1870 3582 1980 3622 utique
2000 3581 2065 3613 visa
2085 3589 2195 3613 natura
2213 3591 2343 3612 omnem
2361 3581 2455 3612 solvit
2472 3580 2552 3611 hanc
2570 3579 2654 3620 ipso-

1667 3637 1738 3657 rum
1762 3626 1980 3667 ignorantiam.

2697 1031 2752 1050 text.
2767 1034 2799 1056 7¹-

2695 1438 2708 1450 *
2721 1437 2789 1461 Text.
2803 1444 2840 1467 7²·

2694 1613 2707 1625 ⁸*
2719 1612 2788 1636 Text.
2801 1618 2839 1642 73.

2695 1793 2707 1805 *
2719 1792 2788 1815 Text.
2801 1798 2843 1821 74.

2693 2454 2703 2464 ·
2717 2453 2786 2476 Τειῐ.
2799 2460 2839 2483 75.

2690 2668 2702 2680 ⁸
2715 2667 2783 2691 Text.
2797 2669 2842 2698 7⁶—

2685 3021 2697 3033 *
2710 3021 2778 3045 Text.
2792 3028 2833 3051 77.

2685 3240 2696 3252 ⁸
2709 3239 2777 3263 Text.
2791 3240 2838 3269 78„
