<?xml version="1.0" encoding="UTF-8"?>
<!DOCTYPE html PUBLIC "-//W3C//DTD XHTML 1.0 Transitional//EN"
    "http://www.w3.org/TR/xhtml1/DTD/xhtml1-transitional.dtd">
<html xmlns="http://www.w3.org/1999/xhtml" xml:lang="en" lang="en">
 <head>
  <title>
</title>
<meta http-equiv="Content-Type" content="text/html;charset=utf-8" />
  <meta name='ocr-system' content='tesseract 3.04.00' />
  <meta name='ocr-capabilities' content='ocr_page ocr_carea ocr_par ocr_line ocrx_word'/>
</head>
<body>
  <div class='ocr_page' id='page_1' title='image "./operaomniaiussui02thom_0081.png"; bbox 0 0 2982 4022; ppageno 0'>
   <div class='ocr_carea' id='block_1_1' title="bbox 627 348 2170 604">
    <p class='ocr_par' dir='ltr' id='par_1_1' title="bbox 627 348 2170 604">
     <span class='ocr_line' id='line_1_1' title="bbox 627 348 2170 434; baseline 0.001 -1"><span class='ocrx_word' id='word_1_1' title='bbox 627 348 1376 434; x_wconf 84' lang='lat' dir='ltr'><strong>PHYSICORUM</strong></span> <span class='ocrx_word' id='word_1_2' title='bbox 1445 349 2170 434; x_wconf 87' lang='lat' dir='ltr'>ARISTOTELIS</span> 
     </span>
     <span class='ocr_line' id='line_1_2' title="bbox 1212 540 1586 604; baseline 0.003 -1"><span class='ocrx_word' id='word_1_3' title='bbox 1212 540 1483 604; x_wconf 83' lang='lat' dir='ltr'>LIBER</span> <span class='ocrx_word' id='word_1_4' title='bbox 1529 541 1586 604; x_wconf 89' lang='lat'>11</span> 
     </span>
    </p>
   </div>
   <div class='ocr_carea' id='block_1_2' title="bbox 1098 926 1695 984">
    <p class='ocr_par' dir='ltr' id='par_1_2' title="bbox 1098 926 1695 984">
     <span class='ocr_line' id='line_1_3' title="bbox 1098 926 1695 984; baseline 0.005 -3"><span class='ocrx_word' id='word_1_5' title='bbox 1098 926 1397 982; x_wconf 93' lang='lat' dir='ltr'><strong>LECTIO</strong></span> <span class='ocrx_word' id='word_1_6' title='bbox 1434 928 1695 984; x_wconf 88' lang='lat' dir='ltr'>PRIMA</span> 
     </span>
    </p>
   </div>
   <div class='ocr_carea' id='block_1_3' title="bbox 704 1070 2069 1164">
    <p class='ocr_par' dir='ltr' id='par_1_3' title="bbox 704 1070 2069 1164">
     <span class='ocr_line' id='line_1_4' title="bbox 704 1070 2069 1113; baseline 0.002 -11"><span class='ocrx_word' id='word_1_7' title='bbox 704 1071 807 1108; x_wconf 92' lang='lat' dir='ltr'><strong>QUID</strong></span> <span class='ocrx_word' id='word_1_8' title='bbox 833 1070 899 1101; x_wconf 89' lang='lat' dir='ltr'>SIT</span> <span class='ocrx_word' id='word_1_9' title='bbox 921 1070 1116 1100; x_wconf 88' lang='lat' dir='ltr'>NATURA:</span> <span class='ocrx_word' id='word_1_10' title='bbox 1142 1070 1355 1107; x_wconf 90' lang='lat' dir='ltr'><strong>QUAENAM</strong></span> <span class='ocrx_word' id='word_1_11' title='bbox 1378 1070 1474 1100; x_wconf 90' lang='lat' dir='ltr'>SINT</span> <span class='ocrx_word' id='word_1_12' title='bbox 1498 1070 1616 1107; x_wconf 90' lang='lat' dir='ltr'><strong>QUAE</strong></span> <span class='ocrx_word' id='word_1_13' title='bbox 1640 1072 1817 1103; x_wconf 88' lang='grc' dir='ltr'>ΗΑΒΕΝΤ</span> <span class='ocrx_word' id='word_1_14' title='bbox 1839 1074 2069 1113; x_wconf 89' lang='lat' dir='ltr'><strong>NATURAM,</strong></span> 
     </span>
     <span class='ocr_line' id='line_1_5' title="bbox 1046 1130 1736 1164; baseline 0.004 -3"><span class='ocrx_word' id='word_1_15' title='bbox 1046 1131 1104 1161; x_wconf 90' lang='lat' dir='ltr'>ET</span> <span class='ocrx_word' id='word_1_16' title='bbox 1128 1131 1240 1162; x_wconf 89' lang='lat' dir='ltr'><strong>SUNT</strong></span> <span class='ocrx_word' id='word_1_17' title='bbox 1263 1130 1499 1161; x_wconf 90' lang='lat' dir='ltr'><strong>SECUNDUM</strong></span> <span class='ocrx_word' id='word_1_18' title='bbox 1521 1132 1736 1164; x_wconf 88' lang='lat' dir='ltr'><strong>NATURAM</strong></span> 
     </span>
    </p>
   </div>
   <div class='ocr_carea' id='block_1_4' title="bbox 310 1247 2482 1307">
    <p class='ocr_par' dir='ltr' id='par_1_4' title="bbox 310 1247 2482 1307">
     <span class='ocr_line' id='line_1_6' title="bbox 310 1247 2482 1307; baseline 0 -17"><span class='ocrx_word' id='word_1_19' title='bbox 310 1261 380 1292; x_wconf 85' lang='grc' dir='ltr'>Τῶν</span> <span class='ocrx_word' id='word_1_20' title='bbox 407 1257 511 1291; x_wconf 80' lang='grc' dir='ltr'>ὄντων</span> <span class='ocrx_word' id='word_1_21' title='bbox 538 1255 586 1288; x_wconf 84' lang='grc' dir='ltr'>τοὶ</span> <span class='ocrx_word' id='word_1_22' title='bbox 610 1253 668 1307; x_wconf 53' lang='grc' dir='ltr'>μ’έν</span> <span class='ocrx_word' id='word_1_23' title='bbox 695 1253 768 1285; x_wconf 82' lang='grc' dir='ltr'>ἐστι</span> <span class='ocrx_word' id='word_1_24' title='bbox 793 1251 900 1295; x_wconf 85' lang='grc' dir='ltr'>φύσει,</span> <span class='ocrx_word' id='word_1_25' title='bbox 919 1251 968 1284; x_wconf 82' lang='grc' dir='ltr'>τοὶ</span> <span class='ocrx_word' id='word_1_26' title='bbox 991 1247 1029 1284; x_wconf 71' lang='grc' dir='ltr'>δέ</span> <span class='ocrx_word' id='word_1_27' title='bbox 1053 1250 1090 1283; x_wconf 76' lang='grc' dir='ltr'>δι’</span> <span class='ocrx_word' id='word_1_28' title='bbox 1117 1253 1222 1289; x_wconf 71' lang='grc' dir='ltr'>ἄλλας</span> <span class='ocrx_word' id='word_1_29' title='bbox 1241 1252 1367 1288; x_wconf 65' lang='grc' dir='ltr'>αἰτίας·</span> <span class='ocrx_word' id='word_1_30' title='bbox 1422 1255 1439 1274; x_wconf 90' lang='grc'><strong><em>*</em></strong></span> <span class='ocrx_word' id='word_1_31' title='bbox 1454 1256 1576 1286; x_wconf 88' lang='lat' dir='ltr'>Eorum</span> <span class='ocrx_word' id='word_1_32' title='bbox 1599 1267 1680 1296; x_wconf 86' lang='lat' dir='ltr'>quae</span> <span class='ocrx_word' id='word_1_33' title='bbox 1696 1265 1778 1296; x_wconf 87' lang='lat' dir='ltr'>sunt,</span> <span class='ocrx_word' id='word_1_34' title='bbox 1795 1258 1854 1289; x_wconf 84' lang='lat' dir='ltr'>alia</span> <span class='ocrx_word' id='word_1_35' title='bbox 1870 1259 1999 1299; x_wconf 91' lang='lat' dir='ltr'>quidem</span> <span class='ocrx_word' id='word_1_36' title='bbox 2016 1266 2089 1290; x_wconf 92' lang='lat' dir='ltr'>sunt</span> <span class='ocrx_word' id='word_1_37' title='bbox 2105 1267 2225 1298; x_wconf 84' lang='lat' dir='ltr'>natura,</span> <span class='ocrx_word' id='word_1_38' title='bbox 2241 1260 2300 1290; x_wconf 87' lang='lat' dir='ltr'>alia</span> <span class='ocrx_word' id='word_1_39' title='bbox 2318 1270 2393 1290; x_wconf 91' lang='lat' dir='ltr'>vero</span> <span class='ocrx_word' id='word_1_40' title='bbox 2410 1271 2482 1300; x_wconf 90' lang='lat' dir='ltr'>pro-</span> 
     </span>
    </p>
   </div>
   <div class='ocr_carea' id='block_1_5' title="bbox 305 1965 348 2002">
    <p class='ocr_par' dir='ltr' id='par_1_5' title="bbox 305 1965 348 2002">
     <span class='ocr_line' id='line_1_7' title="bbox 305 1965 348 2002; baseline 0 0"><span class='ocrx_word' id='word_1_41' title='bbox 305 1965 348 2002; x_wconf 80' lang='grc' dir='ltr'>ὠς</span> 
     </span>
    </p>
   </div>
   <div class='ocr_carea' id='block_1_6' title="bbox 373 1295 1370 1915">
    <p class='ocr_par' dir='ltr' id='par_1_6' title="bbox 373 1295 1370 1915">
     <span class='ocr_line' id='line_1_8' title="bbox 376 1295 1370 1347; baseline -0.007 -13"><span class='ocrx_word' id='word_1_42' title='bbox 376 1302 470 1347; x_wconf 85' lang='grc' dir='ltr'>φύσει</span> <span class='ocrx_word' id='word_1_43' title='bbox 503 1301 562 1343; x_wconf 76' lang='grc' dir='ltr'>μὲν</span> <span class='ocrx_word' id='word_1_44' title='bbox 595 1311 643 1332; x_wconf 90' lang='grc' dir='ltr'>τα</span> <span class='ocrx_word' id='word_1_45' title='bbox 666 1309 704 1329; x_wconf 81' lang='grc' dir='ltr'>τε</span> <span class='ocrx_word' id='word_1_46' title='bbox 734 1297 806 1339; x_wconf 79' lang='grc' dir='ltr'>ζῷα</span> <span class='ocrx_word' id='word_1_47' title='bbox 829 1298 886 1328; x_wconf 82' lang='grc' dir='ltr'>καὶ</span> <span class='ocrx_word' id='word_1_48' title='bbox 919 1296 966 1328; x_wconf 77' lang='grc' dir='ltr'>τά</span> <span class='ocrx_word' id='word_1_49' title='bbox 990 1296 1072 1340; x_wconf 86' lang='grc' dir='ltr'>μέρη</span> <span class='ocrx_word' id='word_1_50' title='bbox 1104 1296 1216 1330; x_wconf 83' lang='grc' dir='ltr'>αὐτῶν</span> <span class='ocrx_word' id='word_1_51' title='bbox 1240 1297 1298 1328; x_wconf 84' lang='grc' dir='ltr'>καὶ</span> <span class='ocrx_word' id='word_1_52' title='bbox 1323 1295 1370 1327; x_wconf 83' lang='grc' dir='ltr'>τά</span> 
     </span>
     <span class='ocr_line' id='line_1_9' title="bbox 375 1339 1368 1391; baseline -0.008 -12"><span class='ocrx_word' id='word_1_53' title='bbox 375 1348 467 1391; x_wconf 87' lang='grc' dir='ltr'>φυτοί</span> <span class='ocrx_word' id='word_1_54' title='bbox 489 1346 548 1376; x_wconf 80' lang='grc' dir='ltr'>καὶ</span> <span class='ocrx_word' id='word_1_55' title='bbox 573 1343 621 1376; x_wconf 83' lang='grc' dir='ltr'>τοὶ</span> <span class='ocrx_word' id='word_1_56' title='bbox 646 1342 740 1374; x_wconf 83' lang='grc' dir='ltr'>οἱπλᾶ</span> <span class='ocrx_word' id='word_1_57' title='bbox 765 1341 831 1373; x_wconf 81' lang='grc' dir='ltr'>τῶν</span> <span class='ocrx_word' id='word_1_58' title='bbox 857 1339 1037 1384; x_wconf 83' lang='grc' dir='ltr'>σωμάτων,</span> <span class='ocrx_word' id='word_1_59' title='bbox 1062 1341 1128 1373; x_wconf 89' lang='grc' dir='ltr'>οἷον</span> <span class='ocrx_word' id='word_1_60' title='bbox 1153 1344 1198 1387; x_wconf 84' lang='grc' dir='ltr'>γῆ</span> <span class='ocrx_word' id='word_1_61' title='bbox 1222 1342 1279 1372; x_wconf 83' lang='grc' dir='ltr'>καὶ</span> <span class='ocrx_word' id='word_1_62' title='bbox 1305 1341 1368 1384; x_wconf 81' lang='grc' dir='ltr'>πῦρ</span> 
     </span>
     <span class='ocr_line' id='line_1_10' title="bbox 375 1381 1367 1434; baseline -0.005 -13"><span class='ocrx_word' id='word_1_63' title='bbox 375 1392 433 1423; x_wconf 80' lang='grc' dir='ltr'>καὶ</span> <span class='ocrx_word' id='word_1_64' title='bbox 460 1389 523 1434; x_wconf 71' lang='grc' dir='ltr'>ἀήρ</span> <span class='ocrx_word' id='word_1_65' title='bbox 547 1389 606 1419; x_wconf 79' lang='grc' dir='ltr'>καὶ</span> <span class='ocrx_word' id='word_1_66' title='bbox 632 1382 731 1429; x_wconf 74' lang='grc' dir='ltr'>ὕδωρ·</span> <span class='ocrx_word' id='word_1_67' title='bbox 758 1385 874 1417; x_wconf 77' lang='grc' dir='ltr'>ταῦτα</span> <span class='ocrx_word' id='word_1_68' title='bbox 891 1384 955 1430; x_wconf 83' lang='grc' dir='ltr'>γοὶρ</span> <span class='ocrx_word' id='word_1_69' title='bbox 974 1381 1059 1417; x_wconf 76' lang='grc' dir='ltr'>εἶναι</span> <span class='ocrx_word' id='word_1_70' title='bbox 1078 1388 1135 1417; x_wconf 85' lang='grc' dir='ltr'>καὶ</span> <span class='ocrx_word' id='word_1_71' title='bbox 1154 1386 1201 1419; x_wconf 82' lang='grc' dir='ltr'>τά</span> <span class='ocrx_word' id='word_1_72' title='bbox 1218 1386 1367 1417; x_wconf 81' lang='grc' dir='ltr'>τοιαῦτα</span> 
     </span>
     <span class='ocr_line' id='line_1_11' title="bbox 375 1424 1368 1478; baseline -0.014 -11"><span class='ocrx_word' id='word_1_73' title='bbox 375 1433 470 1478; x_wconf 84' lang='grc' dir='ltr'>φύσει</span> <span class='ocrx_word' id='word_1_74' title='bbox 494 1432 615 1478; x_wconf 85' lang='grc' dir='ltr'>φαμέν.</span> <span class='ocrx_word' id='word_1_75' title='bbox 641 1430 759 1462; x_wconf 80' lang='grc' dir='ltr'>Πάντα</span> <span class='ocrx_word' id='word_1_76' title='bbox 783 1424 821 1460; x_wconf 78' lang='grc' dir='ltr'>δὲ</span> <span class='ocrx_word' id='word_1_77' title='bbox 846 1428 893 1461; x_wconf 81' lang='grc' dir='ltr'>τοὶ</span> <span class='ocrx_word' id='word_1_78' title='bbox 912 1427 1058 1472; x_wconf 83' lang='grc' dir='ltr'>ῥηθέντα</span> <span class='ocrx_word' id='word_1_79' title='bbox 1075 1432 1232 1472; x_wconf 87' lang='grc' dir='ltr'>φαίνεται</span> <span class='ocrx_word' id='word_1_80' title='bbox 1253 1424 1368 1473; x_wconf 70' lang='grc' dir='ltr'>διαφέ-</span> 
     </span>
     <span class='ocr_line' id='line_1_12' title="bbox 375 1472 1368 1523; baseline -0.008 -12"><span class='ocrx_word' id='word_1_81' title='bbox 375 1490 480 1523; x_wconf 83' lang='grc' dir='ltr'>ροντα</span> <span class='ocrx_word' id='word_1_82' title='bbox 511 1477 590 1522; x_wconf 77' lang='grc' dir='ltr'>πρὸς</span> <span class='ocrx_word' id='word_1_83' title='bbox 621 1475 668 1509; x_wconf 81' lang='grc' dir='ltr'>τοὶ</span> <span class='ocrx_word' id='word_1_84' title='bbox 691 1473 738 1518; x_wconf 72' lang='grc' dir='ltr'>μή</span> <span class='ocrx_word' id='word_1_85' title='bbox 770 1472 864 1516; x_wconf 88' lang='grc' dir='ltr'>φύσει</span> <span class='ocrx_word' id='word_1_86' title='bbox 897 1475 1107 1506; x_wconf 83' lang='grc' dir='ltr'>συνεστῶτα.</span> <span class='ocrx_word' id='word_1_87' title='bbox 1146 1474 1198 1506; x_wconf 78' lang='grc' dir='ltr'>Τά</span> <span class='ocrx_word' id='word_1_88' title='bbox 1221 1474 1279 1517; x_wconf 79' lang='grc' dir='ltr'>μὲν</span> <span class='ocrx_word' id='word_1_89' title='bbox 1304 1473 1368 1519; x_wconf 71' lang='grc' dir='ltr'>γάρ</span> 
     </span>
     <span class='ocr_line' id='line_1_13' title="bbox 375 1515 1367 1566; baseline -0.005 -12"><span class='ocrx_word' id='word_1_90' title='bbox 375 1522 469 1566; x_wconf 87' lang='grc' dir='ltr'>φύσει</span> <span class='ocrx_word' id='word_1_91' title='bbox 487 1522 572 1554; x_wconf 81' lang='grc' dir='ltr'>ὄντα</span> <span class='ocrx_word' id='word_1_92' title='bbox 591 1519 710 1552; x_wconf 85' lang='grc' dir='ltr'>πάντα</span> <span class='ocrx_word' id='word_1_93' title='bbox 734 1520 892 1562; x_wconf 84' lang='grc' dir='ltr'>φαίνεται</span> <span class='ocrx_word' id='word_1_94' title='bbox 910 1516 1037 1561; x_wconf 83' lang='grc' dir='ltr'>ἔχοντα</span> <span class='ocrx_word' id='word_1_95' title='bbox 1056 1519 1088 1550; x_wconf 77' lang='grc' dir='ltr'>ἐν</span> <span class='ocrx_word' id='word_1_96' title='bbox 1108 1519 1241 1556; x_wconf 81' lang='grc' dir='ltr'>ἑαυτοῖς</span> <span class='ocrx_word' id='word_1_97' title='bbox 1262 1515 1367 1562; x_wconf 60' lang='grc' dir='ltr'>ἀρχνῖν</span> 
     </span>
     <span class='ocr_line' id='line_1_14' title="bbox 374 1557 1368 1604; baseline -0.005 -6"><span class='ocrx_word' id='word_1_98' title='bbox 374 1567 533 1604; x_wconf 76' lang='grc' dir='ltr'>κινήσεως</span> <span class='ocrx_word' id='word_1_99' title='bbox 557 1566 616 1596; x_wconf 86' lang='grc' dir='ltr'>καὶ</span> <span class='ocrx_word' id='word_1_100' title='bbox 640 1561 811 1602; x_wconf 83' lang='grc' dir='ltr'>στάσεως,</span> <span class='ocrx_word' id='word_1_101' title='bbox 838 1561 886 1593; x_wconf 76' lang='grc' dir='ltr'>τά</span> <span class='ocrx_word' id='word_1_102' title='bbox 937 1563 969 1594; x_wconf 79' lang='grc' dir='ltr'>ἐν</span> <span class='ocrx_word' id='word_1_103' title='bbox 994 1562 1089 1594; x_wconf 80' lang='grc' dir='ltr'>κατά</span> <span class='ocrx_word' id='word_1_104' title='bbox 1114 1562 1234 1603; x_wconf 83' lang='grc' dir='ltr'>τόπον,</span> <span class='ocrx_word' id='word_1_105' title='bbox 1262 1562 1308 1595; x_wconf 80' lang='grc' dir='ltr'>τοὶ</span> <span class='ocrx_word' id='word_1_106' title='bbox 1331 1557 1368 1593; x_wconf 74' lang='grc' dir='ltr'>δὲ</span> 
     </span>
     <span class='ocr_line' id='line_1_15' title="bbox 373 1604 1366 1650; baseline -0.007 -7"><span class='ocrx_word' id='word_1_107' title='bbox 373 1612 448 1643; x_wconf 83' lang='grc' dir='ltr'>κατ’</span> <span class='ocrx_word' id='word_1_108' title='bbox 470 1610 608 1650; x_wconf 78' lang='grc' dir='ltr'>αὔξησιν</span> <span class='ocrx_word' id='word_1_109' title='bbox 625 1609 682 1638; x_wconf 85' lang='grc' dir='ltr'>καὶ</span> <span class='ocrx_word' id='word_1_110' title='bbox 703 1604 822 1650; x_wconf 83' lang='grc' dir='ltr'>φθίσιν,</span> <span class='ocrx_word' id='word_1_111' title='bbox 843 1605 891 1637; x_wconf 82' lang='grc' dir='ltr'>τά</span> <span class='ocrx_word' id='word_1_112' title='bbox 930 1607 1034 1639; x_wconf 78' lang='grc' dir='ltr'>ἑκατ“</span> <span class='ocrx_word' id='word_1_113' title='bbox 1057 1607 1245 1639; x_wconf 78' lang='grc' dir='ltr'>ἀλλοίωσιν.</span> <span class='ocrx_word' id='word_1_114' title='bbox 1265 1607 1366 1644; x_wconf 83' lang='grc' dir='ltr'>Κλίνη</span> 
     </span>
     <span class='ocr_line' id='line_1_16' title="bbox 374 1650 1366 1698; baseline -0.005 -12"><span class='ocrx_word' id='word_1_115' title='bbox 374 1650 412 1686; x_wconf 80' lang='grc' dir='ltr'>δὲ</span> <span class='ocrx_word' id='word_1_116' title='bbox 435 1655 494 1686; x_wconf 81' lang='grc' dir='ltr'>καὶ</span> <span class='ocrx_word' id='word_1_117' title='bbox 519 1652 669 1698; x_wconf 86' lang='grc' dir='ltr'>ἱμάτιον,</span> <span class='ocrx_word' id='word_1_118' title='bbox 686 1651 744 1681; x_wconf 83' lang='grc' dir='ltr'>καὶ</span> <span class='ocrx_word' id='word_1_119' title='bbox 765 1651 794 1680; x_wconf 85' lang='grc' dir='ltr'>εἴ</span> <span class='ocrx_word' id='word_1_120' title='bbox 813 1662 846 1683; x_wconf 88' lang='grc' dir='ltr'>τι</span> <span class='ocrx_word' id='word_1_121' title='bbox 868 1652 1025 1684; x_wconf 80' lang='grc' dir='ltr'>τοιοῦτον</span> <span class='ocrx_word' id='word_1_122' title='bbox 1046 1651 1128 1683; x_wconf 79' lang='grc' dir='ltr'>ἄλλο</span> <span class='ocrx_word' id='word_1_123' title='bbox 1145 1650 1239 1696; x_wconf 72' lang='grc' dir='ltr'>γένος</span> <span class='ocrx_word' id='word_1_124' title='bbox 1262 1651 1366 1690; x_wconf 77' lang='grc' dir='ltr'>ἐστίν,</span> 
     </span>
     <span class='ocr_line' id='line_1_17' title="bbox 376 1694 1363 1742; baseline -0.005 -12"><span class='ocrx_word' id='word_1_125' title='bbox 376 1699 396 1741; x_wconf 75' lang='grc' dir='ltr'><strong><em>ᾗ</em></strong></span> <span class='ocrx_word' id='word_1_126' title='bbox 422 1699 481 1742; x_wconf 81' lang='grc' dir='ltr'>μὲν</span> <span class='ocrx_word' id='word_1_127' title='bbox 507 1696 675 1740; x_wconf 78' lang='grc' dir='ltr'>τετύχηκε</span> <span class='ocrx_word' id='word_1_128' title='bbox 707 1694 768 1731; x_wconf 78' lang='grc' dir='ltr'>τῆς</span> <span class='ocrx_word' id='word_1_129' title='bbox 795 1705 884 1731; x_wconf 88' lang='grc' dir='ltr'>κατη</span> <span class='ocrx_word' id='word_1_130' title='bbox 913 1698 1003 1740; x_wconf 86' lang='grc' dir='ltr'>ορίας</span> <span class='ocrx_word' id='word_1_131' title='bbox 1037 1694 1183 1732; x_wconf 84' lang='grc' dir='ltr'>ἑκάστης</span> <span class='ocrx_word' id='word_1_132' title='bbox 1208 1697 1264 1726; x_wconf 81' lang='grc' dir='ltr'>καὶ</span> <span class='ocrx_word' id='word_1_133' title='bbox 1289 1694 1363 1726; x_wconf 81' lang='grc' dir='ltr'>καθ’</span> 
     </span>
     <span class='ocr_line' id='line_1_18' title="bbox 375 1738 1369 1784; baseline -0.006 -9"><span class='ocrx_word' id='word_1_134' title='bbox 375 1742 451 1775; x_wconf 80' lang='grc' dir='ltr'>ὅσον</span> <span class='ocrx_word' id='word_1_135' title='bbox 478 1742 569 1774; x_wconf 77' lang='grc' dir='ltr'>ἐστὶν</span> <span class='ocrx_word' id='word_1_136' title='bbox 597 1740 664 1773; x_wconf 72' lang='grc' dir='ltr'>ἀπὸ</span> <span class='ocrx_word' id='word_1_137' title='bbox 690 1738 728 1771; x_wconf 89' lang='grc' dir='ltr'>τε’</span> <span class='ocrx_word' id='word_1_138' title='bbox 756 1750 825 1781; x_wconf 86' lang='grc' dir='ltr'>νης,</span> <span class='ocrx_word' id='word_1_139' title='bbox 852 1740 890 1772; x_wconf 82' lang='grc' dir='ltr'>οὐ</span> <span class='ocrx_word' id='word_1_140' title='bbox 915 1743 1011 1784; x_wconf 84' lang='grc' dir='ltr'>εμίαν</span> <span class='ocrx_word' id='word_1_141' title='bbox 1039 1738 1141 1783; x_wconf 73' lang='grc' dir='ltr'>ὁρμήν</span> <span class='ocrx_word' id='word_1_142' title='bbox 1168 1740 1183 1771; x_wconf 87' lang='grc' dir='ltr'>ἔ</span> <span class='ocrx_word' id='word_1_143' title='bbox 1211 1751 1238 1770; x_wconf 89' lang='grc' dir='ltr'>ει</span> <span class='ocrx_word' id='word_1_144' title='bbox 1263 1751 1369 1782; x_wconf 88' lang='grc' dir='ltr'>μετα-</span> 
     </span>
     <span class='ocr_line' id='line_1_19' title="bbox 374 1749 1367 1830; baseline -0.005 -12"><span class='ocrx_word' id='word_1_145' title='bbox 374 1788 476 1827; x_wconf 80' lang='grc' dir='ltr'>βολῆς</span> <span class='ocrx_word' id='word_1_146' title='bbox 503 1786 666 1830; x_wconf 80' lang='grc' dir='ltr'>ἔμφυτον,</span> <span class='ocrx_word' id='word_1_147' title='bbox 694 1749 775 1826; x_wconf 44' lang='grc' dir='ltr'>ᾔέὲ</span> <span class='ocrx_word' id='word_1_148' title='bbox 799 1786 1006 1828; x_wconf 81' lang='grc' dir='ltr'>συμβέβηκεν</span> <span class='ocrx_word' id='word_1_149' title='bbox 1033 1785 1150 1820; x_wconf 79' lang='grc' dir='ltr'>αὐτοῖς</span> <span class='ocrx_word' id='word_1_150' title='bbox 1176 1795 1261 1815; x_wconf 87' lang='grc' dir='ltr'>ειναι</span> <span class='ocrx_word' id='word_1_151' title='bbox 1287 1782 1367 1814; x_wconf 83' lang='grc' dir='ltr'>λιθί-</span> 
     </span>
     <span class='ocr_line' id='line_1_20' title="bbox 373 1827 1368 1876; baseline -0.002 -14"><span class='ocrx_word' id='word_1_152' title='bbox 373 1843 438 1868; x_wconf 88' lang='grc' dir='ltr'>νοις</span> <span class='ocrx_word' id='word_1_153' title='bbox 465 1829 486 1867; x_wconf 74' lang='grc' dir='ltr'>ἦ</span> <span class='ocrx_word' id='word_1_154' title='bbox 510 1832 634 1876; x_wconf 79' lang='grc' dir='ltr'>γηίνοις</span> <span class='ocrx_word' id='word_1_155' title='bbox 660 1827 680 1865; x_wconf 73' lang='grc' dir='ltr'>ἦ</span> <span class='ocrx_word' id='word_1_156' title='bbox 706 1833 834 1873; x_wconf 84' lang='grc' dir='ltr'>μικτοῖς</span> <span class='ocrx_word' id='word_1_157' title='bbox 861 1830 898 1861; x_wconf 82' lang='grc' dir='ltr'>ἐκ</span> <span class='ocrx_word' id='word_1_158' title='bbox 922 1828 1068 1869; x_wconf 78' lang='grc' dir='ltr'>τούτων,</span> <span class='ocrx_word' id='word_1_159' title='bbox 1095 1827 1175 1873; x_wconf 83' lang='grc' dir='ltr'>ἔχει,</span> <span class='ocrx_word' id='word_1_160' title='bbox 1194 1831 1251 1860; x_wconf 81' lang='grc' dir='ltr'>καὶ</span> <span class='ocrx_word' id='word_1_161' title='bbox 1273 1827 1368 1860; x_wconf 77' lang='grc' dir='ltr'>κατά</span> 
     </span>
     <span class='ocr_line' id='line_1_21' title="bbox 374 1876 560 1915; baseline -0.005 -8"><span class='ocrx_word' id='word_1_162' title='bbox 374 1876 560 1915; x_wconf 81' lang='grc' dir='ltr'>τοσοῦτον,</span> 
     </span>
    </p>
   </div>
   <div class='ocr_carea' id='block_1_7' title="bbox 372 1959 1368 2578">
    <p class='ocr_par' dir='ltr' id='par_1_7' title="bbox 372 1959 1368 2578">
     <span class='ocr_line' id='line_1_22' title="bbox 374 1959 1368 2006; baseline -0.005 -11"><span class='ocrx_word' id='word_1_163' title='bbox 374 1963 472 2000; x_wconf 83' lang='grc' dir='ltr'><strong>οὔσης</strong></span> <span class='ocrx_word' id='word_1_164' title='bbox 498 1962 560 1999; x_wconf 85' lang='grc' dir='ltr'>τῆς</span> <span class='ocrx_word' id='word_1_165' title='bbox 585 1959 710 2004; x_wconf 84' lang='grc' dir='ltr'>φύσεως</span> <span class='ocrx_word' id='word_1_166' title='bbox 746 1961 851 2006; x_wconf 74' lang='grc' dir='ltr'>ἀρχῆς</span> <span class='ocrx_word' id='word_1_167' title='bbox 877 1961 967 1999; x_wconf 76' lang='grc' dir='ltr'>τινὸς</span> <span class='ocrx_word' id='word_1_168' title='bbox 998 1962 1056 1992; x_wconf 81' lang='grc' dir='ltr'>καὶ</span> <span class='ocrx_word' id='word_1_169' title='bbox 1082 1961 1196 1998; x_wconf 79' lang='grc' dir='ltr'>αἰτίας</span> <span class='ocrx_word' id='word_1_170' title='bbox 1228 1960 1290 1992; x_wconf 73' lang='grc' dir='ltr'>τοῦ</span> <span class='ocrx_word' id='word_1_171' title='bbox 1319 1971 1368 1991; x_wconf 86' lang='grc' dir='ltr'>κι-</span> 
     </span>
     <span class='ocr_line' id='line_1_23' title="bbox 372 2002 1365 2050; baseline -0.003 -11"><span class='ocrx_word' id='word_1_172' title='bbox 372 2006 499 2039; x_wconf 77' lang='grc' dir='ltr'>νεῖσθαι</span> <span class='ocrx_word' id='word_1_173' title='bbox 522 2007 580 2038; x_wconf 81' lang='grc' dir='ltr'>καὶ</span> <span class='ocrx_word' id='word_1_174' title='bbox 605 2002 737 2049; x_wconf 76' lang='grc' dir='ltr'>ἠρεμεῖν</span> <span class='ocrx_word' id='word_1_175' title='bbox 757 2005 787 2037; x_wconf 81' lang='grc' dir='ltr'>ἐν</span> <span class='ocrx_word' id='word_1_176' title='bbox 807 2005 831 2047; x_wconf 70' lang='grc' dir='ltr'><em>ᾧ</em></span> <span class='ocrx_word' id='word_1_177' title='bbox 850 2006 994 2050; x_wconf 76' lang='grc' dir='ltr'>ὑπάρχει</span> <span class='ocrx_word' id='word_1_178' title='bbox 1012 2004 1149 2049; x_wconf 78' lang='grc' dir='ltr'>πρώτως</span> <span class='ocrx_word' id='word_1_179' title='bbox 1166 2003 1241 2036; x_wconf 79' lang='grc' dir='ltr'>καθ’</span> <span class='ocrx_word' id='word_1_180' title='bbox 1264 2003 1365 2044; x_wconf 87' lang='grc' dir='ltr'>αὑτό,</span> 
     </span>
     <span class='ocr_line' id='line_1_24' title="bbox 372 2044 1367 2095; baseline -0.003 -12"><span class='ocrx_word' id='word_1_181' title='bbox 372 2053 431 2083; x_wconf 82' lang='grc' dir='ltr'>καὶ</span> <span class='ocrx_word' id='word_1_182' title='bbox 455 2051 501 2095; x_wconf 73' lang='grc' dir='ltr'>μὴ</span> <span class='ocrx_word' id='word_1_183' title='bbox 525 2050 621 2082; x_wconf 86' lang='grc' dir='ltr'>κατοὶ</span> <span class='ocrx_word' id='word_1_184' title='bbox 636 2049 859 2093; x_wconf 79' lang='grc' dir='ltr'>συμβεβηκός.</span> <span class='ocrx_word' id='word_1_185' title='bbox 884 2051 980 2095; x_wconf 78' lang='grc' dir='ltr'>Λέγω</span> <span class='ocrx_word' id='word_1_186' title='bbox 997 2044 1034 2080; x_wconf 77' lang='grc' dir='ltr'>δὲ</span> <span class='ocrx_word' id='word_1_187' title='bbox 1052 2049 1092 2081; x_wconf 76' lang='grc' dir='ltr'>τὸ</span> <span class='ocrx_word' id='word_1_188' title='bbox 1110 2049 1157 2091; x_wconf 71' lang='grc' dir='ltr'>μή</span> <span class='ocrx_word' id='word_1_189' title='bbox 1174 2049 1270 2081; x_wconf 84' lang='grc' dir='ltr'>κατά</span> <span class='ocrx_word' id='word_1_190' title='bbox 1286 2060 1367 2091; x_wconf 86' lang='grc' dir='ltr'>συμ-</span> 
     </span>
     <span class='ocr_line' id='line_1_25' title="bbox 374 2092 1365 2139; baseline -0.002 -13"><span class='ocrx_word' id='word_1_191' title='bbox 374 2094 536 2136; x_wconf 82' lang='grc' dir='ltr'>βεβηκός,</span> <span class='ocrx_word' id='word_1_192' title='bbox 576 2092 628 2126; x_wconf 75' lang='grc' dir='ltr'>ὅτι</span> <span class='ocrx_word' id='word_1_193' title='bbox 661 2093 781 2139; x_wconf 85' lang='grc' dir='ltr'>γένοιτ’</span> <span class='ocrx_word' id='word_1_194' title='bbox 819 2093 857 2126; x_wconf 76' lang='grc' dir='ltr'>ἂν</span> <span class='ocrx_word' id='word_1_195' title='bbox 889 2096 993 2131; x_wconf 75' lang='grc' dir='ltr'>αὐτός</span> <span class='ocrx_word' id='word_1_196' title='bbox 1026 2094 1137 2134; x_wconf 75' lang='grc' dir='ltr'>ἑαυτῷ</span> <span class='ocrx_word' id='word_1_197' title='bbox 1172 2105 1221 2130; x_wconf 87' lang='grc' dir='ltr'>τις</span> <span class='ocrx_word' id='word_1_198' title='bbox 1257 2095 1365 2130; x_wconf 86' lang='grc' dir='ltr'>αἴτιος</span> 
     </span>
     <span class='ocr_line' id='line_1_26' title="bbox 375 2136 1363 2184; baseline -0.003 -14"><span class='ocrx_word' id='word_1_199' title='bbox 375 2140 521 2184; x_wconf 85' lang='grc' dir='ltr'>ὑγιείας,</span> <span class='ocrx_word' id='word_1_200' title='bbox 551 2136 592 2168; x_wconf 76' lang='grc' dir='ltr'>ὢν</span> <span class='ocrx_word' id='word_1_201' title='bbox 618 2137 747 2181; x_wconf 80' lang='grc' dir='ltr'>ἱατρός·</span> <span class='ocrx_word' id='word_1_202' title='bbox 777 2138 844 2168; x_wconf 82' lang='grc' dir='ltr'>ἀλλ’</span> <span class='ocrx_word' id='word_1_203' title='bbox 874 2137 960 2183; x_wconf 80' lang='grc' dir='ltr'>ὅμως</span> <span class='ocrx_word' id='word_1_204' title='bbox 986 2137 1023 2168; x_wconf 84' lang='grc' dir='ltr'>οὐ</span> <span class='ocrx_word' id='word_1_205' title='bbox 1047 2137 1132 2169; x_wconf 69' lang='lat' dir='ltr'>med</span> <span class='ocrx_word' id='word_1_206' title='bbox 1166 2136 1363 2182; x_wconf 78' lang='grc' dir='ltr'>ὑγιάζεται,</span> 
     </span>
     <span class='ocr_line' id='line_1_27' title="bbox 376 2180 1364 2226; baseline -0.002 -12"><span class='ocrx_word' id='word_1_207' title='bbox 376 2183 438 2219; x_wconf 67' lang='grc' dir='ltr'>τήν</span> <span class='ocrx_word' id='word_1_208' title='bbox 456 2180 612 2226; x_wconf 70' lang='grc' dir='ltr'>ἰατρικήν</span> <span class='ocrx_word' id='word_1_209' title='bbox 631 2180 712 2225; x_wconf 83' lang='grc' dir='ltr'>ἔχει,</span> <span class='ocrx_word' id='word_1_210' title='bbox 734 2181 823 2212; x_wconf 78' lang='grc' dir='ltr'>ἀλλά</span> <span class='ocrx_word' id='word_1_211' title='bbox 840 2182 1028 2226; x_wconf 83' lang='grc' dir='ltr'>συμβέβηκε</span> <span class='ocrx_word' id='word_1_212' title='bbox 1047 2181 1105 2213; x_wconf 74' lang='grc' dir='ltr'>τὸν</span> <span class='ocrx_word' id='word_1_213' title='bbox 1126 2181 1230 2213; x_wconf 81' lang='grc' dir='ltr'>αὑτὸν</span> <span class='ocrx_word' id='word_1_214' title='bbox 1249 2181 1364 2222; x_wconf 80' lang='grc' dir='ltr'>ἱατρὸν</span> 
     </span>
     <span class='ocr_line' id='line_1_28' title="bbox 374 2220 1361 2269; baseline -0.002 -11"><span class='ocrx_word' id='word_1_215' title='bbox 374 2223 460 2258; x_wconf 81' lang='grc' dir='ltr'>εἶναι</span> <span class='ocrx_word' id='word_1_216' title='bbox 483 2227 542 2257; x_wconf 84' lang='grc' dir='ltr'>καὶ</span> <span class='ocrx_word' id='word_1_217' title='bbox 567 2223 798 2269; x_wconf 85' lang='grc' dir='ltr'>ὑγιαζόμενον·</span> <span class='ocrx_word' id='word_1_218' title='bbox 826 2220 878 2257; x_wconf 73' lang='grc' dir='ltr'>διὸ</span> <span class='ocrx_word' id='word_1_219' title='bbox 902 2227 960 2258; x_wconf 81' lang='grc' dir='ltr'>καὶ</span> <span class='ocrx_word' id='word_1_220' title='bbox 986 2226 1166 2269; x_wconf 83' lang='grc' dir='ltr'>χωρίζεταί</span> <span class='ocrx_word' id='word_1_221' title='bbox 1194 2225 1271 2256; x_wconf 82' lang='grc' dir='ltr'>ποτ’</span> <span class='ocrx_word' id='word_1_222' title='bbox 1303 2222 1361 2256; x_wconf 78' lang='grc' dir='ltr'>ἀπ’</span> 
     </span>
     <span class='ocr_line' id='line_1_29' title="bbox 378 2263 1366 2313; baseline -0.002 -12"><span class='ocrx_word' id='word_1_223' title='bbox 378 2269 545 2306; x_wconf 73' lang='grc' dir='ltr'>ἀλλήλων.</span> <span class='ocrx_word' id='word_1_224' title='bbox 577 2270 714 2313; x_wconf 83' lang='grc' dir='ltr'>Ὁμοίως</span> <span class='ocrx_word' id='word_1_225' title='bbox 739 2263 776 2300; x_wconf 74' lang='grc' dir='ltr'>δὲ</span> <span class='ocrx_word' id='word_1_226' title='bbox 800 2270 858 2301; x_wconf 79' lang='grc' dir='ltr'>καὶ</span> <span class='ocrx_word' id='word_1_227' title='bbox 889 2271 955 2302; x_wconf 80' lang='grc' dir='ltr'>τῶν</span> <span class='ocrx_word' id='word_1_228' title='bbox 983 2270 1092 2301; x_wconf 84' lang='grc' dir='ltr'>ἄλλων</span> <span class='ocrx_word' id='word_1_229' title='bbox 1123 2268 1266 2300; x_wconf 77' lang='grc' dir='ltr'>ἕκαστον</span> <span class='ocrx_word' id='word_1_230' title='bbox 1300 2269 1366 2300; x_wconf 81' lang='grc' dir='ltr'>τῶν</span> 
     </span>
     <span class='ocr_line' id='line_1_30' title="bbox 375 2308 1364 2358; baseline -0.002 -13"><span class='ocrx_word' id='word_1_231' title='bbox 375 2313 594 2358; x_wconf 87' lang='grc' dir='ltr'>ποιουμένων·</span> <span class='ocrx_word' id='word_1_232' title='bbox 627 2308 722 2345; x_wconf 76' lang='grc' dir='ltr'>οὐδὲν</span> <span class='ocrx_word' id='word_1_233' title='bbox 753 2312 816 2358; x_wconf 77' lang='grc' dir='ltr'>γάρ</span> <span class='ocrx_word' id='word_1_234' title='bbox 851 2315 962 2346; x_wconf 79' lang='grc' dir='ltr'>αὐτῶν</span> <span class='ocrx_word' id='word_1_235' title='bbox 997 2313 1065 2358; x_wconf 79' lang='grc' dir='ltr'>ἔχει</span> <span class='ocrx_word' id='word_1_236' title='bbox 1095 2312 1158 2349; x_wconf 71' lang='grc' dir='ltr'>τήν</span> <span class='ocrx_word' id='word_1_237' title='bbox 1193 2310 1299 2356; x_wconf 70' lang='grc' dir='ltr'>ἀρχὴν</span> <span class='ocrx_word' id='word_1_238' title='bbox 1333 2313 1364 2344; x_wconf 78' lang='grc' dir='ltr'>ἐν</span> 
     </span>
     <span class='ocr_line' id='line_1_31' title="bbox 377 2355 1365 2401; baseline -0.002 -12"><span class='ocrx_word' id='word_1_239' title='bbox 377 2359 488 2399; x_wconf 80' lang='grc' dir='ltr'>ἑαυτῷ</span> <span class='ocrx_word' id='word_1_240' title='bbox 514 2358 575 2395; x_wconf 78' lang='grc' dir='ltr'>τῆς</span> <span class='ocrx_word' id='word_1_241' title='bbox 607 2356 793 2396; x_wconf 72' lang='grc' dir='ltr'>ποιήσεως,</span> <span class='ocrx_word' id='word_1_242' title='bbox 830 2358 918 2390; x_wconf 79' lang='grc' dir='ltr'>ἀλλά</span> <span class='ocrx_word' id='word_1_243' title='bbox 943 2357 990 2390; x_wconf 78' lang='grc' dir='ltr'>τά</span> <span class='ocrx_word' id='word_1_244' title='bbox 1013 2357 1071 2401; x_wconf 74' lang='grc' dir='ltr'>μὲν</span> <span class='ocrx_word' id='word_1_245' title='bbox 1098 2355 1130 2388; x_wconf 81' lang='grc' dir='ltr'>ἐν</span> <span class='ocrx_word' id='word_1_246' title='bbox 1164 2357 1276 2394; x_wconf 84' lang='grc' dir='ltr'>ἄλλοις</span> <span class='ocrx_word' id='word_1_247' title='bbox 1306 2358 1365 2388; x_wconf 79' lang='grc' dir='ltr'>καὶ</span> 
     </span>
     <span class='ocr_line' id='line_1_32' title="bbox 374 2400 1364 2445; baseline -0.003 -11"><span class='ocrx_word' id='word_1_248' title='bbox 374 2401 506 2442; x_wconf 84' lang='grc' dir='ltr'>ἔξωθεν,</span> <span class='ocrx_word' id='word_1_249' title='bbox 533 2402 600 2433; x_wconf 86' lang='grc' dir='ltr'>οἷον</span> <span class='ocrx_word' id='word_1_250' title='bbox 627 2402 715 2433; x_wconf 81' lang='grc' dir='ltr'><strong>οἰκία</strong></span> <span class='ocrx_word' id='word_1_251' title='bbox 738 2403 796 2431; x_wconf 84' lang='grc' dir='ltr'>καὶ</span> <span class='ocrx_word' id='word_1_252' title='bbox 821 2402 887 2433; x_wconf 87' lang='grc' dir='ltr'>τῶν</span> <span class='ocrx_word' id='word_1_253' title='bbox 915 2403 1022 2434; x_wconf 79' lang='grc' dir='ltr'>ἄλλων</span> <span class='ocrx_word' id='word_1_254' title='bbox 1049 2402 1115 2433; x_wconf 86' lang='grc' dir='ltr'>τῶν</span> <span class='ocrx_word' id='word_1_255' title='bbox 1133 2400 1364 2445; x_wconf 74' lang='grc' dir='ltr'>χειροκμήτων</span> 
     </span>
     <span class='ocr_line' id='line_1_33' title="bbox 375 2441 1362 2490; baseline -0.001 -13"><span class='ocrx_word' id='word_1_256' title='bbox 375 2445 540 2486; x_wconf 85' lang='grc' dir='ltr'>ἕκαστον,</span> <span class='ocrx_word' id='word_1_257' title='bbox 567 2445 615 2477; x_wconf 83' lang='grc' dir='ltr'>τά</span> <span class='ocrx_word' id='word_1_258' title='bbox 637 2441 667 2476; x_wconf 80' lang='grc' dir='ltr'>δ’</span> <span class='ocrx_word' id='word_1_259' title='bbox 697 2445 729 2475; x_wconf 83' lang='grc' dir='ltr'>ἐν</span> <span class='ocrx_word' id='word_1_260' title='bbox 756 2446 872 2483; x_wconf 82' lang='grc' dir='ltr'>αὑτοῖς</span> <span class='ocrx_word' id='word_1_261' title='bbox 898 2446 956 2490; x_wconf 81' lang='grc' dir='ltr'>μὲν</span> <span class='ocrx_word' id='word_1_262' title='bbox 985 2443 1058 2478; x_wconf 83' lang='grc' dir='ltr'>ἀλλ’</span> <span class='ocrx_word' id='word_1_263' title='bbox 1085 2442 1122 2477; x_wconf 83' lang='grc' dir='ltr'>οὑ</span> <span class='ocrx_word' id='word_1_264' title='bbox 1146 2443 1222 2476; x_wconf 82' lang='grc' dir='ltr'>καθ’</span> <span class='ocrx_word' id='word_1_265' title='bbox 1251 2444 1362 2485; x_wconf 86' lang='grc' dir='ltr'>αὑτά,</span> 
     </span>
     <span class='ocr_line' id='line_1_34' title="bbox 375 2488 1363 2536; baseline -0.002 -15"><span class='ocrx_word' id='word_1_266' title='bbox 375 2488 437 2522; x_wconf 75' lang='grc' dir='ltr'>ὅσα</span> <span class='ocrx_word' id='word_1_267' title='bbox 453 2490 548 2522; x_wconf 84' lang='grc' dir='ltr'>κατσὶ</span> <span class='ocrx_word' id='word_1_268' title='bbox 564 2488 770 2534; x_wconf 75' lang='grc' dir='ltr'>συμβεβηκὸς</span> <span class='ocrx_word' id='word_1_269' title='bbox 789 2491 886 2522; x_wconf 88' lang='grc' dir='ltr'>αἴτια</span> <span class='ocrx_word' id='word_1_270' title='bbox 902 2490 1020 2536; x_wconf 82' lang='grc' dir='ltr'>γένοιτ’</span> <span class='ocrx_word' id='word_1_271' title='bbox 1049 2488 1086 2521; x_wconf 77' lang='grc' dir='ltr'>ἂν</span> <span class='ocrx_word' id='word_1_272' title='bbox 1106 2490 1236 2526; x_wconf 81' lang='grc' dir='ltr'>αὑτοῖς.</span> <span class='ocrx_word' id='word_1_273' title='bbox 1263 2488 1363 2526; x_wconf 84' lang='grc' dir='ltr'>Φύσις</span> 
     </span>
     <span class='ocr_line' id='line_1_35' title="bbox 372 2531 808 2578; baseline -0.002 -12"><span class='ocrx_word' id='word_1_274' title='bbox 372 2534 430 2578; x_wconf 78' lang='grc' dir='ltr'>μὲν</span> <span class='ocrx_word' id='word_1_275' title='bbox 456 2532 511 2566; x_wconf 77' lang='grc' dir='ltr'>οὖν</span> <span class='ocrx_word' id='word_1_276' title='bbox 538 2534 610 2566; x_wconf 79' lang='grc' dir='ltr'>ἐστὶ</span> <span class='ocrx_word' id='word_1_277' title='bbox 635 2533 676 2566; x_wconf 73' lang='grc' dir='ltr'>τὸ</span> <span class='ocrx_word' id='word_1_278' title='bbox 699 2531 808 2577; x_wconf 84' lang='grc' dir='ltr'>ῥηθέν.</span> 
     </span>
    </p>
   </div>
   <div class='ocr_carea' id='block_1_8' title="bbox 306 2573 1363 2623">
    <p class='ocr_par' dir='ltr' id='par_1_8' title="bbox 306 2573 1363 2623">
     <span class='ocr_line' id='line_1_36' title="bbox 306 2573 1363 2623; baseline -0.002 -13"><span class='ocrx_word' id='word_1_279' title='bbox 306 2577 408 2610; x_wconf 89' lang='grc' dir='ltr'>Φύσιν</span> <span class='ocrx_word' id='word_1_280' title='bbox 427 2573 464 2610; x_wconf 80' lang='grc' dir='ltr'>δὲ</span> <span class='ocrx_word' id='word_1_281' title='bbox 482 2578 551 2623; x_wconf 78' lang='grc' dir='ltr'>ἔχει</span> <span class='ocrx_word' id='word_1_282' title='bbox 570 2577 634 2610; x_wconf 87' lang='grc' dir='ltr'>ὅσα</span> <span class='ocrx_word' id='word_1_283' title='bbox 651 2575 816 2614; x_wconf 81' lang='grc' dir='ltr'>τοιαύτην</span> <span class='ocrx_word' id='word_1_284' title='bbox 836 2577 905 2622; x_wconf 83' lang='grc' dir='ltr'>ἔχει</span> <span class='ocrx_word' id='word_1_285' title='bbox 925 2577 1043 2623; x_wconf 66' lang='grc' dir='ltr'>ἀρχήν.</span> <span class='ocrx_word' id='word_1_286' title='bbox 1070 2579 1136 2609; x_wconf 85' lang='grc' dir='ltr'>Καὶ</span> <span class='ocrx_word' id='word_1_287' title='bbox 1155 2578 1227 2609; x_wconf 82' lang='grc' dir='ltr'>ἔστι</span> <span class='ocrx_word' id='word_1_288' title='bbox 1246 2576 1363 2609; x_wconf 85' lang='grc' dir='ltr'>πάντα</span> 
     </span>
    </p>
   </div>
   <div class='ocr_carea' id='block_1_9' title="bbox 373 2620 1363 2711">
    <p class='ocr_par' dir='ltr' id='par_1_9' title="bbox 373 2620 1363 2711">
     <span class='ocr_line' id='line_1_37' title="bbox 373 2620 1363 2667; baseline -0.002 -13"><span class='ocrx_word' id='word_1_289' title='bbox 373 2623 490 2655; x_wconf 81' lang='grc' dir='ltr'>ταῦτα</span> <span class='ocrx_word' id='word_1_290' title='bbox 515 2623 627 2654; x_wconf 84' lang='grc' dir='ltr'>οὐσία·</span> <span class='ocrx_word' id='word_1_291' title='bbox 654 2623 870 2666; x_wconf 80' lang='grc' dir='ltr'>ὑποκείμενον</span> <span class='ocrx_word' id='word_1_292' title='bbox 894 2634 958 2667; x_wconf 85' lang='grc' dir='ltr'>γαρ</span> <span class='ocrx_word' id='word_1_293' title='bbox 977 2634 1010 2654; x_wconf 91' lang='grc' dir='ltr'>τι</span> <span class='ocrx_word' id='word_1_294' title='bbox 1026 2624 1084 2654; x_wconf 89' lang='grc' dir='ltr'>καὶ</span> <span class='ocrx_word' id='word_1_295' title='bbox 1103 2622 1136 2654; x_wconf 86' lang='grc' dir='ltr'>ἑν</span> <span class='ocrx_word' id='word_1_296' title='bbox 1159 2620 1363 2666; x_wconf 80' lang='grc' dir='ltr'>ὑποκειμένῳ</span> 
     </span>
     <span class='ocr_line' id='line_1_38' title="bbox 374 2666 718 2711; baseline -0.006 -13"><span class='ocrx_word' id='word_1_297' title='bbox 374 2667 464 2699; x_wconf 84' lang='grc' dir='ltr'>ἐστὶν</span> <span class='ocrx_word' id='word_1_298' title='bbox 490 2667 510 2702; x_wconf 78' lang='grc' dir='ltr'>ἡ</span> <span class='ocrx_word' id='word_1_299' title='bbox 536 2666 628 2711; x_wconf 80' lang='grc' dir='ltr'>φύσις</span> <span class='ocrx_word' id='word_1_300' title='bbox 656 2667 718 2698; x_wconf 78' lang='grc' dir='ltr'>ἀεί.</span> 
     </span>
    </p>
   </div>
   <div class='ocr_carea' id='block_1_10' title="bbox 307 2706 1364 2754">
    <p class='ocr_par' dir='ltr' id='par_1_10' title="bbox 307 2706 1364 2754">
     <span class='ocr_line' id='line_1_39' title="bbox 307 2706 1364 2754; baseline -0.001 -11"><span class='ocrx_word' id='word_1_301' title='bbox 307 2710 411 2743; x_wconf 78' lang='grc' dir='ltr'>Κατοὶ</span> <span class='ocrx_word' id='word_1_302' title='bbox 433 2709 527 2753; x_wconf 83' lang='grc' dir='ltr'>φύσιν</span> <span class='ocrx_word' id='word_1_303' title='bbox 552 2706 590 2742; x_wconf 74' lang='grc' dir='ltr'>δὲ</span> <span class='ocrx_word' id='word_1_304' title='bbox 616 2707 734 2742; x_wconf 82' lang='grc' dir='ltr'>ταῦτά</span> <span class='ocrx_word' id='word_1_305' title='bbox 757 2721 796 2741; x_wconf 89' lang='grc' dir='ltr'>τε</span> <span class='ocrx_word' id='word_1_306' title='bbox 813 2710 871 2740; x_wconf 86' lang='grc' dir='ltr'>καὶ</span> <span class='ocrx_word' id='word_1_307' title='bbox 891 2708 952 2741; x_wconf 77' lang='grc' dir='ltr'>ὅσα</span> <span class='ocrx_word' id='word_1_308' title='bbox 971 2709 1106 2747; x_wconf 84' lang='grc' dir='ltr'>τούτοις</span> <span class='ocrx_word' id='word_1_309' title='bbox 1129 2709 1273 2754; x_wconf 77' lang='grc' dir='ltr'>ὑπάρχει</span> <span class='ocrx_word' id='word_1_310' title='bbox 1289 2708 1364 2742; x_wconf 82' lang='grc' dir='ltr'>καθ’</span> 
     </span>
    </p>
   </div>
   <div class='ocr_carea' id='block_1_11' title="bbox 370 2751 1365 2931">
    <p class='ocr_par' dir='ltr' id='par_1_11' title="bbox 370 2751 1365 2931">
     <span class='ocr_line' id='line_1_40' title="bbox 375 2751 1363 2799; baseline -0.002 -13"><span class='ocrx_word' id='word_1_311' title='bbox 375 2754 480 2795; x_wconf 85' lang='grc' dir='ltr'>αὑτά,</span> <span class='ocrx_word' id='word_1_312' title='bbox 501 2755 567 2786; x_wconf 83' lang='grc' dir='ltr'>οἷον</span> <span class='ocrx_word' id='word_1_313' title='bbox 594 2751 641 2796; x_wconf 81' lang='grc' dir='ltr'>τῷ</span> <span class='ocrx_word' id='word_1_314' title='bbox 666 2754 741 2795; x_wconf 82' lang='grc' dir='ltr'>πυρὶ</span> <span class='ocrx_word' id='word_1_315' title='bbox 767 2752 921 2796; x_wconf 80' lang='grc' dir='ltr'>φέρεσθαι</span> <span class='ocrx_word' id='word_1_316' title='bbox 949 2752 1027 2785; x_wconf 80' lang='grc' dir='ltr'>ἄνω·</span> <span class='ocrx_word' id='word_1_317' title='bbox 1054 2755 1159 2786; x_wconf 81' lang='grc' dir='ltr'>τοῦτο</span> <span class='ocrx_word' id='word_1_318' title='bbox 1185 2755 1248 2799; x_wconf 77' lang='grc' dir='ltr'>γάρ</span> <span class='ocrx_word' id='word_1_319' title='bbox 1271 2754 1363 2797; x_wconf 76' lang='grc' dir='ltr'>φύσις</span> 
     </span>
     <span class='ocr_line' id='line_1_41' title="bbox 375 2793 1365 2843; baseline 0.001 -13"><span class='ocrx_word' id='word_1_320' title='bbox 375 2798 432 2843; x_wconf 81' lang='grc' dir='ltr'>μὲν</span> <span class='ocrx_word' id='word_1_321' title='bbox 460 2799 517 2830; x_wconf 82' lang='grc' dir='ltr'>οὐκ</span> <span class='ocrx_word' id='word_1_322' title='bbox 549 2798 660 2838; x_wconf 82' lang='grc' dir='ltr'>ἔστιν,</span> <span class='ocrx_word' id='word_1_323' title='bbox 688 2793 757 2830; x_wconf 67' lang='grc' dir='ltr'>οὐδ’</span> <span class='ocrx_word' id='word_1_324' title='bbox 787 2797 855 2842; x_wconf 84' lang='grc' dir='ltr'>ἔχει</span> <span class='ocrx_word' id='word_1_325' title='bbox 880 2797 988 2840; x_wconf 85' lang='grc' dir='ltr'>φύσιν·</span> <span class='ocrx_word' id='word_1_326' title='bbox 1014 2797 1108 2840; x_wconf 82' lang='grc' dir='ltr'>φύσει</span> <span class='ocrx_word' id='word_1_327' title='bbox 1132 2793 1246 2829; x_wconf 78' lang='grc' dir='ltr'>δὲκαὶ</span> <span class='ocrx_word' id='word_1_328' title='bbox 1269 2799 1365 2831; x_wconf 78' lang='grc' dir='ltr'>κατά</span> 
     </span>
     <span class='ocr_line' id='line_1_42' title="bbox 370 2840 1363 2886; baseline 0 -12"><span class='ocrx_word' id='word_1_329' title='bbox 370 2841 468 2885; x_wconf 47' lang='grc' dir='ltr'>,φύσιν</span> <span class='ocrx_word' id='word_1_330' title='bbox 496 2841 582 2875; x_wconf 81' lang='grc' dir='ltr'>ἐστί.</span> <span class='ocrx_word' id='word_1_331' title='bbox 608 2844 644 2873; x_wconf 85' lang='grc' dir='ltr'>Τί</span> <span class='ocrx_word' id='word_1_332' title='bbox 671 2843 728 2886; x_wconf 80' lang='grc' dir='ltr'>μὲν</span> <span class='ocrx_word' id='word_1_333' title='bbox 756 2840 810 2873; x_wconf 65' lang='grc' dir='ltr'>οὖν</span> <span class='ocrx_word' id='word_1_334' title='bbox 837 2840 926 2874; x_wconf 81' lang='grc' dir='ltr'>ἐστὶν</span> <span class='ocrx_word' id='word_1_335' title='bbox 953 2842 973 2879; x_wconf 76' lang='grc' dir='ltr'>ἡ</span> <span class='ocrx_word' id='word_1_336' title='bbox 999 2840 1110 2884; x_wconf 84' lang='grc' dir='ltr'>φύσις,</span> <span class='ocrx_word' id='word_1_337' title='bbox 1137 2844 1281 2886; x_wconf 82' lang='grc' dir='ltr'>εἴρηται,</span> <span class='ocrx_word' id='word_1_338' title='bbox 1306 2845 1363 2874; x_wconf 84' lang='grc' dir='ltr'>καὶ</span> 
     </span>
     <span class='ocr_line' id='line_1_43' title="bbox 374 2885 938 2931; baseline -0.004 -13"><span class='ocrx_word' id='word_1_339' title='bbox 374 2889 408 2918; x_wconf 83' lang='grc' dir='ltr'>τί</span> <span class='ocrx_word' id='word_1_340' title='bbox 433 2887 474 2918; x_wconf 79' lang='grc' dir='ltr'>τὸ</span> <span class='ocrx_word' id='word_1_341' title='bbox 499 2886 606 2931; x_wconf 89' lang='grc' dir='ltr'>φύσει,</span> <span class='ocrx_word' id='word_1_342' title='bbox 632 2889 690 2918; x_wconf 84' lang='grc' dir='ltr'>καὶ</span> <span class='ocrx_word' id='word_1_343' title='bbox 713 2885 811 2931; x_wconf 52' lang='grc' dir='ltr'>κατά</span> <span class='ocrx_word' id='word_1_344' title='bbox 832 2885 938 2930; x_wconf 87' lang='grc' dir='ltr'>φύσιν.</span> 
     </span>
    </p>
   </div>
   <div class='ocr_carea' id='block_1_12' title="bbox 300 2968 1364 3028">
    <p class='ocr_par' dir='ltr' id='par_1_12' title="bbox 300 2968 1364 3028">
     <span class='ocr_line' id='line_1_44' title="bbox 300 2968 1364 3019; baseline 0.002 -15"><span class='ocrx_word' id='word_1_345' title='bbox 300 2974 357 3012; x_wconf 72' lang='grc' dir='ltr'>Ὠς</span> <span class='ocrx_word' id='word_1_346' title='bbox 381 2968 413 3005; x_wconf 79' lang='grc' dir='ltr'>δ’</span> <span class='ocrx_word' id='word_1_347' title='bbox 442 2973 533 3006; x_wconf 85' lang='grc' dir='ltr'>ἔστιν</span> <span class='ocrx_word' id='word_1_348' title='bbox 559 2975 579 3010; x_wconf 79' lang='grc' dir='ltr'>η</span> <span class='ocrx_word' id='word_1_349' title='bbox 606 2974 711 3018; x_wconf 75' lang='grc' dir='ltr'>φύσις,</span> <span class='ocrx_word' id='word_1_350' title='bbox 738 2973 916 3017; x_wconf 77' lang='grc' dir='ltr'>πειρᾶσθαι</span> <span class='ocrx_word' id='word_1_351' title='bbox 940 2968 1110 3004; x_wconf 70' lang='grc' dir='ltr'>δεικνύναι</span> <span class='ocrx_word' id='word_1_352' title='bbox 1134 2975 1277 3019; x_wconf 83' lang='grc' dir='ltr'>γελοῖον·</span> <span class='ocrx_word' id='word_1_353' title='bbox 1304 2986 1364 3017; x_wconf 88' lang='grc' dir='ltr'>φα-</span> 
     </span>
     <span class='ocr_line' id='line_1_45' title="bbox 588 3017 593 3028; baseline 0 0"><span class='ocrx_word' id='word_1_354' title='bbox 588 3017 593 3028; x_wconf 83' lang='grc'><strong><em>1</em></strong></span> 
     </span>
    </p>
   </div>
   <div class='ocr_carea' id='block_1_13' title="bbox 371 3015 1365 3329">
    <p class='ocr_par' dir='ltr' id='par_1_13' title="bbox 371 3015 1365 3329">
     <span class='ocr_line' id='line_1_46' title="bbox 372 3015 1364 3064; baseline 0 -15"><span class='ocrx_word' id='word_1_355' title='bbox 372 3018 462 3062; x_wconf 80' lang='grc' dir='ltr'>νερὸν</span> <span class='ocrx_word' id='word_1_356' title='bbox 487 3018 551 3064; x_wconf 82' lang='grc' dir='ltr'>γάρ</span> <span class='ocrx_word' id='word_1_357' title='bbox 578 3019 630 3051; x_wconf 82' lang='grc' dir='ltr'>ὁτι</span> <span class='ocrx_word' id='word_1_358' title='bbox 656 3019 806 3052; x_wconf 79' lang='grc' dir='ltr'>τοιαῦτα</span> <span class='ocrx_word' id='word_1_359' title='bbox 837 3019 901 3050; x_wconf 80' lang='grc' dir='ltr'>τῶν</span> <span class='ocrx_word' id='word_1_360' title='bbox 930 3017 1034 3050; x_wconf 81' lang='grc' dir='ltr'>ὄντων</span> <span class='ocrx_word' id='word_1_361' title='bbox 1061 3015 1133 3051; x_wconf 82' lang='grc' dir='ltr'>ἐστὶ</span> <span class='ocrx_word' id='word_1_362' title='bbox 1159 3018 1282 3051; x_wconf 80' lang='grc' dir='ltr'>πολλά.</span> <span class='ocrx_word' id='word_1_363' title='bbox 1320 3019 1364 3050; x_wconf 78' lang='grc' dir='ltr'>Τὸ</span> 
     </span>
     <span class='ocr_line' id='line_1_47' title="bbox 373 3057 1365 3106; baseline 0.001 -13"><span class='ocrx_word' id='word_1_364' title='bbox 373 3057 410 3094; x_wconf 81' lang='grc' dir='ltr'>δὲ</span> <span class='ocrx_word' id='word_1_365' title='bbox 434 3058 602 3094; x_wconf 78' lang='grc' dir='ltr'>δεικνύναι</span> <span class='ocrx_word' id='word_1_366' title='bbox 633 3063 679 3095; x_wconf 77' lang='grc' dir='ltr'>τοὶ</span> <span class='ocrx_word' id='word_1_367' title='bbox 703 3062 830 3106; x_wconf 80' lang='grc' dir='ltr'>φανερά</span> <span class='ocrx_word' id='word_1_368' title='bbox 853 3061 912 3094; x_wconf 67' lang='grc' dir='ltr'>διὰ</span> <span class='ocrx_word' id='word_1_369' title='bbox 935 3062 1001 3093; x_wconf 84' lang='grc' dir='ltr'>τῶν</span> <span class='ocrx_word' id='word_1_370' title='bbox 1035 3059 1167 3105; x_wconf 79' lang='grc' dir='ltr'>ἀφανῶν</span> <span class='ocrx_word' id='word_1_371' title='bbox 1201 3061 1236 3094; x_wconf 86' lang='grc' dir='ltr'>ού</span> <span class='ocrx_word' id='word_1_372' title='bbox 1263 3058 1365 3094; x_wconf 70' lang='grc' dir='ltr'>δυνα-</span> 
     </span>
     <span class='ocr_line' id='line_1_48' title="bbox 373 3101 1364 3152; baseline 0.001 -15"><span class='ocrx_word' id='word_1_373' title='bbox 373 3105 471 3149; x_wconf 87' lang='grc' dir='ltr'>μένου</span> <span class='ocrx_word' id='word_1_374' title='bbox 495 3109 612 3148; x_wconf 82' lang='grc' dir='ltr'>κρίνειν</span> <span class='ocrx_word' id='word_1_375' title='bbox 639 3106 712 3139; x_wconf 81' lang='grc' dir='ltr'>ἐστὶ</span> <span class='ocrx_word' id='word_1_376' title='bbox 738 3107 777 3139; x_wconf 70' lang='grc' dir='ltr'>τὸ</span> <span class='ocrx_word' id='word_1_377' title='bbox 802 3101 838 3136; x_wconf 76' lang='grc' dir='ltr'>δι’</span> <span class='ocrx_word' id='word_1_378' title='bbox 861 3106 948 3138; x_wconf 79' lang='grc' dir='ltr'>αὐτὸ</span> <span class='ocrx_word' id='word_1_379' title='bbox 972 3108 1029 3137; x_wconf 76' lang='grc' dir='ltr'>καὶ</span> <span class='ocrx_word' id='word_1_380' title='bbox 1055 3107 1102 3149; x_wconf 70' lang='grc' dir='ltr'>μή</span> <span class='ocrx_word' id='word_1_381' title='bbox 1119 3102 1156 3138; x_wconf 77' lang='grc' dir='ltr'>δι’</span> <span class='ocrx_word' id='word_1_382' title='bbox 1179 3107 1265 3140; x_wconf 70' lang='grc' dir='ltr'>αὑτό</span> <span class='ocrx_word' id='word_1_383' title='bbox 1282 3107 1364 3152; x_wconf 76' lang='grc' dir='ltr'>γνώ-</span> 
     </span>
     <span class='ocr_line' id='line_1_49' title="bbox 373 3146 1360 3196; baseline 0.003 -17"><span class='ocrx_word' id='word_1_384' title='bbox 373 3161 477 3193; x_wconf 87' lang='grc' dir='ltr'>ριμον.</span> <span class='ocrx_word' id='word_1_385' title='bbox 497 3149 573 3183; x_wconf 69' lang='grc' dir='ltr'>’Ότι</span> <span class='ocrx_word' id='word_1_386' title='bbox 589 3146 620 3182; x_wconf 78' lang='grc' dir='ltr'>δ’</span> <span class='ocrx_word' id='word_1_387' title='bbox 642 3147 819 3196; x_wconf 73' lang='grc' dir='ltr'>ἐνδέχεται</span> <span class='ocrx_word' id='word_1_388' title='bbox 838 3151 942 3183; x_wconf 76' lang='grc' dir='ltr'>τοῦτο</span> <span class='ocrx_word' id='word_1_389' title='bbox 969 3150 1124 3194; x_wconf 76' lang='grc' dir='ltr'>πάσχειν,</span> <span class='ocrx_word' id='word_1_390' title='bbox 1145 3151 1203 3182; x_wconf 85' lang='grc' dir='ltr'>οὐκ</span> <span class='ocrx_word' id='word_1_391' title='bbox 1223 3147 1360 3188; x_wconf 75' lang='grc' dir='ltr'>ἄδηλον·</span> 
     </span>
     <span class='ocr_line' id='line_1_50' title="bbox 372 3194 1361 3248; baseline 0.002 -24"><span class='ocrx_word' id='word_1_392' title='bbox 372 3195 612 3248; x_wconf 58' lang='grc' dir='ltr'>συλλογίσαιτο</span> <span class='ocrx_word' id='word_1_393' title='bbox 637 3195 701 3241; x_wconf 81' lang='grc' dir='ltr'>γάρ</span> <span class='ocrx_word' id='word_1_394' title='bbox 729 3197 767 3228; x_wconf 83' lang='grc' dir='ltr'>ἄν</span> <span class='ocrx_word' id='word_1_395' title='bbox 793 3207 842 3233; x_wconf 87' lang='grc' dir='ltr'>τις</span> <span class='ocrx_word' id='word_1_396' title='bbox 868 3195 904 3227; x_wconf 81' lang='grc' dir='ltr'>ἐκ</span> <span class='ocrx_word' id='word_1_397' title='bbox 928 3198 1068 3239; x_wconf 77' lang='grc' dir='ltr'>γενετῆς</span> <span class='ocrx_word' id='word_1_398' title='bbox 1087 3194 1129 3226; x_wconf 78' lang='grc' dir='ltr'>ὢν</span> <span class='ocrx_word' id='word_1_399' title='bbox 1148 3196 1268 3240; x_wconf 73' lang='grc' dir='ltr'>τυφλὸς</span> <span class='ocrx_word' id='word_1_400' title='bbox 1288 3198 1361 3237; x_wconf 85' lang='grc' dir='ltr'>περὶ</span> 
     </span>
     <span class='ocr_line' id='line_1_51' title="bbox 371 3238 1361 3283; baseline 0.003 -15"><span class='ocrx_word' id='word_1_401' title='bbox 371 3250 571 3282; x_wconf 84' lang='grc' dir='ltr'>χρωματων·</span> <span class='ocrx_word' id='word_1_402' title='bbox 605 3238 692 3272; x_wconf 77' lang='grc' dir='ltr'>ὥστε</span> <span class='ocrx_word' id='word_1_403' title='bbox 726 3239 854 3282; x_wconf 79' lang='grc' dir='ltr'>ἀνάγκη</span> <span class='ocrx_word' id='word_1_404' title='bbox 887 3244 957 3276; x_wconf 84' lang='grc' dir='ltr'>τοῖς</span> <span class='ocrx_word' id='word_1_405' title='bbox 990 3239 1158 3276; x_wconf 83' lang='grc' dir='ltr'>τοιούτοις</span> <span class='ocrx_word' id='word_1_406' title='bbox 1192 3242 1263 3283; x_wconf 80' lang='grc' dir='ltr'>περὶ</span> <span class='ocrx_word' id='word_1_407' title='bbox 1296 3242 1361 3273; x_wconf 83' lang='grc' dir='ltr'>τῶν</span> 
     </span>
     <span class='ocr_line' id='line_1_52' title="bbox 375 3278 1192 3329; baseline 0 -15"><span class='ocrx_word' id='word_1_408' title='bbox 375 3281 549 3325; x_wconf 77' lang='grc' dir='ltr'>ὀνομάτων</span> <span class='ocrx_word' id='word_1_409' title='bbox 575 3280 659 3315; x_wconf 84' lang='grc' dir='ltr'>εἶναι</span> <span class='ocrx_word' id='word_1_410' title='bbox 684 3283 742 3316; x_wconf 75' lang='grc' dir='ltr'>τὸν</span> <span class='ocrx_word' id='word_1_411' title='bbox 767 3285 881 3329; x_wconf 79' lang='grc' dir='ltr'>λόγον,</span> <span class='ocrx_word' id='word_1_412' title='bbox 907 3286 990 3315; x_wconf 84' lang='grc' dir='ltr'>νοεῖν</span> <span class='ocrx_word' id='word_1_413' title='bbox 1016 3279 1053 3315; x_wconf 69' lang='grc' dir='ltr'>δὲ</span> <span class='ocrx_word' id='word_1_414' title='bbox 1078 3278 1192 3327; x_wconf 70' lang='grc' dir='ltr'>μηδέν.</span> 
     </span>
    </p>
   </div>
   <div class='ocr_carea' id='block_1_14' title="bbox 358 3394 1360 3431">
    <p class='ocr_par' dir='ltr' id='par_1_14' title="bbox 358 3394 1360 3431">
     <span class='ocr_line' id='line_1_53' title="bbox 358 3394 1360 3431; baseline 0.002 -9"><span class='ocrx_word' id='word_1_415' title='bbox 358 3395 508 3422; x_wconf 68' lang='lat' dir='ltr'>Smopsxs.</span> <span class='ocrx_word' id='word_1_416' title='bbox 525 3411 558 3415; x_wconf 93' lang='lat'><em>-</em></span> <span class='ocrx_word' id='word_1_417' title='bbox 579 3403 602 3422; x_wconf 92' lang='lat'>1.</span> <span class='ocrx_word' id='word_1_418' title='bbox 624 3395 832 3431; x_wconf 81' lang='lat' dir='ltr'><strong>Argumentum</strong></span> <span class='ocrx_word' id='word_1_419' title='bbox 850 3401 878 3422; x_wconf 90' lang='lat' dir='ltr'>et</span> <span class='ocrx_word' id='word_1_420' title='bbox 891 3394 992 3422; x_wconf 86' lang='lat' dir='ltr'>divisio</span> <span class='ocrx_word' id='word_1_421' title='bbox 1013 3394 1086 3430; x_wconf 83' lang='lat' dir='ltr'>libri,</span> <span class='ocrx_word' id='word_1_422' title='bbox 1105 3401 1205 3431; x_wconf 86' lang='lat' dir='ltr'>postea</span> <span class='ocrx_word' id='word_1_423' title='bbox 1226 3402 1325 3425; x_wconf 84' lang='lat' dir='ltr'>textus.</span> <span class='ocrx_word' id='word_1_424' title='bbox 1341 3414 1360 3418; x_wconf 91' lang='lat'><em>-</em></span> 
     </span>
    </p>
   </div>
   <div class='ocr_carea' id='block_1_15' title="bbox 302 3433 1360 3588">
    <p class='ocr_par' dir='ltr' id='par_1_15' title="bbox 302 3433 1360 3588">
     <span class='ocr_line' id='line_1_54' title="bbox 304 3433 1360 3470; baseline 0.001 -8"><span class='ocrx_word' id='word_1_425' title='bbox 304 3442 333 3462; x_wconf 82' lang='lat'>2.</span> <span class='ocrx_word' id='word_1_426' title='bbox 350 3435 431 3469; x_wconf 85' lang='lat' dir='ltr'>Quae</span> <span class='ocrx_word' id='word_1_427' title='bbox 446 3444 463 3462; x_wconf 89' lang='lat' dir='ltr'>a</span> <span class='ocrx_word' id='word_1_428' title='bbox 476 3440 579 3462; x_wconf 87' lang='lat' dir='ltr'>natura</span> <span class='ocrx_word' id='word_1_429' title='bbox 599 3441 673 3469; x_wconf 88' lang='lat' dir='ltr'>sunt,</span> <span class='ocrx_word' id='word_1_430' title='bbox 688 3435 794 3462; x_wconf 88' lang='lat' dir='ltr'>habent</span> <span class='ocrx_word' id='word_1_431' title='bbox 808 3434 837 3461; x_wconf 89' lang='lat' dir='ltr'>in</span> <span class='ocrx_word' id='word_1_432' title='bbox 852 3443 881 3462; x_wconf 89' lang='lat' dir='ltr'>se</span> <span class='ocrx_word' id='word_1_433' title='bbox 896 3433 1066 3470; x_wconf 87' lang='lat' dir='ltr'>principium</span> <span class='ocrx_word' id='word_1_434' title='bbox 1081 3434 1200 3462; x_wconf 89' lang='lat' dir='ltr'>alicuius</span> <span class='ocrx_word' id='word_1_435' title='bbox 1222 3442 1318 3463; x_wconf 88' lang='lat' dir='ltr'>motus</span> <span class='ocrx_word' id='word_1_436' title='bbox 1333 3442 1360 3463; x_wconf 93' lang='lat' dir='ltr'>et</span> 
     </span>
     <span class='ocr_line' id='line_1_55' title="bbox 302 3473 1359 3510; baseline 0 -8"><span class='ocrx_word' id='word_1_437' title='bbox 302 3480 409 3502; x_wconf 82' lang='lat' dir='ltr'>status:</span> <span class='ocrx_word' id='word_1_438' title='bbox 425 3483 498 3510; x_wconf 90' lang='lat' dir='ltr'>quae</span> <span class='ocrx_word' id='word_1_439' title='bbox 512 3475 548 3502; x_wconf 91' lang='lat' dir='ltr'>ab</span> <span class='ocrx_word' id='word_1_440' title='bbox 562 3480 631 3509; x_wconf 86' lang='lat' dir='ltr'>arte,</span> <span class='ocrx_word' id='word_1_441' title='bbox 643 3473 758 3502; x_wconf 85' lang='lat' dir='ltr'>nonnisi</span> <span class='ocrx_word' id='word_1_442' title='bbox 773 3483 823 3510; x_wconf 88' lang='lat' dir='ltr'>per</span> <span class='ocrx_word' id='word_1_443' title='bbox 836 3473 977 3501; x_wconf 88' lang='lat' dir='ltr'>accidens.</span> <span class='ocrx_word' id='word_1_444' title='bbox 988 3490 1006 3494; x_wconf 92' lang='lat'>-</span> <span class='ocrx_word' id='word_1_445' title='bbox 1019 3473 1043 3500; x_wconf 86' lang='lat'>3.</span> <span class='ocrx_word' id='word_1_446' title='bbox 1057 3473 1197 3508; x_wconf 86' lang='lat' dir='ltr'>Obiectio,</span> <span class='ocrx_word' id='word_1_447' title='bbox 1210 3475 1288 3510; x_wconf 90' lang='lat' dir='ltr'>quod</span> <span class='ocrx_word' id='word_1_448' title='bbox 1304 3475 1359 3502; x_wconf 91' lang='lat' dir='ltr'>hoc</span> 
     </span>
     <span class='ocr_line' id='line_1_56' title="bbox 304 3512 1360 3549; baseline 0.001 -8"><span class='ocrx_word' id='word_1_449' title='bbox 304 3522 366 3541; x_wconf 88' lang='lat' dir='ltr'>non</span> <span class='ocrx_word' id='word_1_450' title='bbox 376 3513 505 3541; x_wconf 87' lang='lat' dir='ltr'>videatur</span> <span class='ocrx_word' id='word_1_451' title='bbox 514 3522 613 3541; x_wconf 89' lang='lat' dir='ltr'>verum</span> <span class='ocrx_word' id='word_1_452' title='bbox 628 3514 785 3541; x_wconf 89' lang='lat' dir='ltr'>secundum</span> <span class='ocrx_word' id='word_1_453' title='bbox 801 3513 958 3549; x_wconf 83' lang='lat' dir='ltr'>quamlibet</span> <span class='ocrx_word' id='word_1_454' title='bbox 972 3512 1170 3540; x_wconf 88' lang='lat' dir='ltr'>mutationem.</span> <span class='ocrx_word' id='word_1_455' title='bbox 1186 3514 1268 3541; x_wconf 91' lang='lat' dir='ltr'>Falsa</span> <span class='ocrx_word' id='word_1_456' title='bbox 1282 3514 1360 3542; x_wconf 88' lang='lat' dir='ltr'>solu-</span> 
     </span>
     <span class='ocr_line' id='line_1_57' title="bbox 303 3551 1358 3588; baseline 0 -8"><span class='ocrx_word' id='word_1_457' title='bbox 303 3553 346 3581; x_wconf 78' lang='lat' dir='ltr'>tio</span> <span class='ocrx_word' id='word_1_458' title='bbox 359 3553 491 3581; x_wconf 85' lang='lat' dir='ltr'>reiicitur.</span> <span class='ocrx_word' id='word_1_459' title='bbox 500 3569 519 3574; x_wconf 96' lang='lat'><em>-</em></span> <span class='ocrx_word' id='word_1_460' title='bbox 528 3562 556 3587; x_wconf 88' lang='lat'>4.</span> <span class='ocrx_word' id='word_1_461' title='bbox 569 3553 693 3580; x_wconf 85' lang='lat' dir='ltr'>Solvitur</span> <span class='ocrx_word' id='word_1_462' title='bbox 707 3552 840 3580; x_wconf 88' lang='lat' dir='ltr'>obiectio:</span> <span class='ocrx_word' id='word_1_463' title='bbox 853 3561 885 3579; x_wconf 87' lang='lat' dir='ltr'>ex</span> <span class='ocrx_word' id='word_1_464' title='bbox 897 3561 932 3580; x_wconf 91' lang='lat' dir='ltr'>eo</span> <span class='ocrx_word' id='word_1_465' title='bbox 943 3553 1022 3588; x_wconf 91' lang='lat' dir='ltr'>quod</span> <span class='ocrx_word' id='word_1_466' title='bbox 1037 3551 1066 3579; x_wconf 86' lang='lat' dir='ltr'>in</span> <span class='ocrx_word' id='word_1_467' title='bbox 1080 3553 1165 3579; x_wconf 87' lang='lat' dir='ltr'>rebus</span> <span class='ocrx_word' id='word_1_468' title='bbox 1180 3553 1358 3581; x_wconf 86' lang='lat' dir='ltr'>naturalibus</span> 
     </span>
    </p>
   </div>
   <div class='ocr_carea' id='block_1_16' title="bbox 301 3601 340 3620">
    <p class='ocr_par' dir='ltr' id='par_1_16' title="bbox 301 3601 340 3620">
     <span class='ocr_line' id='line_1_58' title="bbox 301 3601 340 3620; baseline 0 0"><span class='ocrx_word' id='word_1_469' title='bbox 301 3601 340 3620; x_wconf 73' lang='lat' dir='ltr'>eo</span> 
     </span>
    </p>
   </div>
   <div class='ocr_carea' id='block_1_17' title="bbox 362 3591 1360 3629">
    <p class='ocr_par' dir='ltr' id='par_1_17' title="bbox 362 3591 1360 3629">
     <span class='ocr_line' id='line_1_59' title="bbox 362 3591 1360 3629; baseline 0 -9"><span class='ocrx_word' id='word_1_470' title='bbox 362 3593 451 3621; x_wconf 90' lang='lat' dir='ltr'>modo</span> <span class='ocrx_word' id='word_1_471' title='bbox 467 3599 508 3620; x_wconf 88' lang='lat' dir='ltr'>est</span> <span class='ocrx_word' id='word_1_472' title='bbox 529 3592 700 3629; x_wconf 87' lang='lat' dir='ltr'>principium</span> <span class='ocrx_word' id='word_1_473' title='bbox 722 3599 826 3627; x_wconf 90' lang='lat' dir='ltr'>motus,</span> <span class='ocrx_word' id='word_1_474' title='bbox 842 3601 900 3628; x_wconf 89' lang='lat' dir='ltr'>quo</span> <span class='ocrx_word' id='word_1_475' title='bbox 916 3591 955 3619; x_wconf 87' lang='lat' dir='ltr'>eis</span> <span class='ocrx_word' id='word_1_476' title='bbox 977 3598 1073 3619; x_wconf 88' lang='lat' dir='ltr'>motus</span> <span class='ocrx_word' id='word_1_477' title='bbox 1092 3592 1239 3628; x_wconf 89' lang='lat' dir='ltr'>convenit;</span> <span class='ocrx_word' id='word_1_478' title='bbox 1255 3592 1360 3620; x_wconf 86' lang='lat' dir='ltr'>scilicet</span> 
     </span>
    </p>
   </div>
   <div class='ocr_carea' id='block_1_18' title="bbox 1488 1300 2483 1955">
    <p class='ocr_par' dir='ltr' id='par_1_18' title="bbox 1488 1300 2483 1955">
     <span class='ocr_line' id='line_1_60' title="bbox 1490 1300 2481 1344; baseline 0.005 -15"><span class='ocrx_word' id='word_1_479' title='bbox 1490 1307 1558 1340; x_wconf 90' lang='lat' dir='ltr'>pter</span> <span class='ocrx_word' id='word_1_480' title='bbox 1581 1300 1655 1330; x_wconf 87' lang='lat' dir='ltr'>alias</span> <span class='ocrx_word' id='word_1_481' title='bbox 1680 1311 1797 1332; x_wconf 83' lang='lat' dir='ltr'>causas.</span> <span class='ocrx_word' id='word_1_482' title='bbox 1822 1303 1941 1333; x_wconf 87' lang='lat' dir='ltr'>Natura</span> <span class='ocrx_word' id='word_1_483' title='bbox 1964 1303 2094 1343; x_wconf 85' lang='lat' dir='ltr'>quidem</span> <span class='ocrx_word' id='word_1_484' title='bbox 2117 1311 2190 1334; x_wconf 90' lang='lat' dir='ltr'>sunt</span> <span class='ocrx_word' id='word_1_485' title='bbox 2213 1304 2359 1334; x_wconf 87' lang='lat' dir='ltr'>animalia</span> <span class='ocrx_word' id='word_1_486' title='bbox 2387 1314 2481 1344; x_wconf 89' lang='lat' dir='ltr'>quae-</span> 
     </span>
     <span class='ocr_line' id='line_1_61' title="bbox 1489 1347 2481 1388; baseline 0.003 -13"><span class='ocrx_word' id='word_1_487' title='bbox 1489 1355 1562 1386; x_wconf 89' lang='lat' dir='ltr'>que,</span> <span class='ocrx_word' id='word_1_488' title='bbox 1579 1352 1609 1376; x_wconf 89' lang='lat' dir='ltr'>et</span> <span class='ocrx_word' id='word_1_489' title='bbox 1624 1353 1726 1386; x_wconf 87' lang='lat' dir='ltr'>partes</span> <span class='ocrx_word' id='word_1_490' title='bbox 1742 1347 1896 1386; x_wconf 84' lang='lat' dir='ltr'>ipsorum,</span> <span class='ocrx_word' id='word_1_491' title='bbox 1916 1354 1946 1378; x_wconf 90' lang='lat' dir='ltr'>et</span> <span class='ocrx_word' id='word_1_492' title='bbox 1964 1347 2100 1387; x_wconf 88' lang='lat' dir='ltr'>plantae,</span> <span class='ocrx_word' id='word_1_493' title='bbox 2121 1354 2151 1378; x_wconf 92' lang='lat' dir='ltr'>et</span> <span class='ocrx_word' id='word_1_494' title='bbox 2167 1348 2321 1388; x_wconf 89' lang='lat' dir='ltr'>simplicia</span> <span class='ocrx_word' id='word_1_495' title='bbox 2338 1358 2481 1388; x_wconf 86' lang='lat' dir='ltr'>corpora,</span> 
     </span>
     <span class='ocr_line' id='line_1_62' title="bbox 1490 1391 2481 1431; baseline 0.002 -11"><span class='ocrx_word' id='word_1_496' title='bbox 1490 1398 1525 1421; x_wconf 92' lang='lat' dir='ltr'>ut</span> <span class='ocrx_word' id='word_1_497' title='bbox 1547 1398 1627 1421; x_wconf 90' lang='lat' dir='ltr'>terra</span> <span class='ocrx_word' id='word_1_498' title='bbox 1650 1398 1680 1421; x_wconf 90' lang='lat' dir='ltr'>et</span> <span class='ocrx_word' id='word_1_499' title='bbox 1702 1391 1782 1431; x_wconf 88' lang='lat' dir='ltr'>ignis</span> <span class='ocrx_word' id='word_1_500' title='bbox 1806 1398 1836 1421; x_wconf 92' lang='lat' dir='ltr'>et</span> <span class='ocrx_word' id='word_1_501' title='bbox 1859 1401 1910 1421; x_wconf 91' lang='lat' dir='ltr'>aer</span> <span class='ocrx_word' id='word_1_502' title='bbox 1933 1397 1964 1421; x_wconf 87' lang='lat' dir='ltr'>et</span> <span class='ocrx_word' id='word_1_503' title='bbox 1986 1399 2084 1431; x_wconf 86' lang='lat' dir='ltr'>aqua:</span> <span class='ocrx_word' id='word_1_504' title='bbox 2110 1391 2186 1422; x_wconf 89' lang='lat' dir='ltr'>haec</span> <span class='ocrx_word' id='word_1_505' title='bbox 2210 1391 2295 1422; x_wconf 89' lang='lat' dir='ltr'>enirn</span> <span class='ocrx_word' id='word_1_506' title='bbox 2319 1398 2349 1422; x_wconf 93' lang='lat' dir='ltr'>et</span> <span class='ocrx_word' id='word_1_507' title='bbox 2371 1392 2481 1422; x_wconf 89' lang='lat' dir='ltr'>huius-</span> 
     </span>
     <span class='ocr_line' id='line_1_63' title="bbox 1489 1434 2483 1476; baseline 0.001 -11"><span class='ocrx_word' id='word_1_508' title='bbox 1489 1435 1577 1465; x_wconf 91' lang='lat' dir='ltr'>modi</span> <span class='ocrx_word' id='word_1_509' title='bbox 1594 1434 1660 1465; x_wconf 87' lang='lat' dir='ltr'>esse</span> <span class='ocrx_word' id='word_1_510' title='bbox 1676 1442 1787 1465; x_wconf 88' lang='lat' dir='ltr'>natura</span> <span class='ocrx_word' id='word_1_511' title='bbox 1806 1434 1948 1465; x_wconf 89' lang='lat' dir='ltr'>dicimus.</span> <span class='ocrx_word' id='word_1_512' title='bbox 1970 1435 2088 1466; x_wconf 89' lang='lat' dir='ltr'>Omnia</span> <span class='ocrx_word' id='word_1_513' title='bbox 2104 1442 2210 1466; x_wconf 91' lang='lat' dir='ltr'>autem</span> <span class='ocrx_word' id='word_1_514' title='bbox 2226 1446 2307 1476; x_wconf 91' lang='lat' dir='ltr'>quae</span> <span class='ocrx_word' id='word_1_515' title='bbox 2326 1436 2483 1476; x_wconf 89' lang='lat' dir='ltr'>praedicta</span> 
     </span>
     <span class='ocr_line' id='line_1_64' title="bbox 1489 1478 2483 1517; baseline 0.001 -8"><span class='ocrx_word' id='word_1_516' title='bbox 1489 1486 1572 1517; x_wconf 87' lang='lat' dir='ltr'>sunt,</span> <span class='ocrx_word' id='word_1_517' title='bbox 1588 1479 1733 1510; x_wconf 89' lang='lat' dir='ltr'>videntur</span> <span class='ocrx_word' id='word_1_518' title='bbox 1749 1478 1919 1509; x_wconf 82' lang='lat' dir='ltr'>differentia</span> <span class='ocrx_word' id='word_1_519' title='bbox 1938 1479 1977 1509; x_wconf 90' lang='lat' dir='ltr'>ad</span> <span class='ocrx_word' id='word_1_520' title='bbox 1996 1489 2061 1509; x_wconf 90' lang='lat' dir='ltr'>non</span> <span class='ocrx_word' id='word_1_521' title='bbox 2080 1486 2191 1510; x_wconf 90' lang='lat' dir='ltr'>natura</span> <span class='ocrx_word' id='word_1_522' title='bbox 2207 1480 2376 1515; x_wconf 71' lang='lat' dir='ltr'>existentia.</span> <span class='ocrx_word' id='word_1_523' title='bbox 2393 1480 2483 1517; x_wconf 86' lang='lat' dir='ltr'>Quae</span> 
     </span>
     <span class='ocr_line' id='line_1_65' title="bbox 1488 1523 2482 1564; baseline 0.001 -11"><span class='ocrx_word' id='word_1_524' title='bbox 1488 1523 1618 1564; x_wconf 90' lang='lat' dir='ltr'>quidem</span> <span class='ocrx_word' id='word_1_525' title='bbox 1642 1523 1727 1553; x_wconf 90' lang='lat' dir='ltr'>enim</span> <span class='ocrx_word' id='word_1_526' title='bbox 1750 1529 1860 1553; x_wconf 87' lang='lat' dir='ltr'>natura</span> <span class='ocrx_word' id='word_1_527' title='bbox 1884 1530 1972 1561; x_wconf 91' lang='lat' dir='ltr'>sunt,</span> <span class='ocrx_word' id='word_1_528' title='bbox 2003 1523 2112 1553; x_wconf 85' lang='lat' dir='ltr'>omnia</span> <span class='ocrx_word' id='word_1_529' title='bbox 2140 1524 2286 1554; x_wconf 88' lang='lat' dir='ltr'>videntur</span> <span class='ocrx_word' id='word_1_530' title='bbox 2312 1524 2426 1554; x_wconf 89' lang='lat' dir='ltr'>habere</span> <span class='ocrx_word' id='word_1_531' title='bbox 2449 1524 2482 1554; x_wconf 90' lang='lat' dir='ltr'>in</span> 
     </span>
     <span class='ocr_line' id='line_1_66' title="bbox 1489 1567 2482 1608; baseline 0.002 -12"><span class='ocrx_word' id='word_1_532' title='bbox 1489 1567 1597 1607; x_wconf 86' lang='lat' dir='ltr'>seipsis</span> <span class='ocrx_word' id='word_1_533' title='bbox 1621 1567 1812 1607; x_wconf 88' lang='lat' dir='ltr'>principium</span> <span class='ocrx_word' id='word_1_534' title='bbox 1831 1573 1938 1597; x_wconf 89' lang='lat' dir='ltr'>motus</span> <span class='ocrx_word' id='word_1_535' title='bbox 1955 1574 1985 1597; x_wconf 93' lang='lat' dir='ltr'>et</span> <span class='ocrx_word' id='word_1_536' title='bbox 2003 1574 2115 1606; x_wconf 89' lang='lat' dir='ltr'>status;</span> <span class='ocrx_word' id='word_1_537' title='bbox 2132 1567 2208 1598; x_wconf 91' lang='lat' dir='ltr'>haec</span> <span class='ocrx_word' id='word_1_538' title='bbox 2224 1568 2354 1608; x_wconf 89' lang='lat' dir='ltr'>quidem</span> <span class='ocrx_word' id='word_1_539' title='bbox 2372 1578 2482 1598; x_wconf 92' lang='lat' dir='ltr'>secun-</span> 
     </span>
     <span class='ocr_line' id='line_1_67' title="bbox 1489 1611 2480 1651; baseline 0.001 -10"><span class='ocrx_word' id='word_1_540' title='bbox 1489 1611 1567 1641; x_wconf 89' lang='lat' dir='ltr'>dum</span> <span class='ocrx_word' id='word_1_541' title='bbox 1589 1611 1708 1649; x_wconf 91' lang='lat' dir='ltr'>locum,</span> <span class='ocrx_word' id='word_1_542' title='bbox 1733 1611 1786 1641; x_wconf 82' lang='lat' dir='ltr'>illa</span> <span class='ocrx_word' id='word_1_543' title='bbox 1808 1621 1882 1640; x_wconf 88' lang='lat' dir='ltr'>vero</span> <span class='ocrx_word' id='word_1_544' title='bbox 1907 1611 2082 1641; x_wconf 89' lang='lat' dir='ltr'>secundum</span> <span class='ocrx_word' id='word_1_545' title='bbox 2106 1618 2313 1651; x_wconf 85' lang='lat' dir='ltr'>augmentum</span> <span class='ocrx_word' id='word_1_546' title='bbox 2330 1618 2360 1642; x_wconf 92' lang='lat' dir='ltr'>et</span> <span class='ocrx_word' id='word_1_547' title='bbox 2376 1612 2480 1642; x_wconf 90' lang='lat' dir='ltr'>decre-</span> 
     </span>
     <span class='ocr_line' id='line_1_68' title="bbox 1488 1655 2482 1695; baseline 0.002 -11"><span class='ocrx_word' id='word_1_548' title='bbox 1488 1661 1644 1693; x_wconf 88' lang='lat' dir='ltr'>mentum,</span> <span class='ocrx_word' id='word_1_549' title='bbox 1661 1655 1817 1695; x_wconf 83' lang='lat' dir='ltr'>quaedam</span> <span class='ocrx_word' id='word_1_550' title='bbox 1833 1662 1940 1685; x_wconf 83' lang='lat' dir='ltr'>autem</span> <span class='ocrx_word' id='word_1_551' title='bbox 1956 1655 2376 1695; x_wconf 61' lang='lat' dir='ltr'>secundumalterationem.</span> <span class='ocrx_word' id='word_1_552' title='bbox 2393 1655 2410 1674; x_wconf 95' lang='lat'><em>*</em></span> <span class='ocrx_word' id='word_1_553' title='bbox 2425 1657 2482 1686; x_wconf 91' lang='lat' dir='ltr'>Le-</span> 
     </span>
     <span class='ocr_line' id='line_1_69' title="bbox 1489 1698 2479 1739; baseline 0.001 -11"><span class='ocrx_word' id='word_1_554' title='bbox 1489 1699 1592 1729; x_wconf 89' lang='lat' dir='ltr'>ctulus</span> <span class='ocrx_word' id='word_1_555' title='bbox 1616 1705 1722 1728; x_wconf 68' lang='lat' dir='ltr'>autem</span> <span class='ocrx_word' id='word_1_556' title='bbox 1746 1705 1776 1728; x_wconf 90' lang='lat' dir='ltr'>et</span> <span class='ocrx_word' id='word_1_557' title='bbox 1798 1698 2032 1737; x_wconf 84' lang='lat' dir='ltr'>indumentum,</span> <span class='ocrx_word' id='word_1_558' title='bbox 2053 1706 2083 1729; x_wconf 88' lang='lat' dir='ltr'>et</span> <span class='ocrx_word' id='word_1_559' title='bbox 2101 1699 2126 1729; x_wconf 90' lang='lat' dir='ltr'>si</span> <span class='ocrx_word' id='word_1_560' title='bbox 2146 1699 2276 1739; x_wconf 84' lang='lat' dir='ltr'>aliquod</span> <span class='ocrx_word' id='word_1_561' title='bbox 2294 1699 2479 1730; x_wconf 89' lang='lat' dir='ltr'>huiusmodi</span> 
     </span>
     <span class='ocr_line' id='line_1_70' title="bbox 1488 1743 2480 1783; baseline 0.002 -11"><span class='ocrx_word' id='word_1_562' title='bbox 1488 1752 1586 1782; x_wconf 89' lang='lat' dir='ltr'>genus</span> <span class='ocrx_word' id='word_1_563' title='bbox 1611 1749 1666 1780; x_wconf 85' lang='lat' dir='ltr'>est,</span> <span class='ocrx_word' id='word_1_564' title='bbox 1692 1743 1867 1772; x_wconf 91' lang='lat' dir='ltr'>secundum</span> <span class='ocrx_word' id='word_1_565' title='bbox 1890 1743 1978 1782; x_wconf 92' lang='lat' dir='ltr'>quod</span> <span class='ocrx_word' id='word_1_566' title='bbox 2001 1743 2129 1783; x_wconf 88' lang='lat' dir='ltr'>quidem</span> <span class='ocrx_word' id='word_1_567' title='bbox 2155 1743 2300 1774; x_wconf 90' lang='lat' dir='ltr'>sortitum</span> <span class='ocrx_word' id='word_1_568' title='bbox 2324 1750 2370 1774; x_wconf 92' lang='lat' dir='ltr'>est</span> <span class='ocrx_word' id='word_1_569' title='bbox 2392 1753 2480 1783; x_wconf 87' lang='lat' dir='ltr'>prae-</span> 
     </span>
     <span class='ocr_line' id='line_1_71' title="bbox 1489 1786 2480 1827; baseline 0.002 -12"><span class='ocrx_word' id='word_1_570' title='bbox 1489 1786 1678 1816; x_wconf 85' lang='lat' dir='ltr'>dicationem</span> <span class='ocrx_word' id='word_1_571' title='bbox 1701 1795 1979 1826; x_wconf 89' lang='lat' dir='ltr'>unamquamque,</span> <span class='ocrx_word' id='word_1_572' title='bbox 2004 1793 2034 1817; x_wconf 91' lang='lat' dir='ltr'>et</span> <span class='ocrx_word' id='word_1_573' title='bbox 2055 1786 2246 1827; x_wconf 84' lang='lat' dir='ltr'>inquantum</span> <span class='ocrx_word' id='word_1_574' title='bbox 2269 1794 2315 1817; x_wconf 91' lang='lat' dir='ltr'>est</span> <span class='ocrx_word' id='word_1_575' title='bbox 2338 1788 2376 1817; x_wconf 87' lang='lat' dir='ltr'>ab</span> <span class='ocrx_word' id='word_1_576' title='bbox 2400 1794 2480 1826; x_wconf 88' lang='lat' dir='ltr'>arte,</span> 
     </span>
     <span class='ocr_line' id='line_1_72' title="bbox 1488 1830 2480 1871; baseline 0.002 -11"><span class='ocrx_word' id='word_1_577' title='bbox 1488 1840 1591 1871; x_wconf 91' lang='lat' dir='ltr'>neque</span> <span class='ocrx_word' id='word_1_578' title='bbox 1615 1840 1717 1860; x_wconf 91' lang='lat' dir='ltr'>unum</span> <span class='ocrx_word' id='word_1_579' title='bbox 1740 1830 1834 1860; x_wconf 87' lang='lat' dir='ltr'>habet</span> <span class='ocrx_word' id='word_1_580' title='bbox 1856 1830 2012 1870; x_wconf 89' lang='lat' dir='ltr'>impetum</span> <span class='ocrx_word' id='word_1_581' title='bbox 2035 1831 2219 1861; x_wconf 87' lang='lat' dir='ltr'>mutationis</span> <span class='ocrx_word' id='word_1_582' title='bbox 2243 1831 2408 1862; x_wconf 89' lang='lat' dir='ltr'>innatum:</span> <span class='ocrx_word' id='word_1_583' title='bbox 2435 1842 2480 1861; x_wconf 93' lang='lat' dir='ltr'>se-</span> 
     </span>
     <span class='ocr_line' id='line_1_73' title="bbox 1488 1874 2480 1914; baseline 0.001 -10"><span class='ocrx_word' id='word_1_584' title='bbox 1488 1874 1630 1905; x_wconf 91' lang='lat' dir='ltr'>cundum</span> <span class='ocrx_word' id='word_1_585' title='bbox 1653 1881 1759 1904; x_wconf 89' lang='lat' dir='ltr'>autem</span> <span class='ocrx_word' id='word_1_586' title='bbox 1783 1874 1871 1914; x_wconf 90' lang='lat' dir='ltr'>quod</span> <span class='ocrx_word' id='word_1_587' title='bbox 1895 1874 2046 1913; x_wconf 86' lang='lat' dir='ltr'>contingit</span> <span class='ocrx_word' id='word_1_588' title='bbox 2062 1874 2137 1914; x_wconf 88' lang='lat' dir='ltr'>ipsis</span> <span class='ocrx_word' id='word_1_589' title='bbox 2155 1875 2286 1914; x_wconf 84' lang='lat' dir='ltr'>lapideis</span> <span class='ocrx_word' id='word_1_590' title='bbox 2306 1882 2360 1906; x_wconf 85' lang='lat' dir='ltr'>aut</span> <span class='ocrx_word' id='word_1_591' title='bbox 2374 1875 2480 1906; x_wconf 86' lang='lat' dir='ltr'>terreis</span> 
     </span>
     <span class='ocr_line' id='line_1_74' title="bbox 1488 1917 2282 1955; baseline 0 -6"><span class='ocrx_word' id='word_1_592' title='bbox 1488 1930 1554 1949; x_wconf 90' lang='lat' dir='ltr'>esse</span> <span class='ocrx_word' id='word_1_593' title='bbox 1577 1925 1631 1949; x_wconf 89' lang='lat' dir='ltr'>aut</span> <span class='ocrx_word' id='word_1_594' title='bbox 1654 1918 1757 1948; x_wconf 88' lang='lat' dir='ltr'>mixtis</span> <span class='ocrx_word' id='word_1_595' title='bbox 1781 1928 1817 1948; x_wconf 85' lang='lat' dir='ltr'>ex</span> <span class='ocrx_word' id='word_1_596' title='bbox 1839 1917 1902 1955; x_wconf 89' lang='lat' dir='ltr'>his,</span> <span class='ocrx_word' id='word_1_597' title='bbox 1926 1918 2042 1948; x_wconf 89' lang='lat' dir='ltr'>habent</span> <span class='ocrx_word' id='word_1_598' title='bbox 2065 1918 2126 1948; x_wconf 89' lang='lat' dir='ltr'>hoc</span> <span class='ocrx_word' id='word_1_599' title='bbox 2149 1925 2282 1949; x_wconf 87' lang='lat' dir='ltr'>tantum.</span> 
     </span>
    </p>
   </div>
   <div class='ocr_carea' id='block_1_19' title="bbox 1485 2006 2481 2575">
    <p class='ocr_par' dir='ltr' id='par_1_19' title="bbox 1485 2006 2481 2575">
     <span class='ocr_line' id='line_1_75' title="bbox 1487 2006 2481 2048; baseline -0.001 -10"><span class='ocrx_word' id='word_1_600' title='bbox 1487 2007 1667 2048; x_wconf 91' lang='lat' dir='ltr'>quiescendi</span> <span class='ocrx_word' id='word_1_601' title='bbox 1683 2007 1715 2036; x_wconf 90' lang='lat' dir='ltr'>in</span> <span class='ocrx_word' id='word_1_602' title='bbox 1732 2017 1797 2047; x_wconf 92' lang='lat' dir='ltr'>quo</span> <span class='ocrx_word' id='word_1_603' title='bbox 1818 2012 1863 2036; x_wconf 89' lang='lat' dir='ltr'>est</span> <span class='ocrx_word' id='word_1_604' title='bbox 1881 2006 2021 2045; x_wconf 91' lang='lat' dir='ltr'>primum</span> <span class='ocrx_word' id='word_1_605' title='bbox 2040 2016 2095 2045; x_wconf 88' lang='lat' dir='ltr'>per</span> <span class='ocrx_word' id='word_1_606' title='bbox 2114 2016 2146 2036; x_wconf 90' lang='lat' dir='ltr'>se</span> <span class='ocrx_word' id='word_1_607' title='bbox 2170 2013 2200 2037; x_wconf 89' lang='lat' dir='ltr'>et</span> <span class='ocrx_word' id='word_1_608' title='bbox 2223 2017 2289 2036; x_wconf 90' lang='lat' dir='ltr'>non</span> <span class='ocrx_word' id='word_1_609' title='bbox 2305 2007 2481 2037; x_wconf 88' lang='lat' dir='ltr'>secundum</span> 
     </span>
     <span class='ocr_line' id='line_1_76' title="bbox 1487 2050 2481 2089; baseline -0.001 -7"><span class='ocrx_word' id='word_1_610' title='bbox 1487 2052 1638 2082; x_wconf 88' lang='lat' dir='ltr'>accidens.</span> <span class='ocrx_word' id='word_1_611' title='bbox 1663 2051 1743 2081; x_wconf 90' lang='lat' dir='ltr'>Dico</span> <span class='ocrx_word' id='word_1_612' title='bbox 1764 2057 1870 2080; x_wconf 89' lang='lat' dir='ltr'>autem</span> <span class='ocrx_word' id='word_1_613' title='bbox 1888 2060 1954 2080; x_wconf 90' lang='lat' dir='ltr'>non</span> <span class='ocrx_word' id='word_1_614' title='bbox 1974 2050 2149 2080; x_wconf 89' lang='lat' dir='ltr'>secundum</span> <span class='ocrx_word' id='word_1_615' title='bbox 2168 2050 2321 2089; x_wconf 90' lang='lat' dir='ltr'>accidens,</span> <span class='ocrx_word' id='word_1_616' title='bbox 2337 2061 2411 2081; x_wconf 92' lang='lat' dir='ltr'>cum</span> <span class='ocrx_word' id='word_1_617' title='bbox 2427 2051 2481 2082; x_wconf 86' lang='lat' dir='ltr'>fiat</span> 
     </span>
     <span class='ocr_line' id='line_1_77' title="bbox 1487 2094 2478 2136; baseline -0.001 -10"><span class='ocrx_word' id='word_1_618' title='bbox 1487 2096 1597 2136; x_wconf 89' lang='lat' dir='ltr'>utique</span> <span class='ocrx_word' id='word_1_619' title='bbox 1613 2095 1680 2135; x_wconf 87' lang='lat' dir='ltr'>ipse</span> <span class='ocrx_word' id='word_1_620' title='bbox 1696 2095 1754 2125; x_wconf 91' lang='lat' dir='ltr'>sibi</span> <span class='ocrx_word' id='word_1_621' title='bbox 1773 2094 1885 2134; x_wconf 86' lang='lat' dir='ltr'>aliquis</span> <span class='ocrx_word' id='word_1_622' title='bbox 1905 2104 1998 2124; x_wconf 89' lang='lat' dir='ltr'>causa</span> <span class='ocrx_word' id='word_1_623' title='bbox 2014 2094 2151 2124; x_wconf 89' lang='lat' dir='ltr'>sanitatis</span> <span class='ocrx_word' id='word_1_624' title='bbox 2174 2105 2247 2125; x_wconf 91' lang='lat' dir='ltr'>cum</span> <span class='ocrx_word' id='word_1_625' title='bbox 2267 2095 2306 2125; x_wconf 89' lang='lat' dir='ltr'>sit</span> <span class='ocrx_word' id='word_1_626' title='bbox 2324 2095 2478 2126; x_wconf 86' lang='lat' dir='ltr'>medicus:</span> 
     </span>
     <span class='ocr_line' id='line_1_78' title="bbox 1487 2138 2480 2178; baseline -0.001 -8"><span class='ocrx_word' id='word_1_627' title='bbox 1487 2140 1541 2170; x_wconf 92' lang='lat' dir='ltr'>sed</span> <span class='ocrx_word' id='word_1_628' title='bbox 1574 2146 1680 2170; x_wconf 89' lang='lat' dir='ltr'>tamen</span> <span class='ocrx_word' id='word_1_629' title='bbox 1710 2149 1775 2169; x_wconf 93' lang='lat' dir='ltr'>non</span> <span class='ocrx_word' id='word_1_630' title='bbox 1808 2138 1984 2168; x_wconf 88' lang='lat' dir='ltr'>secundum</span> <span class='ocrx_word' id='word_1_631' title='bbox 2014 2139 2103 2178; x_wconf 93' lang='lat' dir='ltr'>quod</span> <span class='ocrx_word' id='word_1_632' title='bbox 2136 2146 2261 2169; x_wconf 87' lang='lat' dir='ltr'>sanatur</span> <span class='ocrx_word' id='word_1_633' title='bbox 2290 2139 2480 2169; x_wconf 87' lang='lat' dir='ltr'>medicinam</span> 
     </span>
     <span class='ocr_line' id='line_1_79' title="bbox 1487 2182 2478 2222; baseline -0.001 -8"><span class='ocrx_word' id='word_1_634' title='bbox 1487 2184 1598 2221; x_wconf 90' lang='lat' dir='ltr'>habet,</span> <span class='ocrx_word' id='word_1_635' title='bbox 1629 2184 1683 2213; x_wconf 92' lang='lat' dir='ltr'>sed</span> <span class='ocrx_word' id='word_1_636' title='bbox 1715 2182 1825 2213; x_wconf 88' lang='lat' dir='ltr'>accidit</span> <span class='ocrx_word' id='word_1_637' title='bbox 1852 2182 1988 2212; x_wconf 88' lang='lat' dir='ltr'>eundem</span> <span class='ocrx_word' id='word_1_638' title='bbox 2018 2182 2178 2213; x_wconf 88' lang='lat' dir='ltr'>medicum</span> <span class='ocrx_word' id='word_1_639' title='bbox 2206 2193 2271 2213; x_wconf 89' lang='lat' dir='ltr'>esse</span> <span class='ocrx_word' id='word_1_640' title='bbox 2302 2190 2332 2213; x_wconf 90' lang='lat' dir='ltr'>et</span> <span class='ocrx_word' id='word_1_641' title='bbox 2359 2183 2478 2222; x_wconf 85' lang='lat' dir='ltr'>sanari;</span> 
     </span>
     <span class='ocr_line' id='line_1_80' title="bbox 1487 2226 2478 2267; baseline 0 -10"><span class='ocrx_word' id='word_1_642' title='bbox 1487 2228 1572 2258; x_wconf 92' lang='lat' dir='ltr'>unde</span> <span class='ocrx_word' id='word_1_643' title='bbox 1596 2234 1626 2257; x_wconf 93' lang='lat' dir='ltr'>et</span> <span class='ocrx_word' id='word_1_644' title='bbox 1649 2227 1831 2257; x_wconf 89' lang='lat' dir='ltr'>dividuntur</span> <span class='ocrx_word' id='word_1_645' title='bbox 1854 2226 2023 2267; x_wconf 85' lang='lat' dir='ltr'>aliquando</span> <span class='ocrx_word' id='word_1_646' title='bbox 2041 2227 2078 2256; x_wconf 88' lang='lat' dir='ltr'>ab</span> <span class='ocrx_word' id='word_1_647' title='bbox 2096 2227 2239 2257; x_wconf 88' lang='lat' dir='ltr'>invicem.</span> <span class='ocrx_word' id='word_1_648' title='bbox 2261 2227 2408 2257; x_wconf 88' lang='lat' dir='ltr'>Similiter</span> <span class='ocrx_word' id='word_1_649' title='bbox 2424 2238 2478 2257; x_wconf 91' lang='lat' dir='ltr'>au-</span> 
     </span>
     <span class='ocr_line' id='line_1_81' title="bbox 1485 2270 2479 2310; baseline -0.001 -9"><span class='ocrx_word' id='word_1_650' title='bbox 1485 2277 1551 2301; x_wconf 91' lang='lat' dir='ltr'>tem</span> <span class='ocrx_word' id='word_1_651' title='bbox 1570 2277 1599 2301; x_wconf 93' lang='lat' dir='ltr'>et</span> <span class='ocrx_word' id='word_1_652' title='bbox 1614 2271 1750 2300; x_wconf 87' lang='lat' dir='ltr'>aliorum</span> <span class='ocrx_word' id='word_1_653' title='bbox 1766 2270 2021 2310; x_wconf 86' lang='lat' dir='ltr'>unumquodque</span> <span class='ocrx_word' id='word_1_654' title='bbox 2038 2281 2118 2310; x_wconf 88' lang='lat' dir='ltr'>quae</span> <span class='ocrx_word' id='word_1_655' title='bbox 2135 2270 2223 2301; x_wconf 88' lang='lat' dir='ltr'>fiunt.</span> <span class='ocrx_word' id='word_1_656' title='bbox 2240 2271 2375 2301; x_wconf 91' lang='lat' dir='ltr'>Nullum</span> <span class='ocrx_word' id='word_1_657' title='bbox 2394 2271 2479 2301; x_wconf 88' lang='lat' dir='ltr'>enim</span> 
     </span>
     <span class='ocr_line' id='line_1_82' title="bbox 1485 2314 2478 2354; baseline 0.001 -10"><span class='ocrx_word' id='word_1_658' title='bbox 1485 2315 1629 2354; x_wconf 88' lang='lat' dir='ltr'>ipsorum</span> <span class='ocrx_word' id='word_1_659' title='bbox 1653 2314 1745 2344; x_wconf 90' lang='lat' dir='ltr'>habet</span> <span class='ocrx_word' id='word_1_660' title='bbox 1767 2314 1800 2344; x_wconf 91' lang='lat' dir='ltr'>in</span> <span class='ocrx_word' id='word_1_661' title='bbox 1824 2314 1927 2354; x_wconf 90' lang='lat' dir='ltr'>seipso</span> <span class='ocrx_word' id='word_1_662' title='bbox 1952 2314 2094 2345; x_wconf 80' lang='lat' dir='ltr'>factionis</span> <span class='ocrx_word' id='word_1_663' title='bbox 2114 2315 2323 2354; x_wconf 84' lang='lat' dir='ltr'>principium:</span> <span class='ocrx_word' id='word_1_664' title='bbox 2345 2315 2400 2345; x_wconf 91' lang='lat' dir='ltr'>sed</span> <span class='ocrx_word' id='word_1_665' title='bbox 2418 2315 2478 2345; x_wconf 86' lang='lat' dir='ltr'>alia</span> 
     </span>
     <span class='ocr_line' id='line_1_83' title="bbox 1486 2358 2478 2399; baseline 0.001 -11"><span class='ocrx_word' id='word_1_666' title='bbox 1486 2359 1616 2399; x_wconf 87' lang='lat' dir='ltr'>quidem</span> <span class='ocrx_word' id='word_1_667' title='bbox 1639 2358 1671 2388; x_wconf 93' lang='lat' dir='ltr'>in</span> <span class='ocrx_word' id='word_1_668' title='bbox 1695 2358 1762 2388; x_wconf 90' lang='lat' dir='ltr'>aliis</span> <span class='ocrx_word' id='word_1_669' title='bbox 1786 2365 1816 2389; x_wconf 89' lang='lat' dir='ltr'>et</span> <span class='ocrx_word' id='word_1_670' title='bbox 1839 2359 1876 2388; x_wconf 86' lang='lat' dir='ltr'>ab</span> <span class='ocrx_word' id='word_1_671' title='bbox 1902 2358 2061 2396; x_wconf 85' lang='lat' dir='ltr'>exteriori,</span> <span class='ocrx_word' id='word_1_672' title='bbox 2085 2365 2121 2389; x_wconf 89' lang='lat' dir='ltr'>ut</span> <span class='ocrx_word' id='word_1_673' title='bbox 2145 2359 2260 2389; x_wconf 89' lang='lat' dir='ltr'>domus</span> <span class='ocrx_word' id='word_1_674' title='bbox 2289 2365 2320 2389; x_wconf 89' lang='lat' dir='ltr'>et</span> <span class='ocrx_word' id='word_1_675' title='bbox 2343 2359 2478 2389; x_wconf 88' lang='lat' dir='ltr'>aliorum</span> 
     </span>
     <span class='ocr_line' id='line_1_84' title="bbox 1485 2402 2477 2443; baseline 0.001 -11"><span class='ocrx_word' id='word_1_676' title='bbox 1485 2413 1583 2432; x_wconf 88' lang='lat' dir='ltr'>manu</span> <span class='ocrx_word' id='word_1_677' title='bbox 1607 2402 1779 2432; x_wconf 88' lang='lat' dir='ltr'>incisorum</span> <span class='ocrx_word' id='word_1_678' title='bbox 1802 2402 2076 2442; x_wconf 86' lang='lat' dir='ltr'>unumquodque;</span> <span class='ocrx_word' id='word_1_679' title='bbox 2101 2402 2160 2432; x_wconf 87' lang='lat' dir='ltr'>alia</span> <span class='ocrx_word' id='word_1_680' title='bbox 2184 2409 2290 2433; x_wconf 87' lang='lat' dir='ltr'>autem</span> <span class='ocrx_word' id='word_1_681' title='bbox 2313 2402 2345 2432; x_wconf 92' lang='lat' dir='ltr'>in</span> <span class='ocrx_word' id='word_1_682' title='bbox 2369 2403 2477 2443; x_wconf 90' lang='lat' dir='ltr'>seipsis</span> 
     </span>
     <span class='ocr_line' id='line_1_85' title="bbox 1485 2446 2477 2487; baseline 0.001 -11"><span class='ocrx_word' id='word_1_683' title='bbox 1485 2447 1625 2487; x_wconf 87' lang='lat' dir='ltr'>quidem,</span> <span class='ocrx_word' id='word_1_684' title='bbox 1651 2446 1704 2476; x_wconf 92' lang='lat' dir='ltr'>sed</span> <span class='ocrx_word' id='word_1_685' title='bbox 1719 2456 1785 2476; x_wconf 90' lang='lat' dir='ltr'>non</span> <span class='ocrx_word' id='word_1_686' title='bbox 1804 2446 1979 2476; x_wconf 88' lang='lat' dir='ltr'>secundum</span> <span class='ocrx_word' id='word_1_687' title='bbox 1996 2446 2107 2486; x_wconf 85' lang='lat' dir='ltr'>seipsa,</span> <span class='ocrx_word' id='word_1_688' title='bbox 2132 2456 2352 2487; x_wconf 88' lang='lat' dir='ltr'>quaecumque</span> <span class='ocrx_word' id='word_1_689' title='bbox 2369 2457 2477 2477; x_wconf 88' lang='lat' dir='ltr'>secun-</span> 
     </span>
     <span class='ocr_line' id='line_1_86' title="bbox 1486 2489 2477 2531; baseline 0.001 -11"><span class='ocrx_word' id='word_1_690' title='bbox 1486 2491 1563 2521; x_wconf 90' lang='lat' dir='ltr'>dum</span> <span class='ocrx_word' id='word_1_691' title='bbox 1580 2490 1722 2520; x_wconf 85' lang='lat' dir='ltr'>accidens</span> <span class='ocrx_word' id='word_1_692' title='bbox 1738 2489 1818 2520; x_wconf 91' lang='lat' dir='ltr'>fiunt</span> <span class='ocrx_word' id='word_1_693' title='bbox 1834 2500 1944 2520; x_wconf 88' lang='lat' dir='ltr'>causae</span> <span class='ocrx_word' id='word_1_694' title='bbox 1959 2490 2068 2530; x_wconf 91' lang='lat' dir='ltr'>utique</span> <span class='ocrx_word' id='word_1_695' title='bbox 2084 2490 2168 2530; x_wconf 87' lang='lat' dir='ltr'>ipsis.</span> <span class='ocrx_word' id='word_1_696' title='bbox 2187 2491 2244 2521; x_wconf 92' lang='lat' dir='ltr'>Est</span> <span class='ocrx_word' id='word_1_697' title='bbox 2259 2491 2353 2531; x_wconf 89' lang='lat' dir='ltr'>igitur</span> <span class='ocrx_word' id='word_1_698' title='bbox 2367 2498 2477 2522; x_wconf 82' lang='lat' dir='ltr'>natura</span> 
     </span>
     <span class='ocr_line' id='line_1_87' title="bbox 1485 2534 1794 2575; baseline 0 -11"><span class='ocrx_word' id='word_1_699' title='bbox 1485 2534 1573 2575; x_wconf 91' lang='lat' dir='ltr'>quod</span> <span class='ocrx_word' id='word_1_700' title='bbox 1597 2534 1716 2564; x_wconf 89' lang='lat' dir='ltr'>dictum</span> <span class='ocrx_word' id='word_1_701' title='bbox 1740 2540 1794 2564; x_wconf 85' lang='lat' dir='ltr'>est.</span> 
     </span>
    </p>
   </div>
   <div class='ocr_carea' id='block_1_20' title="bbox 1418 2576 2477 2618">
    <p class='ocr_par' dir='ltr' id='par_1_20' title="bbox 1418 2576 2477 2618">
     <span class='ocr_line' id='line_1_88' title="bbox 1418 2576 2477 2618; baseline 0.001 -10"><span class='ocrx_word' id='word_1_702' title='bbox 1418 2578 1435 2598; x_wconf 85' lang='lat'><strong>*</strong></span> <span class='ocrx_word' id='word_1_703' title='bbox 1450 2579 1603 2609; x_wconf 84' lang='lat' dir='ltr'>Naturam</span> <span class='ocrx_word' id='word_1_704' title='bbox 1627 2585 1733 2608; x_wconf 86' lang='lat' dir='ltr'>autem</span> <span class='ocrx_word' id='word_1_705' title='bbox 1766 2578 1881 2607; x_wconf 88' lang='lat' dir='ltr'>habent</span> <span class='ocrx_word' id='word_1_706' title='bbox 1904 2576 2124 2618; x_wconf 85' lang='lat' dir='ltr'>quaecumque</span> <span class='ocrx_word' id='word_1_707' title='bbox 2146 2578 2331 2609; x_wconf 87' lang='lat' dir='ltr'>huiusmodi</span> <span class='ocrx_word' id='word_1_708' title='bbox 2361 2579 2477 2610; x_wconf 85' lang='lat' dir='ltr'>habent</span> 
     </span>
    </p>
   </div>
   <div class='ocr_carea' id='block_1_21' title="bbox 1485 2621 2477 2707">
    <p class='ocr_par' dir='ltr' id='par_1_21' title="bbox 1485 2621 2477 2707">
     <span class='ocr_line' id='line_1_89' title="bbox 1485 2621 2477 2662; baseline 0.001 -10"><span class='ocrx_word' id='word_1_709' title='bbox 1485 2622 1686 2662; x_wconf 88' lang='lat' dir='ltr'>principium.</span> <span class='ocrx_word' id='word_1_710' title='bbox 1711 2622 1751 2651; x_wconf 88' lang='lat' dir='ltr'>Et</span> <span class='ocrx_word' id='word_1_711' title='bbox 1774 2628 1847 2652; x_wconf 88' lang='lat' dir='ltr'>sunt</span> <span class='ocrx_word' id='word_1_712' title='bbox 1874 2621 1951 2651; x_wconf 90' lang='lat' dir='ltr'>haec</span> <span class='ocrx_word' id='word_1_713' title='bbox 1981 2622 2088 2652; x_wconf 86' lang='lat' dir='ltr'>omnia</span> <span class='ocrx_word' id='word_1_714' title='bbox 2113 2622 2269 2653; x_wconf 85' lang='lat' dir='ltr'>subiecta:</span> <span class='ocrx_word' id='word_1_715' title='bbox 2299 2623 2477 2654; x_wconf 90' lang='lat' dir='ltr'>subiectum</span> 
     </span>
     <span class='ocr_line' id='line_1_90' title="bbox 1485 2665 2386 2707; baseline 0.001 -11"><span class='ocrx_word' id='word_1_716' title='bbox 1485 2666 1570 2697; x_wconf 90' lang='lat' dir='ltr'>enim</span> <span class='ocrx_word' id='word_1_717' title='bbox 1593 2666 1766 2706; x_wconf 89' lang='lat' dir='ltr'>quoddam,</span> <span class='ocrx_word' id='word_1_718' title='bbox 1790 2673 1819 2696; x_wconf 91' lang='lat' dir='ltr'>et</span> <span class='ocrx_word' id='word_1_719' title='bbox 1838 2666 1870 2695; x_wconf 92' lang='lat' dir='ltr'>in</span> <span class='ocrx_word' id='word_1_720' title='bbox 1890 2665 2029 2696; x_wconf 87' lang='lat' dir='ltr'>subiecto</span> <span class='ocrx_word' id='word_1_721' title='bbox 2054 2673 2099 2696; x_wconf 90' lang='lat' dir='ltr'>est</span> <span class='ocrx_word' id='word_1_722' title='bbox 2122 2673 2232 2696; x_wconf 86' lang='lat' dir='ltr'>natura</span> <span class='ocrx_word' id='word_1_723' title='bbox 2255 2677 2386 2707; x_wconf 89' lang='lat' dir='ltr'>semper.</span> 
     </span>
    </p>
   </div>
   <div class='ocr_carea' id='block_1_22' title="bbox 1417 2710 2476 2751">
    <p class='ocr_par' dir='ltr' id='par_1_22' title="bbox 1417 2710 2476 2751">
     <span class='ocr_line' id='line_1_91' title="bbox 1417 2710 2476 2751; baseline 0 -10"><span class='ocrx_word' id='word_1_724' title='bbox 1417 2711 1434 2730; x_wconf 90' lang='lat'><strong>*</strong></span> <span class='ocrx_word' id='word_1_725' title='bbox 1450 2711 1632 2742; x_wconf 90' lang='lat' dir='ltr'>Secundum</span> <span class='ocrx_word' id='word_1_726' title='bbox 1656 2717 1799 2740; x_wconf 82' lang='lat' dir='ltr'>naturam</span> <span class='ocrx_word' id='word_1_727' title='bbox 1823 2716 1928 2740; x_wconf 85' lang='lat' dir='ltr'>autem</span> <span class='ocrx_word' id='word_1_728' title='bbox 1952 2717 2025 2740; x_wconf 90' lang='lat' dir='ltr'>sunt</span> <span class='ocrx_word' id='word_1_729' title='bbox 2052 2717 2081 2740; x_wconf 91' lang='lat' dir='ltr'>et</span> <span class='ocrx_word' id='word_1_730' title='bbox 2105 2710 2181 2740; x_wconf 90' lang='lat' dir='ltr'>haec</span> <span class='ocrx_word' id='word_1_731' title='bbox 2205 2717 2235 2740; x_wconf 91' lang='lat' dir='ltr'>et</span> <span class='ocrx_word' id='word_1_732' title='bbox 2257 2721 2476 2751; x_wconf 86' lang='lat' dir='ltr'>quaecumque</span> 
     </span>
    </p>
   </div>
   <div class='ocr_carea' id='block_1_23' title="bbox 1485 2754 2476 2962">
    <p class='ocr_par' dir='ltr' id='par_1_23' title="bbox 1485 2754 2476 2962">
     <span class='ocr_line' id='line_1_92' title="bbox 1485 2754 2476 2793; baseline 0 -9"><span class='ocrx_word' id='word_1_733' title='bbox 1485 2755 1532 2785; x_wconf 87' lang='lat' dir='ltr'>his</span> <span class='ocrx_word' id='word_1_734' title='bbox 1547 2755 1654 2784; x_wconf 90' lang='lat' dir='ltr'>insunt</span> <span class='ocrx_word' id='word_1_735' title='bbox 1673 2754 1848 2784; x_wconf 90' lang='lat' dir='ltr'>secundum</span> <span class='ocrx_word' id='word_1_736' title='bbox 1867 2763 1910 2791; x_wconf 90' lang='lat' dir='ltr'>se,</span> <span class='ocrx_word' id='word_1_737' title='bbox 1930 2761 1966 2784; x_wconf 91' lang='lat' dir='ltr'>ut</span> <span class='ocrx_word' id='word_1_738' title='bbox 1980 2754 2044 2793; x_wconf 88' lang='lat' dir='ltr'>igni</span> <span class='ocrx_word' id='word_1_739' title='bbox 2062 2754 2131 2784; x_wconf 87' lang='lat' dir='ltr'>ferri</span> <span class='ocrx_word' id='word_1_740' title='bbox 2151 2765 2285 2785; x_wconf 91' lang='lat' dir='ltr'>sursum.</span> <span class='ocrx_word' id='word_1_741' title='bbox 2303 2755 2375 2785; x_wconf 89' lang='lat' dir='ltr'>Hoc</span> <span class='ocrx_word' id='word_1_742' title='bbox 2391 2755 2476 2785; x_wconf 90' lang='lat' dir='ltr'>enim</span> 
     </span>
     <span class='ocr_line' id='line_1_93' title="bbox 1485 2798 2476 2839; baseline 0 -10"><span class='ocrx_word' id='word_1_743' title='bbox 1485 2805 1596 2829; x_wconf 89' lang='lat' dir='ltr'>natura</span> <span class='ocrx_word' id='word_1_744' title='bbox 1619 2798 1749 2839; x_wconf 89' lang='lat' dir='ltr'>quidem</span> <span class='ocrx_word' id='word_1_745' title='bbox 1772 2808 1838 2828; x_wconf 93' lang='lat' dir='ltr'>non</span> <span class='ocrx_word' id='word_1_746' title='bbox 1862 2804 1924 2835; x_wconf 89' lang='lat' dir='ltr'>est,</span> <span class='ocrx_word' id='word_1_747' title='bbox 1950 2808 2052 2838; x_wconf 91' lang='lat' dir='ltr'>neque</span> <span class='ocrx_word' id='word_1_748' title='bbox 2075 2798 2168 2828; x_wconf 89' lang='lat' dir='ltr'>habet</span> <span class='ocrx_word' id='word_1_749' title='bbox 2191 2805 2352 2836; x_wconf 88' lang='lat' dir='ltr'>naturam;</span> <span class='ocrx_word' id='word_1_750' title='bbox 2381 2799 2435 2829; x_wconf 88' lang='lat' dir='ltr'>sed</span> <span class='ocrx_word' id='word_1_751' title='bbox 2458 2809 2476 2829; x_wconf 90' lang='lat' dir='ltr'>a</span> 
     </span>
     <span class='ocr_line' id='line_1_94' title="bbox 1485 2842 2476 2883; baseline 0 -10"><span class='ocrx_word' id='word_1_752' title='bbox 1485 2850 1605 2880; x_wconf 83' lang='lat' dir='ltr'>natura,</span> <span class='ocrx_word' id='word_1_753' title='bbox 1631 2849 1661 2873; x_wconf 88' lang='lat' dir='ltr'>et</span> <span class='ocrx_word' id='word_1_754' title='bbox 1684 2842 1859 2872; x_wconf 90' lang='lat' dir='ltr'>secundum</span> <span class='ocrx_word' id='word_1_755' title='bbox 1875 2848 2019 2872; x_wconf 86' lang='lat' dir='ltr'>naturam</span> <span class='ocrx_word' id='word_1_756' title='bbox 2034 2849 2088 2872; x_wconf 87' lang='lat' dir='ltr'>est.</span> <span class='ocrx_word' id='word_1_757' title='bbox 2105 2842 2122 2861; x_wconf 89' lang='lat'>*</span> <span class='ocrx_word' id='word_1_758' title='bbox 2138 2842 2223 2879; x_wconf 91' lang='lat' dir='ltr'>Quid</span> <span class='ocrx_word' id='word_1_759' title='bbox 2239 2843 2369 2883; x_wconf 91' lang='lat' dir='ltr'>quidem</span> <span class='ocrx_word' id='word_1_760' title='bbox 2382 2843 2476 2882; x_wconf 90' lang='lat' dir='ltr'>igitur</span> 
     </span>
     <span class='ocr_line' id='line_1_95' title="bbox 1485 2886 2475 2927; baseline 0 -10"><span class='ocrx_word' id='word_1_761' title='bbox 1485 2894 1595 2918; x_wconf 89' lang='lat' dir='ltr'>natura</span> <span class='ocrx_word' id='word_1_762' title='bbox 1618 2887 1674 2925; x_wconf 82' lang='lat' dir='ltr'>sit,</span> <span class='ocrx_word' id='word_1_763' title='bbox 1699 2887 1819 2917; x_wconf 87' lang='lat' dir='ltr'>dictum</span> <span class='ocrx_word' id='word_1_764' title='bbox 1842 2893 1904 2924; x_wconf 90' lang='lat' dir='ltr'>est,</span> <span class='ocrx_word' id='word_1_765' title='bbox 1928 2893 1959 2917; x_wconf 90' lang='lat' dir='ltr'>et</span> <span class='ocrx_word' id='word_1_766' title='bbox 1981 2886 2058 2927; x_wconf 86' lang='lat' dir='ltr'>quid</span> <span class='ocrx_word' id='word_1_767' title='bbox 2088 2887 2175 2927; x_wconf 90' lang='lat' dir='ltr'>quod</span> <span class='ocrx_word' id='word_1_768' title='bbox 2202 2897 2219 2916; x_wconf 88' lang='lat' dir='ltr'>a</span> <span class='ocrx_word' id='word_1_769' title='bbox 2242 2893 2353 2917; x_wconf 87' lang='lat' dir='ltr'>natura</span> <span class='ocrx_word' id='word_1_770' title='bbox 2376 2894 2406 2917; x_wconf 86' lang='lat' dir='ltr'>et</span> <span class='ocrx_word' id='word_1_771' title='bbox 2429 2897 2475 2917; x_wconf 91' lang='lat' dir='ltr'>se-</span> 
     </span>
     <span class='ocr_line' id='line_1_96' title="bbox 1485 2932 1804 2962; baseline -0.006 0"><span class='ocrx_word' id='word_1_772' title='bbox 1485 2932 1627 2962; x_wconf 90' lang='lat' dir='ltr'>cundum</span> <span class='ocrx_word' id='word_1_773' title='bbox 1650 2937 1804 2961; x_wconf 85' lang='lat' dir='ltr'>naturam.</span> 
     </span>
    </p>
   </div>
   <div class='ocr_carea' id='block_1_24' title="bbox 1419 2975 2473 3014">
    <p class='ocr_par' dir='ltr' id='par_1_24' title="bbox 1419 2975 2473 3014">
     <span class='ocr_line' id='line_1_97' title="bbox 1419 2975 2473 3014; baseline 0.001 -8"><span class='ocrx_word' id='word_1_774' title='bbox 1419 2976 1516 3014; x_wconf 93' lang='lat' dir='ltr'>Quod</span> <span class='ocrx_word' id='word_1_775' title='bbox 1541 2982 1646 3006; x_wconf 87' lang='lat' dir='ltr'>autem</span> <span class='ocrx_word' id='word_1_776' title='bbox 1670 2982 1716 3005; x_wconf 92' lang='lat' dir='ltr'>est</span> <span class='ocrx_word' id='word_1_777' title='bbox 1731 2982 1841 3005; x_wconf 88' lang='lat' dir='ltr'>natura</span> <span class='ocrx_word' id='word_1_778' title='bbox 1857 2981 1974 3005; x_wconf 81' lang='lat' dir='ltr'>tentare</span> <span class='ocrx_word' id='word_1_779' title='bbox 1994 2975 2216 3014; x_wconf 89' lang='lat' dir='ltr'>demonstrare,</span> <span class='ocrx_word' id='word_1_780' title='bbox 2234 2975 2402 3006; x_wconf 90' lang='lat' dir='ltr'>ridiculum</span> <span class='ocrx_word' id='word_1_781' title='bbox 2419 2983 2473 3007; x_wconf 90' lang='lat' dir='ltr'>est.</span> 
     </span>
    </p>
   </div>
   <div class='ocr_carea' id='block_1_25' title="bbox 1482 3019 2476 3322">
    <p class='ocr_par' dir='ltr' id='par_1_25' title="bbox 1482 3019 2476 3322">
     <span class='ocr_line' id='line_1_98' title="bbox 1484 3019 2472 3060; baseline 0.002 -11"><span class='ocrx_word' id='word_1_782' title='bbox 1484 3019 1687 3050; x_wconf 86' lang='lat' dir='ltr'>Manifestum</span> <span class='ocrx_word' id='word_1_783' title='bbox 1698 3019 1782 3049; x_wconf 91' lang='lat' dir='ltr'>enim</span> <span class='ocrx_word' id='word_1_784' title='bbox 1797 3026 1843 3050; x_wconf 91' lang='lat' dir='ltr'>est</span> <span class='ocrx_word' id='word_1_785' title='bbox 1858 3019 1946 3060; x_wconf 87' lang='lat' dir='ltr'>quod</span> <span class='ocrx_word' id='word_1_786' title='bbox 1962 3019 2146 3049; x_wconf 87' lang='lat' dir='ltr'>huiusmodi</span> <span class='ocrx_word' id='word_1_787' title='bbox 2160 3030 2265 3050; x_wconf 89' lang='lat' dir='ltr'>rerum</span> <span class='ocrx_word' id='word_1_788' title='bbox 2280 3027 2354 3051; x_wconf 90' lang='lat' dir='ltr'>sunt</span> <span class='ocrx_word' id='word_1_789' title='bbox 2363 3021 2472 3051; x_wconf 88' lang='lat' dir='ltr'>multa:</span> 
     </span>
     <span class='ocr_line' id='line_1_99' title="bbox 1484 3063 2475 3104; baseline 0.001 -11"><span class='ocrx_word' id='word_1_790' title='bbox 1484 3065 1696 3094; x_wconf 84' lang='lat' dir='ltr'>demonstrare</span> <span class='ocrx_word' id='word_1_791' title='bbox 1713 3070 1818 3093; x_wconf 90' lang='lat' dir='ltr'>autem</span> <span class='ocrx_word' id='word_1_792' title='bbox 1842 3063 2005 3093; x_wconf 85' lang='lat' dir='ltr'>manifesta</span> <span class='ocrx_word' id='word_1_793' title='bbox 2020 3073 2076 3103; x_wconf 89' lang='lat' dir='ltr'>per</span> <span class='ocrx_word' id='word_1_794' title='bbox 2093 3063 2314 3103; x_wconf 82' lang='lat' dir='ltr'>immanifesta,</span> <span class='ocrx_word' id='word_1_795' title='bbox 2338 3074 2404 3094; x_wconf 89' lang='lat' dir='ltr'>non</span> <span class='ocrx_word' id='word_1_796' title='bbox 2418 3075 2475 3104; x_wconf 82' lang='lat' dir='ltr'>po-</span> 
     </span>
     <span class='ocr_line' id='line_1_100' title="bbox 1483 3108 2476 3148; baseline 0 -10"><span class='ocrx_word' id='word_1_797' title='bbox 1483 3108 1576 3139; x_wconf 89' lang='lat' dir='ltr'>tentis</span> <span class='ocrx_word' id='word_1_798' title='bbox 1591 3108 1727 3138; x_wconf 89' lang='lat' dir='ltr'>iudicare</span> <span class='ocrx_word' id='word_1_799' title='bbox 1752 3114 1798 3137; x_wconf 90' lang='lat' dir='ltr'>est</span> <span class='ocrx_word' id='word_1_800' title='bbox 1820 3114 1948 3147; x_wconf 90' lang='lat' dir='ltr'>propter</span> <span class='ocrx_word' id='word_1_801' title='bbox 1966 3108 2072 3146; x_wconf 88' lang='lat' dir='ltr'>ipsum</span> <span class='ocrx_word' id='word_1_802' title='bbox 2094 3114 2124 3138; x_wconf 92' lang='lat' dir='ltr'>et</span> <span class='ocrx_word' id='word_1_803' title='bbox 2146 3118 2211 3138; x_wconf 93' lang='lat' dir='ltr'>non</span> <span class='ocrx_word' id='word_1_804' title='bbox 2226 3115 2354 3148; x_wconf 91' lang='lat' dir='ltr'>propter</span> <span class='ocrx_word' id='word_1_805' title='bbox 2369 3109 2476 3148; x_wconf 91' lang='lat' dir='ltr'>ipsum</span> 
     </span>
     <span class='ocr_line' id='line_1_101' title="bbox 1484 3151 2474 3192; baseline -0.001 -9"><span class='ocrx_word' id='word_1_806' title='bbox 1484 3152 1655 3192; x_wconf 85' lang='lat' dir='ltr'>cognitum.</span> <span class='ocrx_word' id='word_1_807' title='bbox 1674 3152 1772 3189; x_wconf 93' lang='lat' dir='ltr'>Quod</span> <span class='ocrx_word' id='word_1_808' title='bbox 1788 3159 1894 3181; x_wconf 87' lang='lat' dir='ltr'>autem</span> <span class='ocrx_word' id='word_1_809' title='bbox 1917 3151 2077 3191; x_wconf 87' lang='lat' dir='ltr'>contingat</span> <span class='ocrx_word' id='word_1_810' title='bbox 2098 3151 2159 3182; x_wconf 93' lang='lat' dir='ltr'>hoc</span> <span class='ocrx_word' id='word_1_811' title='bbox 2183 3153 2257 3191; x_wconf 88' lang='lat' dir='ltr'>pati,</span> <span class='ocrx_word' id='word_1_812' title='bbox 2274 3162 2340 3182; x_wconf 93' lang='lat' dir='ltr'>non</span> <span class='ocrx_word' id='word_1_813' title='bbox 2363 3152 2474 3182; x_wconf 90' lang='lat' dir='ltr'>imma-</span> 
     </span>
     <span class='ocr_line' id='line_1_102' title="bbox 1483 3195 2473 3236; baseline -0.002 -9"><span class='ocrx_word' id='word_1_814' title='bbox 1483 3197 1632 3227; x_wconf 88' lang='lat' dir='ltr'>nifestum</span> <span class='ocrx_word' id='word_1_815' title='bbox 1648 3203 1702 3226; x_wconf 88' lang='lat' dir='ltr'>est.</span> <span class='ocrx_word' id='word_1_816' title='bbox 1724 3195 1894 3236; x_wconf 88' lang='lat' dir='ltr'>Syllogizet</span> <span class='ocrx_word' id='word_1_817' title='bbox 1909 3195 1993 3225; x_wconf 87' lang='lat' dir='ltr'>enim</span> <span class='ocrx_word' id='word_1_818' title='bbox 2009 3195 2132 3236; x_wconf 85' lang='lat' dir='ltr'>aliquis,</span> <span class='ocrx_word' id='word_1_819' title='bbox 2152 3206 2226 3226; x_wconf 90' lang='lat' dir='ltr'>cum</span> <span class='ocrx_word' id='word_1_820' title='bbox 2245 3202 2335 3226; x_wconf 89' lang='lat' dir='ltr'>natus</span> <span class='ocrx_word' id='word_1_821' title='bbox 2355 3196 2393 3226; x_wconf 89' lang='lat' dir='ltr'>sit</span> <span class='ocrx_word' id='word_1_822' title='bbox 2408 3205 2473 3225; x_wconf 87' lang='lat' dir='ltr'>cae-</span> 
     </span>
     <span class='ocr_line' id='line_1_103' title="bbox 1484 3239 2472 3280; baseline -0.003 -9"><span class='ocrx_word' id='word_1_823' title='bbox 1484 3251 1549 3279; x_wconf 88' lang='lat' dir='ltr'>cus,</span> <span class='ocrx_word' id='word_1_824' title='bbox 1574 3241 1611 3270; x_wconf 89' lang='lat' dir='ltr'>de</span> <span class='ocrx_word' id='word_1_825' title='bbox 1635 3240 1810 3270; x_wconf 87' lang='lat' dir='ltr'>coloribus:</span> <span class='ocrx_word' id='word_1_826' title='bbox 1831 3250 1926 3280; x_wconf 87' lang='lat' dir='ltr'>quare</span> <span class='ocrx_word' id='word_1_827' title='bbox 1949 3249 2073 3269; x_wconf 91' lang='lat' dir='ltr'>necesse</span> <span class='ocrx_word' id='word_1_828' title='bbox 2097 3246 2142 3269; x_wconf 88' lang='lat' dir='ltr'>est</span> <span class='ocrx_word' id='word_1_829' title='bbox 2160 3239 2343 3269; x_wconf 89' lang='lat' dir='ltr'>huiusmodi</span> <span class='ocrx_word' id='word_1_830' title='bbox 2363 3239 2400 3269; x_wconf 94' lang='lat' dir='ltr'>de</span> <span class='ocrx_word' id='word_1_831' title='bbox 2416 3249 2472 3269; x_wconf 93' lang='lat' dir='ltr'>no-</span> 
     </span>
     <span class='ocr_line' id='line_1_104' title="bbox 1482 3282 2368 3322; baseline -0.003 -7"><span class='ocrx_word' id='word_1_832' title='bbox 1482 3284 1620 3315; x_wconf 90' lang='lat' dir='ltr'>minibus</span> <span class='ocrx_word' id='word_1_833' title='bbox 1644 3284 1756 3314; x_wconf 85' lang='lat' dir='ltr'>habere</span> <span class='ocrx_word' id='word_1_834' title='bbox 1779 3284 1943 3322; x_wconf 87' lang='lat' dir='ltr'>rationem,</span> <span class='ocrx_word' id='word_1_835' title='bbox 1960 3283 2037 3313; x_wconf 92' lang='lat' dir='ltr'>nihil</span> <span class='ocrx_word' id='word_1_836' title='bbox 2061 3289 2166 3313; x_wconf 86' lang='lat' dir='ltr'>autern</span> <span class='ocrx_word' id='word_1_837' title='bbox 2189 3282 2368 3322; x_wconf 87' lang='lat' dir='ltr'>intelligere.</span> 
     </span>
    </p>
   </div>
   <div class='ocr_carea' id='block_1_26' title="bbox 1410 3394 2472 3628">
    <p class='ocr_par' dir='ltr' id='par_1_26' title="bbox 1410 3394 2472 3628">
     <span class='ocr_line' id='line_1_105' title="bbox 1414 3394 2471 3433; baseline -0.001 -8"><span class='ocrx_word' id='word_1_838' title='bbox 1414 3396 1586 3433; x_wconf 84' lang='lat' dir='ltr'>principium</span> <span class='ocrx_word' id='word_1_839' title='bbox 1598 3397 1720 3425; x_wconf 91' lang='lat' dir='ltr'>activum</span> <span class='ocrx_word' id='word_1_840' title='bbox 1731 3397 1775 3424; x_wconf 88' lang='lat' dir='ltr'>vel</span> <span class='ocrx_word' id='word_1_841' title='bbox 1789 3396 1933 3432; x_wconf 87' lang='lat' dir='ltr'>passivum</span> <span class='ocrx_word' id='word_1_842' title='bbox 1944 3401 2039 3422; x_wconf 87' lang='lat' dir='ltr'>motus</span> <span class='ocrx_word' id='word_1_843' title='bbox 2054 3395 2211 3422; x_wconf 88' lang='lat' dir='ltr'>secundum</span> <span class='ocrx_word' id='word_1_844' title='bbox 2223 3395 2303 3431; x_wconf 92' lang='lat' dir='ltr'>quod</span> <span class='ocrx_word' id='word_1_845' title='bbox 2316 3394 2356 3422; x_wconf 89' lang='lat' dir='ltr'>eis</span> <span class='ocrx_word' id='word_1_846' title='bbox 2367 3404 2471 3424; x_wconf 91' lang='lat' dir='ltr'>conve-</span> 
     </span>
     <span class='ocr_line' id='line_1_106' title="bbox 1414 3433 2471 3470; baseline 0 -6"><span class='ocrx_word' id='word_1_847' title='bbox 1414 3436 1456 3464; x_wconf 92' lang='lat' dir='ltr'>nit</span> <span class='ocrx_word' id='word_1_848' title='bbox 1471 3446 1585 3464; x_wconf 89' lang='lat' dir='ltr'>movere</span> <span class='ocrx_word' id='word_1_849' title='bbox 1596 3437 1639 3464; x_wconf 94' lang='lat' dir='ltr'>vel</span> <span class='ocrx_word' id='word_1_850' title='bbox 1655 3435 1773 3463; x_wconf 90' lang='lat' dir='ltr'>moveri.</span> <span class='ocrx_word' id='word_1_851' title='bbox 1787 3453 1806 3456; x_wconf 96' lang='lat'><em>-</em></span> <span class='ocrx_word' id='word_1_852' title='bbox 1818 3436 1843 3462; x_wconf 88' lang='lat'>5.</span> <span class='ocrx_word' id='word_1_853' title='bbox 1856 3434 2043 3462; x_wconf 89' lang='lat' dir='ltr'>Concluditur</span> <span class='ocrx_word' id='word_1_854' title='bbox 2058 3443 2090 3461; x_wconf 87' lang='lat' dir='ltr'>ex</span> <span class='ocrx_word' id='word_1_855' title='bbox 2105 3433 2267 3470; x_wconf 88' lang='lat' dir='ltr'>praemissis</span> <span class='ocrx_word' id='word_1_856' title='bbox 2280 3434 2408 3463; x_wconf 85' lang='lat' dir='ltr'>definitio</span> <span class='ocrx_word' id='word_1_857' title='bbox 2419 3445 2471 3464; x_wconf 88' lang='lat' dir='ltr'>na-</span> 
     </span>
     <span class='ocr_line' id='line_1_107' title="bbox 1414 3473 2472 3512; baseline 0 -9"><span class='ocrx_word' id='word_1_858' title='bbox 1414 3482 1503 3503; x_wconf 85' lang='lat' dir='ltr'>turae:</span> <span class='ocrx_word' id='word_1_859' title='bbox 1515 3485 1618 3512; x_wconf 88' lang='lat' dir='ltr'>nempe</span> <span class='ocrx_word' id='word_1_860' title='bbox 1629 3482 1731 3503; x_wconf 88' lang='lat' dir='ltr'>natura</span> <span class='ocrx_word' id='word_1_861' title='bbox 1741 3481 1782 3502; x_wconf 90' lang='lat' dir='ltr'>est</span> <span class='ocrx_word' id='word_1_862' title='bbox 1792 3474 1968 3511; x_wconf 82' lang='lat' dir='ltr'>principium</span> <span class='ocrx_word' id='word_1_863' title='bbox 1981 3479 2073 3501; x_wconf 81' lang='lat' dir='ltr'>motus</span> <span class='ocrx_word' id='word_1_864' title='bbox 2087 3479 2114 3501; x_wconf 86' lang='lat' dir='ltr'>et</span> <span class='ocrx_word' id='word_1_865' title='bbox 2124 3473 2226 3510; x_wconf 83' lang='lat' dir='ltr'>quietis</span> <span class='ocrx_word' id='word_1_866' title='bbox 2236 3474 2264 3501; x_wconf 84' lang='lat' dir='ltr'>in</span> <span class='ocrx_word' id='word_1_867' title='bbox 2280 3483 2312 3502; x_wconf 85' lang='lat' dir='ltr'>eo</span> <span class='ocrx_word' id='word_1_868' title='bbox 2325 3474 2353 3502; x_wconf 84' lang='lat' dir='ltr'>in</span> <span class='ocrx_word' id='word_1_869' title='bbox 2364 3484 2418 3511; x_wconf 87' lang='lat' dir='ltr'>quo</span> <span class='ocrx_word' id='word_1_870' title='bbox 2429 3481 2472 3503; x_wconf 83' lang='lat' dir='ltr'>est</span> 
     </span>
     <span class='ocr_line' id='line_1_108' title="bbox 1410 3513 2470 3553; baseline 0 -11"><span class='ocrx_word' id='word_1_871' title='bbox 1410 3515 1508 3552; x_wconf 82' lang='lat' dir='ltr'>primo</span> <span class='ocrx_word' id='word_1_872' title='bbox 1524 3521 1551 3543; x_wconf 87' lang='lat' dir='ltr'>et</span> <span class='ocrx_word' id='word_1_873' title='bbox 1560 3519 1618 3553; x_wconf 82' lang='lat' dir='ltr'>pe&#39;r</span> <span class='ocrx_word' id='word_1_874' title='bbox 1632 3524 1662 3542; x_wconf 86' lang='lat' dir='ltr'>se</span> <span class='ocrx_word' id='word_1_875' title='bbox 1673 3520 1700 3542; x_wconf 87' lang='lat' dir='ltr'>et</span> <span class='ocrx_word' id='word_1_876' title='bbox 1716 3523 1769 3541; x_wconf 87' lang='lat' dir='ltr'>non</span> <span class='ocrx_word' id='word_1_877' title='bbox 1785 3514 1939 3541; x_wconf 83' lang='lat' dir='ltr'>secundum</span> <span class='ocrx_word' id='word_1_878' title='bbox 1955 3513 2096 3540; x_wconf 84' lang='lat' dir='ltr'>accidens.</span> <span class='ocrx_word' id='word_1_879' title='bbox 2107 3513 2270 3549; x_wconf 88' lang='lat' dir='ltr'>Explicatur</span> <span class='ocrx_word' id='word_1_880' title='bbox 2283 3522 2335 3550; x_wconf 89' lang='lat' dir='ltr'>per</span> <span class='ocrx_word' id='word_1_881' title='bbox 2345 3514 2470 3551; x_wconf 84' lang='lat' dir='ltr'>singulas</span> 
     </span>
     <span class='ocr_line' id='line_1_109' title="bbox 1413 3551 2469 3590; baseline 0 -8"><span class='ocrx_word' id='word_1_882' title='bbox 1413 3561 1518 3590; x_wconf 87' lang='lat' dir='ltr'>partes.</span> <span class='ocrx_word' id='word_1_883' title='bbox 1534 3551 1554 3575; x_wconf 67' lang='grc' dir='ltr'>-ἓ</span> <span class='ocrx_word' id='word_1_884' title='bbox 1568 3555 1594 3582; x_wconf 90' lang='grc'>6.</span> <span class='ocrx_word' id='word_1_885' title='bbox 1611 3554 1688 3588; x_wconf 90' lang='lat' dir='ltr'>Quid</span> <span class='ocrx_word' id='word_1_886' title='bbox 1710 3553 1765 3580; x_wconf 87' lang='lat' dir='ltr'>sint</span> <span class='ocrx_word' id='word_1_887' title='bbox 1786 3552 1918 3580; x_wconf 84' lang='lat' dir='ltr'>habentia</span> <span class='ocrx_word' id='word_1_888' title='bbox 1936 3558 2078 3580; x_wconf 85' lang='lat' dir='ltr'>naturam.</span> <span class='ocrx_word' id='word_1_889' title='bbox 2095 3570 2113 3574; x_wconf 91' lang='lat'><em>-</em></span> <span class='ocrx_word' id='word_1_890' title='bbox 2129 3562 2155 3589; x_wconf 90' lang='lat'>7.</span> <span class='ocrx_word' id='word_1_891' title='bbox 2172 3552 2250 3587; x_wconf 90' lang='lat' dir='ltr'>Quid</span> <span class='ocrx_word' id='word_1_892' title='bbox 2263 3553 2299 3581; x_wconf 90' lang='lat' dir='ltr'>sit</span> <span class='ocrx_word' id='word_1_893' title='bbox 2312 3555 2469 3582; x_wconf 81' lang='lat' dir='ltr'>secundum</span> 
     </span>
     <span class='ocr_line' id='line_1_110' title="bbox 1415 3592 2388 3628; baseline 0 -7"><span class='ocrx_word' id='word_1_894' title='bbox 1415 3599 1556 3621; x_wconf 81' lang='lat' dir='ltr'>naturam.</span> <span class='ocrx_word' id='word_1_895' title='bbox 1572 3611 1591 3615; x_wconf 83' lang='lat'>-</span> <span class='ocrx_word' id='word_1_896' title='bbox 1607 3595 1633 3621; x_wconf 91' lang='lat'>8.</span> <span class='ocrx_word' id='word_1_897' title='bbox 1651 3595 1854 3620; x_wconf 86' lang='lat' dir='ltr'>Demonstrare</span> <span class='ocrx_word' id='word_1_898' title='bbox 1876 3593 1956 3628; x_wconf 93' lang='lat' dir='ltr'>quod</span> <span class='ocrx_word' id='word_1_899' title='bbox 1976 3598 2078 3620; x_wconf 88' lang='lat' dir='ltr'>natura</span> <span class='ocrx_word' id='word_1_900' title='bbox 2098 3592 2142 3627; x_wconf 91' lang='lat' dir='ltr'>sit,</span> <span class='ocrx_word' id='word_1_901' title='bbox 2164 3592 2316 3621; x_wconf 86' lang='lat' dir='ltr'>ridiculum</span> <span class='ocrx_word' id='word_1_902' title='bbox 2337 3599 2388 3621; x_wconf 88' lang='lat' dir='ltr'>est.</span> 
     </span>
    </p>
   </div>
   <div class='ocr_carea' id='block_1_27' title="bbox 2510 1269 2722 1297">
    <p class='ocr_par' dir='ltr' id='par_1_27' title="bbox 2510 1269 2722 1297">
     <span class='ocr_line' id='line_1_111' title="bbox 2510 1269 2722 1297; baseline 0.005 -7"><span class='ocrx_word' id='word_1_903' title='bbox 2510 1269 2519 1278; x_wconf 74' lang='lat'><em>⁶</em></span> <span class='ocrx_word' id='word_1_904' title='bbox 2534 1269 2590 1297; x_wconf 81' lang='lat' dir='ltr'>Cap.</span> <span class='ocrx_word' id='word_1_905' title='bbox 2602 1269 2694 1291; x_wconf 81' lang='lat' dir='ltr'>1.Text.</span> <span class='ocrx_word' id='word_1_906' title='bbox 2703 1275 2722 1291; x_wconf 81' lang='grc' dir='ltr'>ι.</span> 
     </span>
    </p>
   </div>
   <div class='ocr_carea' id='block_1_28' title="bbox 2510 1664 2636 1686">
    <p class='ocr_par' dir='ltr' id='par_1_28' title="bbox 2510 1664 2636 1686">
     <span class='ocr_line' id='line_1_112' title="bbox 2510 1664 2636 1686; baseline 0.008 -1"><span class='ocrx_word' id='word_1_907' title='bbox 2510 1665 2518 1671; x_wconf 89' lang='grc'><strong>”</strong></span> <span class='ocrx_word' id='word_1_908' title='bbox 2532 1664 2598 1686; x_wconf 83' lang='lat' dir='ltr'>Text.</span> <span class='ocrx_word' id='word_1_909' title='bbox 2614 1670 2636 1686; x_wconf 87' lang='lat'>2.</span> 
     </span>
    </p>
   </div>
   <div class='ocr_carea' id='block_1_29' title="bbox 1421 1961 2632 2004">
    <p class='ocr_par' dir='ltr' id='par_1_29' title="bbox 1421 1961 2632 2004">
     <span class='ocr_line' id='line_1_113' title="bbox 1421 1961 2632 2004; baseline 0.003 -11"><span class='ocrx_word' id='word_1_910' title='bbox 1421 1964 1437 1983; x_wconf 89' lang='lat'><em>*</em></span> <span class='ocrx_word' id='word_1_911' title='bbox 1452 1964 1509 1994; x_wconf 90' lang='lat' dir='ltr'>Est</span> <span class='ocrx_word' id='word_1_912' title='bbox 1531 1963 1625 2003; x_wconf 87' lang='lat' dir='ltr'>igitur</span> <span class='ocrx_word' id='word_1_913' title='bbox 1640 1969 1751 1993; x_wconf 90' lang='lat' dir='ltr'>natura</span> <span class='ocrx_word' id='word_1_914' title='bbox 1767 1961 1959 2002; x_wconf 88' lang='lat' dir='ltr'>principium</span> <span class='ocrx_word' id='word_1_915' title='bbox 1974 1962 2104 1992; x_wconf 86' lang='lat' dir='ltr'>alicuius</span> <span class='ocrx_word' id='word_1_916' title='bbox 2122 1969 2152 1993; x_wconf 91' lang='lat' dir='ltr'>et</span> <span class='ocrx_word' id='word_1_917' title='bbox 2175 1973 2267 1993; x_wconf 88' lang='lat' dir='ltr'>causa</span> <span class='ocrx_word' id='word_1_918' title='bbox 2286 1963 2436 1993; x_wconf 90' lang='lat' dir='ltr'>movendi</span> <span class='ocrx_word' id='word_1_919' title='bbox 2452 1970 2482 1994; x_wconf 88' lang='lat' dir='ltr'>et</span> <span class='ocrx_word' id='word_1_920' title='bbox 2508 1976 2516 1984; x_wconf 89' lang='lat'><strong>·</strong></span> <span class='ocrx_word' id='word_1_921' title='bbox 2531 1975 2597 1996; x_wconf 77' lang='lat' dir='ltr'>Text.</span> <span class='ocrx_word' id='word_1_922' title='bbox 2612 1982 2632 2004; x_wconf 83' lang='lat'>3·</span> 
     </span>
    </p>
   </div>
   <div class='ocr_carea' id='block_1_30' title="bbox 2504 2589 2632 2617">
    <p class='ocr_par' dir='ltr' id='par_1_30' title="bbox 2504 2589 2632 2617">
     <span class='ocr_line' id='line_1_114' title="bbox 2504 2589 2632 2617; baseline 0 -6"><span class='ocrx_word' id='word_1_923' title='bbox 2504 2590 2512 2599; x_wconf 85' lang='grc'>·</span> <span class='ocrx_word' id='word_1_924' title='bbox 2527 2589 2593 2612; x_wconf 86' lang='lat' dir='ltr'>Text.</span> <span class='ocrx_word' id='word_1_925' title='bbox 2608 2597 2632 2617; x_wconf 79' lang='lat'>4.</span> 
     </span>
    </p>
   </div>
   <div class='ocr_carea' id='block_1_31' title="bbox 2503 2722 2628 2750">
    <p class='ocr_par' dir='ltr' id='par_1_31' title="bbox 2503 2722 2628 2750">
     <span class='ocr_line' id='line_1_115' title="bbox 2503 2722 2628 2750; baseline 0.008 -7"><span class='ocrx_word' id='word_1_926' title='bbox 2503 2722 2512 2731; x_wconf 89' lang='grc'><strong><em>”</em></strong></span> <span class='ocrx_word' id='word_1_927' title='bbox 2526 2722 2594 2744; x_wconf 84' lang='lat' dir='ltr'>Text.</span> <span class='ocrx_word' id='word_1_928' title='bbox 2609 2728 2628 2750; x_wconf 88' lang='grc'>5.</span> 
     </span>
    </p>
   </div>
   <div class='ocr_carea' id='block_1_32' title="bbox 2502 2854 2631 2876">
    <p class='ocr_par' dir='ltr' id='par_1_32' title="bbox 2502 2854 2631 2876">
     <span class='ocr_line' id='line_1_116' title="bbox 2502 2854 2631 2876; baseline 0 0"><span class='ocrx_word' id='word_1_929' title='bbox 2502 2854 2513 2865; x_wconf 72' lang='lat'>¹⁵</span> <span class='ocrx_word' id='word_1_930' title='bbox 2527 2854 2593 2876; x_wconf 88' lang='lat' dir='ltr'>Text.</span> <span class='ocrx_word' id='word_1_931' title='bbox 2609 2854 2631 2876; x_wconf 89' lang='lat'>6.</span> 
     </span>
    </p>
   </div>
  </div>
 </body>
</html>
