2898 3996
246 1092 256 1100 ·
270 1092 304 1112 tta
318 1096 365 1112 om.
379 1097 402 1112 P.

489 291 563 327 302
1107 284 1449 322 PHYSICORUM
1475 283 1822 320 ARISTOTELIS
1852 283 1945 319 LIB.
1974 283 2026 320 VI

1592 360 1813 397 continuum
1833 367 1899 397 est.
1921 361 1970 397 Et
1988 359 2075 398 ideo
2095 373 2174 398 non
2198 369 2252 406 est
2275 361 2368 410 fieri,
2389 362 2459 400 nisi
2476 364 2495 385 *
2509 363 2650 413 aliquid
2678 375 2735 399 wau
2747 374 2863 399 mama».
2884 355 2885 358 “

486 375 646 416 partem,
666 365 760 403 sicut
786 365 825 402 in
852 364 1001 402 animali
1031 363 1134 412 prius
1161 369 1360 410 generatur
1387 373 1471 408 cor,
1502 368 1538 397 et

486 420 526 456 in
554 420 669 456 domo
697 418 995 455 fundamentum:
1017 424 1051 452 et
1069 415 1107 452 in
1125 415 1202 451 istis
1229 414 1334 462 quod
1357 414 1414 460 fit,
1434 413 1537 461 prius

487 472 626 508 factum
653 477 718 517 est,
747 482 825 506 non
853 469 1071 518 ipsummet,
1101 467 1168 504 sed
1196 466 1335 514 aliquid
1368 465 1459 502 eius.
1489 466 1537 502 Et

486 524 561 560 hoc
590 530 643 559 est
671 522 774 571 quod
802 521 936 567 subdit,
957 519 1060 568 quod
1079 531 1158 556 non
1186 530 1338 566 semper
1364 517 1402 554 id
1430 517 1536 564 quod

486 575 539 622 fit,
567 574 670 623 prius
698 574 900 622 ipsummet
917 573 1056 609 factum
1077 579 1142 618 est,
1163 570 1230 607 sed
1249 569 1451 617 aliquando
1471 569 1535 605 ali-

487 627 576 676 quid
605 627 684 662 eius
711 626 851 662 factum
880 632 944 671 est,
965 624 1059 660 sicut
1077 623 1366 660 fundamentum
1386 621 1534 658 domus.

486 680 562 716 Sed
598 678 685 727 quia
721 685 867 726 oportet
903 675 1078 714 devenire
1115 676 1163 712 ad
1199 674 1364 723 aliquam
1390 681 1536 722 partem

485 743 581 780 quae
609 737 687 766 tota
706 730 815 766 simul
833 730 875 766 fit
893 735 920 775 ⁸,
942 735 1088 777 oportet
1107 727 1210 776 quod
1230 727 1269 763 in
1288 727 1412 775 aliqua
1429 733 1535 775 parte

483 783 523 820 id
549 782 654 830 quod
680 782 734 829 fit,
754 782 894 818 factum
921 781 966 817 sit
993 780 1202 817 secundum
1221 779 1383 827 aliquem
1409 778 1535 815 termi-

484 847 576 872 num
604 841 800 882 acceptum
834 833 871 876 in
909 833 1124 869 alteratione
1151 831 1412 881 praecedenti:
1442 830 1537 868 sicut

485 887 575 924 dum
589 893 786 934 generatur
804 885 940 922 animal
959 885 1034 921 iam
1059 885 1197 921 factum
1217 891 1272 920 est
1292 895 1367 931 cor,
1390 890 1425 920 et
1445 883 1536 920 dum

484 946 682 987 generatur
710 950 775 974 cor
801 937 875 974 iam
903 937 1041 973 factum
1069 944 1124 973 est
1160 936 1319 985 aliquid;
1348 948 1427 973 non
1454 935 1535 985 qui-

484 992 571 1028 dem
590 990 712 1039 aliqua
738 1002 825 1038 pars
845 988 978 1036 cordis2
1000 989 1065 1026 sed
1092 989 1216 1038 aliqua
1244 989 1411 1026 alteratio
1440 988 1537 1025 facta

483 1051 556 1089 est,
585 1043 754 1079 ordinata
782 1042 831 1084 ad
856 1041 1136 1089 generationem
1165 1041 1299 1078 cordis.

534 1096 582 1131 Et
601 1095 693 1131 sicut
713 1094 851 1131 dictum
879 1101 934 1130 est
962 1094 1007 1130 de
1036 1093 1296 1141 generatione,
1325 1093 1376 1130 ita
1394 1094 1414 1115 *
1432 1093 1536 1130 intel-

480 1147 670 1195 ligendum
690 1154 744 1183 est
767 1146 814 1183 de
835 1145 1085 1194 corruptione.
1107 1146 1239 1183 Statim
1259 1145 1360 1183 enim
1380 1146 1412 1183 ei
1432 1145 1538 1195 quod

479 1200 522 1236 fit
551 1206 585 1235 et
613 1198 871 1247 corrumpitur,
892 1198 987 1235 inest
1011 1198 1205 1247 quoddam
1227 1198 1428 1246 infinitum,
1450 1211 1537 1235 cum

481 1251 526 1288 sit
541 1252 776 1298 continuum3
797 1250 884 1299 quia
902 1251 1027 1299 ipsum
1045 1251 1128 1288 fieri
1148 1258 1184 1288 et
1202 1251 1334 1304 ipsum·
1347 1250 1537 1300 corrumpi

1590 413 1730 449 facturn
1750 412 1795 449 sit
1822 412 1942 461 prius:
1972 425 2098 461 neque
2126 420 2180 450 est
2208 413 2349 463 aliquid
2375 415 2516 453 factum
2545 428 2648 466 esse,

1590 464 1660 501 nisi
1691 465 1758 502 fiat
1775 465 1890 513 prius.
1913 465 1961 501 Et
1989 464 2155 502 similiter
2182 466 2386 504 dicendum
2413 475 2468 505 est
2496 469 2544 506 de
2567 482 2649 507 cor-

1589 516 1714 565 rumpi
1741 524 1777 553 et
1796 517 1843 554 de
1863 524 2082 566 corruptum
2110 530 2203 555 esse.
2226 519 2385 568 Semper
2403 520 2505 558 enirn
2524 533 2650 559 corru—

1588 576 1697 617 ptum
1724 581 1806 606 esse
1836 577 1890 606 est
1916 570 2020 618 prius
2048 570 2131 618 ipso
2159 571 2368 620 corrumpi,
2397 580 2434 609 et
2458 574 2650 624 corrumpi

1590 628 1645 658 est
1665 621 1774 669 >prius
1802 622 1877 659 hoe
1905 622 2010 671 quod
2037 630 2093 659 est
2121 631 2340 672 corruptum
2367 636 2462 662 esse.

1642 673 1754 711 Unde
1781 674 2022 712 manifestum
2050 683 2105 713 est
2123 676 2229 724 quod
2248 689 2363 714 omne
2382 677 2487 726 quod
2509 678 2651 717 factum

1591 733 1660 773 est,
1689 738 1844 764 necesse
1878 735 1933 764 est
1962 727 2067 776 prius
2093 728 2192 775 fieri3
2229 737 2265 766 et
2297 741 2414 767 omne
2447 731 2553 778 quod
2581 731 2651 779 fit,

1589 790 1744 815 necesse
1773 786 1828 816 est
1854 779 1959 828 prius
1986 781 2128 818 factum
2159 793 2242 818 esse
2275 781 2402 830 aliquo
2434 782 2564 820 modo.
2598 783 2649 821 Et

1588 831 1663 867 hoc
1690 831 1790 879 ideo,
1811 831 1898 880 quia
1917 832 2040 870 omnis
2060 833 2280 881 magnitudo
2301 829 2336 871 et
2355 846 2469 872 omne
2497 843 2650 884 tempus

1584 882 1676 920 'sunt
1700 883 1739 920 in
1766 883 1955 921 infinitum
1983 885 2192 924 divisibilia.
2213 887 2262 924 Et
2282 886 2369 924 ideo
2397 887 2437 925 in
2464 900 2649 936 quocum-

1590 948 1664 985 que
1689 943 1865 985 tempore
1896 937 1940 974 fit
1966 937 2129 986 aliquid,
2163 939 2239 976 hoc
2271 952 2351 977 non
2383 940 2450 977 erit
2483 940 2577 978 sicut
2607 940 2648 979 in

1588 988 1725 1037 primo,
1745 989 1835 1037 quia
1855 989 1922 1026 erit
1949 989 2120 1039 accipere
2141 998 2289 1040 partem
2307 992 2485 1041 priorem.
2505 994 2555 1030 Et
2572 993 2648 1031 hoc

1591 1041 1695 1090 quod
1723 1041 1864 1079 dictum
1894 1049 1949 1079 est
1978 1042 2025 1079 de
2053 1043 2294 1091 generatione
2322 1052 2359 1081 et
2387 1045 2645 1094 corruptione,

1589 1092 1872 1142 intelligendum
1906 1102 1961 1132 est
1994 1095 2106 1132 etiam
2140 1095 2187 1133 de
2219 1095 2511 1145 illuminatione,
2549 1110 2648 1147 quae

1591 1154 1646 1183 est
1673 1146 1854 1184 terminus
1882 1155 2010 1185 motus
2037 1148 2168 1186 localis
2196 1149 2364 1199 corporis
2391 1149 2646 1199 illuminantis,

1591 1199 1685 1236 sicut
1712 1199 1902 1247 generatio
1937 1207 1973 1237 et
2006 1201 2196 1250 corruptio
2226 1209 2280 1239 est
2306 1202 2489 1240 terminus
2515 1203 2654 1248 alteras

1590 1251 1713 1289 tionis.

536 1416 559 1449 ε)
582 1423 648 1450 quae
667 1419 724 1442 tota
735 1416 815 1441 simul
825 1416 897 1449 fit.-
909 1415 960 1441 Pro
972 1416 1024 1449 fit,
1043 1416 1079 1441 sit
1096 1416 1132 1441 Pb
1151 1421 1177 1442 et
1195 1417 1269 1450 pauci
1287 1417 1389 1442 codices
1407 1421 1436 1442 ut
1455 1418 1530 1443 solet.
1548 1431 1567 1436 -
1583 1417 1696 1451 Pergunt
1714 1418 1788 1444 codd.
1803 1427 1858 1444 exc.
1874 1419 1898 1444 1:
1917 1398 2023 1452 oportet
2040 1420 2112 1454 quod
2129 1421 2156 1446 fn
2176 1421 2222 1447 illa
2240 1425 2335 1454 parre,⁸
2354 1422 2380 1448 in
2404 1422 2452 1448 ina
2469 1422 2650 1456 corrumpitn

478 1452 505 1476 in
523 1451 584 1476 ulla.

2816 2399 2818 2403 ,
2823 2394 2858 2405 ÷÷÷÷
