2898 3996
1153 295 1263 332 CAP.
1294 295 1344 342 11,
1374 294 1524 332 LECT.
1554 296 1605 333 iv

2388 309 2462 345 277

1042 502 1340 559 LEcho
1380 503 1719 580 QUARTA

447 639 628 670 FINITUM
650 639 708 669 ET
732 637 957 668 INFINITUM
980 635 1195 667 SIMILITER
1218 635 1515 666 INVENIUNTUR
1537 635 1579 666 IN
1602 637 1902 668 MAGNITUDINE
1925 638 1983 669 ET
2007 639 2050 669 lN
2073 639 2277 671 TEMPORE
2294 658 2312 663 -

756 698 939 730 NULLUM
963 697 1224 728 CONTINUUM
1247 696 1513 727 INDIVISIBILE
1536 697 1635 728 ESSE
1658 698 2014 731 DEMONSTRATUR

300 814 368 846 Καὶ
391 814 420 845 εὶ
445 812 667 855 ὁποτερονοῦν
699 811 858 853 ἄπειρον,
887 812 945 841 καὶ
975 809 1129 854 θάτερον·
1154 811 1212 841 καὶ
1235 810 1278 847 ὥς
1303 808 1361 841 θά-

367 869 477 901 τερον,
501 857 560 887 καὶ
584 854 739 898 θάτερον·
761 856 829 886 οἷον
855 854 883 885 εἱ
908 854 966 895 μὲν
984 858 1055 891 τοῖς
1081 854 1241 898 ἐσχάτοις
1268 854 1362 886 ἀπει-

389 912 421 938 ος
447 901 463 932 ό
486 901 616 944 χρόνος,
641 900 700 930 καὶ
725 898 766 931 τό
790 898 896 943 μῆκος
922 902 992 935 τοῖς
1018 897 1192 943 ἐσχάτοις·
1211 899 1239 929 εἱ
1259 893 1296 929 δὲ
1315 898 1359 940 τῇ

367 913 549 987 διαιρέσει,
575 943 621 985 τῇ
646 937 806 986 διαιρέσει
829 943 888 974 καὶ
913 941 954 974 τὸ
978 943 1097 986 μῆκος·
1124 942 1151 973 εἱ
1176 937 1213 974 δὲ
1240 940 1358 985 ἀμφοῖν

369 991 385 1022 ὁ
408 988 539 1031 χρόνος,
568 984 688 1030 ἀμφοῖν
712 989 770 1018 καὶ
795 986 837 1019 τό
889 985 1013 1032 έγεθος.

301 1032 358 1065 Διὸ
381 1033 439 1065 καὶ
466 1032 481 1063 <3
505 1030 655 1068 Ζήνωνος
679 1029 778 1076 λόγος
803 997 920 1106 ιζεῦιδος
944 1029 1114 1072 λαμβάνει
1139 1029 1179 1062 τὸ
1204 1029 1250 1074 μή
1273 1024 1361 1061 ἑνδέ-

367 1075 488 1123 χεσθαι
513 1075 560 1107 τοὶ
586 1075 709 1119 ἄπειρα
736 1070 807 1107 διελ
831 1079 876 1108 εῖν
902 1074 922 1112 ἦ
950 1073 1099 1118 ἅψασθαι
1124 1074 1189 1106 τῶν
1218 1074 1359 1117 ἀπείρων

366 1118 442 1153 καθ’
472 1119 616 1152 ἕκαστον
642 1120 676 1151 ἑν
702 1119 941 1163 πεπερασμένῳ
958 1118 1078 1163 χρόνῳ.
1104 1118 1208 1163 Διχῶς
1225 1117 1288 1164 γάρ
1307 1117 1363 1149 λέ-

368 1175 470 1212 γεται
493 1165 552 1195 καὶ
577 1162 618 1196 τὸ
639 1164 747 1218 μῆκος
771 1166 828 1196 καὶ
850 1165 866 1196 <3
909 1162 1002 1208 ρόνος
1024 1163 1173 1206 ἄπειρον,
1199 1163 1256 1194 καὶ
1279 1160 1360 1201 ὅλως

369 1210 437 1242 πᾶν
462 1207 503 1240 τό
528 1219 686 1252 συνεχες,
712 1207 791 1244 ἤτοι
814 1219 911 1240 κατα
934 1201 1092 1251 διαίρεσιν
1119 1204 1140 1242 ἦ
1166 1210 1235 1244 τοῖς
1262 1205 1364 1261 ἐσχά-

369 1265 451 1291 τοις.
477 1252 547 1283 Τῶν
573 1253 632 1296 μὲν
661 1249 716 1284 οὖν
739 1252 835 1284 κατοὶ
860 1251 962 1285 ποσὸν
984 1249 1127 1294 ἀπείρων
1154 1250 1213 1281 οὐκ
1233 1246 1361 1296 ἐνδέχε-

368 1309 429 1330 ται
455 1295 605 1340 ἅψασθαι
630 1296 663 1328 ἐν
694 1295 933 1341 πεπερασμένῳ
962 1295 1088 1340 χρόνῳ,
1114 1294 1182 1325 τῶν
1206 1289 1244 1327 δὲ
1266 1296 1363 1329 κατά

369 1336 528 1383 διαίρεσιν
555 1335 745 1386 ἐνδέχεται·
769 1342 828 1372 καὶ
853 1341 917 1387 γάρ
944 1339 1047 1377 αὐτὸς
1075 1340 1090 1374 ,ὁ
1114 1337 1231 1380 χρόνος
1255 1339 1361 1379 οὕτως

371 1386 517 1429 ἄπειρος.
547 1383 648 1418 “Ὠστε
674 1385 706 1416 ἐν
733 1385 781 1426 τῷ
807 1383 930 1428 ἀπείρῳ
958 1386 1016 1416 καὶ
1042 1381 1101 1416 οὐκ
1126 1382 1159 1416 έν
1185 1385 1232 1424 τῷ
1259 1397 1363 1417 πεπε-

369 1429 519 1474 ρασμένῳ
544 1429 718 1472 συμβαίνει
742 1424 864 1460 διιέναι
882 1428 922 1461 τό
946 1429 1094 1472 ἄπειρον,
1115 1428 1172 1460 καὶ
1192 1426 1361 1461 ἅπτεσθαι

370 1475 436 1507 τῶν
461 1472 606 1516 ’ἀπείρων
632 1477 702 1510 τοῖς
734 1473 894 1518 ἀπείροις,
923 1473 959 1505 οὐ
985 1476 1055 1509 τοῖς
1082 1472 1359 1516 πεπερασμένοις.

303 1517 391 1550 Οὔτε
416 1513 460 1554 δή
485 1516 526 1549 τό
553 1517 686 1562 ἄπειρον
714 1517 825 1549 οἷόντε
843 1518 876 1550 ὲν
894 1515 1134 1560 πεπερασμένῳ
1154 1516 1259 1561 χρόνῳ
1276 1512 1364 1550 διελ-

370 1561 452 1603 θεῖν,
480 1560 552 1592 οὔτ’
579 1559 612 1592 ἑν
640 1562 762 1604 ἀπείρῳ
788 1562 828 1594 τὸ
853 1560 1120 1604 πεπερασμένον·
1148 1561 1221 1592 ἀλλ’
1243 1561 1300 1594 ἐάν
1323 1574 1362 1594 τε

372 1607 389 1638 ὁ
412 1605 530 1651 χρόνος
557 1604 690 1650 ἄπειρος
716 1603 754 1647 ᾗ,
781 1607 839 1637 καὶ
863 1605 905 1638 τό
930 1603 1069 1651 μέγεθος
1095 1604 1361 1651 ἔσται“ἄπειρον,

371 1649 429 1682 ἐάν
454 1661 494 1682 τε
519 1648 560 1681 τὰ
585 1648 736 1695 μέγεθος,
761 1652 819 1682 καὶ
846 1651 862 1681 <3
912 1649 1016 1694 ρόνος.

295 1693 410 1727 Ἔστω
434 1693 498 1740 γάρ
524 1693 776 1737 πεπερασμένον
803 1692 883 1740 μέγε
907 1706 940 1731 ος
966 1691 1012 1736 ἐφ’
1036 1691 1072 1724 οὗ
1098 1693 1160 1733 ΑΒ,
1186 1693 1304 1738 χρόνος
1326 1688 1364 1725 δὲ

372 1737 507 1782 ἄπειρος
541 1737 587 1780 ἐφ’
617 1737 641 1779 ᾦ
666 1739 700 1768 Γ·
727 1737 872 1780 εἰλήφθω
904 1733 941 1769 δέ
967 1749 1001 1770 τι
1026 1737 1089 1769 τοῦ
1119 1736 1238 1782 χρόνου
1265 1750 1366 1770 πεπε-

371 1781 557 1826 ρασμένον,
585 1779 630 1825 ἐφ’
660 1781 684 1823 ᾦ
708 1783 768 1813 ΓΔ.
797 1779 853 1813 Ἐν
879 1781 991 1822 τούτῳ
1023 1779 1078 1812 οὖν
1109 1778 1206 1814 δίεισί
1236 1793 1270 1813 τι
1303 1782 1364 1814 τοῦ

371 1825 544 1872 μεγέθους,
570 1828 627 1857 καὶ
653 1826 741 1858 ἔστω
765 1820 957 1863 διεληλυθὸς
984 1823 1031 1868 ἐφ’
1060 1824 1084 1865 ᾦ
1107 1828 1170 1857 ΒΕ.
1197 1826 1307 1858 Τοῦτο
1328 1821 1366 1856 δὲ

371 1869 393 1907 ἦ
418 1869 676 1913 καταμετρήσει
701 1870 742 1902 τὸ
768 1870 815 1912 ἐφ’
843 1870 866 1911 ᾧ
891 1871 958 1911 ΑΒ,
986 1869 1006 1906 ἦ
1033 1869 1194 1914 ἐλλείψει,
1222 1868 1243 1906 ἢ
1269 1871 1366 1913 ύπερ-

372 1913 483 1954 βαλεῖ·
509 1910 660 1958 διαφέρει
683 1914 748 1968 γάρ
773 1912 882 1946 οὐθέν·
909 1914 936 1945 εὶ
952 1914 1017 1960 γάρ
1036 1913 1087 1946 ἀεὶ
1104 1915 1146 1947 τὸ
1162 1915 1232 1946 ἴσον
1251 1914 1299 1955 τῷ
1315 1915 1365 1944 ΒΕ

371 1957 511 2005 μέγεθος
538 1959 571 1990 ὲν
595 1960 653 1999 ἴσῳ
679 1970 785 2004 χρόνῳ
815 1953 932 1999 δίεισι,
962 1958 1069 1991 τοῦτο
1094 1954 1131 1991 δὲ
1154 1961 1369 2000 καταμετρεῖ

371 2002 413 2035 τό
431 2001 520 2044 ὅλον,
541 2002 791 2047 πεπερασμένος
810 2002 907 2036 ἔσται
927 2003 943 2034 <3
962 2003 1028 2040 πᾶς
1045 2002 1161 2048 χρόνος
1181 2003 1213 2034 ἐν
1233 2002 1256 2044 ᾤ
1274 1997 1367 2038 διῆλ-

372 2045 440 2078 θεν·
467 2047 511 2085 εἷς
535 2049 594 2079 ἴσα
618 2046 682 2093 γὰρ
707 2042 974 2091 διαιρεθήσεται,
1001 2048 1042 2084 ὠς
1066 2048 1125 2080 καὶ
1150 2046 1191 2079 τό
1214 2046 1363 2092 μέγεθος.

296 2126 376 2159 Ἔτι
400 2121 431 2157 δ’
451 2126 480 2157 εἰ
497 2125 544 2169 μή
562 2127 630 2158 πᾶν
647 2125 786 2172 μέγεθος
811 2127 844 2158 ὲν
864 2126 987 2170 ἀπείρῳ
1009 2125 1116 2171 χρόνῳ
1137 2121 1266 2166 δίεισιν,
1291 2123 1363 2158 ἀλλ’

373 2166 552 2215 ἐνδέχεταί
577 2182 611 2202 τι
635 2172 691 2202 καὶ
719 2171 751 2202 ἑν
777 2170 1018 2214 πεπερασμένῳ
1044 2165 1203 2211 διελθεῖν,
1234 2170 1300 2202 οἷον
1325 2170 1367 2202 τὸ

371 2215 436 2255 ΒΕ,
455 2215 563 2246 τοῦτο
588 2209 626 2246 δὲ
648 2213 907 2259 καταμετρήσει
931 2214 973 2247 τό
999 2215 1080 2255 πᾶν,
1098 2216 1156 2246 καὶ
1181 2213 1222 2246 τό
1243 2216 1314 2246 ἴσον
1333 2211 1364 2245 έν

371 2260 430 2299 ἴσῳ
454 2253 583 2290 δίεισιν·
610 2257 697 2291 ὥστε
722 2257 972 2302 πεπερασμένος
992 2257 1090 2291 ἔσται
1110 2260 1167 2290 καὶ
1194 2259 1210 2290 <3
1234 2258 1363 2303 χρόνος.

295 2338 376 2372 *Ότι
400 2332 430 2368 δ’
453 2338 511 2369 οὐκ
536 2335 569 2370 ἐν
597 2335 720 2379 ἀπείρῳ
744 2334 843 2370 δίεισι
868 2338 909 2370 τό
931 2339 994 2378 ΒΕ,
1014 2337 1167 2382 φανερόν,
1185 2339 1213 2369 εἰ
1229 2338 1365 2381 ληφθείη

374 2382 431 2414 ἐπὶ
455 2380 583 2427 θάτερα
609 2381 860 2427 πεπερασμένος
879 2384 895 2414 <3
912 2382 1042 2426 χρόνος·
1069 2383 1096 2414 εὶ
1121 2382 1185 2428 γάρ
1211 2380 1243 2414 ἑν
1266 2381 1366 2415 ἐλάτ-

375 2437 449 2459 τονι
473 2425 514 2459 τό
539 2425 634 2471 μέρος
659 2422 770 2468 δίεισι,
790 2427 896 2459 τοῦτο
917 2426 1047 2472 ἀνάγκη
1066 2425 1287 2471 πεπεράνθαι,
1309 2426 1368 2459 θα-

374 2469 474 2513 τέρου
498 2483 536 2516 γε
562 2470 709 2515 πέρατος
735 2469 963 2516 ὑπάρχοντος.

304 2515 345 2546 Ἦ
371 2514 464 2551 αὐτή
488 2510 526 2547 δέ
553 2511 725 2555 ἀπόδειξις
748 2516 807 2547 καὶ
832 2515 861 2547 εἰ
884 2514 926 2547 τό
951 2514 1008 2559 μὲν
1034 2514 1139 2559 μῆκος
1166 2514 1320 2557 ἄπειρον,
1352 2516 1367 2547 ὁ

374 2554 412 2591 δὲ
435 2559 553 2604 χρόνος
578 2558 844 2612 πεπερασμένος.

305 2603 456 2646 Φανερὸν
484 2601 602 2636 οὗνέκ,
626 2615 692 2635 των
724 2603 901 2648 εἰρημένων
927 2603 968 2640 ὠς
996 2602 1074 2635 οὔτε
1098 2602 1260 2648 γραμμή,
1289 2602 1367 2635 οὔτε

376 2643 536 2680 ἐπίπεδον
562 2647 642 2679 οὔτε
668 2646 750 2685 ὅλως
775 2649 842 2680 τῶν
871 2659 946 2679 συνε
973 2647 1016 2678 ῶν
1043 2645 1135 2679 οὐθὲν
1163 2646 1261 2680 ἔσται
1289 2647 1370 2679 ἄτο-

375 2702 451 2732 μον,
473 2692 509 2723 οὖ
535 2690 634 2735 μόνον
659 2686 719 2723 διά
742 2691 784 2723 τὸ
807 2692 863 2723 νῦν
880 2692 944 2735 λεχ
967 2690 1014 2733 έν,
1038 2689 1128 2724 ἀλλά
1142 2693 1201 2723 καὶ
1219 2690 1367 2735 ὅτισυμ-

378 2734 524 2774 βήσεται
548 2730 749 2779 διαιρεῖσθαι
774 2735 816 2767 τὸ
843 2735 983 2778 ἄτομον.

302 2775 401 2810 Ἐπεὶ
426 2778 490 2824 γάρ
515 2779 548 2811 ἐν
576 2778 706 2811 ἅπαντι
730 2779 834 2823 χρόνῳ
859 2778 900 2811 τὸ
925 2778 1054 2812 θᾶττον
1078 2781 1136 2811 καὶ
1162 2774 1368 2823 βραδύτερόν

379 2822 471 2864 ἐστι,
505 2823 547 2856 τό
578 2818 616 2854 δὲ
645 2821 774 2855 θᾶττον
812 2824 926 2854 πλεῖον
960 2818 1135 2867 διέρχεται
1167 2821 1198 2854 ὲν
1231 2824 1279 2864 τῷ
1310 2825 1368 2863 ἴσῳ

377 2865 495 2911 χρόνῳ,
513 2861 690 2911 ἐνδέχεται
714 2867 772 2898 καὶ
796 2861 974 2899 διπλάσιον
998 2869 1056 2898 καὶ
1077 2866 1229 2911 ’ἡμιόλιον
1250 2862 1371 2898 διιέναι

379 2911 498 2954 μῆκος·
525 2913 574 2948 εἴη
598 2911 662 2957 γάρ
690 2909 728 2942 ἇὶν
755 2909 853 2948 οὖτος
872 2911 888 2942 <3
903 2910 1004 2957 λόγος
1031 2912 1093 2942 τοῦ
1111 2910 1250 2956 τάχους.
1271 2911 1369 2948 Ἐνη-

377 2954 483 3000 νέχθω
510 2954 564 2987 οὖν
591 2954 632 2987 τό
657 2954 785 2987 θᾶττον
818 2953 970 2999 ἡμιόλιον
997 2953 1029 2986 ἐν
1055 2956 1103 2996 τῷ
1130 2956 1224 2997 αὐτῷ
1249 2954 1368 2999 χρόνῳ,

377 3002 434 3031 καὶ
460 2995 628 3042 διῃρήσθω
654 2999 702 3031 τοὶ
725 2998 848 3044 μεγέθη
875 2998 922 3032 τοὶ
945 2999 1004 3043 μὲν
1029 2999 1092 3031 τοῦ
1117 2997 1297 3039 θάττονος,
1317 2997 1366 3043 ἐφ’

379 3042 404 3082 ᾦ
428 3044 479 3074 ΑΒ
502 3045 550 3074 ΒΓ
575 3043 635 3084 ΓΔ,
662 3043 706 3080 εἰς
733 3046 811 3087 τρία
838 3043 966 3086 ἄτομα,
989 3042 1038 3075 τοὶ
1060 3043 1098 3075 δὲ
1122 3044 1184 3076 τοῦ
1206 3038 1371 3087 βραδυτέ-

398 3098 434 3118 ου
459 3087 503 3124 εἰς
528 3081 610 3127 δυό,
643 3084 689 3130 ἐφ’
717 3086 760 3118 ὦν
791 3088 841 3118 ΕΖ
873 3089 938 3118 ΖΗ.
972 3085 1097 3119 Οὐκοῦν
1128 3090 1186 3120 καὶ
1214 3088 1229 3119 <3
1254 3087 1370 3131 χρόνος

378 3097 632 3175 διαιρεθήσεται
663 3130 707 3168 εἰς
736 3133 815 3174 τρία
846 3131 975 3175 ἄτομα·
1007 3131 1048 3164 τό
1107 3131 1144 3170 ἀρ
1168 3134 1239 3163 ἴσον
1265 3132 1298 3165 ἐν
1324 3133 1370 3173 τῷ

377 3176 437 3215 ἴσῳ
461 3174 566 3218 χρόνῳ
591 3170 700 3206 δίεισι.
728 3174 899 3218 Διῃρήσθω
925 3174 980 3208 οὖν
1000 3176 1015 3207 ὁ
1032 3187 1072 3220 χρ
1096 3187 1148 3213 νος
1174 3176 1217 3213 εἱς
1244 3176 1292 3209 τοὶ
1313 3178 1370 3208 ΚΛ

379 3219 442 3250 ΛΜ
465 3219 537 3252 ΜΝ.
562 3218 667 3251 Πάλιν
684 3214 715 3250 δ’
736 3217 807 3251 ἐπεὶ
826 3219 866 3251 τὸ
885 3215 1091 3263 βραδύτερον
1110 3218 1288 3255 ἐνήνεκται
1305 3220 1369 3256 τήν

379 3263 430 3293 ΕΖ
454 3263 521 3303 ΖΗ,
542 3264 600 3294 καὶ
626 3263 642 3294 ὀ
667 3261 783 3306 χρόνος
809 3262 1024 3305 τμηθήσεται
1042 3259 1135 3310 δίχα.
1162 3263 1370 3308 Διαιρεθήσε-

379 3317 440 3338 ται
468 3305 533 3348 ἄρα
558 3306 599 3338 τό
625 3306 774 3349 ἄτομον,
799 3308 857 3338 καὶ
883 3307 923 3339 τὸ
951 3305 1068 3351 ἀμερές
1103 3307 1161 3339 οὐκ
1190 3307 1223 3339 ἓν
1252 3307 1369 3351 ἀτόμῳ

380 3345 508 3390 δίεισιν,
537 3349 609 3382 ἀλλ’
631 3350 662 3382 ἑν
688 3351 828 3382 πλείονι.
854 3351 1000 3393 Φανερόν
1028 3350 1082 3382 οὖν
1101 3350 1154 3383 ὅτι
1175 3346 1270 3383 οὐδέν
1297 3351 1369 3383 ἐστι

381 3394 448 3426 τῶν
473 3394 618 3438 συνεχῶν
644 3390 773 3437 ἀμερές.

368 3497 517 3525 synopsis.
534 3513 568 3517 -
590 3505 612 3524 1.
634 3497 845 3533 Argumentum
867 3502 894 3524 et
914 3495 1015 3524 divisio
1037 3502 1136 3524 textus.
1158 3512 1178 3518 -
1199 3504 1226 3524 2.
1255 3496 1284 3524 Si
1305 3495 1369 3525 infi-

1411 809 1427 826 *
1445 812 1486 842 Et
1508 811 1534 842 si
1549 812 1775 853 quodcumque
1793 812 1951 844 infinitum
1968 821 2023 851 est,
2044 821 2074 845 et
2089 814 2235 854 alterum3
2252 822 2282 846 et
2297 816 2376 847 sicut
2391 816 2464 847 alte-

1478 865 1560 894 rurn,
1578 862 1608 886 et
1622 856 1754 887 alterum
1773 863 1834 887 est:
1859 864 1894 887 ut
1917 857 1942 887 si
1959 857 2087 898 quidem
2106 858 2224 889 ultimis
2242 859 2401 890 infinitum
2417 867 2464 891 est

1478 906 1614 939 tempus,
1631 907 1661 930 et
1675 901 1841 940 longitudo
1854 901 1988 939 ultimis;
2004 901 2029 931 si
2044 911 2118 932 vero
2135 902 2298 941 divisione,
2314 903 2465 934 divisione

1479 949 1510 973 et
1524 943 1707 983 longitudo;
1727 944 1752 974 si
1775 950 1881 975 autem
1903 944 1936 974 in
1951 945 2091 986 utrisque
2115 952 2254 986 tempus,
2270 947 2303 977 in
2326 947 2466 988 utrisque

1480 994 1510 1017 et
1531 986 1709 1026 longitudo.

1412 1029 1429 1048 ‘¹‘
1444 1030 1535 1060 Unde
1551 1037 1582 1061 et
1595 1031 1731 1061 Zenonis
1747 1031 1825 1062 ratio
1842 1031 1956 1062 falsum
1974 1032 2131 1072 opinatur,
2148 1033 2236 1073 quod
2252 1043 2316 1064 non
2332 1041 2378 1065 est
2392 1044 2466 1074 pos-

1479 1073 1567 1104 sibile
1589 1074 1709 1105 infinita
1723 1075 1922 1114 pertransire,
1943 1083 1996 1107 aut
2014 1083 2139 1115 tangere
2157 1076 2278 1108 infinita
2292 1078 2467 1109 secundum

1480 1118 1744 1159 unumquodque,
1757 1119 1789 1148 in
1803 1118 1891 1149 finito
1907 1125 2057 1159 ternpore.
2069 1120 2241 1160 Dupliciter
2256 1121 2340 1151 enim
2357 1122 2468 1153 dicitur

1481 1167 1511 1191 et
1526 1161 1692 1200 longitudo
1717 1168 1747 1192 et
1767 1169 1891 1202 tempus
1907 1162 2075 1202 infinitum,
2092 1170 2122 1194 et
2134 1164 2265 1194 omnino
2282 1175 2377 1195 omne
2394 1176 2467 1196 con-

1480 1204 1623 1242 tinuum;
1647 1211 1701 1236 aut
1716 1206 1891 1236 secundum
1908 1206 2106 1245 divisionem,
2127 1214 2181 1238 aut
2196 1208 2228 1238 in
2251 1208 2378 1239 ultimis.
2396 1208 2468 1239 Infi-

1481 1248 1552 1279 nitis
1568 1248 1697 1289 quidem
1711 1249 1805 1289 igitur
1820 1250 1994 1280 secundum
2013 1251 2217 1291 quantitatem
2237 1262 2302 1282 non
2317 1253 2469 1293 contingit

1477 1302 1544 1322 sese
1570 1299 1695 1332 tangere
1718 1293 1751 1323 in
1777 1292 1866 1323 finito
1898 1299 2058 1333 tempore:
2091 1295 2134 1325 eis
2160 1302 2264 1326 autem
2291 1306 2371 1336 quae
2397 1303 2470 1327 sunt

1481 1337 1656 1367 secundum
1690 1336 1877 1367 divisionem
1888 1359 1897 1375 ,
1936 1337 2102 1377 contingit;
2139 1346 2169 1369 et
2199 1349 2336 1380 namque
2363 1340 2470 1380 ipsum

1481 1386 1606 1420 tempus
1619 1380 1663 1410 sic
1677 1380 1837 1411 infinitum
1855 1387 1909 1411 est.
1928 1382 2032 1418 Quare
2045 1389 2074 1412 et
2089 1382 2121 1412 in
2135 1381 2258 1413 infinito
2274 1390 2426 1423 tempore,
2441 1390 2471 1414 et

1481 1433 1547 1454 non
1569 1423 1669 1463 finito,
1693 1424 1804 1455 accidit
1818 1424 1940 1455 transiri
1954 1425 2132 1464 infinitum;
2152 1433 2182 1456 et
2200 1433 2324 1467 tangere
2352 1427 2471 1458 infinita

1480 1467 1619 1506 infinitis,
1644 1475 1674 1498 et
1696 1478 1761 1498 non
1784 1467 1888 1500 finitis.

1414 1511 1525 1552 Neque
1540 1511 1604 1541 iam
1616 1511 1775 1542 infinitum
1786 1518 1890 1552 potest
1899 1512 1932 1542 in
1947 1512 2037 1543 finito
2054 1519 2196 1553 tempore
2211 1514 2357 1553 transire;
2369 1524 2472 1555 neque

1481 1555 1514 1585 in
1527 1554 1662 1594 infinito,
1677 1555 1816 1589 finitum:
1830 1556 1885 1586 sed
1901 1556 1926 1586 si
1938 1562 2063 1596 tempus
2079 1557 2238 1588 infinitum
2250 1557 2298 1596 sit,
2314 1564 2345 1589 et
2355 1558 2471 1598 magni-

1482 1599 1560 1629 tudo
1584 1599 1641 1630 erit
1662 1598 1798 1639 infinita;
1818 1606 1848 1630 et
1871 1600 1896 1630 si
1920 1600 2116 1640 magnitudO,
2134 1608 2164 1632 et
2182 1607 2317 1642 tempus.

1415 1686 1432 1705 *
1447 1686 1492 1717 Sit
1517 1686 1601 1716 enim
1625 1686 1809 1726 magnitudo
1828 1686 1915 1717 finita
1937 1687 1970 1718 in
1989 1697 2054 1728 quo
2070 1687 2135 1726 AB,
2151 1694 2276 1728 tempus
2296 1695 2402 1719 autem
2426 1689 2473 1719 in·
2499 1695 2509 1704 ·

1483 1729 1607 1760 finitum
1631 1730 1664 1760 in
1687 1741 1752 1771 quo
1781 1737 1827 1761 est
1856 1730 1894 1761 G.
1921 1730 2099 1770 Accipiatur
2121 1731 2214 1772 igitur
2237 1733 2387 1772 temporis
2419 1733 2473 1763 ali-

1483 1773 1560 1814 quid
1576 1773 1701 1804 finitum
1717 1773 1749 1803 in
1765 1784 1830 1814 quo
1848 1774 1916 1804 GD.
1943 1774 1978 1804 In
2001 1775 2061 1805 hoc
2084 1775 2178 1814 igitur
2195 1776 2335 1807 transibit
2355 1776 2474 1817 aliquid

1484 1817 1728 1857 magnitudinis;
1751 1824 1782 1848 et
1809 1818 1848 1848 sit
1877 1818 1964 1858 quod
1995 1819 2160 1849 transitum
2189 1826 2234 1850 est
2259 1819 2292 1850 in
2315 1830 2380 1861 quo
2409 1821 2472 1852 BE.

1485 1861 1557 1891 Hoc
1573 1867 1679 1891 autem
1702 1868 1756 1891 aut
1771 1861 1963 1892 mensurabit
1981 1862 2013 1892 in
2032 1872 2097 1902 quo
2122 1869 2167 1893 est
2185 1863 2250 1902 AB,
2267 1870 2321 1894 aut
2343 1863 2473 1903 deficiet,

1486 1911 1541 1935 aut
1563 1905 1703 1938 excellet:
1729 1905 1829 1935 differt
1847 1905 1931 1935 enim
1950 1905 2037 1936 nihil.
2061 1906 2093 1936 Si
2116 1906 2200 1937 enim
2216 1917 2338 1947 semper
2360 1918 2473 1948 aequa-

1485 1949 1550 1979 lem
1573 1948 1600 1979 ei
1631 1958 1712 1989 quae
1731 1949 1831 1981 estin
1857 1949 1909 1979 BE
1937 1949 2186 1989 magnitudinem
2205 1950 2238 1980 in
2261 1951 2382 1991 aequali
2398 1959 2475 1982 tem-

1486 2002 1564 2033 pore
1586 1992 1738 2031 transibit,
1757 1992 1819 2023 hoc
1841 1999 1947 2023 autem
1963 2001 2122 2024 mensurat
2136 2001 2255 2032 totum;
2271 1994 2396 2025 finitum
2419 1995 2475 2026 erit

1486 2046 1583 2067 omne
1606 2043 1742 2076 tempus,
1761 2036 1794 2066 in
1817 2046 1882 2077 quo
1906 2037 2056 2068 transibit.
2077 2037 2111 2067 In
2134 2038 2275 2078 aequalia
2300 2039 2384 2069 enirn
2400 2039 2476 2069 divi—

1487 2081 1588 2119 detur,
1611 2080 1692 2111 sicut
1714 2087 1744 2110 et
1765 2080 1961 2120 magnitudo.

1419 2124 1437 2143 *
1452 2124 1599 2164 Amplius
1618 2131 1734 2162 autem,
1751 2123 1776 2154 si
1791 2134 1857 2154 non
1876 2134 2006 2155 ornnem
2025 2125 2274 2165 magnitudinem
2296 2126 2328 2156 in
2351 2126 2473 2157 infinito
2500 2131 2511 2143 ”

1487 2175 1630 2208 tempore
1653 2168 1810 2207 transibit,
1841 2168 1895 2198 sed
1919 2169 2070 2208 contingit
2100 2169 2238 2210 aliquam
2267 2177 2298 2200 et
2322 2170 2355 2200 in
2386 2169 2474 2201 finito

1486 2218 1629 2252 tempore
1644 2212 1782 2250 transire,
1800 2218 1835 2242 ut
1849 2222 1929 2252 quae
1946 2219 1991 2243 est
2003 2213 2073 2243 BE:
2095 2213 2171 2243 haec
2193 2220 2299 2244 autem
2314 2224 2473 2244 mensura-

1485 2255 1531 2286 bit
1553 2262 1663 2294 totam,
1679 2262 1709 2286 et
1723 2256 1887 2296 aequalem
1909 2256 1941 2286 in
1965 2256 2086 2297 aequali
2106 2257 2254 2288 transibit.
2280 2258 2384 2294 Quare
2406 2257 2475 2288 fini-

1485 2305 1556 2329 tum
1579 2299 1635 2330 erit
1658 2305 1688 2329 et
1709 2305 1845 2339 tempus.

1421 2343 1519 2380 Quod
1541 2349 1647 2374 autem
1670 2353 1735 2372 non
1758 2343 1790 2373 in
1813 2342 1936 2374 infinito
1959 2350 2101 2384 tempore
2125 2344 2232 2375 transit
2247 2346 2336 2385 quod
2351 2352 2397 2376 est
2409 2346 2475 2384 BE,

1486 2386 1688 2417 manifestum
1704 2393 1759 2425 est,
1776 2387 1802 2416 si
1821 2387 1989 2427 accipiatur
2013 2388 2046 2417 in
2069 2388 2163 2418 altera
2187 2388 2312 2419 finitum
2340 2395 2474 2430 tempus.

1487 2431 1519 2462 Si
1543 2431 1675 2460 enimin
1690 2430 1806 2461 minori
1829 2437 1950 2470 partem
1972 2432 2150 2471 pertransit,
2170 2432 2249 2463 hanc
2279 2443 2403 2464 necesse
2431 2440 2476 2464 est

1485 2474 1605 2505 finitam
1625 2484 1701 2513 esse,
1725 2475 1821 2505 altero
1845 2474 1978 2505 termino
2003 2475 2159 2506 existente.

1420 2519 1437 2538 *
1451 2519 1570 2548 Eadem
1585 2525 1691 2549 autem
1707 2518 1931 2548 demonstratio
1948 2525 2002 2557 est,
2020 2525 2050 2549 et
2072 2519 2097 2549 si
2112 2519 2278 2559 longitudo
2292 2519 2412 2551 infinita
2426 2520 2475 2559 sit,

1487 2569 1613 2602 tempus
1636 2569 1742 2592 autem
1764 2561 1899 2592 finitum.

1422 2606 1624 2637 Manifestum
1653 2606 1748 2646 igitur
1770 2615 1806 2636 ex
1829 2605 1917 2636 dictis
1941 2612 1987 2637 est
2009 2606 2097 2646 quod
2124 2616 2226 2647 neque
2255 2606 2338 2638 linea
2373 2617 2475 2648 neque

1488 2651 1621 2690 planum
1634 2660 1737 2690 neque
1761 2649 1892 2680 omnino
1909 2650 2011 2680 ullum
2026 2650 2250 2681 continuorum
2262 2651 2317 2682 erit
2331 2657 2474 2684 atomus:

1489 2704 1555 2724 non
1574 2694 1678 2724 solum
1702 2701 1829 2734 propter
1844 2693 1877 2723 id
1899 2694 1986 2735 quod
2002 2703 2086 2725 nunc
2109 2695 2229 2726 dictum
2245 2701 2305 2734 est;
2329 2695 2383 2725 sed
2402 2695 2476 2736 quia

1490 2738 1599 2769 accidit
1623 2737 1717 2768 dividi
1739 2737 1933 2768 indivisibile.

1423 2782 1440 2801 *
1456 2782 1618 2819 Quoniam
1641 2782 1726 2812 enirn
1748 2782 1780 2811 in
1809 2781 2053 2821 omnitempore
2067 2782 2206 2813 velocius
2230 2789 2260 2813 et
2282 2783 2398 2814 tardius
2413 2790 2476 2822 est;

1489 2826 1628 2856 velocius
1641 2832 1746 2856 autem
1761 2826 1832 2866 plus
1848 2826 1954 2856 transit
1968 2826 1999 2855 in
2015 2826 2135 2867 aequali
2150 2833 2309 2866 tempore3
2327 2827 2477 2867 contingit

1490 2876 1596 2900 autern
1620 2876 1651 2900 et
1673 2869 1803 2910 duplam
1827 2876 1857 2900 et
1878 2869 2060 2900 hemioliam
2087 2870 2214 2900 transire
2245 2871 2475 2911 longitudinem

1492 2911 1549 2956 (sit
1568 2913 1653 2944 enim
1678 2914 1755 2944 haec
1769 2913 1847 2944 ratio
1862 2912 2015 2956 velocis):
2038 2915 2208 2945 adducatur
2228 2914 2321 2954 igitur
2338 2915 2477 2946 velocius

1491 2958 1666 2988 secundum
1688 2957 1877 2988 hemiolium
1900 2957 1932 2987 in
1956 2958 2068 2988 eodem
2083 2965 2234 2998 tempore,
2254 2966 2284 2989 et
2302 2959 2478 2990 dividantur

1490 3001 1721 3042 magnitudines
1749 3012 1829 3042 quae
1860 3001 1988 3042 quidem
2011 3003 2175 3033 velocioris
2203 3009 2291 3041 sunt,
2312 3003 2381 3042 AB,
2405 3002 2477 3041 BC,

1491 3045 1566 3083 CD,
1590 3045 1622 3075 in
1645 3052 1706 3076 tres
1730 3052 1868 3085 atomos;
1889 3056 1970 3086 quae
1989 3056 2063 3076 vero
2087 3053 2160 3077 sunt
2178 3046 2330 3085 tardioris,
2347 3046 2378 3076 in
2399 3047 2478 3076 duos

1491 3088 1524 3119 in
1547 3089 1662 3129 quibus
1690 3096 1763 3120 sunt
1785 3090 1856 3128 EZ,
1895 3090 1944 3120 ZI.
1976 3090 2083 3130 Itaque
2116 3097 2146 3121 et
2168 3097 2293 3130 tempus
2326 3090 2478 3120 dividetur

1490 3132 1523 3162 in
1540 3133 1597 3163 tria
1609 3139 1729 3164 atoma:
1748 3133 1876 3174 aequale
1893 3133 1977 3164 enim
1991 3134 2023 3163 in
2038 3134 2159 3174 aequali
2171 3141 2312 3174 tempore
2326 3133 2475 3164 transibit.

1491 3176 1656 3207 Dividatur
1686 3177 1780 3217 igitur
1809 3184 1934 3217 tempus
1964 3177 1996 3207 in
2026 3187 2062 3207 ea
2091 3187 2172 3217 quae
2202 3184 2275 3207 sunt
2304 3178 2375 3215 KL,
2399 3177 2476 3215 LM,

1490 3220 1564 3250 MN.
1582 3220 1698 3251 Iterum
1720 3227 1836 3259 autern,
1852 3220 2004 3261 quoniam
2019 3221 2190 3251 deductum
2213 3227 2259 3250 est
2281 3220 2396 3250 tardius
2422 3230 2477 3259 per

1491 3263 1561 3302 EZ,
1593 3264 1650 3302 ΖΙ,
1684 3271 1714 3295 et
1745 3271 1869 3304 tempus
1908 3264 2060 3294 secabitur
2089 3264 2122 3293 in
2152 3263 2286 3304 gemina.
2314 3263 2477 3294 Dividetur

1491 3317 1565 3347 ergo
1582 3314 1725 3338 atomum
1741 3314 1770 3338 et
1785 3307 1986 3347 impartibile:
2003 3317 2067 3336 non
2080 3307 2164 3336 enim
2178 3306 2211 3336 in
2227 3313 2334 3337 atomo
2350 3307 2474 3345 transit,

1491 3351 1545 3380 sed
1560 3351 1593 3380 in
1616 3351 1709 3391 pluri.
1728 3351 1929 3390 Manifestum
1948 3360 2020 3390 ergo
2045 3356 2090 3380 est
2113 3350 2201 3390 quod
2216 3349 2293 3380 nihil
2310 3350 2474 3381 continuo-

1491 3403 1562 3424 rum
1584 3394 1771 3434 impartibile
1794 3401 1848 3424 est.

1425 3497 1511 3525 dividi
1532 3505 1634 3534 potest.
1657 3515 1676 3519 -
1699 3498 1723 3525 3.
1745 3497 1869 3525 Solvitur
1894 3497 2034 3525 dubitatio
2061 3497 2186 3525 Zenonis
2214 3503 2325 3526 motum
2347 3498 2476 3535 negantis

314 3535 408 3564 nitum
429 3536 465 3564 sit
485 3542 614 3572 tempus,
637 3542 664 3564 et
684 3535 910 3572 magnitudinem
939 3535 1079 3563 infinitam
1101 3544 1162 3563 esse
1185 3542 1313 3572 oportet,
1342 3542 1370 3563 et
1424 3543 1541 3573 propter
1561 3537 1670 3565 infinita
1690 3545 1810 3564 numero
1832 3543 1937 3572 puncta
1958 3536 1987 3563 in
2009 3536 2134 3573 qualibet
2155 3537 2237 3571 linea,
2253 3546 2326 3574 quae
2347 3544 2475 3574 pertran-

315 3575 377 3604 vice
397 3585 493 3611 versa;
514 3575 572 3603 sive
594 3575 748 3612 loquamur
768 3576 803 3603 de
824 3574 936 3602 infinito
958 3575 988 3602 in
1008 3574 1115 3602 ultimis
1143 3583 1193 3602 seu
1215 3575 1293 3611 quod
1314 3581 1368 3602 ter-

1424 3575 1479 3603 sire
1500 3585 1560 3604 non
1581 3583 1623 3604 est
1643 3576 1672 3604 in
1693 3582 1821 3611 tempore
1847 3575 1936 3603 finito.
1965 3575 2025 3603 Etsi
2046 3575 2122 3603 enim
2150 3575 2292 3604 infinitum
2317 3578 2474 3606 secundum

315 3615 401 3643 minis
423 3622 507 3651 caret,
529 3615 587 3643 sive
608 3615 644 3643 de
665 3614 777 3643 infinito
792 3614 940 3650 divisione,
962 3615 1041 3651 quod
1062 3623 1167 3650 nempe
1184 3613 1213 3641 in
1227 3613 1369 3642 infinitum
1424 3615 1620 3651 quantitatem,
1643 3615 1721 3651 quod
1743 3621 1784 3642 est
1798 3614 1827 3642 in
1841 3614 1956 3650 ultimis,
1978 3615 2090 3643 transiri
2112 3615 2210 3652 nequit
2230 3622 2359 3653 tempore
2384 3625 2473 3653 quan-

2493 1040 2502 1050 ·
2517 1039 2584 1061 Text.
2599 1044 2631 1067 19.

2523 1693 2590 1715 Text.
2605 1699 2640 1715 20.

2526 2130 2592 2152 Text.
2607 2136 2637 2152 21.

2502 2524 2512 2536 ⁸
2525 2523 2592 2545 Text.
2607 2528 2640 2544 22.

2503 2785 2513 2795 ⁶
2528 2785 2594 2807 Text.
2609 2789 2642 2812 23.
