2898 3996
185 1501 194 1509 '¹
208 1499 334 1520 diversitas
345 1504 397 1526 spe-

186 1526 272 1547 cierum
294 1525 351 1550 palm·
366 1525 395 1547 cf.

184 1553 236 1573 lect.
246 1558 295 1578 vm,
307 1558 329 1573 n.
340 1558 356 1573 ¹.

185 1580 205 1589 ··
220 1579 284 1600 Lect.
299 1584 349 1599 vni.

185 1711 195 1722 ⁸
210 1710 274 1732 Lect.
290 1716 339 1738 seq.

185 1822 194 1831 ·
206 1820 300 1842 dicatur
319 1826 367 1841 om.
383 1825 398 1840 ε

185 1853 241 1872 ch.

184 1879 194 1890 '⁵
209 1877 279 1899 Num.
294 1883 314 1905 3.

187 1933 193 1940 ¹
211 1931 282 1952 Num.
297 1936 317 1958 5.

186 1985 195 1994 ·
210 1983 268 2005 dicit
281 1990 302 2005 P.

185 2038 194 2046 '
211 2039 238 2084 ξι
257 2043 306 2059 om.
328 2042 399 2058 Puri-a

187 2070 202 2085 a
226 2080 232 2085 .

186 2197 197 2207 ⁸
218 2195 398 2223 praedicamen-

187 2225 263 2244 torum
277 2228 313 2243 Εσ.

188 2357 283 2403 {afile
303 2361 328 2382 ¹'’
353 2360 399 2382 ³¹⁴³

188 2519 199 2529 ⁴
214 2518 275 2540 Lect.
292 2524 323 2545 iv,
334 2523 385 2539 n.2.

188 2727 198 2738 ¹·
213 2726 283 2748 Num.
299 2733 347 2755 seq.

187 3042 196 3052 ⁸
217 3041 240 3062 in
262 3041 326 3062 alias
348 3046 401 3068 spe-

187 3069 234 3116 cigs
249 3074 297 3089 om.
312 3073 370 3095 ναμε
378 3070 399 3089 ct

188 3101 202 3116 a
226 3110 232 3115 .

192 3393 202 3403 ⁸
218 3394 293 3413 tamen
304 3398 351 3413 om.
360 3397 402 3418 ψει

191 3425 205 3439 r.
220 3422 240 3439 et
256 3418 299 3439 ab.

191 3445 284 3497 Ltsgmul
292 3450 339 3466 om,
346 3450 403 3471 copi:

422 280 498 325 248

481 359 630 387 SYNOPSIS.
648 376 682 380 -
698 360 911 397 Argumentum
934 366 961 388 et
983 359 1084 387 divisio
1106 366 1206 387 textus.
1228 376 1247 381 -
1269 367 1295 387 2.
1318 360 1416 387 Motus
1439 359 1489 397 qui

427 405 494 426 sunt
514 398 544 426 in
566 407 623 426 una
644 399 861 427 coordinatione
879 399 1120 436 praedicamenti,
1136 405 1202 426 sunt
1218 408 1291 427 unus
1311 406 1408 427 motus
1435 409 1489 438 ge-

424 447 504 466 nere.
520 454 538 458 -
553 438 578 466 3.
594 439 691 466 Motus
707 448 780 466 unus
794 439 889 476 specie
905 445 955 473 est,
972 438 1021 475 qui
1036 448 1097 466 non
1112 439 1206 466 solum
1221 445 1264 466 est
1278 448 1353 466 unus
1375 447 1488 476 genere,

424 478 475 505 sed
490 484 532 505 est
546 477 575 505 in
590 479 691 506 eadem
706 478 800 515 specie
816 484 920 512 atoma,
937 478 1010 506 idest
1024 478 1188 506 indivisibili
1203 477 1232 506 in
1247 478 1317 506 alias
1338 478 1455 515 species.
1473 495 1490 499 -

423 518 520 545 Motus
551 517 600 554 qui
628 517 803 545 conveniunt
824 517 853 545 in
879 518 979 546 eadem
1003 518 1097 554 specie
1124 518 1307 552 subalterna,
1328 524 1394 546 sunt
1415 527 1490 546 unus

423 563 522 584 motus
543 556 636 593 specie
657 566 718 584 non
740 557 920 593 simpliciter,
943 558 995 585 sed
1016 558 1175 585 secundum
1202 556 1280 594 quid.
1296 572 1315 579 —·
1328 567 1356 593 4.
1386 558 1489 585 Utrum

423 596 459 624 sit
480 596 557 624 idem
573 596 668 632 specie
683 603 789 631 motus,
805 606 872 624 cum
893 606 984 624 unum
1000 603 1027 624 et
1041 597 1118 625 idem
1141 597 1248 625 mobile
1267 603 1394 625 mutatur
1416 597 1489 624 mul-

423 635 507 663 toties
524 636 559 663 de
581 636 685 663 eodem
701 635 730 663 in
745 636 841 664 idem?
864 653 883 657 —
897 637 934 664 Ut
948 642 1045 664 motus
1060 636 1095 664 sit
1109 636 1186 664 idem
1201 636 1304 673 specie,
1319 646 1380 665 non
1394 637 1489 664 solum

423 675 578 712 requiritur
598 675 732 703 identitas
748 676 881 712 specifica
895 675 1018 711 termini,
1041 677 1091 704 sed
1107 676 1193 704 etiam
1208 676 1342 704 identitas
1359 676 1419 704 eius
1432 685 1490 714 per

424 715 499 751 quod
520 714 551 742 fit
572 721 684 743 motus:
707 716 784 743 unde
806 715 829 743 si
851 716 907 743 hoc
928 715 964 743 sit
984 715 1105 743 alterum
1134 715 1242 752 specie,
1264 722 1291 743 et
1313 722 1409 744 motus
1437 715 1490 744 erit

423 754 495 782 alius
517 754 619 791 specie.
640 770 660 775 —
684 755 709 782 5.
731 755 828 783 Motus
849 755 1020 792 simpliciter
1042 765 1116 783 unus
1137 755 1247 790 dicitur,
1274 755 1323 792 qui
1345 761 1387 783 est
1414 765 1489 783 unus

422 803 545 822 numero
569 795 729 822 secundum
757 794 910 822 essentiam
939 804 1030 823 suam.
1052 795 1090 823 Ut
1110 802 1207 823 autem
1234 801 1331 822 motus
1359 794 1394 822 sit
1414 804 1490 822 unus

423 842 545 862 numero
568 840 696 870 oportet,
722 843 746 862 1.
767 834 797 862 id
818 834 846 862 in
865 843 919 871 quo
941 841 983 862 est
997 841 1103 870 motus,
1119 843 1180 862 esse
1201 843 1293 862 unum
1314 840 1342 862 et
1363 833 1489 862 indivisi-

423 872 488 908 bile,
511 873 584 902 sicut
598 873 707 910 species
721 874 939 911 specialissima,
962 882 990 901 2.
1007 879 1118 912 tempus
1132 875 1162 902 in
1178 883 1237 911 quo
1253 874 1283 901 fit
1303 880 1410 909 metm,
1428 883 1490 902 esse

422 922 515 941 unum
537 913 708 941 continuum
729 914 838 950 absque
852 913 1084 950 interpolatione,
1110 914 1135 942 3.
1151 914 1308 942 subiectum
1331 914 1411 950 quod
1425 923 1491 942 mo-

422 959 512 988 vetur,
528 962 589 981 esse
610 962 701 981 unum
723 963 783 981 non
808 963 866 991 per
886 953 1034 987 accidens,
1056 954 1106 981 sed
1123 963 1181 991 per
1202 962 1242 988 se,
1264 960 1292 981 et
1312 962 1374 981 non
1394 953 1490 981 solum

423 1001 527 1029 genere
553 993 596 1020 vel
625 992 734 1029 specie,
763 993 814 1021 sed
835 993 921 1021 etiam
943 1002 1075 1021 numero.
1097 1009 1116 1013 -
1138 994 1165 1021 6.
1191 993 1328 1021 Dubium.
1356 992 1386 1021 Si
1412 992 1489 1020 idem

424 1041 547 1060 numero
563 1032 670 1060 mobile
684 1033 844 1060 secundum
859 1032 1058 1061 alterationem
1080 1032 1209 1061 eiusdem
1232 1032 1335 1069 speciei
1357 1033 1491 1061 alteratur

424 1071 454 1099 in
475 1081 535 1100 uno
557 1078 688 1108 tempore
709 1078 736 1099 et
758 1072 862 1100 iterum
883 1072 913 1100 in
934 1072 1000 1108 alio,
1022 1078 1092 1109 puta
1113 1072 1137 1100 si
1158 1072 1222 1110 quis
1244 1079 1360 1101 sanetur
1387 1072 1431 1100 bis
1458 1081 1492 1100 ex

567 1200 578 1211 .
627 1191 634 1201 ›
654 1197 660 1209 .
689 1181 865 1222 ostquam
880 1174 1136 1224 Philosophus
1154 1174 1281 1224 posuit
1303 1174 1489 1223 quasdam

654 1230 663 1273 ζ
688 1227 927 1264 definitiones
955 1228 1185 1265 necessarias
1209 1228 1258 1265 ad
1282 1227 1488 1276 sequentia,

627 1284 640 1327 J
660 1280 860 1329 procedit
878 1280 927 1317 ad
946 1281 1184 1318 tractandum
1214 1281 1261 1318 de
1289 1281 1431 1317 unitate
1454 1288 1491 1317 et

554 1327 580 1376 ⁹7„
689 1333 903 1371 diversitate
928 1341 1066 1371 motus.
1089 1335 1137 1371 Et
1159 1334 1284 1382 primo
1314 1333 1488 1371 determi-

423 1394 486 1423 nat
516 1387 562 1424 de
590 1387 732 1424 unitate
763 1394 798 1423 et
826 1386 1039 1424 diversitate
1068 1395 1213 1433 motus;
1243 1386 1412 1424 secundo
1443 1386 1489 1423 de

424 1440 695 1486 contrarietate,
725 1452 824 1488 quae
853 1447 908 1478 est
936 1441 1125 1489 quaedam
1155 1439 1378 1477 diversitatis
1407 1452 1490 1488 spe-

425 1491 500 1529 cies
519 1494 549 1541 ²¹⁴,
575 1493 642 1530 ibi:
671 1493 843 1542 Amplius
861 1498 985 1530 autem
1014 1493 1337 1530 determinandum
1357 1494 1399 1515 **
1420 1500 1489 1530 etc.

426 1545 535 1583 Circa
562 1547 730 1595 primum
759 1547 836 1583 duo
866 1546 968 1583 facit:
997 1547 1122 1595 primo
1152 1546 1343 1595 distinguit
1370 1546 1491 1583 unita-

423 1605 501 1636 tem
530 1607 658 1637 motus
678 1599 890 1636 secundum
909 1607 984 1636 tres
1009 1612 1235 1637 communes
1255 1599 1412 1646 modos;
1434 1612 1490 1636 se-

425 1653 550 1690 cundo
586 1653 744 1690 alterurn
779 1665 912 1689 eorum
950 1653 1167 1699 subdividit,
1196 1652 1265 1690 ibi:
1303 1653 1490 1695 Quoniam

424 1712 548 1746 autem
569 1707 764 1743 continuus
783 1707 944 1744 est*etc.
967 1706 1076 1743 Circa
1094 1706 1263 1755 primum
1292 1706 1361 1743 tria
1388 1706 1490 1744 facit:

423 1760 549 1811 primo
579 1759 743 1796 ostendit
761 1759 960 1808 quomodo
990 1767 1118 1796 motus
1143 1759 1286 1796 dicatur
1311 1771 1411 1796 unus
1430 1772 1492 1807 ge-

424 1826 532 1859 nere;
555 1813 723 1850 secundo
740 1812 936 1861 quomodo
958 1812 1245 1849 dicatur*unus
1264 1812 1402 1861 specie,
1423 1812 1490 1849 ibi:

425 1868 554 1915 Specie
572 1872 695 1903 autem
717 1878 812 1902 unus
831 1871 883 1902 est
899 1867 918 1887 ‘¹‘
935 1873 1022 1912 etc.;
1047 1865 1153 1902 tertio
1174 1865 1372 1914 quomodo
1394 1865 1492 1902 dica-

425 1929 486 1958 tur
499 1932 598 1957 unus
618 1931 792 1966 numero,
809 1917 877 1955 ibi:
897 1918 1120 1967 Simpliciter
1134 1924 1258 1955 autem
1279 1919 1406 1955 unus*
1422 1926 1491 1956 etc.

481 1986 515 2011 2.
546 1972 646 2009 Dicit
669 1984 757 2020 ergo
779 1972 903 2020 primo
925 1971 1030 2020 quod
1058 1978 1185 2008 motus
1210 1971 1343 2008 dicitur
1358 1974 1377 1991 θ’
1398 1984 1494 2009 unus

426 2026 687 2076 multipliciter,
708 2025 918 2062 secundum
947 2024 1052 2073 quod
1074 2032 1110 2060 et
1127 2025 1148 2046 ’¹‘
1167 2024 1293 2073 ipsum
1313 2037 1435 2061 unum
1455 2025 1493 2062 in

428 2079 625 2117 communi
659 2085 857 2127 acceptum
894 2077 1148 2127 multipliciter
1176 2077 1325 2125 dicitur,
1356 2078 1495 2115 scilicet

427 2145 563 2182 genere
584 2139 620 2169 et
640 2131 766 2180 specie
787 2139 822 2168 et
841 2143 1014 2168 numero.
1045 2130 1191 2167 Dicitur
1219 2138 1346 2167 autem
1367 2139 1494 2168 motus

425 2199 525 2224 unus
558 2197 708 2235 genere,
738 2184 950 2221 secundum
978 2184 1119 2232 figuras
1145 2183 1443 2232 praedicamenti
1461 2185 1492 2221 *.

428 2241 576 2277 Omnes
602 2238 703 2275 enirn
734 2237 797 2287 qui
817 2245 903 2275 sunt
921 2237 959 2274 in
978 2249 1054 2274 una
1083 2237 1367 2273 coordinatione
1386 2249 1493 2285 prae-

428 2291 642 2339 dicamenti,
662 2299 822 2340 possunt
841 2291 913 2328 dici
936 2302 1035 2327 unus
1064 2298 1190 2326 motus
1214 2301 1371 2337 genere:
1400 2289 1494 2326 sicut

427 2346 553 2383 omnis
581 2344 653 2382 loci
682 2344 839 2382 mutatio
862 2351 916 2380 est
934 2355 1032 2380 unus
1047 2347 1179 2380 ‘motus
1199 2355 1348 2390 genere,
1370 2343 1458 2392 quia
1476 2344 1495 2364 ’¹‘

428 2406 483 2436 est
511 2399 550 2436 in
567 2411 646 2435 uno
675 2397 985 2447 praedicamento
1015 2397 1100 2441 ubi;
1130 2395 1254 2433 differt
1282 2403 1411 2433 autem
1431 2409 1493 2444 ge—

427 2465 517 2490 nere
551 2453 598 2488 ab
627 2451 866 2497 alteratione,
895 2462 994 2498 quae
1024 2457 1079 2486 est
1112 2449 1150 2486 in
1183 2448 1493 2498 praedicamento

426 2505 633 2554 qualitatis,
663 2512 705 2541 ut
731 2516 845 2553 supra
866 2505 886 2525 ²¹²
906 2503 1049 2540 dictum
1079 2510 1145 2540 est.

483 2560 516 2596 3.
539 2557 688 2595 Deinde
709 2570 796 2594 curn
818 2556 921 2594 dicit:
941 2557 1070 2604 Specie
1084 2562 1208 2592 autem
1225 2568 1320 2592 unus
1339 2562 1393 2592 est
1411 2563 1493 2603 etc.,

428 2611 590 2649 ostendit
609 2611 807 2660 quomodo
824 2617 951 2647 motus
971 2609 1016 2646 sit
1034 2621 1134 2645 unus
1153 2609 1283 2657 specie.
1302 2609 1351 2645 Et
1368 2608 1493 2658 primo

428 2664 589 2702 ostendit
625 2663 889 2713 propositum;
923 2662 1093 2699 secundo
1131 2669 1264 2699 movet
1299 2662 1494 2710 quandam

428 2718 719 2763 dubitationem,
750 2717 819 2753 ibi:
857 2715 1051 2753 Dubitabit
1077 2720 1202 2751 autem
1230 2714 1364 2762 aliquis
1383 2714 1403 2735 *
1425 2722 1492 2751 etc.

426 2771 523 2808 Dicit
543 2783 631 2819 ergo
651 2770 776 2819 primo
797 2769 903 2818 quod
922 2775 1049 2805 motus
1069 2767 1202 2804 dicitur
1228 2779 1327 2804 unus
1356 2767 1493 2816 specie,

428 2837 516 2861 curn
545 2837 624 2861 non
652 2825 777 2860 solum
807 2830 862 2859 est
897 2833 996 2858 unus
1025 2821 1236 2857 secundum
1265 2832 1396 2868 genus,
1426 2821 1493 2858 sed

428 2878 540 2915 etiam
565 2877 776 2914 secundum
814 2874 981 2924 speciem
1010 2873 1267 2920 individuam,
1297 2873 1393 2911 idest
1412 2885 1495 2922 spe-

429 2930 680 2977 cialissimam,
711 2941 808 2978 quae
838 2940 917 2965 non
946 2926 1124 2965 dividitur
1151 2926 1189 2963 in
1217 2926 1308 2963 alias
1336 2927 1492 2975 species.

428 2985 525 3021 Sunt
553 2983 656 3020 enim
684 2981 875 3031 quaedam
905 2980 1050 3029 species
1079 2992 1176 3029 quae
1208 2979 1427 3017 dividuntur
1454 2979 1492 3016 in

427 3037 517 3074 alias
546 3036 691 3085 species
712 3037 748 3081 *ς
778 3035 872 3071 sicut
900 3034 1005 3070 color
1032 3033 1176 3082 species
1206 3040 1260 3070 est
1288 3031 1492 3082 qualitatis,

428 3090 494 3128 sed
523 3097 652 3127 tamen
681 3089 795 3126 habet
824 3087 1065 3134 differentias,
1092 3086 1230 3135 quibus
1259 3085 1297 3123 in
1326 3085 1494 3123 diversas

428 3143 573 3193 species
594 3142 781 3180 dividitur.
802 3141 914 3178 Unde
942 3147 1070 3177 motus
1090 3139 1154 3188 qui
1174 3147 1262 3176 sunt
1280 3138 1493 3176 secundum

428 3198 585 3243 colores,
602 3202 761 3246 possunt
781 3207 861 3231 esse
883 3193 1019 3231 diversi
1039 3192 1175 3242 specie,
1193 3192 1287 3230 sicut
1307 3191 1493 3229 dealbatio

429 3257 465 3287 et
484 3249 708 3298 denigratio:
739 3248 806 3285 sed
835 3247 959 3284 omnis
988 3246 1175 3283 dealbatio
1206 3253 1260 3282 est
1281 3245 1417 3282 eadem
1437 3257 1493 3282 se-

429 3303 598 3340 eundum
627 3302 813 3351 speciem,
849 3307 886 3337 et
917 3299 1085 3337 similiter
1110 3298 1235 3336 omnis
1264 3297 1492 3346 denigratio;

430 3356 517 3405 quia
537 3355 700 3393 albedini
729 3367 807 3392 non
836 3361 922 3391 sunt
950 3353 1112 3402 amplius
1141 3351 1303 3401 species,
1333 3351 1372 3388 in
1399 3363 1493 3400 quas

431 3408 629 3445 dividatur.
651 3408 727 3446 Sed
747 3416 875 3445 tamen
893 3408 912 3429 ’¹‘
928 3407 959 3444 si
978 3414 1066 3443 sunt
1085 3406 1273 3455 quaedam
1295 3416 1392 3454 quae
1408 3411 1494 3441 sunt

431 3460 571 3497 simul*
581 3474 718 3509 genera
734 3468 770 3498 et
784 3461 940 3510 species,
952 3459 1196 3497 manifestum
1216 3465 1271 3495 est
1290 3457 1395 3507 quod
1410 3469 1492 3494 mo-

1081 281 1428 318 PHYSICORUM
1455 282 1803 320 ARISTOTELIS
1834 285 1927 322 LIB.
1956 286 1992 322 V

1544 361 1648 388 eodem
1664 362 1777 396 morbo,
1800 362 1890 390 eritne
1911 363 1982 391 haec
2003 363 2103 392 iterata
2117 365 2247 394 alteratio
2262 366 2338 394 idem
2355 376 2475 395 numero
2490 367 2605 395 motus?

1544 399 1664 428 Videtur
1685 400 1714 428 in
1728 401 1823 437 primo
1845 409 1963 438 aspectu
1978 412 2040 431 esse
2062 403 2138 432 idern
2159 414 2297 440 numero,
2321 406 2345 434 si
2365 406 2456 442 possit
2476 407 2505 435 id
2527 408 2608 444 quod

1544 446 1712 476 corruptum
1742 447 1799 475 est,
1829 441 1904 469 idem
1928 451 2048 470 numero
2070 444 2230 480 reproduci.
2253 461 2272 466 -
2294 454 2320 481 7.
2342 446 2406 474 Hoc
2428 453 2525 474 autem
2546 456 2608 474 non

1544 478 1656 506 videtur
1676 479 1869 516 impossibile:
1892 490 1959 509 nam
1981 482 2005 510 si
2026 481 2056 509 in
2078 491 2113 511 eo
2135 483 2185 519 qui
2194 493 2287 512 sanus
2308 492 2478 521 perseverat,
2499 478 2558 514 u'na
2579 492 2607 514 et

1544 519 1645 546 eadem
1667 519 1773 548 sanitas
1795 526 1845 555 est,
1861 530 1935 557 quae
1956 521 2008 549 fuit
2028 522 2107 558 prius
2128 529 2156 550 et
2177 532 2251 559 quae
2277 525 2367 552 modo
2389 531 2447 560 est,
2469 534 2558 562 quare
2584 525 2607 553 si

1545 557 1639 585 deficit
1654 558 1718 595 quis
1739 568 1757 587 a
1777 559 1898 588 sanitate
1920 566 1947 588 et
1967 560 2071 589 iterum
2086 569 2235 599 recuperat
2250 571 2323 598 eam,
2339 572 2399 591 non
2414 564 2466 592 erit
2481 565 2608 593 secunda

1544 597 1650 625 sanitas
1664 605 1832 635 recuperata
1854 601 1955 628 eadem
1978 610 2101 629 numero
2117 610 2183 629 cum
2203 601 2312 638 priori?
2333 603 2470 631 Attamen
2491 613 2551 632 non
2566 611 2608 632 est

1544 637 1644 664 simile.
1673 639 1746 665 Nam
1773 639 1912 675 quamdiu
1934 646 2031 668 manet
2058 640 2180 676 sanitas,
2206 641 2270 670 licet
2298 642 2422 670 varietur
2448 642 2608 672 subiectum

1544 677 1704 705 secundum
1719 677 1807 714 illam,
1829 688 1885 706 non
1908 679 2091 718 intercipitur
2111 690 2174 709 esse
2190 681 2328 715 sanitatis,
2344 681 2419 710 sicut
2432 682 2609 719 intercipitur
2632 684 2637 693 ¹

1545 716 1663 752 quando
1685 717 1809 745 totaliter
1830 718 2023 755 corrumpitur
2048 720 2163 748 sanitas.
2179 737 2198 742 -
2219 721 2246 748 8.
2269 721 2483 749 Determinatur
2504 721 2607 750 veritas

1545 755 1619 783 circa
1647 756 1858 785 dubitationem
1884 759 2072 794 praemissam
2101 761 2144 795 (n.
2168 761 2212 796 6).
2242 761 2308 788 Non
2336 767 2378 788 est
2405 762 2505 789 eadem
2535 761 2608 790 ratio

1545 796 1579 822 de
1601 795 1710 824 unitate
1731 796 1874 833 qualitatis
1895 804 1923 825 et
1943 805 2055 827 motus:
2078 809 2146 827 nam
2168 799 2191 828 si
2213 806 2309 828 motus
2324 800 2361 828 sit
2375 800 2451 828 idem
2475 810 2608 836 numero,

1545 841 1660 871 oportet
1687 836 1767 872 quod
1792 836 1914 873 qualitas
1942 838 2081 875 acquisita
2102 848 2154 875 per
2181 846 2294 868 motum
2322 840 2358 868 sit
2385 849 2444 868 una
2470 849 2609 876 numero3

1544 875 1595 902 sed
1616 874 1640 902 si
1661 875 1781 911 qualitas
1810 885 1883 913 quae
1904 877 1978 905 redit
1998 877 2033 906 sit
2053 887 2127 914 una,
2155 888 2216 907 non
2235 879 2346 907 videtur
2374 881 2454 917 quod
2478 889 2609 908 necessa-

1544 914 1587 942 rio
1609 914 1645 942 sit
1673 924 1749 943 unus
1769 922 1849 944 actus
1875 916 1920 944 vel
1941 923 2051 945 motus:
2081 927 2141 946 non
2156 918 2234 946 enim
2254 918 2278 947 si
2298 919 2438 948 terminus
2466 926 2508 948 est
2533 929 2609 947 unus

1544 963 1676 990 numero,
1691 961 1807 991 oportet
1827 956 1908 993 quod
1929 956 2015 984 etiam
2032 963 2130 985 motus
2151 957 2187 985 sit
2206 967 2282 986 unus
2301 967 2441 995 numero;
2464 959 2544 996 quod
2558 968 2609 996 pa-

1544 1000 1583 1021 tet
1598 993 1627 1021 in
1642 1000 1724 1022 motu
1739 994 1832 1023 locali.
1854 997 1931 1033 Ergo
1947 995 2058 1025 etiarnsi
2073 996 2251 1034 contingeret
2272 999 2352 1034 quod
2366 999 2467 1027 eadem
2484 1008 2607 1027 numero

1545 1033 1651 1061 sanitas
1666 1041 1890 1071 recuperaretur,
1904 1045 1965 1064 non
1979 1043 2146 1073 sequeretur
2161 1037 2242 1073 quod
2263 1038 2390 1066 secunda
2409 1038 2519 1067 sanatio
2534 1044 2608 1067 esset

1547 1073 1623 1101 idem
1645 1083 1766 1102 numero
1787 1080 1881 1103 motus
1900 1084 1966 1103 curn
1987 1076 2090 1113 prima.
2112 1092 2132 1098 ·-
2153 1077 2319 1105 Conclusio.

1543 1181 1602 1211 tus
1630 1174 1695 1223 qui
1723 1176 1955 1214 conveniunt
1982 1177 2020 1214 in
2048 1177 2174 1227 specie
2202 1179 2428 1226 subalterna,
2458 1185 2545 1216 sunt
2573 1184 2614 1215 ut

1545 1239 1661 1264 unum
1680 1229 1810 1276 specie,
1832 1229 1926 1266 idest
1954 1231 2167 1268 secundum
2187 1231 2277 1280 quid
2296 1243 2413 1278 unus3
2434 1231 2502 1269 sed
2521 1231 2612 1268 sitn-

1543 1279 1687 1328 pliciter
1713 1293 1792 1318 non
1821 1289 1908 1319 sunt
1934 1295 2033 1319 unus
2070 1283 2206 1332 specie.
2238 1284 2342 1321 Sicut
2374 1284 2529 1321 scientia
2557 1292 2613 1322 est

1545 1333 1735 1381 quaedam
1760 1334 1904 1384 species
1929 1335 2223 1384 existimationis,
2248 1344 2284 1374 et
2307 1349 2425 1385 genus
2445 1337 2611 1375 diversa-

1546 1398 1630 1422 rum
1659 1387 1922 1426 scientiarum:
1950 1389 2052 1426 unde
2082 1390 2207 1427 omnis
2240 1389 2483 1437 doctrinatio,
2513 1402 2611 1439 quae

1546 1446 1602 1475 est
1629 1447 1755 1476 motus
1793 1440 1842 1478 ad
1870 1441 2087 1490 scientiam,
2118 1449 2174 1479 est
2206 1442 2497 1492 quodammodo
2535 1455 2612 1480 una

1545 1493 1688 1540 specie,
1719 1505 1798 1530 non
1829 1501 1958 1532 tamen
1991 1494 2228 1545 simpliciter;
2267 1495 2355 1545 quia
2389 1495 2611 1533 doctrinatio

1522 1557 1621 1597 ⁸qua
1650 1545 1807 1583 docetur
1829 1548 2086 1596 grammatica,
2109 1556 2164 1585 est
2191 1549 2409 1598 simpliciter
2433 1548 2505 1586 alia
2529 1561 2612 1598 spe-

1546 1598 1602 1635 cie
1630 1599 1678 1635 ab
1708 1611 1752 1636 ea
1786 1612 1863 1648 qua
1891 1601 2048 1638 docetur
2075 1602 2292 1650 geometria.
2325 1601 2612 1639 Attendendum

1546 1658 1602 1688 est
1629 1659 1769 1699 autem,
1790 1654 1895 1702 quod
1913 1653 1952 1691 in
1975 1654 2191 1703 praemissis
2214 1655 2395 1692 unitatem
2430 1662 2466 1691 et
2490 1654 2613 1693 diver-

1545 1704 1693 1742 sitatem
1722 1706 2144 1745 motus‘determinavit
2171 1708 2382 1745 secundum
2410 1720 2549 1755 genera
2577 1714 2614 1744 et

1546 1757 1691 1806 species
1711 1758 1750 1795 in
1777 1759 1915 1807 quibus
1936 1761 2114 1809 contingit
2133 1768 2282 1798 motum
2308 1773 2400 1808 esse,
2422 1760 2511 1809 quia
2530 1772 2613 1797 mo-

1546 1817 1605 1847 tus
1634 1811 1925 1859 quodammodo
1964 1813 2153 1850 reducitur
2185 1813 2235 1851 ad
2262 1826 2381 1862 genus
2410 1825 2538 1851 rerum
2574 1813 2614 1851 in

1547 1863 1684 1912 quibus
1713 1872 1769 1901 est
1797 1872 1938 1902 motus.

1600 1928 1637 1964 4.
1651 1917 1800 1954 Deinde
1816 1930 1905 1955 cum
1916 1918 2020 1956 dicit:
2035 1918 2231 1956 Dubitabit
2239 1924 2363 1956 autem
2379 1918 2513 1967 aliquis
2529 1925 2613 1966 etc.,

1549 1977 1681 2007 movet
1714 1971 1908 2019 quandam
1943 1971 2219 2009 dubitationem
2257 1971 2355 2008 circa
2382 1970 2612 2020 praemissa:

1547 2030 1676 2059 utrum
1704 2023 1843 2060 scilicet
1863 2036 1908 2061 ex
1937 2024 2157 2061 necessitate
2187 2024 2232 2061 sit
2258 2037 2358 2061 unus
2386 2024 2511 2073 specie
2530 2035 2614 2069 mp-

1548 2084 1618 2123 tus,
1641 2089 1729 2113 curn
1758 2077 1899 2126 aliquid
1927 2077 2030 2114 idem
2058 2084 2225 2114 mutatur
2253 2077 2444 2114 multoties
2472 2077 2520 2114 de
2549 2089 2613 2114 eo-

1549 2129 1637 2166 dem
1667 2129 1705 2166 in
1733 2129 1854 2176 idem;
1879 2130 1974 2167 sicut
1993 2130 2023 2166 si
2050 2142 2172 2166 unum
2191 2137 2377 2178 punctum
2401 2129 2613 2167 secundum

1549 2189 1782 2229 geometras,
1817 2182 1882 2231 qui
1910 2182 2160 2230 imaginantur
2184 2182 2204 2203 '¹‘
2231 2189 2416 2231 punctum
2444 2182 2613 2230 moveri,

1549 2242 1751 2272 moveatur
1779 2247 1824 2271 ex
1852 2236 1927 2272 hoc
1955 2236 2040 2272 loco
2069 2235 2107 2272 in
2134 2236 2236 2272 hunc
2254 2236 2382 2272 locum
2411 2235 2613 2272 multoties.

1549 2289 1598 2324 Et
1616 2288 1691 2324 hoc
1710 2287 1866 2336 quidem
1893 2288 2045 2325 videtur
2072 2289 2284 2325 secundum
2303 2288 2552 2337 praemissa*.
2575 2287 2616 2325 Si

1550 2341 1652 2377 enim
1667 2349 1795 2378 motus
1810 2341 1875 2390 qui
1894 2341 1932 2378 in
1948 2342 2111 2379 eandem
2126 2341 2293 2390 speciem
2309 2349 2396 2378 sunt
2405 2348 2434 2388 ²,
2450 2348 2492 2378 ut
2510 2341 2548 2378 in
2563 2342 2614 2378 al-

1549 2394 1739 2441 bedinem,
1761 2402 1848 2431 sunt
1866 2394 1969 2431 idem
1990 2394 2128 2443 specie,
2145 2395 2265 2431 multo
2290 2394 2409 2442 magis
2429 2394 2506 2432 duo
2531 2406 2615 2431 mo—

1548 2454 1608 2484 rus
1627 2447 1691 2495 qui
1710 2455 1797 2484 sunt
1814 2447 1853 2484 in
1874 2447 2038 2484 eundern
2058 2448 2190 2500 ‘locum
2218 2459 2392 2484 numero.
2422 2447 2463 2484 Si
2486 2454 2614 2484 autem

1549 2501 1623 2538 hoc
1653 2500 1902 2547 concedatur,
1932 2501 2100 2550 sequitur
2120 2502 2140 2522 ’²‘
2159 2500 2448 2547 inconveniens,
2478 2496 2616 2537 scilicet

1549 2553 1655 2602 quod
1683 2561 1810 2590 motus
1830 2561 1953 2590 rectus
1981 2554 2028 2590 sit
2054 2566 2153 2591 unus
2173 2553 2299 2603 specie
2318 2553 2440 2590 motui
2457 2554 2476 2575 *
2497 2553 2613 2590 circu-

1549 2606 1626 2643 lari.
1650 2606 1841 2654 Contingit
1869 2607 1970 2643 enim
1999 2608 2047 2644 ab
2075 2608 2150 2644 hoc
2178 2608 2262 2644 loco
2291 2606 2330 2643 in
2353 2607 2456 2644 hunc
2483 2607 2613 2643 locum

1548 2659 1674 2708 primo
1684 2659 1846 2708 *quidem
1862 2660 2010 2696 moveri
2026 2658 2263 2706 circulariter,
2276 2659 2383 2708 quasi
2397 2672 2467 2708 per
2481 2671 2613 2696 arcum

1549 2712 1762 2762 quendam;
1781 2713 2031 2761 postmodum
2054 2725 2148 2750 vero
2181 2721 2289 2750 motu
2313 2720 2432 2760 recte,
2466 2712 2573 2762 quasi
2594 2713 2614 2735 ³²

1548 2778 1617 2814 per
1645 2765 1785 2802 lineam
1814 2773 1967 2803 rectam.
1989 2767 2038 2803 Et
2056 2766 2225 2803 similiter
2243 2766 2411 2815 sequitur
2437 2765 2476 2803 in
2504 2765 2614 2802 moti-

1550 2820 1620 2855 bus
1649 2818 1882 2866 animalium,
1903 2819 2010 2868 quod
2039 2819 2257 2866 ambulatio,
2279 2831 2375 2868 quae
2405 2826 2461 2856 est
2486 2831 2556 2867 per
2573 2818 2614 2856 li-

1550 2883 1662 2908 neam
1679 2879 1832 2919 rectam,
1845 2872 1890 2909 sit
1905 2872 2041 2909 eadem
2056 2871 2268 2909 secundum
2284 2871 2453 2921 speciem
2467 2872 2614 2909 voluta-

1548 2924 1652 2971 tioni,
1673 2937 1750 2973 qua
1769 2925 1908 2962 animal
1927 2937 1996 2974 per
2013 2925 2153 2962 lineam
2178 2924 2399 2962 circularem
2417 2924 2614 2962 volvendo

1549 2990 1590 3014 se
1618 2986 1806 3015 movetur.

1607 3031 1717 3067 Hanc
1759 3038 1887 3067 autem
1930 3029 2204 3068 dubitationem
2246 3028 2358 3067 solvit
2399 3028 2611 3066 secundum

1547 3083 1767 3132 praemissa.
1796 3083 2102 3120 Determinatum
2131 3091 2187 3120 est
2204 3084 2225 3105 ’¹'
2253 3081 2353 3119 enim
2383 3082 2499 3131 quod,
2520 3082 2550 3119 si
2574 3081 2612 3119 id

1548 3137 1587 3174 in
1617 3149 1693 3186 quo
1724 3143 1779 3173 est
1811 3143 1958 3183 motus,
1998 3143 2053 3173 est
2086 3136 2244 3173 alterum
2283 3135 2426 3184 speeie,
2466 3143 2502 3172 et
2529 3147 2612 3172 mo-

1548 3197 1607 3226 tus
1636 3197 1691 3226 est
1718 3190 1811 3226 alter
1849 3188 1995 3238 specie;
2024 3197 2065 3226 ut
2093 3188 2146 3225 sic
2173 3188 2221 3226 ad
2249 3189 2323 3225 hoc
2351 3187 2457 3236 quod
2485 3195 2612 3226 motus

1547 3243 1592 3280 sit
1611 3242 1714 3280 idern
1743 3242 1889 3292 specie,
1919 3254 1998 3279 non
2026 3242 2151 3279 solum
2180 3241 2612 3290 requiratur*identitas

1547 3295 1696 3333 termini
1724 3295 1936 3333 secundum
1973 3295 2162 3344 speciem,
2191 3295 2258 3332 sed
2287 3294 2401 3331 etiam
2438 3294 2611 3331 identitas

1548 3349 1627 3386 eius
1646 3361 1715 3398 per
1733 3350 1838 3398 quod
1866 3348 1996 3386 transit
2015 3356 2153 3386 motus.
2189 3347 2434 3386 Manifestum
2464 3355 2519 3384 est
2546 3359 2611 3384 au-

1547 3410 1623 3440 tem
1658 3402 1761 3452 quod
1789 3402 1887 3439 linea
1915 3409 2016 3439 recta
2045 3409 2080 3438 et
2109 3401 2296 3439 circularis
2325 3407 2411 3438 sunt
2439 3399 2610 3438 diversae

1547 3457 1757 3494 secundum
1786 3455 1969 3506 speciem:
1998 3454 2100 3493 unde
2128 3462 2255 3492 motus
2284 3452 2471 3491 circularis
2499 3460 2535 3490 et
2554 3464 2610 3489 re-

485 3589 512 3623 α)
533 3590 558 3615 in
574 3590 684 3615 eandem
704 3590 813 3622 speciem
831 3594 901 3616 sunt.
913 3604 932 3611 -
946 3593 1009 3616 sunt
1029 3589 1055 3616 in
1075 3590 1167 3615 eadem
1187 3589 1271 3623 specie
1290 3588 1395 3619 PBGR,
1415 3591 1454 3613 est
1467 3588 1493 3613 in
1509 3588 1599 3613 eadem
1615 3588 1699 3620 specie
1712 3587 1763 3617 Ea,
1779 3587 1805 3612 in
1826 3586 1919 3612 eadem
1938 3586 2024 3618 specie
2042 3589 2105 3612 sunt
2123 3585 2192 3611 uniti
2210 3585 2239 3611 F.
2255 3597 2275 3605 ·-
2293 3584 2384 3610 Proin
2402 3582 2561 3612 albedinem,
2581 3582 2609 3607 in

431 3625 551 3651 albedine
569 3625 605 3650 Pb
624 3631 649 3650 ct
668 3626 741 3650 codd.
761 3626 859 3651 BCLX.

2643 2191 2653 2201 '
2676 2192 2823 2219 geometram
2831 2209 2842 2220 ‚

2641 2249 2695 2265 mur
2707 2249 2747 2266 Μ.

2641 2297 2652 2308 α

2641 2509 2652 2521 U

2665 2295 2736 2319 Num.
2746 2302 2824 2326 praec.

2666 2511 2778 2537 sequetur
2785 2515 2856 2532 Acmx

2642 2541 2756 2558 umam.

2665 2564 2792 2584 emm
2807 2568 2854 2585 DN&

2642 2595 2664 2615 c,
2675 2591 2739 2611 motu
2748 2592 2792 2612 cet.
2802 2595 2854 2611 uc.

2641 2621 2752 2638 mom.

2640 2720 2653 2733 ⁸
2674 2720 2748 2742 noui
2779 2722 2846 2742 recto

2641 2746 2832 2776 quodqucim.

2638 3093 2650 3105 ι

2663 3093 2722 3116 thid.

2664 3251 2796 3280 requiritur
2809 3257 2852 3274 m
