2840 4004
362 235 448 261 XVIII

369 306 474 347 haec
507 303 754 358 praesertim
788 302 1137 343 observavimus:
1171 302 1316 344 adhuc
1348 309 1390 344 et
1421 303 1588 351 adhoc,
1615 305 1823 358 contingit
1851 310 1893 345 et
1925 307 2125 354 convenit,
2155 308 2285 350 huius
2318 317 2359 352 et
2390 312 2539 354 huius-

367 366 490 413 modi,
526 365 638 405 illud
667 370 708 405 et
739 364 798 412 id,
834 365 989 404 iterum
1023 370 1064 404 et
1096 365 1205 412 i,tem
1243 364 1568 419 manifestatum
1602 372 1644 407 et
1674 366 1965 421 manifestum,
2001 368 2227 422 manifeste
2259 377 2301 412 et
2333 375 2538 424 maxime,

358 427 704 482 praetermittere
737 431 778 466 et
801 426 1091 479 praemittere,
1109 426 1373 480 principium
1407 432 1448 467 et
1471 428 1681 482 primum,
1704 428 1979 481 probabatur
2009 434 2051 469 et
2074 430 2307 483 probatur,
2342 439 2544 488 sequetur

368 495 410 530 et
439 488 634 556 sequitur
663 487 906 541 promiscue
939 487 1196 536 scribuntur;
1221 488 1354 528 multo
1387 493 1530 528 tamen
1551 489 1812 543 frequentius
1845 490 2014 545 singula
2035 490 2166 531 altera
2186 493 2321 534 verba
2341 507 2419 548 pro
2452 498 2540 538 sin-

366 549 478 605 gulis
511 548 657 603 primis
692 562 822 602 quam
856 561 878 588 e
913 560 1138 589 converso.
1162 549 1260 589 Huc
1282 549 1492 603 pertinent
1514 550 1609 598 alio,
1634 551 1735 598 alia,
1760 551 1887 592 aliud
1903 552 2073 606 saepius
2096 566 2174 621 pro
2197 554 2351 607 aliquo,
2376 556 2535 627 aliqua,

367 610 556 664 aliquid,-
582 613 695 650 -tum
717 610 965 664 pro-tivum.
989 610 1087 650 Huc
1109 610 1236 650 etiam
1259 616 1422 664 spectat
1444 611 1831 665 frequentissimum
1857 613 2071 663 mendum,
2097 614 2215 656 cuius
2239 616 2400 657 nullum
2433 620 2536 660 scri-

315 681 317 685 ’
366 678 533 727 ptorem
556 671 789 712 immunem
813 671 1012 719 vidimus,
1037 671 1215 712 omissio
1240 685 1393 726 nempe
1419 672 1746 727 praepositionis
1768 674 1813 714 in
1835 680 1933 715 ante
1955 675 1999 716 in
2021 676 2268 729 praefixum,
2292 680 2540 732 praesertim

367 733 422 774 ad
455 734 499 773 in
531 733 744 786 infinitum
779 732 852 786 (cf.
886 733 1013 773 etiam
1055 733 1100 772 in
1141 732 1510 787 infrigidationem
1542 735 1584 774 V
1616 747 1660 774 111
1690 738 1730 783 8,
1759 735 1804 775 in
1831 735 2107 777 indivisibilia
2129 737 2190 777 VI
2218 750 2232 778 1
2261 758 2300 787 ε,
2334 751 2395 780 vn
2423 746 2461 790 θ,
2494 742 2539 782 in

365 794 637 847 intelligendo
664 795 764 835 VIII
797 805 874 834 XVI
902 800 941 843 63
974 794 1075 834 item
1102 794 1147 834 in
1175 794 1422 835 intermedio
1454 795 1516 836 IV
1538 807 1583 835 1x
1613 796 1660 850 8).
1694 796 1850 836 Mirum
1884 803 1948 838 est
1985 803 2191 852 quantum
2230 799 2423 842 laborem
2456 803 2539 843 hoc

364 855 569 897 mendum
603 855 913 896 correctoribus
948 855 1146 896 codicum
1178 854 1397 910 pepererit.
1422 857 1520 897 Huc
1542 857 1800 898 reducuntur
1822 858 1948 899 etiam
1977 859 2218 913 frequentes
2241 862 2454 904 variantes
2477 865 2538 904 af-

364 918 554 958 ficientes
586 917 769 958 verbum
802 916 1031 971 praedicati
1059 922 1160 971 post
1181 923 1294 958 certa
1316 917 1508 959 subiecta
1531 919 1789 973 composita:
1813 919 1915 960 illud
1939 920 2051 961 enim
2074 921 2284 963 editiones
2304 929 2345 964 et
2367 924 2538 966 codices

362 980 432 1020 vel
466 992 618 1020 omnes
639 979 709 1019 vel
743 978 862 1019 multi
885 978 1135 1032 saepissime
1158 984 1324 1033 ponunt
1345 979 1387 1019 in
1410 980 1631 1035 singulari;
1662 993 1726 1021 ex.
1749 994 1811 1035 gr.
1837 981 1936 1021 VIII
1958 993 2033 1022 x1v
2056 994 2096 1034 4,
2121 996 2274 1024 rarum
2299 987 2343 1025 et
2359 985 2539 1027 densum

363 1041 555 1081 maxime
589 1039 761 1080 videtur
792 1039 856 1080 ad
887 1040 1117 1080 materiam
1146 1041 1387 1094 pertinere,·
1419 1041 1520 1082 ibid.
1555 1042 1828 1095 congregatio
1859 1045 1903 1083 et
1936 1042 2285 1097 disgregatio..
2320 1059 2404 1086 non
2432 1050 2537 1102 per-

361 1103 468 1143 tinet
486 1101 550 1142 ad
565 1105 726 1142 motum
758 1101 958 1150 localem,·
990 1101 1104 1142 idem
1139 1102 1303 1142 obtinet
1335 1108 1435 1156 post
1462 1106 1584 1143 actus
1616 1106 1659 1143 et
1678 1103 1883 1157 potentia,
1917 1117 2092 1145 sursum
2125 1108 2168 1145 et
2197 1105 2406 1155 deorsum,
2426 1109 2537 1162 fini-

364 1166 455 1204 tum
488 1165 532 1203 et
559 1163 781 1217 infinitum,
799 1163 928 1218 prius
955 1166 998 1203 et
1017 1164 1246 1218 posterius
1269 1163 1470 1204 velocitas
1498 1168 1541 1205 et
1559 1164 1754 1205 tarditas
1787 1166 1910 1206 Patet
1930 1165 1986 1206 ad
2012 1166 2111 1206 talia
2142 1167 2335 1208 subiecta
2355 1169 2537 1210 verbum

363 1225 406 1265 in
429 1225 634 1280 singulari
658 1225 819 1279 optime
843 1223 1074 1278 quadrare,
1109 1225 1186 1265 sed
1220 1238 1307 1265 non
1340 1238 1510 1280 semper
1542 1226 1713 1266 codices
1746 1226 1854 1267 inter
1885 1240 1932 1267 se
1965 1227 2239 1269 concordant.
2274 1229 2536 1272 Huiusmodi
2571 1246 2575 1251 ·

363 1286 576 1327 variantes
610 1287 854 1327 notavimus
888 1292 961 1326 aut
994 1286 1217 1327 omisimus
1250 1286 1487 1327 secundum
1519 1288 1711 1328 valorem
1745 1287 1942 1328 codicum
1975 1288 2018 1328 in
2041 1289 2197 1342 quibus
2221 1289 2504 1334 inveniuntur.
2555 1296 2558 1299 '

489 1348 744 1403 Colligimus
776 1348 843 1389 hic
875 1348 1194 1402 principaliores
1229 1348 1523 1402 corruptiones
1556 1349 1695 1389 minus
1720 1361 1983 1396 communes,
2006 1350 2075 1389 vel
2110 1350 2236 1390 etiarn
2270 1364 2397 1402 raras,
2430 1366 2538 1406 quas

363 1410 496 1450 nostri
531 1410 702 1450 codices
733 1415 774 1450 et
806 1423 833 1450 a
868 1409 1090 1458 exhibent;
1125 1415 1288 1463 partem
1312 1422 1457 1450 earum
1480 1410 1724 1450 notavimus
1757 1415 1931 1463 propter
1952 1410 2158 1463 speciales
2181 1411 2378 1460 rationes,
2402 1414 2538 1469 vulgo

363 1485 435 1513 eas
469 1471 636 1512 silentio
660 1471 995 1526 praeterivimus.
1019 1470 1309 1518 Advertimus‚
1334 1470 1468 1510 verba
1490 1470 1545 1511 ad
1578 1470 1799 1526 gothicum
1822 1471 2125 1527 compendium
2158 1472 2402 1514 reducenda
2430 1487 2537 1524 esse,

361 1539 408 1574 ut
440 1533 546 1574 ratio
581 1532 864 1587 corruptionis
887 1531 1155 1586 intelligatur,
1179 1545 1257 1572 nec
1280 1544 1432 1573 omnes
1465 1532 1760 1587 corruptiones
1783 1545 1837 1573 ex
1859 1545 2115 1587 quacunque
2137 1534 2369 1589 scripturae
2402 1535 2539 1577 forma

363 1608 460 1636 or1r1
494 1607 637 1648 posse.

485 1655 740 1696 Aristoteles
772 1668 850 1709 pro
900 1655 1095 1707 Quorum
1137 1655 1199 1695 IV
1231 1666 1306 1695 XIV
1335 1668 1371 1703 ες
1406 1657 1457 1695 ut
1484 1654 1619 1695 Iudas
1659 1668 1737 1709 pro
1771 1657 1822 1695 ut
1850 1657 1896 1696 tu
1929 1654 2010 1696 das
2019 1671 2038 1703 ,·
2070 1669 2093 1696 e
2127 1662 2274 1697 contra
2302 1659 2390 1711 per
2423 1658 2538 1699 hunc

361 1717 534 1758 modum
567 1730 645 1771 pro
678 1716 994 1757 Parmenidem.

485 1778 738 1820 alteratione
770 1791 848 1832 pro
883 1777 1165 1818 alternatione
1197 1777 1299 1818 satis
1333 1777 1584 1831 frequenter.

486 1840 594 1881 alibi
611 1853 689 1894 pro
723 1854 751 1880 a
773 1839 893 1880 nobis
925 1840 1028 1879 111v
1057 1846 1095 1887 θ,
1119 1839 1253 1879 alicui
1281 1853 1359 1893 pro
1383 1839 1544 1880 alicubi
1571 1839 1671 1880 VIII
1704 1850 1780 1879 XVI
1808 1855 1839 1888 e,
1877 1817 2062 1892 aliquem
2095 1853 2172 1894 pro
2201 1843 2346 1882 autem
2376 1841 2476 1883 ibid.
2504 1844 2536 1886 ζ.

485 1915 582 1943 cum
615 1915 693 1956 pro
728 1904 771 1942 et
798 1902 843 1941 in
881 1902 899 1941 Ι
932 1913 976 1941 lx
1005 1906 1048 1956 ψ;
1083 1901 1268 1941 continet
1305 1914 1382 1955 pro
1430 1900 1548 1954 quod
1579 1914 1714 1954 neque
1751 1901 1813 1940 IV
1846 1912 1876 1940 v
1905 1906 1944 1955 β;
1979 1905 2279 1955 consequenter
2307 1916 2386 1957 pro
2425 1915 2538 1945 com-

362 1966 577 2005 mentator
606 1964 648 2003 V
681 1975 711 2002 v
730 1977 774 2015 γ;
808 1963 1071 2003 conservatio
1104 1976 1182 2016 pro
1215 1963 1522 2003 consummatio
1555 1963 1596 2002 V
1628 1975 1674 2003 IX
1702 1961 1738 2010 δ;
1773 1961 1986 2003 concludit
2013 1976 2091 2017 pro
2114 1964 2322 2017 contingit
2349 1965 2410 2005 VI
2432 1978 2477 2006 111
2497 1971 2532 2015 ζ;

364 2026 463 2067 cubi
491 2028 557 2066 est
584 2038 663 2079 pro
698 2025 900 2065 cubi.cum

488 2099 641 2140 9cquo,
679 2086 798 2140 quod
832 2099 919 2126 non
953 2086 1081 2126 habet
1114 2084 1461 2139 explicationem,
1495 2099 1573 2154 pro
1606 2098 1662 2126 ex
1693 2098 1775 2138 quo
1809 2083 2004 2140 (dividas
2036 2085 2217 2126 litteram
2248 2100 2283 2126 x
2314 2087 2358 2127 in
2391 2087 2535 2129 medio

359 2148 650 2203 verticalster),
686 2161 708 2188 e
743 2154 890 2188 contra
922 2147 1040 2201 quod
1067 2160 1144 2201 pro
1178 2160 1234 2187 ex
1257 2146 1306 2201 (si
1340 2161 1362 2187 e
1394 2147 1535 2202 iungis
1570 2160 1666 2187 cum
1697 2145 1758 2201 x).

483 2210 588 2251 dicit
616 2223 694 2264 pro
728 2209 927 2256 ostendit
958 2208 1117 2249 dicitur
1146 2222 1224 2262 pro
1268 2208 1498 2256 dividitur,
1532 2214 1760 2261 utrumque
1792 2207 2050 2261 frequenter;
2083 2207 2167 2248 duo
2199 2207 2267 2248 lat.
2302 2221 2380 2263 pro
2413 2210 2538 2263 quin-

359 2285 440 2326 que
471 2272 599 2320 arab„
623 2272 725 2312 item
756 2270 940 2311 secundo
973 2284 1051 2325 pro
1085 2271 1241 2339 quinto.

484 2337 527 2374 et
555 2347 633 2387 pro
655 2333 767 2373 idest
785 2333 846 2373 VI
867 2345 882 2372 1
911 2335 947 2381 8,
972 2338 1013 2372 et
1045 2332 1228 2386 passim;
1263 2331 1364 2372 item
1386 2333 1429 2372 et
1446 2344 1524 2385 pro
1546 2330 1623 2378 vel,
1648 2335 1721 2370 aut
1752 2343 1775 2370 e
1804 2342 2035 2378 converso;
2058 2332 2102 2370 et
2118 2343 2197 2384 pro
2220 2330 2339 2384 quod
2364 2331 2407 2372 V
2427 2344 2472 2372 1v
2481 2343 2536 2389 γ;

359 2398 404 2435 et
420 2408 503 2435 non
526 2409 604 2449 pro
629 2397 754 2442 ante‚·
786 2395 828 2435 ei
845 2407 923 2448 pro
958 2394 1069 2434 enim
1091 2394 1171 2433 VII
1192 2406 1237 2433 111
1267 2398 1309 2441 λ;
1334 2395 1377 2433 et
1398 2393 1500 2433 bene
1520 2405 1598 2446 pro
1622 2391 1760 2432 cibum
1782 2392 1820 2431 II
1842 2403 1887 2431 xl
1911 2404 1944 2439 ε;
1968 2404 2058 2431 esse
2079 2404 2158 2444 pro
2180 2402 2311 2440 omne,
2336 2392 2534 2447 frequen-

359 2457 532 2506 tissime,
558 2456 606 2497 cs.
629 2457 686 2496 III
714 2469 759 2497 v1
787 2472 815 2504 ε,
851 2457 931 2495 VII
963 2468 992 2496 11
1028 2461 1058 2503 ζ.

465 2519 606 2572 finem
639 2532 717 2572 pro
751 2518 980 2558 terminum
1012 2517 1112 2557 VIII
1145 2527 1237 2556 xv11
1259 2527 1305 2566 4;
1337 2528 1360 2556 e
1382 2520 1529 2555 contra
1561 2514 1813 2554 terminetur
1842 2527 1920 2567 pro
1937 2513 2126 2567 finietur
2154 2514 2216 2554 IV
2248 2526 2324 2555 XXI
2352 2520 2371 2563 ζ
2398 2514 2535 2571 (quod

359 2586 423 2621 est
456 2580 682 2634 corruptio,
708 2580 809 2633 quia
841 2579 973 2620 utenti
1006 2578 1143 2618 verbo
1167 2577 1414 2624 terminare,
1441 2575 1667 2616 dicendum
1701 2575 1848 2616 fuisset
1889 2575 2149 2616 terminatur
2177 2576 2247 2616 vel
2280 2577 2528 2618 terminabi-

358 2644 432 2682 tur
461 2641 595 2682 modo
630 2641 888 2694 indicativo).

477 2716 643 2756 genera
676 2701 932 2743 animalium
964 2713 1042 2754 pro
1070 2698 1397 2768 generabilium

481 2765 570 2805 iam
602 2777 680 2818 pro
714 2764 758 2803 in
792 2776 845 2810 a,·
876 2763 920 2802 in
950 2764 989 2802 te
1020 2774 1099 2815 pro
1122 2761 1166 2801 in
1199 2774 1247 2808 c,-
1278 2760 1449 2814 saepius
1484 2760 1566 2800 hoc
1603 2759 1736 2801 modo
1770 2759 1997 2813 scriptores
2031 2759 2161 2814 siglas
2195 2759 2238 2800 in
2270 2760 2404 2801 verba
2437 2773 2533 2802 cor-

356 2831 578 2894 rumpunt3
614 2838 637 2865 e
661 2830 807 2864 contra
829 2826 993 2878 oportet
1011 2823 1060 2862 bc
1081 2835 1159 2876 pro
1182 2822 1396 2876 oportebit

481 2887 525 2927 in
558 2887 707 2927 anima
740 2898 817 2939 pro
851 2883 1083 2938 manifesta
1116 2884 1216 2924 VIII
1247 2896 1292 2923 V1
1327 2882 1374 2932 5;
1408 2896 1452 2923 m
1484 2882 1577 2922 istis
1608 2895 1686 2937 pro
1727 2882 1877 2930 iustis,·
1908 2881 2029 2935 infra
2062 2895 2140 2935 pro
2174 2882 2291 2922 intra
2322 2882 2385 2922 IV
2417 2894 2462 2922 VI
2490 2887 2529 2936 β;

357 2948 622 3001 suspicamur
654 2953 744 2988 tota
766 2947 844 2987 hac
867 2946 1059 2994 lectione,
1085 2951 1126 2985 et
1158 2946 1328 2999 saepius
1352 2944 1462 2992 alibi,
1487 2943 1607 2998 infra
1641 2957 1736 2984 esse
1759 2948 1955 2997 corrupte
1984 2943 2172 2997 positum
2193 2955 2271 2997 pro
2299 2943 2427 2991 intra,
2451 2943 2529 2984 sed

357 3009 461 3063 quid
494 3008 732 3050 faciendum
767 3008 941 3062 quando
977 3013 1018 3047 et
1052 3006 1222 3047 codices
1256 3012 1298 3046 et
1330 3006 1539 3046 editiones
1574 3004 1862 3045 concordant?
1897 3004 1944 3045 cf.
1970 3004 2095 3044 etiam
2128 3005 2208 3045 VII
2240 3016 2270 3044 v
2304 3007 2334 3048 8.

479 3070 669 3111 illudant
698 3083 776 3124 pro
811 3069 926 3110 illud
953 3071 1120 3116 autem,·
1154 3067 1373 3122 (includat
1401 3080 1478 3121 pro
1511 3065 1719 3107 inducat?
1749 3067 1787 3107 II
1819 3078 1850 3105 X
1878 3064 1930 3120 ζ).

481 3132 579 3173 licet
606 3145 685 3186 pro
719 3131 798 3172 hoc
829 3132 847 3170 I
879 3143 924 3170 VI
953 3151 990 3184 η,
1015 3136 1057 3170 et
1089 3129 1270 3183 saepius

479 3195 694 3235 monstrat
721 3206 799 3247 pro
832 3192 971 3232 intrat
998 3193 1016 3231 I
1049 3203 1125 3232 X1v
1158 3192 1207 3239 83
1242 3193 1402 3231 motum
1434 3203 1512 3243 pro
1545 3191 1739 3230 movetur
1769 3189 1850 3229 VII
1882 3201 1896 3228 1
1924 3199 1959 3235 γ.

478 3258 684 3296 naturam
717 3267 795 3308 pro
830 3266 1057 3294 numerum
1089 3253 1188 3293 IX11
1218 3265 1251 3300 1,
1276 3253 1332 3292 III
1365 3263 1425 3291 ΧΠ
1452 3271 1489 3299 ε,
1514 3251 1575 3291 IV
1607 3263 1683 3291 XIX
1711 3262 1751 3299 γ;
1785 3253 1947 3290 natura
1979 3262 2056 3303 pro
2089 3261 2193 3289 vera
2226 3249 2326 3290 VIII
2358 3261 2465 3291 xvm
2488 3253 2526 3298 8;

354 3321 431 3356 nec'
461 3330 539 3371 pro
573 3320 646 3365 ut,·
677 3329 761 3356 non
794 3329 872 3370 pro
906 3315 1028 3362 enim,
1053 3314 1122 3354 vel
1154 3312 1340 3361 videtur,
1371 3313 1440 3353 vel
1473 3325 1596 3361 nunc,
1626 3318 1667 3352 et
1699 3312 1782 3352 hoc
1815 3311 1989 3365 quidem
2023 3310 2194 3365 passim,
2233 3311 2301 3353 cfr.
2335 3312 2378 3352 V
2408 3323 2454 3351 1x
2480 3321 2527 3358 γ;

354 3378 455 3418 Non
489 3391 566 3431 pro
599 3379 646 3425 si,
684 3391 770 3418 non
804 3390 912 3425 raro,
937 3376 985 3417 cf.
1010 3376 1109 3416 VIII
1142 3387 1218 3416 X111
1245 3389 1291 3429 ης
1326 3375 1427 3415 Non
1461 3374 1572 3415 enim
1603 3387 1682 3428 pro
1714 3373 1757 3414 si
1784 3386 1879 3413 non.

480 3439 618 3492 opinio
651 3452 728 3492 pro
753 3439 911 3493 positio
943 3437 1135 3492 saepius;
1169 3436 1472 3477 ostendendum
1505 3449 1582 3490 pro
1616 3434 1888 3476 dividendum
1921 3435 1963 3475 V
1995 3447 2010 3474 1
2037 3453 2072 3489 γ.

472 3501 646 3553 partem
677 3500 737 3540 sit
765 3513 843 3554 pro
868 3499 1135 3554 pertransit,·
1158 3501 1245 3552 per
1263 3511 1340 3552 pro
1366 3499 1555 3552 propter,
1583 3503 1623 3538 et
1636 3499 1818 3551 propter
1837 3509 1915 3550 pro
1946 3497 2135 3549 semper,·
2158 3496 2419 3550 procreatur
2446 3505 2525 3546 pro

346 3562 615 3614 procuratur
644 3561 686 3601 V
719 3573 748 3602 Χ
778 3566 814 3615 β;
842 3561 1116 3614 praedictam
1148 3572 1225 3615 pro
1250 3562 1338 3614 per
1366 3559 1480 3600 dicta
1513 3559 1574 3599 IV
1607 3571 1713 3599 xxm
1741 3578 1778 3612 η.
