2898 3996
1108 282 1217 318 CAP.
1246 282 1335 327 XII,
1365 281 1515 317 LECT.
1544 282 1633 318 XIX

522 365 729 406 ‹ostquam
762 358 1015 406 Philosophus
1050 358 1220 394 definivit
1253 365 1346 394 tem-

555 422 643 458 pus,
676 410 737 446 hic
771 423 815 447 ex
849 411 1066 447 definitione
1104 411 1190 447 data
1225 410 1349 446 reddit

501 462 538 511 ’ᾗ
556 462 740 499 rationem
763 469 780 483 ⁰²
807 474 939 499 eorum
969 475 1065 509 quae
1095 462 1268 499 dicuntur
1301 463 1347 498 de

498 509 538 543 1‘1'
556 522 740 563 ternpore.
767 515 816 551 Et
840 515 937 551 circa
959 516 1033 550 hoc
1057 521 1221 561 quatuor
1244 514 1346 550 facit:

254 585 257 588 ·
291 566 417 615 primo
449 567 612 604 ostendit
648 567 844 615 quomodo
882 567 919 602 in
954 575 1124 613 ternpore
1161 566 1350 602 invenitur

43 990 66 1019 f
79 991 149 1013 Num.
163 991 186 1013 6.

40 1095 66 1111 '¹'
75 1095 200 1123 Luat-xva,
208 1101 267 1117 n.1o.

42 1182 66 1211 ⁵·
78 1200 138 1223 md.

55 1256 143 1306 :tLecn
153 1263 209 1285 xvn,
217 1257 265 1284 n.6‚

293 618 508 664 minimum,
530 626 566 655 et
585 618 782 667 quomodo
801 631 900 663 non;
930 618 1098 654 secundo
1119 630 1235 666 quare
1256 625 1349 654 tem-

292 683 365 719 pus
384 670 516 707 dicitur
543 672 704 707 multum
725 678 760 706 et
778 682 955 718 paucum,
984 671 1099 706 breve
1119 678 1156 706 et
1175 670 1347 718 longum,

293 735 371 760 non
395 731 523 760 autem
549 724 661 760 velox
681 729 718 759 et
736 722 898 767 tardum,
919 722 991 758 ibi:
1020 723 1266 771 Manifestum
1300 729 1353 759 est

259 815 265 821 ,
293 781 416 812 autem
430 780 586 823 propter
604 775 693 822 quid
709 775 729 795 ²³³
749 781 831 820 etc.;
851 775 958 810 tertio
981 775 1022 795 ²³⁵²
1041 776 1237 821 quomodo
1258 783 1351 811 tem—

291 840 364 876 pus
383 827 429 864 sit
446 827 561 872 idem,
579 834 615 863 et
633 827 830 874 quomodo
850 839 939 871 non,
957 827 1022 862 ibi:
1043 829 1094 863 Et
1111 828 1206 864 idem
1226 833 1350 863 autem

293 880 428 927 ubique
446 879 465 899 '⁴³
487 886 574 923 etc.;
605 886 737 927 quarto
758 879 954 926 quomodo
982 887 1130 927 tempus
1160 880 1351 927 cognosci-

292 939 354 969 tur
378 938 487 967 motu
515 938 552 967 et
579 943 599 966 e
628 942 827 978 converso,
857 931 922 967 ibi:
951 932 1042 968 Non
1074 932 1199 981 solum¹
1227 938 1350 968 autem

292 989 433 1020 motum
464 984 483 1004 '⁸
511 990 579 1020 etc.

347 1047 382 1072 2.
403 1035 502 1072 Dicit
521 1036 609 1082 er'go
629 1035 753 1083 primo
773 1035 878 1083 quod
897 1035 1138 1072 manifestum
1156 1044 1210 1072 est
1224 1049 1269 1072 ex
1289 1037 1352 1072 de-

292 1088 463 1125 finitione
482 1087 663 1136 temporis
690 1087 792 1136 prius
814 1089 833 1108 *
859 1088 956 1133 data,
984 1088 1088 1135 quod
1120 1095 1269 1136 tempus
1298 1097 1353 1125 est

294 1152 474 1178 numerus
502 1145 628 1177 motus
656 1140 870 1177 secundum
897 1140 1001 1189 prius
1031 1148 1066 1176 et
1093 1141 1289 1188 posterius,
1312 1149 1353 1178 ut

293 1205 407 1241 supra
425 1193 445 1213 ’ᾖ
464 1192 675 1241 expositum
702 1201 776 1238 est;
798 1200 835 1229 et
859 1193 997 1229 iterum
1022 1193 1264 1229 manifestum
1299 1202 1354 1230 est

294 1257 340 1283 ex
356 1245 572 1293 praemissis
593 1247 623 1291 ἢ,
645 1245 749 1293 quod
767 1252 917 1293 tempus
938 1253 993 1282 est
1020 1245 1216 1294 quoddam
1237 1246 1352 1282 conti-

293 1309 424 1335 nuum.
453 1297 559 1335 Licet
587 1297 793 1334 enim.non
827 1298 1274 1335 habeat'continuitatem
1308 1311 1352 1335 ex

266 1366 269 1369 ·
295 1362 340 1387 eo
370 1350 473 1399 quod
493 1357 548 1386 est
566 1362 759 1397 numerus,
778 1350 893 1387 habet
919 1358 1048 1387 tamen
1068 1351 1352 1388 continuitatem

263 1412 265 1414 ·
295 1414 340 1440 ex
368 1415 414 1439 eo
436 1402 539 1439 cuius
568 1409 624 1439 est
651 1415 848 1440 numerus:
871 1402 959 1452 quia
979 1411 1033 1439 est
1058 1416 1239 1440 numerus
1264 1416 1352 1440 con-

53 1462 67 1474 *
75 1462 133 1485 Ibid.
146 1468 168 1484 n.
181 1469 208 1485 ιι.

27 2587 31 2597 ,
56 2571 66 2580 ·
76 2569 135 2591 duos
142 2575 190 2591 om.
199 2569 266 2592 codd.

20 2623 21 2627 Ἰ
56 2601 106 2618 exc.
120 2602 156 2618 οε..

60 2857 70 2867 ·
87 2858 112 2878 et
131 2857 199 2879 codd.
219 2863 268 2878 exc.

40 2891 42 2893 ·
57 2888 107 2904 cn..

293 1454 402 1501 tinui,
423 1455 562 1492 scilicet
579 1463 718 1502 motus,
738 1463 780 1492 ut
799 1455 912 1492 etiam
938 1467 1050 1503 supra
1079 1458 1098 1477 *
1123 1457 1262 1493 dictum
1285 1464 1349 1493 est.

293 1508 386 1545 Non
405 1508 506 1545 enim
522 1515 577 1544 est
590 1515 740 1556 tempus
755 1519 937 1544 numerus
957 1508 1181 1556 simpliciter,
1198 1510 1266 1546 sed
1284 1522 1352 1546 nu-

293 1571 421 1597 merus
448 1567 677 1597 numeratus.
709 1561 751 1597 In
785 1572 946 1597 numero
975 1568 1102 1597 autern
1136 1562 1353 1610 simpliciter

294 1619 349 1649 est
366 1612 524 1649 omnino
545 1612 713 1649 invenire
733 1613 900 1662 aliquem
915 1613 1118 1650 minimum
1134 1627 1351 1662 numerum,

293 1665 430 1702 scilicet
464 1665 693 1703 dualitatem.
724 1665 800 1703 Sed
829 1666 859 1702 si
891 1665 1120 1714 accipiamus
1149 1679 1352 1704 numerum

292 1718 477 1766 quendam
493 1746 503 1763 ,
542 1717 680 1754 scilicet
717 1730 920 1755 numerum
959 1719 1114 1755 alicuius
1152 1720 1204 1756 rei
1237 1719 1352 1756 conti-

292 1782 411 1817 nuae,
441 1771 730 1818 quodammodo
760 1779 815 1807 est
851 1771 1020 1808 invenire
1059 1772 1287 1819 minimum,
1318 1780 1353 1808 et

293 1821 583 1870 quodammodo
603 1835 692 1866 non;
718 1823 806 1870 quia
830 1824 1041 1861 secundum
1075 1825 1352 1862 multitudinem

294 1882 348 1911 est
384 1875 552 1912 invenire
594 1875 813 1923 minimum,
852 1888 931 1912 non
974 1884 1101 1914 autem
1143 1879 1352 1915 secundum

293 1927 604 1975 magnitudinem.
634 1928 740 1964 Sicut
766 1929 806 1966 in
842 1929 969 1966 multis
1002 1929 1106 1966 lineis
1143 1931 1353 1967 secundum

292 1979 571 2017 multitudinem
591 1980 745 2029 quidem
770 1988 825 2018 est
843 1981 1064 2028 minimum,
1088 1990 1129 2019 ut
1152 1994 1229 2019 una
1256 1982 1355 2019 linea

292 2032 354 2070 vel
387 2033 484 2070 duae
520 2033 640 2070 lineae
667 2032 700 2069 βε
730 2045 806 2070 una
837 2034 993 2081 quidem
1022 2034 1052 2070 si
1086 2035 1288 2083 accipiatur
1315 2035 1353 2071 id

293 2086 398 2133 quod
418 2093 472 2122 est
499 2085 701 2122 minimum
730 2086 950 2134 simpliciter
977 2086 1014 2123 in
1042 2099 1220 2134 numero;
1256 2087 1354 2124 duae

294 2144 421 2174 autem
450 2137 480 2174 si
509 2137 712 2186 accipiatur
734 2138 772 2175 id
795 2138 899 2186 quod
929 2146 983 2175 est
1010 2139 1213 2175 minimum
1233 2139 1270 2175 in
1290 2151 1353 2187 ge-

293 2201 383 2226 nere
403 2189 563 2236 numeri,
583 2190 728 2226 habens
748 2190 935 2228 rationem
963 2191 1122 2228 numeri.
1145 2191 1220 2228 Sed
1250 2192 1289 2228 in
1313 2191 1356 2227 li-·

293 2242 374 2278 neis
394 2254 474 2278 non
493 2250 547 2279 est
565 2242 735 2294 invenire
756 2242 957 2279 minimum
978 2244 1187 2280 secundum
1211 2244 1354 2290 magni-

293 2294 478 2342 tudinem,
498 2302 539 2330 ut
558 2294 603 2331 sit
622 2295 761 2331 scilicet
780 2295 903 2343 aliqua
922 2301 936 2321 ⁷
956 2295 1052 2331 linea
1071 2296 1245 2340 minima3
1267 2296 1354 2343 quia

293 2359 445 2395 semper
463 2354 518 2383 est
537 2347 703 2384 dividere
724 2359 1005 2396 quamcumque
1021 2348 1169 2384 lineam.
1187 2349 1235 2384 Et
1253 2348 1354 2384 simi-

293 2399 374 2436 liter
406 2398 611 2436 dicendum
644 2407 699 2436 est
718 2400 764 2436 de
783 2408 976 2448 tempore:
998 2400 1085 2448 quia
1106 2408 1160 2436 est
1183 2400 1352 2446 invenire

293 2452 333 2488 in
353 2464 398 2488 eo
419 2451 622 2488 minimum
644 2452 860 2489 vsecundum
885 2452 1182 2498 multitudinem,
1217 2453 1355 2489 scilicet

292 2516 413 2541 unum
445 2505 507 2541 vel
541 2504 638 2551 duo,
671 2512 714 2541 ut
744 2512 836 2553 puta
869 2513 932 2541 aut
959 2517 1079 2541 unum
1118 2517 1261 2542 annum
1290 2513 1354 2542 aut

294 2557 391 2594 duos
411 2564 627 2603 annos,vaut
646 2557 742 2594 duos
766 2557 785 2577 ²¹⁶
806 2557 885 2594 dies
918 2565 982 2593 aut
1008 2558 1132 2594 horas.
1169 2558 1245 2594 Sed
1282 2557 1350 2594 rni-

295 2609 442 2646 nimum
477 2609 687 2646 secundum
720 2609 1017 2657 magnitudinem
1055 2622 1133 2646 non
1162 2617 1217 2646 est
1249 2610 1352 2646 inve-

295 2661 375 2699 nire
393 2661 433 2697 in
451 2668 643 2709 tempore3
665 2661 752 2710 quia
773 2662 968 2698 cuiuslibet
986 2662 1167 2710 temporis
1196 2662 1271 2699 dati
1299 2670 1354 2699 est

296 2713 464 2762 accipere
497 2721 620 2761 partes
649 2713 686 2750 in
715 2726 810 2762 quas
843 2714 1029 2751 dividitur.

351 2767 384 2802 3.
406 2765 554 2802 Deinde
569 2775 656 2802 cum
672 2765 774 2803 dicit:
794 2766 1041 2814 Manifestum
1057 2772 1110 2804 est
1126 2772 1250 2803 autem
1271 2774 1352 2813 ete.,

297 2817 458 2865 assignat
485 2818 670 2854 rationem
698 2830 813 2866 quare
842 2825 991 2866 tempus
1015 2830 1094 2855 non
1123 2818 1255 2856 dicitur
1281 2825 1353 2855 tar-

297 2870 388 2908 dum
418 2877 481 2907 aut
539 2871 663 2916 velox,
685 2871 752 2907 sed
776 2870 908 2907 dicitur
927 2871 1089 2907 multum
1110 2877 1145 2906 et
1172 2883 1350 2919 paucum,

2373 298 2448 334 209

1402 357 1516 394 breve
1538 365 1574 394 et
1602 359 1767 406 longum.
1790 361 1869 396 Iam
1899 361 1998 397 enim
2019 369 2211 398 ostensum
2236 370 2291 398 est
2310 364 2329 383 *²²
2350 365 2452 411 quod

1401 416 1550 456 tempus
1593 418 1629 446 et
1656 423 1836 448 numerus
1874 421 1947 459 est,
1982 421 2019 450 et
2046 414 2265 451 continuum
2301 422 2365 452 est.
2396 417 2454 452 In-

1402 469 1585 508 quantum
1615 474 1701 509 ergo
1731 471 1784 500 est
1812 465 2051 512 continuum,
2081 466 2212 503 dicitur
2239 474 2388 515 tempus
2421 475 2457 503 et

1402 514 1557 560 longum
1587 522 1622 550 et
1650 516 1782 562 breve,
1813 516 1905 553 sicut
1934 525 1970 553 et
1996 518 2107 563 linea;
2142 518 2363 566 inquantum
2391 531 2456 556 au-

1402 573 1480 601 tem
1499 578 1679 602 numerus
1700 576 1763 614 est,
1790 568 1921 604 dicitur
1940 577 1976 606 et
1994 571 2154 606 multum
2185 579 2219 606 et
2241 572 2259 592 ··'·
2277 583 2454 620 paucum.

1404 618 1497 654 Esse
1518 620 1677 654 autem*
1691 621 1803 655 velox
1832 628 1866 656 et
1893 621 2055 668 tardum,
2076 623 2178 658 nullo
2207 624 2323 660 modo
2354 636 2456 660 com-

1403 669 1494 717 petit
1521 682 1699 707 numero:
1729 683 1851 719 neque
1871 685 2031 710 numero
2052 674 2278 723 simpliciter,
2307 683 2349 712 ut
2375 688 2455 712 ma-

1405 721 1580 758 nifestum
1610 730 1680 768 est;
1710 736 1833 771 neque
1863 725 1974 762 etiam
2002 734 2125 774 potest
2153 728 2354 764 convenire
2388 740 2456 764 nu-

1405 786 1512 810 mero
1541 774 1695 811 alicuius
1724 776 1787 812 rei.
1818 777 1918 813 Nam
1940 790 2020 814 esse
2043 780 2155 814 velox
2174 780 2234 815 vel
2255 781 2274 800 Ψ
2294 780 2455 827 tardum,

1406 826 1537 862 dicitur
1557 826 1603 862 de
1624 827 1747 875 aliquo
1768 830 1976 865 secundum
1996 831 2098 878 quod
2127 838 2182 866 est
2200 841 2455 868 numeratum:

1406 878 1538 915 dicitur
1553 878 1654 915 enim
1682 881 1792 916 velox
1812 889 1950 928 motus,
1972 894 2017 918 eo
2046 883 2065 902 *
2095 883 2197 930 quod
2224 896 2343 932 parvo
2364 892 2456 920 tem-

1405 943 1498 978 pore
1517 939 1744 977 numeratum
1765 933 1914 969 tardum
1934 941 2060 970 autern
2081 947 2100 970 e
2122 948 2318 972 converso.
2348 937 2456 973 Unde

1407 982 1647 1019 manifestum
1669 992 1722 1020 est
1755 985 1858 1032 quod
1890 993 2038 1034 tempus
2063 988 2164 1023 nullo
2190 988 2307 1024 modo
2336 995 2459 1036 potest

1408 1034 1479 1071 dici
1506 1036 1619 1071 velox
1645 1037 1706 1072 vel
1727 1038 1746 1056 *³²
1769 1037 1930 1074 tardum.

1458 1098 1496 1132 4.
1517 1086 1663 1123 Deinde
1685 1100 1771 1124 cum
1792 1089 1896 1125 dicit:
1915 1091 1965 1126 Et
1977 1091 2073 1127 idem
2092 1097 2215 1127 autem
2231 1099 2313 1138 ete.,
2335 1100 2455 1129 osten-

1407 1138 1460 1175 dit
1487 1140 1684 1186 quomodo
1712 1148 1862 1188 tempus
1890 1142 1935 1177 sit
1962 1143 2076 1189 idem,
2098 1151 2132 1179 et
2156 1146 2352 1191 quomodo
2380 1157 2458 1181 non

1407 1190 1520 1227 idem.
1549 1192 1598 1227 Et
1621 1191 1744 1239 primo
1765 1195 1961 1240 quomodo
1987 1195 2033 1231 sit
2052 1195 2152 1232 idem
2180 1197 2241 1232 vel
2260 1209 2338 1233 non
2356 1196 2458 1234 idem

1407 1243 1640 1291 simpliciter3
1661 1245 1828 1282 secundo
1848 1247 2044 1293 quomodo
2065 1247 2110 1283 sit
2128 1247 2229 1284 idem
2250 1249 2458 1285 secundum

1407 1295 1518 1344 quid,
1553 1296 1624 1332 ibi:
1659 1298 1829 1344 Amplius
1864 1298 1958 1334 sicut
1993 1300 2173 1348 contingit
2204 1301 2223 1320 ’μ
2253 1308 2320 1337 etc.
2359 1301 2460 1338 Dicit

1407 1360 1495 1395 ergo
1515 1348 1639 1396 primo
1669 1350 1771 1397 quod
1795 1357 1944 1398 tempus
1964 1351 2075 1387 simul
2095 1352 2264 1399 existens,
2286 1360 2340 1389 est
2358 1353 2460 1390 idem

1406 1401 1568 1448 ubique,
1607 1401 1702 1438 idest
1733 1410 1906 1450 respectu
1933 1403 2105 1439 omnium
2134 1416 2230 1453 quae
2259 1413 2461 1441 moventur

1406 1453 1648 1502 ubicumque.
1679 1455 1770 1491 Non
1794 1454 1896 1492 enim
1924 1454 2224 1492 diversificatur³
2251 1458 2460 1494 secundum

1407 1505 1556 1542 diversa
1578 1506 1754 1552 mobilia3
1778 1507 1845 1544 sed
1873 1507 2145 1544 diversificatur
2172 1510 2379 1546 secundum
2408 1509 2460 1546 di-

1405 1570 1535 1594 versas
1567 1567 1692 1607 partes
1728 1559 1897 1596 eiusdem
1932 1568 2069 1597 motus.
2109 1562 2156 1597 Et
2188 1561 2274 1598 ideo
2311 1569 2461 1610 tempus

1405 1610 1508 1658 prius
1537 1618 1572 1647 et
1599 1619 1749 1660 tempus
1775 1613 1962 1660 posterius
1990 1625 2068 1649 non
2095 1620 2151 1650 est
2178 1613 2291 1650 idem.
2313 1615 2360 1650 Et
2387 1615 2462 1650 hoc

1406 1662 1505 1709 ideo,
1527 1663 1614 1711 quia
1642 1664 1764 1712 prima
1791 1665 1948 1701 mutatio
1976 1677 2171 1713 praesenS‚
2203 1666 2308 1702 cuius
2334 1666 2458 1714 primo

1408 1722 1444 1750 et
1462 1715 1712 1764 principaliter
1731 1729 1911 1753 numerus
1930 1725 2078 1766 tempus
2103 1725 2167 1764 est,
2197 1731 2272 1754 una
2299 1727 2372 1764 est;
2393 1719 2459 1755 sed

1407 1768 1517 1803 huius
1537 1768 1753 1804 mutationis
1773 1770 1887 1805 altera
1905 1782 1992 1818 pars
2016 1771 2034 1790 Ψ
2057 1778 2125 1816 est,
2147 1783 2243 1817 quae
2263 1771 2338 1807 iam
2367 1771 2461 1807 facta

1409 1827 1464 1856 est
1492 1828 1528 1856 et
1553 1821 1775 1868 pertransiit,
1797 1829 1832 1857 et
1851 1822 1976 1868 altera,
2001 1834 2096 1870 quae
2117 1823 2238 1859 futura
2258 1830 2322 1859 est.
2352 1823 2461 1860 Unde

1410 1880 1445 1908 et
1463 1880 1613 1921 tempus
1642 1874 1800 1909 alterum
1821 1881 1876 1910 est
1895 1874 1997 1922 quod
2017 1875 2119 1922 prius
2141 1875 2217 1921 fuit,
2241 1882 2276 1911 et
2303 1876 2460 1912 alterum

1409 1926 1513 1973 quod
1541 1926 1708 1962 futurum
1737 1933 1802 1962 est.
1832 1927 1881 1962 Et
1911 1927 1985 1962 hoc
2013 1927 2099 1963 ideo
2129 1929 2164 1974 ’ἃ
2194 1927 2283 1975 quia
2310 1935 2460 1975 tempus
2487 1940 2497 1950 ⁴

1408 1990 1487 2014 non
1516 1985 1570 2014 est
1606 1990 1785 2015 numerus
1822 1979 2061 2027 simpliciter,
2091 1980 2156 2016 sed
2184 1992 2364 2029 numerus
2399 1981 2461 2017 ali-

1409 2030 1513 2066 cuius
1546 2030 1598 2067 rei
1625 2039 1862 2078 numeratae,
1893 2031 2029 2068 scilicet
2060 2032 2192 2080 prioris
2217 2040 2252 2068 et
2282 2033 2461 2080 posterio-

1409 2082 1458 2119 ris
1486 2082 1524 2119 in
1543 2090 1662 2129 motu;
1685 2091 1720 2120 et
1746 2084 1834 2120 huic
1857 2096 2017 2120 numero
2051 2097 2202 2133 semper
2229 2085 2361 2121 accidit
2381 2097 2461 2122 esse

1408 2135 1578 2181 alterum,
1601 2143 1636 2171 et
1657 2137 1675 2156 '⁸³‘
1694 2136 1798 2185 prius
1818 2144 1853 2173 et
1871 2137 2067 2185 posterius,
2096 2145 2249 2185 propter
2267 2138 2340 2174 hoc
2359 2138 2461 2186 quod
2489 2150 2497 2157 ·

1408 2187 1490 2235 ipsa
1517 2199 1638 2235 nunc,
1669 2189 1876 2225 secundum
1905 2189 2010 2238 quod
2046 2202 2085 2225 se
2122 2190 2262 2226 habent
2296 2189 2398 2238 prius
2427 2198 2462 2227 et

1407 2239 1617 2287 posteriUS‚
1647 2253 1798 2289 semper
1834 2249 1919 2278 sunt
1955 2242 2080 2278 altera.
2115 2242 2154 2278 Si
2195 2249 2322 2278 autem
2366 2251 2462 2279 esset

1409 2303 1588 2327 numerus
1616 2292 1850 2340 simpliciter,
1880 2301 1968 2329 tunc
1997 2302 2092 2330 esset
2119 2294 2221 2331 idem
2249 2301 2397 2342 tempus
2426 2303 2461 2331 et

1409 2344 1625 2380 mutationis
1662 2357 1759 2393 quae
1796 2345 1997 2393 praeteriit,
2033 2354 2069 2382 et
2101 2347 2179 2382 eius
2208 2359 2304 2394 quae
2338 2347 2460 2383 futura

1410 2404 1484 2442 est;
1514 2397 1602 2444 quia
1629 2409 1809 2433 numerus
1842 2397 2056 2446 simpliciter
2084 2406 2138 2434 est
2169 2411 2266 2435 unus
2297 2407 2332 2435 et
2358 2399 2459 2436 idem

1410 2448 1646 2485 diversorum
1679 2458 1981 2496 numeratorum,
2013 2457 2054 2486 ut
2087 2458 2238 2487 centum
2273 2463 2458 2498 equorum

1409 2509 1444 2537 et
1460 2509 1610 2538 centum
1625 2502 1836 2538 hominum.
1854 2503 1930 2538 Sed
1944 2514 2123 2538 numerus
2138 2510 2354 2539 numeratus
2371 2505 2390 2525 θ’·
2405 2511 2460 2540 est

1408 2553 1500 2589 alius
1528 2554 1785 2590 diversorum:
1816 2562 1966 2590 centum
1996 2555 2096 2590 enim
2126 2555 2212 2604 equi
2240 2562 2325 2591 sunt
2356 2555 2457 2592 aliud

1407 2606 1498 2654 quid
1519 2608 1538 2627 ’'s·
1559 2619 1581 2642 a
1610 2614 1760 2642 centum
1788 2606 2015 2643 hominibus.
2037 2608 2085 2643 Et
2112 2608 2200 2656 quia
2228 2614 2376 2655 tempus
2405 2615 2459 2644 est

1407 2671 1587 2695 numerus
1606 2658 1739 2707 prioris
1768 2667 1803 2695 et
1819 2659 2034 2707 posterioris
2061 2659 2099 2696 in
2126 2667 2250 2705 motu;
2275 2659 2362 2707 quia
2390 2660 2458 2696 alia

1407 2718 1493 2748 sunt
1520 2723 1617 2759 quae
1646 2712 1684 2747 in
1712 2719 1819 2747 motu
1847 2724 1886 2748 se
1914 2713 2053 2748 habent
2079 2711 2180 2760 prius
2209 2719 2244 2747 et
2273 2712 2458 2760 posterius

1407 2765 1616 2801 secundum
1653 2763 1691 2800 id
1720 2764 1822 2812 quod
1858 2764 2044 2812 praeteriit
2076 2764 2122 2800 de
2159 2771 2286 2811 motu,
2316 2771 2351 2800 et
2388 2765 2458 2801 alia

1407 2815 1616 2853 secundum
1630 2816 1668 2853 id
1683 2816 1787 2865 quod
1806 2817 1971 2864 sequitur
1985 2823 2011 2861 ες
2027 2824 2179 2864 propter
2192 2817 2339 2852 hoc.est
2358 2817 2458 2853 aliud

1406 2876 1556 2917 tempus
1584 2869 1836 2917 praeteritum,
1868 2876 1902 2905 et
1930 2869 2030 2906 aliud
2058 2869 2234 2905 futurum.

349 2991 377 3027 α)
391 3000 429 3018 ex
442 2993 593 3026 definitione
640 2992 780 3017 ran'onem.
793 3006 811 3011 —
825 2993 874 3017 Pro
888 2992 960 3021 data,
973 2992 1110 3024 assignata
1128 2992 1284 3022 DFGHMR3
1298 2999 1351 3016 om.

297 3027 442 3058 cet.exc.E;
453 3035 500 3060 pro
510 3028 647 3055 rationem,
656 3027 726 3059 quod
737 3035 789 3052 om.
796 3027 828 3059 D,
838 3027 955 3052 rationes
964 3032 1066 3052 cet.exc.
1075 3027 1128 3057 EG,
1137 3027 1292 3057 cf.1ect.xv11,
1300 3035 1351 3051 n.1.

350 3060 376 3095 β)
389 3062 464 3087 Licet
477 3063 545 3087 enim
559 3070 610 3087 non
627 3062 746 3087 habeat...
760 3062 829 3086 duae
843 3062 934 3086 lineae.
944 3075 962 3082 -ι
977 3062 1066 3086 Plures
1082 3062 1191 3092 codices,
1201 3061 1351 3094 praesertim

296 3096 623 3127 ACDlKLOQSTVXYZ,
642 3097 668 3121 in
686 3097 734 3121 hoc
754 3097 871 3122 membro
891 3101 996 3129 peccant
1019 3097 1160 3121 omissione
1183 3096 1351 3121 homoteleuti

296 3131 368 3164 quod
384 3134 424 3156 est
441 3139 592 3157 numerus...
611 3139 648 3156 ex
665 3139 708 3161 eo,
727 3139 775 3156 nec
793 3139 844 3156 non
862 3134 888 3156 et
906 3131 1099 3164 quodammodo
1119 3139 1215 3156 non...
1235 3131 1353 3156 invenire

297 3166 442 3191 minimum.
462 3166 566 3191 Ceteras
584 3167 709 3194 variantes
735 3171 854 3191 notamus
880 3166 1009 3191 recitando
1033 3166 1167 3191 lectionem
1187 3166 1351 3198 adoptatam:

297 3210 311 3224 «t
321 3201 392 3225 Licet
410 3201 478 3226 enim
497 3202 603 3232 (autem
622 3201 792 3233 PEGHMab)
811 3209 863 3225 non
878 3201 970 3225 habeat
984 3201 1172 3226 continuitatem
1187 3208 1217 3225 ex
1231 3209 1262 3225 eo
1281 3201 1351 3233 quod

297 3241 336 3260 est
355 3243 486 3266 numerus,
501 3236 578 3261 habet
594 3241 680 3260 tamen
699 3236 890 3260 continuitatem
909 3243 939 3260 ex
957 3235 1002 3268 (ab
1014 3235 1046 3268 Ρ)
1066 3243 1097 3260 eo
1112 3236 1183 3260 cuius
1203 3240 1241 3259 est
1260 3243 1349 3259 nume-

296 3278 354 3295 rus:
369 3270 428 3303 quia
447 3275 487 3294 est
505 3278 628 3295 numerus
645 3271 755 3303 (scilicet
773 3270 832 3295 add.
846 3270 1105 3302 ADIKOQTVXYZ)
1121 3270 1241 3300 continui,
1257 3270 1353 3294 scilicet

297 3310 391 3335 motus,
403 3310 432 3330 ut
446 3305 522 3329 etiam
540 3305 632 3336 (etiam
646 3313 700 3329 om.
713 3304 875 3335 PEGHQab)
890 3312 967 3335 supra
983 3305 1077 3329 dictum
1096 3309 1144 3328 est.
1158 3305 1215 3329 Non
1230 3305 1299 3329 enim
1313 3309 1352 3329 est

298 3340 374 3371 (Non
393 3343 433 3365 est
450 3343 538 3365 autem
557 3340 644 3371 PEab)
663 3345 808 3371 tempus...
827 3340 855 3363 ln
873 3347 982 3363 numero
1001 3344 1086 3363 autem
1100 3337 1190 3369 (etiam
1210 3339 1284 3363 codd.
1298 3347 1351 3364 exc.

296 3374 499 3408 EGHMNQRZ)
520 3374 667 3406 simpliciter
685 3379 726 3398 est
748 3374 854 3398 omnino
879 3373 1002 3405 (omnino
1020 3381 1073 3398 om.
1092 3373 1184 3404 PFab)
1203 3373 1351 3398 invenire....

297 3410 485 3435 multitudinem
500 3414 540 3434 est
553 3409 599 3441 (ibi
617 3409 675 3433 add.
689 3407 770 3441 BHN)
791 3408 904 3432 invenire
923 3408 1067 3438 minimum,
1081 3415 1133 3432 non
1152 3412 1236 3432 autem
1252 3407 1351 3440 (autem

296 3453 349 3470 om.
363 3443 582 3477 DFLOQSTXY)
603 3444 746 3468 secundum
765 3443 975 3475 magnitudinem.
988 3442 1058 3466 Sicut
1076 3442 1101 3466 in
1116 3442 1203 3466 multis
1223 3442 1295 3466 lineis
1311 3450 1351 3467 se-

297 3480 411 3505 cundum
430 3479 619 3504 multitudinem
637 3478 743 3510 quidem
762 3476 844 3510 (quod
862 3477 1093 3509 ACIOQTVXpB,
1113 3477 1217 3508 quidem
1236 3477 1307 3508 quod
1325 3478 1351 3507 S,

297 3522 348 3540 non
367 3515 398 3544 K,
411 3522 463 3539 om.
477 3513 560 3548 HNY)
581 3518 620 3538 est
638 3513 685 3545 (ibi
703 3513 760 3538 add.
775 3512 921 3542 BEGMRZ,
935 3512 1052 3536 invenire
1066 3512 1124 3536 add.
1138 3511 1196 3544 HN)
1217 3511 1352 3536 minimum

298 3547 346 3582 (ibi
359 3549 417 3574 add.
432 3549 499 3581 cen),
513 3554 541 3574 ut
554 3549 607 3580 (vel
621 3548 694 3573 codd.
708 3553 733 3572 et
745 3547 796 3579 ab)
810 3554 861 3571 una
880 3547 945 3571 linea
956 3547 996 3571 vel
1017 3547 1082 3570 duae
1096 3546 1177 3570 lineae
1189 3546 1286 3577 (lineae
1299 3554 1352 3570 om.

298 3584 385 3616 PEab)
393 3593 417 3609 ι.
431 3598 449 3603 ·-
463 3584 608 3609 Secundum
628 3583 764 3608 lectionem
780 3582 896 3606 codicum
911 3581 936 3606 in
950 3580 1001 3606 fine
1014 3581 1071 3606 talis
1085 3585 1155 3606 esset
1168 3581 1350 3612 interpunctio:

438 3636 506 3668 Opp.
526 3636 555 3659 D.
574 3635 687 3659 Tuomst.
706 3634 737 3658 T.
757 3634 785 3658 ll.

1405 2991 1474 3016 sicut
1492 2992 1518 3016 in
1538 2991 1626 3016 multis
1645 2991 1735 3020 lineis,·
1753 2991 1895 3016 secundum
1919 2991 2113 3015 multitudinem
2133 2991 2235 3023 quidem
2260 2994 2299 3016 est
2324 2991 2458 3016 minimum

1406 3026 1442 3050 ibi
1460 3027 1500 3051 vel
1519 3033 1572 3050 una
1591 3026 1660 3050 linea
1679 3027 1719 3050 vel
1738 3026 1805 3050 duae
1823 3026 1915 3050 lineae.

1458 3061 1484 3094 γ)
1505 3064 1534 3085 ut
1552 3061 1588 3085 sit
1605 3061 1702 3085 scilicet
1720 3061 1818 3092 aliqua.
1831 3074 1850 3079 —-
1864 3061 1932 3089 Pab;
1951 3063 1980 3084 ut
1997 3061 2094 3085 scilicet
2111 3060 2146 3085 sit
2163 3061 2253 3092 aliqua
2272 3061 2300 3090 E,
2316 3064 2345 3085 ut
2362 3061 2459 3085 scilicet

1406 3096 1495 3128 aliqua
1513 3096 1590 3128 MpG,
1604 3103 1671 3127 quae
1689 3096 1724 3120 sit
1741 3096 1833 3127 aliqua
1851 3096 1881 3124 N,
1895 3096 1984 3127 aliqua
1999 3096 2031 3125 H,
2047 3099 2076 3120 ut
2089 3095 2124 3120 sit
2137 3096 2227 3126 aliqua
2241 3100 2289 3119 cet.
2301 3108 2319 3114 -
2332 3095 2388 3119 Lin.
2403 3102 2458 3126 seq.

1406 3139 1453 3163 pro
1471 3138 1668 3162 quamcumque,
1682 3131 1823 3163 quamlibet
1837 3131 1909 3155 codd.
1926 3138 1978 3154 exc.
1992 3130 2142 3154 EGHMRZ.
2155 3143 2174 3148 -
2188 3130 2238 3153 Pro
2253 3129 2398 3158 dicendum,
2418 3129 2457 3153 di-

1405 3169 1476 3190 ctum
1495 3165 1559 3197 EpG
1578 3170 1603 3189 et
1621 3173 1646 3190 a.
1658 3178 1676 3185 —-
1689 3166 1738 3189 Pro
1754 3165 1895 3190 secundum
1915 3165 2116 3193 multitudinem,
2131 3165 2200 3196 quod
2219 3164 2295 3188 habet
2308 3164 2327 3187 P
2343 3171 2400 3188 cum
2419 3163 2457 3187 sR

1406 3205 1431 3224 et
1450 3201 1472 3228 b,
1493 3203 1521 3224 ut
1540 3207 1677 3224 numerum
1697 3200 1743 3229 Ea,
1763 3200 1804 3224 vel
1826 3206 1962 3224 numerum
1982 3199 2054 3229 FsG,
2072 3199 2213 3223 secundum
2233 3205 2368 3222 numerum
2387 3198 2455 3222 BHL

1405 3235 1604 3267 MNSZpGRsC,
1617 3235 1758 3259 secundum
1778 3237 1900 3259 naturam
1921 3239 1968 3258 cet.

1458 3269 1482 3301 ὂ)
1503 3270 1663 3301 ubicumque.
1675 3270 1735 3294 Non
1748 3269 1815 3294 enim
1835 3268 2034 3300 diversificatur.
2047 3281 2066 3286 -
2080 3268 2129 3291 Pro
2148 3267 2306 3298 ubicumque,
2327 3266 2419 3298 ubique
2437 3266 2456 3290 P

1405 3304 1511 3328 DEHsF
1531 3309 1555 3328 et
1573 3304 1623 3328 ab.
1642 3305 1691 3328 Pro
1711 3311 1762 3328 non
1781 3304 1858 3332 enim,
1871 3306 1897 3327 et
1914 3310 1966 3327 non
1986 3301 2186 3330 LSYZsDEGH,
2201 3308 2252 3325 non
2272 3301 2311 3325 ed.
2326 3308 2343 3325 α
2362 3306 2387 3325 et
2405 3306 2453 3326 cet.

1406 3346 1459 3363 exc.
1473 3339 1507 3363 B:
1526 3339 1667 3363 retinemus
1692 3346 1743 3363 non
1769 3338 1845 3366 enim,
1866 3345 1911 3369 per
1929 3337 1998 3368 quod
2022 3336 2162 3360 ostenditur
2185 3335 2306 3368 assignari
2331 3336 2455 3360 rationem

1406 3381 1484 3406 quare
1502 3379 1606 3405 tempus
1625 3373 1704 3398 simul
1721 3373 1838 3397 existens
1856 3372 1888 3395 sit
1907 3372 1974 3395 idem
1993 3371 2096 3403 ubique.
2318 3369 2320 3372 '

1458 3408 1481 3440 ε)
1500 3408 1562 3440 quia
1581 3409 1635 3432 alia
1654 3410 1749 3432 sum...-
1767 3406 1892 3437 sequitur.
1905 3419 1923 3424 -
1937 3406 1978 3430 Sic
1996 3405 2133 3437 legendum
2150 3405 2278 3429 credimus
2297 3413 2355 3430 cum
2374 3405 2456 3430 omni-

1405 3442 1454 3467 bus
1467 3443 1541 3467 codd.
1557 3441 1616 3475 (nisi
1632 3442 1700 3474 quod
1715 3449 1761 3473 pro
1773 3441 1842 3472 quia,
1858 3441 1916 3465 ideo
1926 3439 1976 3473 LS)
1989 3445 2014 3464 et
2027 3447 2044 3464 a
2054 3440 2077 3464 b.
2086 3440 2105 3464 P
2117 3444 2203 3464 secuta
2217 3440 2256 3464 ed.
2269 3439 2359 3464 Venet.
2378 3439 2455 3471 15452

1406 3484 1467 3501 nam
1487 3478 1620 3502 alia‘sunt
1638 3484 1704 3508 quae
1728 3476 1752 3500 in
1777 3479 1848 3499 nzotu
1873 3482 1899 3499 se
1922 3475 2017 3499 hahent
2036 3478 2064 3499 ut
2078 3475 2156 3506 prius
2179 3475 2321 3500 secundum
2341 3475 2369 3500 id
2387 3476 2457 3507 quod

1401 3512 1543 3544 praeteriit
1562 3512 1594 3536 de
1613 3514 1692 3539 motu,
1713 3513 1738 3535 et
1755 3510 1810 3534 alia
1830 3512 1858 3534 ut
1872 3509 2005 3540 posterius
2030 3509 2171 3534 secundum
2190 3509 2219 3534 id
2242 3510 2313 3542 quod
2330 3510 2456 3542 sequitur.

1406 3546 1478 3571 Circa
1497 3554 1575 3579 quam
1599 3546 1733 3570 lectionem
1762 3545 1901 3568 notandum
1921 3549 1959 3568 est
1983 3545 2067 3576 primo
2086 3544 2154 3576 quod
2179 3550 2284 3577 propter
2308 3545 2456 3577 particulam

1406 3588 1476 3611 nam,
1491 3589 1557 3613 quae
1576 3585 1719 3612 sequuntur
1733 3579 1924 3604 considerantur
1937 3583 2058 3611 tanquam
2072 3580 2135 3604 ratio
2154 3586 2233 3611 quare
2247 3583 2347 3612 tempus
2361 3580 2395 3604 sit
2409 3587 2456 3604 nu-

2249 3638 2280 3663 27

2483 376 2491 384 ·
2500 375 2561 397 Lect.
2570 381 2625 403 xvu,
2634 382 2692 403 n.10,

2483 407 2508 423 11.

2483 584 2492 593 ’
2507 586 2530 604 et
2543 590 2590 606 om.
2605 585 2675 606 codd.
2688 581 2692 586 '

2483 616 2532 631 exc.
2546 617 2631 632 cnunc.

2485 642 2491 648 ·
2507 643 2529 661 et
2542 641 2595 662 add.
2606 642 2657 662 rab.

2484 789 2494 799 ⁴*
2509 790 2531 809 et
2544 788 2612 810 codd.
2627 795 2677 810 exc.

2484 820 2519 835 εο.

2484 896 2493 907 “
2499 895 2619 917 secundum
2626 896 2683 918 codd
2688 912 2694 918 .

2484 928 2533 942 exc.
2548 928 2568 943 Ε.

2485 1053 2494 1063 ⁸
2510 1054 2533 1073 et
2540 1052 2607 1074 codd.
2615 1058 2664 1074 exc.
2674 1058 2695 1074 r.

2485 1314 2494 1324 ⁸
2509 1313 2578 1334 Num.
2593 1319 2642 1340 seq.

2488 1784 2499 1793 ⁸
2510 1789 2570 1810 pars
2588 1789 2634 1804 om.
2650 1789 2697 1805 unu

2485 1815 2516 1836 pc
2530 1812 2551 1830 et
2565 1809 2608 1830 ab.

2513 1941 2548 1960 est
2561 1939 2612 1960 add.
2627 1946 2699 1961 1³an

2489 1972 2572 1987 ωηατ.

2525 2148 2645 2178 secundum
2662 2154 2696 2174 επ,

2489 2177 2563 2195 omitt.
2572 2178 2614 2196 cet.
2621 2180 2696 2195 exem.

2485 2514 2494 2524 ’¹
2504 2515 2637 2534 numeratus
2646 2519 2694 2535 om.

2482 2544 2527 2565 pm
2543 2541 2565 2560 et
2578 2545 2600 2560 a.

2484 2617 2495 2627 ⁴
2510 2617 2566 2644 quid
2581 2623 2627 2648 om.
2647 2624 2694 2639 mm

2486 2649 2529 2668 ρης
2545 2654 2555 2659 -
2571 2650 2626 2670 qma
2645 2650 2694 2665 om.

2485 2675 2542 2696 supa
2558 2673 2579 2691 ct
2593 2676 2615 2691 a.
