2898 3996
239 438 249 447 ²
264 436 333 458 Num.
348 441 368 457 2.

239 537 250 548 ⁴
264 535 323 558 Ibid.

239 646 249 655 ·
263 645 299 666 his
314 643 380 665 codd.
392 647 413 665 et
427 649 450 664 a.

238 698 248 707 ·
260 698 340 724 potest
352 702 390 717 Ρη.

237 902 246 911 ·
261 900 396 935 Νυηιᾍεες.

236 963 245 972 ·
260 961 330 983 Num.
346 967 378 982 10.

235 1171 245 1180 ’
254 1172 372 1191 moventur
378 1170 444 1191 mab.

235 1594 244 1603 '¹
262 1595 383 1619 utrumque
401 1591 444 1613 »ab

235 1622 257 1640 et
275 1618 343 1639 codd.
363 1624 412 1639 exc.
432 1624 445 1639 c

234 1651 373 1666 arcumen.

234 1697 243 1706 ·
252 1697 338 1722 tempus
349 1701 395 1716 orn.
406 1701 442 1716 EG.

234 1964 243 1972 '
259 1962 314 1990 quia
328 1968 364 1984 εο.

245 3120 252 3127 ·
269 3121 356 3146 quanto
370 3125 438 3140 nome.

245 3167 253 3175 ⁹
269 3167 355 3187 tantum
366 3173 386 3188 r.

479 299 554 344 314

1092 294 1435 331 PHYSICORUM
1462 293 1809 330 ARISTOTELIS
1839 293 1933 328 LIB.
1962 293 2013 330 VI

476 377 526 413 Et
545 375 631 412 dicit
658 375 761 424 quod
788 374 893 411 tertia
916 373 1009 410 ratio
1039 372 1205 409 Zenonis
1226 379 1304 408 erat
1330 372 1391 409 illa
1415 384 1531 420 quam
1588 378 1714 407 motus
1742 378 1920 419 operatur
1943 371 1964 391 ¹⁸
1988 369 2037 407 ad
2063 370 2139 406 hoc
2165 370 2271 420 quod
2301 383 2341 408 se
2367 369 2534 408 invicem
2560 382 2646 420 per-

477 429 620 476 supra³⁵
629 428 755 476 posuit
773 434 975 475 antequam
990 425 1170 473 inciperet
1194 424 1356 461 rationes
1377 436 1532 461 enume-

478 493 571 527 rare,
592 480 729 517 scilicet
747 479 852 528 quod
870 478 1014 525 sagitta,
1036 477 1189 525 quando
1218 477 1343 524 fertur,
1365 477 1531 525 quiescit.

478 534 527 570 Et
545 533 638 569 sicut
665 544 777 580 supra
794 533 813 552 ’⁵
829 531 969 568 dictum
994 537 1059 576 est,
1084 530 1159 566 hoc
1187 529 1355 566 accidere
1383 529 1534 565 videtur

479 598 524 621 ex
552 597 598 621 eo
627 584 731 632 quod
749 584 829 632 ipse
858 582 1035 631 supponit
1067 582 1172 630 quod
1195 589 1346 630 tempus
1375 593 1532 629 compo-

478 644 586 674 natur
614 649 659 673 ex
685 636 775 685 ipsis
795 637 814 656 ⁴*
834 647 944 672 nunc.
966 634 1048 670 Nisi
1078 634 1178 670 enim
1198 635 1272 671 hoc
1292 634 1530 680 concedatur,

477 702 555 726 non
580 689 757 738 poterit*
775 687 992 736 syllogizare
1021 687 1069 723 ad
1096 687 1344 735 propositum.

531 743 565 778 8.
596 742 779 787 Quartam
817 740 1000 777 rationem
1037 740 1144 788 ponit
1179 739 1246 775 ibi:
1285 739 1427 780 Quarta
1464 749 1530 774 au-

476 800 547 831 tem
577 801 644 830 etc.
680 793 789 829 Circa
817 804 931 841 quam
960 791 1028 827 tria
1056 791 1157 828 facit:
1186 791 1310 840 primo
1339 791 1446 840 ponit
1474 802 1530 826 ra·

476 847 640 891 tionem;
661 845 828 882 secundo
849 844 1086 890 solutionem,
1108 844 1178 880 ibi:
1199 845 1267 880 Est
1283 850 1407 880 autem
1428 844 1530 880 dece-

468 899 548 946 ptio
573 901 592 920 ²⁵
617 906 704 944 etc.;
732 897 840 934 tertio
873 897 1084 933 manifestat
1110 908 1178 945 per
1207 897 1380 944 exempla
1404 894 1432 942 ὃ,
1460 895 1529 932 ibi:

479 953 528 988 Ut
552 951 625 987 sint
648 956 783 987 stantes
807 949 979 997 aequales
1007 949 1282 998 magnitudines
1297 949 1317 970 '¹‘
1334 956 1401 985 etc.
1432 948 1531 985 Dicit

474 1015 562 1050 ergo
582 1003 705 1051 primo
726 1002 829 1050 quod
853 1009 983 1050 quarta
1007 1001 1100 1038 ratio
1116 1001 1280 1038 Zenonis
1299 1001 1531 1050 procedebat

474 1068 519 1092 ex
539 1055 724 1104 aliquibus
749 1067 844 1103 quae
874 1061 1079 1091 moventur
1103 1054 1141 1090 in
1161 1054 1286 1102 aliquo
1310 1054 1451 1101 stadio,
1481 1054 1531 1091 ita

473 1109 577 1156 quod
595 1108 667 1144 sint
687 1107 785 1144 duae
812 1106 1086 1154 magnitudines
1115 1107 1303 1154 aequales,
1329 1119 1428 1155 quae
1447 1118 1530 1143 mo—

471 1162 659 1197 veantur*
671 1161 775 1196 iuxta
795 1159 979 1207 aequalia,
994 1159 1088 1196 idest
1106 1172 1175 1208 per
1193 1159 1346 1208 aliquod
1366 1159 1529 1208 spatium

472 1213 578 1250 stadii
593 1213 749 1261 aequale
764 1212 911 1261 utrique
926 1212 964 1248 in
979 1212 1198 1261 quantitate:
1212 1220 1247 1248 et
1261 1212 1306 1249 sit
1320 1213 1388 1249 iste
1402 1220 1529 1249 motus

471 1278 520 1302 ex
539 1266 809 1311 contrarietate,
830 1265 926 1302 idest
944 1265 993 1301 ita
1013 1266 1117 1313 quod
1135 1269 1211 1301 una
1227 1265 1529 1313 magnitudinum

472 1318 686 1366 aequalium
714 1325 915 1354 moveatur
933 1330 1002 1366 per
1020 1317 1111 1354 illud
1131 1317 1293 1366 spatium
1318 1317 1425 1354 stadii
1444 1329 1530 1354 ver—

472 1383 535 1407 sus
562 1383 679 1407 unam
707 1378 870 1419 partem,
901 1378 937 1406 et
964 1370 1035 1407 alia
1063 1383 1195 1406 versus
1224 1370 1335 1407 aliam
1363 1377 1527 1418 partem:

471 1423 521 1459 ita
539 1431 667 1460 tamen
686 1423 789 1471 quod
803 1435 879 1459 una
898 1422 1199 1470 magnitudinum
1221 1422 1420 1459 mobilium
1441 1422 1529 1459 inci-

471 1476 549 1524 piat
568 1476 715 1512 moveri
730 1488 752 1512 a
766 1476 843 1512 fine
862 1475 967 1512 stadii
989 1475 1021 1511 ei
1042 1475 1220 1523 aequalis,
1242 1475 1313 1512 alia
1327 1487 1421 1512 vero
1442 1475 1529 1512 inci-

471 1529 548 1576 piat
566 1528 713 1565 moveri
729 1541 750 1564 a
765 1528 963 1564 medietate
984 1527 1102 1574 stadii,
1124 1528 1203 1564 sive
1223 1528 1331 1577 spatii
1350 1528 1389 1564 in
1408 1528 1528 1565 stadio

473 1581 576 1618 dato:
599 1589 635 1617 et
657 1588 814 1628 utraque
836 1582 854 1600 ⁵
874 1588 1074 1617 moveatur
1093 1593 1213 1628 aeque
1233 1581 1423 1618 velociter.
1446 1581 1528 1617 Hac

470 1633 656 1682 positione
685 1634 796 1678 facta,
826 1633 1051 1681 opinabatur
1078 1634 1184 1670 Zeno
1215 1635 1319 1682 quod
1343 1634 1530 1671 accideret

472 1686 576 1734 quod
607 1694 757 1734 tempus
788 1687 806 1706 ²⁵
837 1685 1034 1722 dimidium
1071 1694 1168 1722 esset
1199 1687 1356 1735 aequale
1391 1686 1527 1735 duplo:

470 1739 574 1786 quod
599 1751 686 1775 cum
710 1738 755 1775 sit
774 1738 1018 1786 impossibile,
1038 1740 1191 1785 volebat
1216 1751 1260 1775 ex
1283 1740 1357 1775 hoc
1375 1739 1530 1776 ulterius

470 1791 604 1828 inferre
634 1791 738 1839 quod
766 1791 998 1839 impossibile
1028 1798 1082 1827 est
1106 1791 1245 1839 aliquid
1275 1792 1434 1829 moveri.

525 1856 560 1891 9.
581 1844 729 1881 Deinde
759 1856 846 1880 cum
875 1843 979 1881 dicit:
1007 1845 1076 1880 Est
1101 1850 1225 1881 autem
1254 1844 1416 1892 deceptio
1447 1853 1528 1892 etc.,

471 1897 578 1945 ponit
606 1897 843 1933 solutionem.
865 1897 914 1933 Et
937 1896 1024 1933 dicit
1049 1897 1152 1945 quod
1172 1898 1278 1933 Zeno
1308 1897 1345 1934 in
1373 1898 1447 1934 hoc
1467 1897 1531 1934 de-

473 1949 689 1997 cipiebatur,
711 1949 815 1998 quod
832 1951 850 1970 ²³²
866 1949 1074 1998 accipiebat
1093 1962 1138 1986 ex
1157 1962 1235 1986 una
1258 1957 1362 1998 parte
1388 1949 1529 1987 mobile

472 2002 619 2038 moveri
647 2003 747 2039 iuxta
783 2002 1080 2050 magnitudinem
1121 2011 1287 2049 motam,
1318 2010 1353 2039 et
1381 2015 1426 2039 ex
1460 2003 1531 2040 alia

471 2062 577 2103 parte
607 2055 814 2104 accipiebat
842 2055 945 2103 quod
974 2063 1193 2092 moveretur
1217 2056 1317 2092 iuxta
1346 2056 1530 2103 magnitu-

474 2107 601 2144 dinem
630 2108 909 2156 quiescentem,
945 2109 1143 2156 aequalem
1172 2108 1420 2156 magnitudini
1448 2121 1530 2145 mo-

473 2168 544 2196 tae.
575 2161 623 2196 Et
645 2161 735 2209 quia
763 2160 987 2209 supponitur
1015 2161 1181 2209 aequalis
1209 2161 1389 2198 velocitas
1409 2162 1531 2198 mobi—

474 2213 578 2258 lium,
598 2214 752 2250 volebat
771 2214 875 2262 quod
903 2214 1114 2250 secundum
1139 2214 1295 2262 aequale
1316 2222 1466 2262 tempus
1487 2214 1532 2251 sit

474 2274 600 2302 motus
630 2278 750 2315 aeque
787 2266 978 2303 velocium
1007 2273 1017 2286 ⁶
1047 2267 1143 2303 circa
1180 2267 1356 2314 aequales
1388 2267 1531 2315 magni-

474 2318 642 2365 tudines,
682 2331 844 2368 quarum
872 2331 948 2355 una
986 2327 1163 2356 movetur
1201 2327 1235 2356 et
1267 2319 1338 2356 alia
1362 2320 1529 2368 quiescit.

475 2371 591 2417 Quod
618 2379 720 2420 patet
748 2384 828 2408 esse
857 2372 1004 2408 falsum.
1036 2372 1136 2418 Quia
1165 2385 1251 2409 cum
1281 2372 1420 2421 aliquid
1449 2386 1532 2410 mo-

473 2432 584 2460 vetur
610 2425 711 2461 iuxta
739 2424 1037 2472 magnitudinem
1067 2425 1340 2473 quiescentem,
1371 2438 1449 2462 non
1478 2434 1533 2463 est

473 2476 524 2513 ibi
553 2477 622 2513 nisi
650 2490 746 2514 unus
774 2485 917 2514 motus:
947 2478 1015 2514 sed
1043 2478 1196 2526 quando
1231 2478 1371 2527 aliquid
1399 2491 1532 2516 move-

474 2537 533 2566 tur
565 2530 665 2567 iuxta
702 2530 1001 2582 magnitudinem
1039 2538 1211 2577 motam,
1251 2539 1337 2568 sunt
1373 2531 1424 2568 ibi
1454 2532 1530 2569 duo

475 2590 612 2619 motus,
647 2584 695 2619 Et
728 2583 757 2619 si
799 2583 870 2620 sint
907 2583 945 2620 in
974 2584 1137 2620 eandem
1174 2592 1341 2632 partem,
1373 2585 1533 2622 addetur

476 2635 521 2671 de
551 2643 743 2684 tempore3
778 2636 808 2672 si
837 2644 964 2672 autem
992 2636 1064 2673 sint
1091 2637 1129 2673 in
1167 2637 1360 2685 oppositas
1387 2645 1530 2685 partes,

477 2688 704 2725 diminuetur
741 2689 787 2725 de
821 2697 1009 2737 tempore,
1040 2690 1251 2726 secundum
1286 2690 1532 2738 quantitatem

477 2741 624 2777 alterius
661 2749 798 2778 motus.
839 2742 939 2788 Quia
971 2742 1000 2778 si
1029 2742 1250 2790 magnitudo
1282 2742 1382 2779 iuxta
1417 2756 1532 2792 quam

477 2793 628 2841 aliquod
647 2794 787 2830 mobile
815 2802 1002 2841 movetur,
1025 2795 1062 2831 in
1093 2795 1254 2832 eandem
1282 2803 1429 2843 partem
1450 2809 1532 2834 mo-

477 2853 610 2882 veatur
637 2847 783 2894 aequali
811 2847 1008 2884 velocitate
1036 2849 1098 2885 vel
1128 2848 1239 2884 etiam
1271 2849 1416 2895 maiori,
1438 2862 1532 2886 nun-

479 2910 593 2945 quam
630 2899 770 2935 mobile
806 2900 942 2948 poterit
979 2913 1063 2937 eam
1101 2901 1346 2949 pertransire:
1381 2902 1411 2938 si
1439 2915 1532 2939 vero

480 2950 615 2986 minori
643 2951 840 2988 velocitate
869 2953 1088 3000 magnitudo
1122 2962 1339 3002 moveatur,
1366 2963 1533 3003 pertran-

480 3002 564 3038 sibit
579 3007 663 3039 eam
679 3004 920 3053 quandoque,
937 3006 1003 3043 sed
1024 3006 1060 3042 in
1080 3006 1214 3043 maiori
1229 3015 1401 3056 tempore
1417 3020 1533 3057 quam

481 3055 510 3091 si
535 3055 750 3103 quiesceret.
781 3058 813 3093 E
835 3058 1019 3094 contrario
1040 3067 1166 3096 autem
1188 3068 1243 3096 est
1264 3060 1293 3097 si
1314 3061 1534 3108 magnitudo

481 3116 680 3145 moveatur
712 3109 751 3145 in
775 3111 992 3158 oppositum
1013 3112 1179 3149 mobilis:
1209 3113 1296 3161 quia
1316 3121 1501 3161 quantum
1516 3115 1536 3136 '¹‘

481 3161 698 3207 magnitudo
733 3163 900 3199 velocius
933 3172 1128 3211 movetur,
1159 3173 1262 3202 tanto
1282 3167 1302 3187 ⁵
1328 3166 1469 3203 mobile
1498 3167 1535 3203 in

481 3213 617 3250 minori
649 3222 821 3264 tempore
865 3227 949 3252 eam
987 3218 1209 3264 pertransit;
1251 3219 1339 3267 quia
1377 3227 1535 3268 uterque

532 3325 557 3356 δ)
578 3327 727 3359 manifestat
742 3335 792 3359 per
811 3330 970 3360 exempla.-
983 3330 1017 3354 lta
1037 3331 1118 3357 codd..
1137 3331 1176 3355 ab
1196 3337 1220 3355 et
1240 3332 1329 3356 Venet.
1353 3332 1431 3364 15o4;
1452 3333 1535 3358 ›nani-

475 3361 559 3393 sestae
579 3361 660 3392 ipsam
681 3363 808 3387 rationem
829 3364 940 3389 Zenonis
954 3372 1005 3396 per
1023 3366 1146 3398 exempla
1166 3366 1184 3390 Ρ
1204 3372 1229 3390 et
1248 3367 1338 3391 Vener.
1355 3367 1428 3398 1545.

535 3397 555 3426 ε)
575 3395 609 3419 sit
624 3400 708 3421 motus
722 3404 802 3429 aeque
817 3398 975 3423 velocimn.—-
989 3403 1054 3425 esset
1068 3401 1214 3433 aequalitas
1228 3408 1309 3433 aeque
1325 3402 1447 3427 velocium
1467 3402 1533 3433 Pub,

484 3437 533 3453 non
552 3430 633 3459 benc,
660 3439 716 3455 nnm
737 3434 858 3457 sententia
879 3434 914 3458 sic
937 3439 975 3458 est
995 3437 1180 3461 construenda:
1211 3446 1223 3458 α
1236 3436 1338 3461 volebat
1358 3437 1428 3469 quod
1449 3442 1534 3463 motus

484 3471 564 3503 neque
583 3465 707 3489 velocium
728 3466 791 3491 circa
810 3470 929 3499 aequales
950 3471 1149 3501 magnitudines,
1175 3479 1283 3503 qum-uin
1303 3479 1352 3496 una
1373 3478 1490 3497 movetur
1509 3479 1533 3498 et

484 3499 531 3521 111111
550 3499 663 3530 quiescit,
683 3501 713 3524 sit
733 3503 873 3526 secundum
893 3504 998 3535 aequale
1018 3510 1132 3537 tenipus,
1152 3506 1221 3538 quod
1241 3511 1309 3538 patet
1328 3515 1385 3531 esse
1405 3507 1506 3533 falsum.
1520 3519 1531 3531 ›

486 3568 490 3572 ,
537 3532 568 3572 ζ)Ι
582 3537 634 3557 tres
649 3537 872 3565 ›nagnitudincs.—
882 3542 995 3569 quatuor·
1008 3541 1203 3572 ttiagtiitudines
1216 3541 1235 3565 Ρ
1249 3546 1335 3566 secum
1349 3542 1439 3567 Venet.
1453 3542 1513 3567 1551
1526 3551 1533 3574 ;

486 3572 544 3591 item
565 3571 626 3592 intra
646 3577 691 3599 pro
710 3573 761 3594 tres
781 3577 804 3595 ct
824 3571 902 3595 trium
923 3580 1025 3604 semper
1044 3578 1165 3605 quatuor.

538 3607 563 3632 η)
577 3603 609 3626 ab
624 3603 714 3627 ultimo
729 3606 759 3629 A.
769 3618 786 3623 -
799 3606 833 3629 lta
843 3607 889 3635 εΗ,
899 3607 931 3631 ab
947 3608 1037 3632 ultimo
1050 3609 1071 3632 Β
1085 3611 1142 3634 cod.
1154 3611 1186 3640 L,
1202 3618 1218 3635 a
1228 3611 1319 3642 primo
1329 3613 1352 3636 A
1368 3617 1416 3637 cet.
1430 3617 1456 3637 et
1469 3612 1532 3638 Pab.

1587 430 1788 459 transeant.

1646 487 1702 512 10.
1723 474 1872 512 Deinde
1903 487 1990 511 cum
2019 475 2122 512 dicit:
2158 476 2207 512 Ut
2230 475 2305 512 sint
2321 482 2413 523 etc.,
2434 475 2647 512 manifestat

1575 527 1691 576 'quod
1721 527 1863 564 dixerat
1881 527 1918 564 in
1937 527 2116 564 terminis.
2137 528 2306 564 Ponatur
2324 527 2427 564 enim
2451 527 2555 576 quod
2574 527 2647 564 sint

1586 587 1661 616 tres
1680 580 1957 628 magnitudines
1977 580 1991 606 ς
2010 580 2185 629 aequales
2205 580 2275 617 sibi
2293 579 2471 628 invicem,
2495 579 2535 616 in
2552 591 2645 628 qua-

1587 644 1672 669 rum
1691 633 1856 682 qualibet
1874 640 2038 681 ponatur
2051 635 2101 676 A;
2119 640 2155 669 et
2169 632 2241 669 sint
2259 632 2351 669 istae
2370 631 2647 680 magnitudines

1584 690 1732 731 stantes,
1751 685 1848 723 idest
1867 698 1945 722 non
1964 693 2108 732 motae3
2128 692 2170 725 ut
2188 685 2218 722 si
2237 684 2460 733 intelligatur
2478 684 2584 733 quod
2602 683 2648 722 sit

1586 738 1740 785 aliquod
1760 737 1923 786 spatium
1943 738 2056 775 trium
2077 738 2302 785 cubitorum,
2318 737 2357 774 in
2371 749 2537 786 quorum
2552 748 2647 786 quo-

1584 790 1674 826 libet
1694 790 1925 827 describatur
1938 793 1984 827 A.
2002 792 2050 828 Et
2069 791 2141 828 sint
2160 791 2254 827 aliae
2273 798 2347 828 tres
2366 789 2646 838 magnitudines

1586 843 1763 890 aequales
1792 842 1862 880 sibi
1881 843 2057 890 invicem,
2078 843 2117 880 in
2136 855 2298 892 quarum
2317 842 2485 891 qualibet
2507 841 2647 880 descri-

1586 896 1695 932 batur
1709 896 1758 940 Β;
1773 902 1815 932 ut
1828 902 1920 944 puta
1934 895 1965 931 si
1979 895 2228 944 intelligamus
2247 896 2353 945 quod
2368 896 2413 933 sit
2426 907 2548 932 unum
2563 906 2647 932 mo-

1585 948 1658 984 bile
1681 947 1795 984 trium
1816 947 2042 985 cubitorum.
2064 948 2246 997 Incipiant
2264 956 2391 986 autem
2410 949 2483 986 hae
2502 947 2647 996 magni-

1583 1000 1732 1037 tudines
1747 999 1896 1037 moveri
1911 1012 1933 1036 a
1952 1000 2081 1037 medio
2101 1000 2221 1050 spatii.
2243 1001 2324 1038 Sint
2343 1001 2457 1038 etiam
2475 1009 2551 1038 tres
2565 1012 2646 1037 ma-

1584 1053 1796 1101 gnitudines
1824 1053 1918 1090 aliae
1947 1053 2125 1101 aequales
2153 1065 2313 1090 numero
2334 1060 2371 1089 et
2388 1053 2646 1100 magnitudine

1585 1114 1621 1143 et
1638 1105 1838 1143 velocitate
1858 1105 1948 1154 ipsis
1967 1106 2010 1151 B,
2033 1113 2068 1142 et
2087 1105 2270 1142 scribatur
2287 1105 2326 1142 in
2345 1105 2421 1142 istis
2437 1106 2480 1152 C,
2501 1104 2539 1142 et
2556 1105 2646 1142 inci-

1583 1158 1688 1207 piant
1707 1157 1855 1195 moveri
1871 1158 1918 1194 ab
1934 1157 2068 1196 ultimo
2084 1157 2205 1207 spatii,
2217 1158 2356 1195 scilicet
2370 1158 2417 1195 ab
2432 1157 2566 1195 ultimo
2578 1159 2644 1196 A=”.

1638 1212 1721 1247 Hac
1736 1223 1825 1258 ergo
1841 1210 2101 1259 suppositione
2121 1211 2228 1257 facta,
2241 1210 2431 1259 continget
2449 1211 2554 1260 quod
2571 1210 2647 1260 pri-

1583 1276 1691 1300 mum
1711 1265 1741 1300 B
1760 1275 1830 1312 per
1849 1275 1961 1300 suum
1981 1271 2131 1300 motum
2150 1263 2347 1312 perveniet
2369 1263 2419 1301 ad
2442 1264 2518 1301 hoc
2541 1263 2647 1313 quod
2698 1298 2704 1302 .

1584 1317 1630 1353 sit
1648 1317 1759 1353 simul
1780 1328 1868 1352 cum
1887 1315 2021 1353 ultimo
2049 1317 2105 1363 A;
2128 1324 2165 1353 et
2184 1316 2320 1353 iterum
2340 1316 2506 1365 primum
2526 1317 2557 1353 C
2576 1328 2646 1366 per

1583 1381 1696 1406 suum
1716 1376 1866 1406 motum
1885 1369 2080 1419 perveniet
2106 1376 2149 1406 ut
2181 1369 2227 1406 sit
2246 1381 2333 1406 cum
2357 1369 2482 1418 primo
2511 1371 2558 1417 A,
2579 1380 2647 1422 op-

1583 1422 1708 1471 posito
1736 1421 1888 1459 ultimo:
1919 1429 1955 1459 et
1974 1421 2084 1459 simul
2113 1421 2227 1459 etiam
2247 1433 2335 1459 cum
2363 1422 2438 1459 hoc
2462 1422 2530 1459 erit
2557 1432 2650 1460 cum·

1582 1475 1717 1512 ultimo
1737 1476 1780 1521 B,
1802 1474 1909 1524 quasi
1929 1475 2112 1512 transiens
2138 1486 2244 1511 secus
2267 1475 2425 1512 invicem
2444 1481 2645 1523 motorum,

1583 1528 1679 1565 idest
1715 1527 1816 1564 iuxta
1854 1527 1983 1565 omnia
2011 1528 2063 1574 Β,
2103 1539 2200 1576 quae
2229 1527 2393 1565 invicem
2429 1527 2463 1564 ei
2500 1534 2646 1565 contra-

1584 1588 1798 1618 moventur.
1821 1581 1921 1617 Cum
1941 1587 2070 1617 autem
2089 1581 2163 1617 hoc
2191 1580 2331 1617 factum
2355 1580 2476 1628 fuerit,
2502 1587 2648 1619 constat

1584 1633 1688 1682 quod
1724 1633 1824 1670 istud
1860 1633 2030 1682 primum
2065 1633 2096 1670 C
2134 1633 2302 1671 transivit
2335 1633 2466 1670 omnia
2493 1635 2548 1681 A,
2578 1633 2648 1671 sed

1584 1687 1710 1735 ipsum
1738 1687 1769 1723 B
1797 1698 1877 1723 non
1904 1685 2075 1724 transivit
2102 1685 2171 1723 nisi
2199 1686 2338 1724 media.
2367 1686 2468 1723 Cum
2497 1698 2586 1735 ergo
2614 1686 2646 1723 B

1585 1747 1621 1776 et
1650 1740 1680 1775 C
1710 1738 1782 1775 sint
1801 1738 1967 1787 aequalis
1994 1738 2219 1786 velocitatis,
2240 1747 2276 1776 et
2295 1751 2418 1787 aeque
2445 1740 2558 1776 velox
2577 1738 2647 1776 mi-

1584 1803 1719 1829 norem
1739 1791 2039 1838 magnitudinem
2067 1791 2106 1828 111
2128 1791 2266 1828 minori
2288 1799 2461 1840 tempore
2479 1799 2649 1841 pertran-

1585 1851 1664 1881 seat
1684 1846 1724 1889 *3
1754 1844 1922 1892 sequitur
1951 1843 2055 1892 quod
2081 1851 2233 1892 tempus
2257 1844 2295 1881 in
2323 1857 2401 1893 quo
2424 1845 2456 1881 B
2474 1844 2650 1894 pervenit
2674 1852 2685 1862 ·

1585 1897 1635 1934 ad
1653 1897 1830 1933 ultimum
1858 1898 1893 1933 A
1913 1898 1944 1944 ἢ,
1975 1896 2021 1933 sit
2049 1896 2248 1934 dimidium
2277 1897 2460 1946 temporis
2497 1897 2536 1934 in
2569 1908 2647 1947 quo
2674 1905 2685 1915 ·

1588 1951 1618 1986 C
1646 1949 1819 1998 pervenit
1837 1949 1886 1986 ad
1910 1949 2078 1998 primurn
2106 1951 2140 1986 A
2170 1950 2409 1998 oppositum:
2438 1949 2476 1986 in
2500 1950 2648 1999 aequali

1587 2003 1688 2040 enim
1707 2010 1881 2050 tempore
1901 2007 2110 2050 utrumque,
2132 2002 2270 2039 scilicet
2289 2003 2320 2038 Β
2340 2010 2376 2039 et
2401 2003 2445 2050 C,
2465 2008 2520 2039 est
2541 2003 2648 2040 iuxta

1587 2055 1898 2104 unumquodque;
1926 2054 2026 2092 idest
2049 2055 2087 2091 in
2115 2055 2262 2104 aequali
2289 2062 2463 2104 ternpore
2493 2055 2524 2092 C
2554 2063 2590 2092 et
2617 2055 2648 2092 B

1586 2115 1847 2157 pertranseunt
1875 2108 2148 2156 quodcumque
2176 2110 2222 2144 A.

1641 2162 1726 2197 Hoc
1743 2173 1831 2208 ergo
1852 2160 2061 2209 supposito,
2074 2160 2179 2209 quod
2197 2167 2349 2209 tempus
2368 2159 2407 2197 in
2425 2162 2503 2209 quo
2518 2161 2549 2198 B
2563 2171 2650 2210 per·

1586 2213 1691 2250 venit
1709 2213 1758 2250 ad
1777 2213 1955 2250 ultimum
1970 2214 2016 2259 A,
2033 2212 2078 2249 sit
2097 2213 2297 2250 dimidium
2316 2213 2500 2262 temporis
2513 2213 2553 2251 in
2571 2225 2649 2263 quo

1588 2267 1618 2303 C
1638 2266 1812 2315 pervenit
1831 2266 1879 2303 ad
1898 2266 2065 2315 primum
2084 2268 2119 2302 A
2139 2265 2370 2315 oppositum,
2385 2266 2540 2303 ulterius
2560 2277 2649 2304 con—

1587 2319 1831 2357 siderandum
1868 2327 1923 2362 est
1950 2319 2149 2368 quomodo
2177 2320 2284 2356 Zeno
2311 2319 2467 2356 volebat
2498 2320 2650 2357 conclu-

1587 2374 1676 2410 dere
1709 2372 1814 2421 quod
1841 2372 1916 2409 hoc
1949 2371 2150 2408 dimidium
2178 2371 2359 2421 temporis
2381 2373 2400 2394 *
2419 2372 2465 2409 sit
2492 2373 2650 2422 aequale
2675 2379 2687 2389 ⁹

1586 2426 1636 2463 illi
1665 2425 1794 2474 duplo,
1832 2425 1890 2461 Ex
1918 2437 1996 2474 quo
2025 2424 2126 2461 enim
2159 2425 2313 2473 ponitur
2343 2431 2494 2474 tempus
2522 2432 2650 2464 motus

1587 2478 1703 2528 ipsius
1714 2478 1927 2526 C,duplum
1942 2477 2123 2526 temporis
2139 2485 2266 2514 motus
2281 2477 2398 2526 ipsius
2412 2475 2474 2524 13⁰,
2483 2486 2650 2526 ponatur

1587 2531 1692 2580 quod
1707 2531 1746 2567 in
1765 2531 1888 2579 prima
1904 2530 2104 2567 medietate
2124 2530 2318 2579 temporis,
2334 2531 2365 2566 B
2381 2530 2600 2579 quiescebat
2612 2538 2650 2569 et

1588 2585 1619 2621 C
1640 2584 1878 2630 movebatur,
1900 2591 1936 2620 et
1956 2583 2009 2620 sic
2038 2583 2068 2619 C
2097 2584 2135 2620 in
2155 2583 2215 2619 illa
2238 2583 2440 2620 medietate
2467 2584 2650 2633 temporis

1586 2637 1761 2687 pervenit
1778 2648 1900 2685 usque
1920 2636 1970 2673 ad
1988 2636 2233 2673 medietatem
2253 2636 2361 2685 spatii
2384 2636 2450 2673 ubi
2471 2644 2527 2673 est
2545 2637 2593 2684 B;
2608 2641 2651 2674 ‘et

1586 2698 1676 2727 tunc
1695 2691 1725 2726 B
1746 2689 1897 2738 incipiat
1924 2689 2072 2726 moveri
2092 2689 2140 2726 ad
2159 2701 2276 2726 unam
2304 2696 2464 2738 partem,
2485 2697 2523 2726 et
2545 2688 2576 2727 C
2601 2689 2651 2728 ad

1588 2743 1711 2780 aliam.
1734 2742 1900 2789 Quando
1920 2749 2047 2779 autem
2071 2743 2102 2779 Β
2125 2741 2299 2791 pervenit
2326 2743 2375 2779 ad
2397 2742 2575 2780 ultimum
2601 2745 2648 2791 A,

1589 2803 1737 2845 oportet
1752 2796 1855 2844 quod
1874 2794 2128 2844 pertransierit
2147 2795 2276 2832 omnia
2292 2795 2335 2842 C,
2347 2795 2436 2844 quia
2450 2795 2561 2833 simul
2575 2794 2650 2845 pri·

1589 2861 1697 2886 mum
1725 2849 1756 2885 B
1777 2855 1813 2885 et
1839 2848 2006 2897 primum
2038 2848 2068 2884 C
2093 2855 2180 2884 sunt
2206 2847 2245 2885 in
2273 2847 2466 2885 contrariis
2493 2847 2648 2896 ultimis,

1589 2902 1727 2939 scilicet
1754 2913 1876 2938 unum
1904 2901 1942 2938 in
1961 2900 2086 2949 primo
2115 2902 2161 2948 A,
2183 2908 2219 2937 et
2242 2900 2343 2938 aliud
2370 2900 2409 2937 in
2431 2901 2584 2948 ultim03
2614 2907 2651 2938 et

1589 2955 1684 2992 sicut
1706 2954 1786 3003 ipse
1815 2954 1977 3001 dicebat,
2008 2954 2039 2990 C
2059 2953 2098 2990 in
2125 2953 2273 3002 aequali
2292 2961 2466 3002 tempore
2489 2953 2533 2991 fit
2550 2953 2651 2991 iuxta

1588 3007 1893 3056 unumquodque
1922 3007 1973 3053 Β,
2003 3006 2040 3043 111
2069 3014 2210 3055 quanto
2243 3013 2414 3055 tempore
2452 3005 2652 3055 pertransit

1589 3060 1893 3109 unumquodque
1910 3059 2080 3108 ipsorum
2096 3060 2141 3096 A.
2155 3060 2203 3096 Et
2217 3059 2290 3096 hoc
2305 3058 2404 3106 ideo,
2417 3059 2506 3108 quia
2520 3059 2649 3108 ambo,

1591 3113 1729 3150 scilicet
1756 3113 1786 3149 B
1816 3120 1853 3149 et
1881 3112 1928 3158 C,
1958 3111 1995 3148 in
2015 3111 2163 3161 aequali
2190 3118 2362 3160 ternpore
2389 3118 2654 3161 pertranseunt

1589 3177 1711 3203 unum
1740 3167 1794 3202 A:
1831 3172 1865 3202 et
1894 3164 1946 3202 sic
1982 3164 2133 3202 videtur
2169 3165 2274 3213 quod
2311 3164 2341 3201 si
2369 3165 2399 3201 B
2428 3165 2466 3202 in
2503 3164 2651 3215 aequali

1589 3227 1763 3267 tempore
1791 3217 1991 3267 pertransit
2017 3217 2056 3254 in
2075 3225 2216 3266 quanto
2243 3217 2442 3266 pertransit
2461 3218 2586 3267 ipsum
2605 3217 2649 3266 C,

1590 3333 1660 3358 Lect.
1675 3334 1792 3366 adoptata
1806 3333 1907 3357 videtur
1921 3331 2094 3365 praeferenda.
2109 3331 2175 3357 Curn
2189 3332 2257 3357 enirn
2270 3332 2318 3357 hae
2330 3332 2519 3365 magnitudines
2532 3331 2652 3365 incipiant

1590 3369 1687 3393 moveri
1700 3368 1733 3393 ab
1748 3368 1841 3393 ultimo
1860 3367 1946 3400 spatii,
1962 3367 1987 3392 in
2002 3375 2055 3400 quo
2069 3368 2152 3399 spatio
2165 3372 2303 3400 ponuntur,
2318 3367 2435 3400 sequitur
2448 3368 2519 3400 quod
2531 3367 2652 3400 incipiant

1590 3403 1687 3428 moveri
1706 3403 1737 3428 ab
1756 3403 1848 3428 ultimo
1866 3403 1897 3428 A.
1916 3403 1991 3428 Unde
2010 3408 2036 3427 et
2053 3403 2130 3435 paulo
2149 3407 2208 3435 post
2229 3402 2319 3428 dicitur
2342 3403 2412 3436 quod
2435 3403 2547 3435 primum
2566 3402 2587 3428 C
2605 3410 2652 3436 per

1590 3446 1666 3463 suum
1686 3443 1786 3463 motum
1807 3438 1938 3471 perveniet
1956 3443 1985 3463 ut
2003 3438 2035 3463 sit
2054 3445 2113 3462 cum
2127 3437 2218 3470 primo
2236 3438 2259 3463 Α
2277 3437 2398 3471 opposito
2413 3437 2514 3463 ultimo.
2530 3437 2599 3471 Ergo
2617 3437 2650 3463 ab

1589 3474 1682 3498 ultimo
1696 3475 1717 3498 A
1733 3474 1818 3506 incipit
1833 3473 1940 3498 moveri.
1953 3473 2017 3498 Vide
2031 3473 2107 3498 etiam
2122 3480 2189 3506 quae
2204 3478 2348 3506 sequuntur
2361 3473 2386 3498 in
2400 3473 2449 3498 hoc
2463 3473 2520 3506 ipso
2533 3480 2651 3498 numero.

1641 3507 1665 3543 ⁰)
1686 3509 1793 3541 duplum
1813 3509 1939 3541 temporis
1957 3511 2043 3534 motus
2062 3508 2143 3540 ipsius
2162 3508 2194 3533 Β.
2207 3521 2226 3528 ·-
2240 3509 2275 3534 lta
2293 3509 2360 3534 bene
2378 3508 2505 3533 PDFNsG
2524 3513 2549 3533 et
2562 3507 2592 3536 b,-
2610 3508 2651 3540 pA

1589 3549 1614 3568 et
1636 3551 1654 3568 a
1675 3544 1737 3574 lac.;
1761 3544 1871 3576 duplum
1894 3546 2012 3576 respectu
2035 3543 2161 3575 temporis
2175 3543 2257 3575 ipsium
2275 3543 2300 3568 Β
2317 3543 2392 3569 codd.
2412 3543 2471 3574 ΒΤ,
2496 3543 2543 3568 sed
2560 3541 2584 3566 Τ
2602 3549 2649 3575 pro

1588 3579 1714 3610 temporis
1738 3579 1808 3612 prius
1830 3578 1940 3603 habebat
1962 3582 2063 3609 mones,-
2082 3579 2191 3610 duplum
2216 3582 2302 3604 motus
2327 3577 2444 3612 (motum
2462 3576 2499 3612 E)
2523 3577 2650 3609 tenporss·

1588 3617 1674 3639 motus
1693 3614 1791 3646 (motus
1810 3621 1863 3639 om.
1882 3614 1947 3646 SsB)
1967 3613 2049 3646 ipsius
2068 3613 2093 3638 Β
2111 3613 2197 3638 ceteri.
