2982 4022
79 476 91 487 ⁶
107 476 219 497 scientiae
237 474 289 496 add.

80 643 92 654 “
106 642 219 664 scientiae
239 642 291 664 add.

80 695 92 706 ⁸
105 684 175 716 filum.
190 700 221 716 ιο.

82 853 94 864 ⁸
107 852 263 874 determinata
279 858 293 873 ε

82 885 152 900 reni«.

83 905 106 917 ⁸*
118 905 189 927 Num.
203 910 224 932 3.

83 953 94 965 ⁸
99 952 187 979 Lecta,
193 958 216 973 n.
225 957 233 973 1
241 957 291 979 sqq.

84 1639 96 1650 ⁸
109 1639 157 1659 tam
170 1638 294 1659 materiam

84 1670 153 1692 quam
159 1664 268 1692 sormam
282 1670 295 1685 ε

83 1697 162 1738 §Lech
168 1722 242 1744 praec.
249 1722 294 1743 n.7.

83 1796 94 1808 ⁴*
108 1797 144 1817 est
159 1801 207 1817 om.
226 1795 295 1817 codd.

85 1825 107 1843 et
121 1827 144 1843 a.

85 1899 96 1911 “
110 1900 180 1921 etiam
190 1905 296 1921 nezem-n

85 1932 162 1954 nsxrz,
178 1932 226 1947 om.
241 1932 262 1947 r.

86 2114 94 2121 '
110 2114 139 2135 de
155 2120 202 2135 om.
221 2120 296 2136 nonu

88 2587 99 2598 ⁸
114 2587 211 2608 eandem
225 2593 260 2608 ee.

90 2695 101 2705 ⁸
133 2694 288 2716 considerare

91 2726 138 2742 om.
152 2726 188 2742 ee.

91 2904 119 2951 ’ἐῢ
113 2904 226 2932 proponit
239 2904 303 2932 quod

92 3170 103 3181 ⁴
116 3176 199 3198 par-um
213 3176 249 3191 tc.

92 3196 115 3208 *⁴
122 3197 187 3225 τρεῖς.
194 3202 245 3218 eam
255 3202 303 3217 om.

1163 229 1274 266 CAP.
1303 229 1354 275 II,
1384 229 1534 265 LECT.
1565 229 1616 265 IV
2434 231 2481 266 65

457 339 467 350 .
486 317 750 368 guffiostquam
777 309 1031 357 Philosophus
1065 306 1226 344 ostendit
1262 305 1368 342 diffe-

534 369 562 411 »ζα
574 363 732 400 rentiam
751 362 846 399 inter
873 361 1081 398 naturalem
1101 367 1137 396 et
1160 359 1370 396 mathema-

380 487 408 503 6-
434 463 469 495 ”1²⁹
518 463 560 499 ’ἵν’
576 468 639 505 dat
671 466 919 505 consideratio
940 466 959 486 '¹³
979 464 1167 501 naturalis.
1207 464 1256 499 Et
1275 463 1373 499 circa

318 523 393 559 hoc
421 522 497 558 duo
519 521 624 558 facit:
643 521 768 569 primo
788 518 949 556 ostendit
973 517 1078 565 quod
1097 516 1146 553 ad
1165 516 1374 552 naturalem

318 574 479 623 pertinet
494 573 730 611 considerare
745 573 909 608 formam
925 577 961 606 et
979 569 1189 614 materiam3
1206 568 1374 604 secundo

320 626 484 664 ostendit
510 626 601 674 quid
620 626 666 662 sit
688 624 870 662 terminus
895 620 1203 659 considerationis
1222 621 1241 641 *
1269 627 1375 657 natu-

306 680 406 716 *ralis
425 679 523 716 circa
550 679 730 724 formam,
757 676 827 712 ibi:
861 677 984 723 Usque
1001 674 1053 710 ad
1069 679 1249 722 quantum
1265 673 1285 693 ‘¹‘
1306 680 1374 709 etc.

321 732 431 769 Circa
465 731 632 779 primum
669 731 746 766 duo
778 728 884 765 facit:
916 727 1042 776 primo
1081 738 1126 762 ex
1159 725 1376 774 praemissis

321 783 508 821 concludit
520 781 774 830 propositum;
792 780 960 817 secundo
976 786 1108 815 movet
1127 778 1377 815 dubitationes

321 837 425 874 cirea⁴
445 834 735 872 determinatum
755 835 791 879 ⁴*,
821 833 889 869 ibi:
918 832 1066 868 Etenim
1099 832 1175 868 iam
1193 831 1235 851 ²¹⁴*
1254 837 1322 867 etc.

373 900 408 925 2.
437 887 536 925 Dicit
564 899 653 934 ergo
681 887 805 935 primo
836 885 939 934 quod
967 884 1056 932 quia
1083 891 1216 919 natura
1245 882 1378 919 dicitur

320 940 525 989 dupliciter,
547 939 685 976 scilicet
705 939 751 975 de
771 938 928 974 materia
957 944 992 973 et
1019 937 1154 983 forma,
1174 943 1215 972 ut
1231 947 1345 983 supra
1358 935 1378 955 '¹‘

320 993 462 1030 dictum
491 999 563 1038 est,
597 992 651 1028 sic
669 998 686 1012 α
715 998 770 1027 est
798 989 1116 1027 considerandum
1149 988 1187 1024 in
1224 987 1378 1024 scientia

319 1045 494 1092 naturali,
524 1045 619 1082 sicut
638 1056 726 1080 cum
745 1043 975 1080 intendimus
995 1042 1042 1078 de
1062 1041 1159 1077 simo
1188 1040 1280 1088 quid
1305 1047 1376 1076 est:

319 1106 409 1135 tunc
434 1098 535 1134 enim
563 1109 641 1134 non
669 1097 793 1133 solum
821 1096 997 1141 formam,
1018 1094 1115 1130 idest
1142 1093 1376 1140 curvitatem,

320 1152 388 1188 sed
426 1151 536 1187 etiarn
576 1149 793 1196 materiam,
831 1148 927 1185 idest
963 1159 1099 1184 nasum
1137 1145 1376 1183 attendimus.

320 1204 431 1241 Unde
455 1203 493 1239 in
517 1202 670 1239 scientia
698 1201 856 1238 naturali
884 1213 1008 1249 neque
1038 1207 1093 1236 est
1127 1199 1377 1235 consideratio

321 1257 400 1293 sine
429 1255 586 1292 materia
614 1254 791 1302 sensibili,
810 1266 935 1302 neque
956 1253 1069 1290 etiam
1097 1252 1222 1288 solum
1247 1264 1378 1288 secun-

321 1309 415 1346 dum
444 1308 652 1354 materiam,
683 1307 750 1344 sed
779 1306 891 1343 etiam
920 1305 1130 1343 secundum
1159 1305 1335 1341 formam.

374 1362 423 1398 Et
443 1368 497 1397 est
511 1360 723 1397 notandum
743 1359 847 1408 quod
865 1359 933 1396 iste.
952 1370 1152 1407 processus
1171 1357 1379 1394 Aristotelis

321 1414 476 1451 includit
495 1413 571 1450 duo
592 1413 729 1449 media.
759 1413 833 1448 Per
854 1424 975 1448 unum
1001 1422 1164 1459 quorum
1186 1410 1239 1446 sic
1256 1417 1381 1458 potest

322 1466 586 1515 argumentari.
624 1465 814 1502 Naturalis
851 1464 1104 1512 philosophusv
1140 1463 1254 1500 debet
1290 1475 1378 1499 con-

322 1519 486 1557 siderare
524 1518 572 1555 de
609 1525 757 1562 natura;
787 1517 855 1553 sed
883 1524 1016 1553 natura
1054 1523 1108 1552 est
1143 1523 1221 1552 tam
1258 1515 1380 1552 forma

322 1584 438 1620 quam
466 1570 643 1616 materia;
673 1582 761 1617 ergo
783 1570 895 1606 debet
921 1576 999 1605 tam
1021 1568 1068 1605 de
1088 1568 1245 1604 materia
1264 1580 1379 1615 quam

322 1624 371 1661 de
397 1624 552 1660 forma*
572 1622 822 1659 considerare.
843 1623 916 1658 Per
935 1621 1036 1657 aliud
1054 1632 1148 1657 vero
1168 1620 1231 1656 sic.
1262 1621 1381 1657 Natu-

322 1677 407 1714 ralis
436 1676 559 1713 differt
577 1688 600 1712 a
620 1675 900 1720 mathematico,
921 1681 962 1710 ut
987 1673 1128 1710 dictum
1157 1681 1213 1709 est
1234 1673 1263 1719 ²¹⁶,
1294 1673 1382 1720 quia

323 1729 572 1766 consideratio
592 1728 769 1765 naturalis
798 1735 853 1764 est
881 1727 976 1763 sicut
1003 1725 1253 1762 consideratio
1283 1725 1380 1773 simi,

323 1782 572 1819 consideratio
591 1793 684 1818 vero
700 1779 955 1817 mathematici
976 1787 1032 1815 est
1050 1780 1069 1800 ³²
1090 1778 1185 1815 sieut
1210 1778 1381 1815 conside-

323 1835 416 1872 ratio
437 1835 559 1881 curvi;
580 1834 647 1870 sed
671 1833 920 1870 consideratio
946 1832 1030 1868 simi
1051 1839 1106 1868 est
1129 1831 1379 1868 consideratio

322 1889 466 1925 formae
496 1895 532 1924 et
559 1886 754 1931 materiae;
785 1897 874 1933 ergo
895 1893 930 1921 et
949 1885 969 1906 ‘²‘
999 1884 1248 1921 consideratio
1274 1892 1381 1921 natu-

322 1941 409 1978 ralis
435 1948 491 1977 est
519 1939 767 1976 consideratio
794 1938 1000 1987 utriusque.

369 1995 403 2031 3.
415 1993 563 2030 Deinde
575 2005 663 2028 cum
673 1991 776 2029 dicit:
788 1991 936 2028 Etenim
952 1991 1027 2027 iam
1044 1998 1126 2037 etc„
1139 1997 1272 2027 movet
1283 1989 1381 2026 circa

321 2046 530 2095 praemissa
549 2045 822 2082 dubitationem
843 2044 1044 2092 duplicem.
1066 2044 1239 2089 Quarum
1258 2042 1381 2091 prima

324 2106 395 2136 est:
417 2110 505 2135 cum
525 2105 656 2134 natura
676 2097 820 2134 dicatur
839 2097 886 2133 de
905 2096 1062 2132 materia
1083 2103 1118 2132 et
1138 2095 1185 2132 de
1206 2096 1225 2116 *
1245 2095 1380 2140 forma,

322 2158 450 2188 utrum
470 2150 623 2187 scientia
642 2149 819 2186 naturalis
838 2149 883 2185 sit
901 2156 1046 2184 tantum
1067 2148 1114 2184 de
1130 2147 1297 2194 materia,
1317 2148 1380 2184 vel

323 2211 469 2240 tantum
498 2202 546 2239 de
574 2203 708 2249 forma,
736 2202 798 2238 vel
823 2201 869 2238 de
890 2213 936 2237 eo
956 2201 1062 2248 quod
1082 2208 1137 2236 est
1156 2212 1201 2236 ex
1218 2207 1382 2247 utroque

326 2255 592 2304 compositum.
613 2276 637 2282 -
665 2253 840 2291 Secunda
867 2253 1048 2290 dubitatio
1079 2260 1153 2289 est:
1183 2252 1380 2301 supposito

325 2308 430 2357 quod
467 2308 513 2345 de
549 2315 710 2355 utroque
745 2306 955 2343 consideret
992 2305 1146 2342 scientia
1182 2305 1381 2351 naturalis,

324 2369 451 2398 utrum
471 2360 517 2397 sit
536 2360 671 2397 eadem
691 2359 842 2396 scientia
857 2359 1034 2395 naturalis
1054 2370 1151 2406 quae
1172 2357 1385 2394 consideret

327 2414 374 2451 de
403 2414 525 2450 forma
553 2421 589 2449 et
616 2412 790 2458 materia,
818 2413 880 2448 vel
900 2411 971 2448 alia
991 2419 1028 2447 et
1050 2411 1121 2447 alia
1142 2411 1189 2447 de
1208 2418 1381 2458 utroque.

377 2479 414 2513 4.
453 2465 600 2502 Deinde
638 2477 725 2501 cum
754 2465 858 2502 dicit:
886 2466 932 2500 In
965 2465 1136 2512 antiquos
1168 2463 1315 2511 quidem
1349 2475 1384 2499 e-

326 2520 404 2556 nim
432 2527 519 2565 ete.,
549 2518 659 2555 solvit
689 2517 898 2566 praedictas
934 2517 1205 2563 dubitationes,
1237 2524 1272 2552 et
1303 2528 1383 2552 ma-

325 2571 427 2608 xime
455 2571 679 2616 secundam;
713 2570 916 2607 ostendens
952 2570 1057 2618 quod
1094 2569 1142 2606 ad
1176 2569 1346 2606 eiusdem
1365 2569 1385 2589 ²¹²

327 2624 502 2661 scientiae
521 2622 696 2660 naturalis
716 2622 1055 2660 considerationem
1075 2622 1236 2670 pertinet
1265 2621 1385 2658 consi-

329 2677 460 2713 derare
481 2678 500 2698 ’¹‘
530 2676 577 2712 de
614 2676 737 2712 forma
771 2683 806 2712 et
834 2675 880 2712 de
915 2675 1082 2711 materia.
1122 2676 1225 2712 Nam
1261 2674 1385 2723 prima

329 2729 499 2777 quaestio
519 2729 606 2765 satis
623 2728 825 2765 videbatur
849 2728 968 2764 soluta
997 2740 1078 2764 esse
1096 2740 1164 2776 per
1182 2728 1256 2764 hoc
1280 2727 1385 2775 quod

330 2781 482 2829 dixerat,
503 2783 607 2829 quod
636 2781 885 2817 consideratio
906 2781 1082 2817 naturalis
1102 2788 1157 2816 est
1176 2780 1270 2817 sicut
1298 2793 1385 2817 cum

328 2834 557 2872 intendimus
577 2834 624 2871 de
644 2833 740 2870 simo
769 2833 860 2882 quid
881 2833 936 2870 sit.
968 2833 1076 2869 Circa
1103 2834 1178 2869 hoc
1198 2845 1286 2880 ergo
1308 2833 1384 2870 duo

328 2887 423 2924 facit.
454 2887 583 2927 Primo
616 2886 723 2935 ponit
741 2887 832 2935 quid
850 2887 869 2907 ²⁵³
896 2886 1038 2934 antiqui
1067 2885 1225 2922 sensisse
1254 2885 1386 2923 viden-

328 2947 398 2976 tur.
437 2941 486 2976 Et
514 2939 601 2976 dicit
634 2939 739 2987 quod
776 2939 806 2975 si
844 2939 975 2987 aliquis
1011 2939 1101 2975 velit
1138 2938 1305 2987 aspicere
1338 2939 1386 2975 ad

330 2992 426 3030 dicta
446 2992 686 3041 antiquorum
715 2991 951 3038 naturalium,
967 2991 1117 3028 videtur
1137 2991 1241 3039 quod
1269 2991 1387 3028 scien-

329 3045 379 3081 tia
416 3044 590 3081 naturalis
628 3057 706 3082 non
739 3045 783 3081 sit
815 3044 884 3081 nisi
914 3044 960 3081 de
998 3044 1175 3081 materia:
1205 3044 1293 3092 quia
1325 3045 1387 3081 vel

329 3097 418 3134 nihil
451 3104 704 3134 tractaverunt
732 3097 777 3134 de
811 3098 953 3143 forma,
992 3098 1052 3134 vel
1087 3096 1228 3145 aliquid
1266 3097 1387 3134 modi-

331 3161 419 3186 cum
439 3151 471 3195 *;
492 3150 586 3186 sicut
602 3150 800 3197 tetigerunt
821 3162 906 3186 eam
920 3150 961 3171 *²⁶
981 3150 1222 3186 Democritus
1243 3157 1278 3186 et
1296 3150 1388 3186 Em-

329 3202 523 3250 pedocles,
553 3202 776 3251 inquantum
803 3210 1012 3251 posuerunt
1049 3202 1188 3251 aliquid
1224 3202 1306 3238 fieri
1344 3215 1389 3238 ex

384 3331 411 3363 α)
431 3331 501 3363 quod
513 3331 575 3363 quia
590 3334 715 3356 natura...
727 3332 773 3356 sic.
787 3346 805 3350 —
818 3332 853 3356 lta
867 3331 976 3363 legimus
992 3340 1051 3356 cum
1065 3333 1155 3357 maiori
1168 3338 1240 3365 parte
1255 3334 1372 3358 codicum
1380 3342 1387 3364 ;

331 3366 385 3391 Pab
405 3374 458 3391 om.
472 3366 535 3398 quia
553 3370 579 3390 et
597 3373 644 3398 pro
662 3367 700 3391 sic
718 3366 812 3390 habent
835 3369 861 3391 et
884 3366 935 3395 sic;
953 3366 975 3390 D
995 3374 1047 3391 om.
1062 3367 1132 3398 quod
1150 3373 1175 3392 et
1193 3375 1240 3400 pro
1259 3368 1296 3393 sic
1314 3368 1391 3393 habet

322 3402 369 3426 sic
393 3402 461 3426 enim
467 3409 476 3431 ;
494 3401 763 3433 AEHKNOQTVpGl
782 3409 834 3426 om.
854 3401 928 3433 qum,
955 3401 1026 3426 cuius
1048 3401 1164 3426 lectionis
1188 3402 1266 3427 Piana
1288 3403 1388 3427 videtur

331 3444 390 3461 esse
409 3437 539 3461 correctio.

385 3470 410 3504 β)
430 3474 468 3496 est
482 3478 533 3503 per
547 3477 650 3496 sensus.
664 3485 683 3489 -
693 3478 744 3502 per
762 3478 852 3496 sensus
866 3474 905 3496 est
917 3471 1041 3502 BEGHN,
1055 3474 1094 3495 est
1102 3478 1154 3503 per
1166 3478 1271 3496 sensum
1286 3472 1361 3496 RYZ.
1371 3485 1390 3493 -·

331 3509 358 3531 et
376 3506 542 3531 naturalibus
560 3514 613 3531 om.
627 3506 839 3536 AIKNOQTVX.
852 3519 871 3524 —
885 3506 974 3535 Statim
994 3513 1083 3530 rerum
1102 3514 1154 3531 om.
1174 3506 1261 3531 PTab.

384 3542 410 3575 γ)
431 3541 499 3571 unde
518 3548 570 3566 non
590 3541 667 3566 habet
675 3541 788 3566 ...·cu1'us
805 3548 886 3566 causa
898 3541 943 3574 fit.
956 3555 976 3560 -
989 3542 1059 3566 Haec
1077 3541 1156 3566 verba
1173 3542 1338 3574 requiruntur
1357 3542 1388 3566 ad

474 3594 542 3627 Opp.
562 3594 592 3618 D.
607 3594 719 3618 Tnomm.
737 3593 769 3619 T.
784 3594 813 3618 11.

523 421 532 435 ³
574 417 690 452 ticum
702 445 711 462 ,
731 415 792 451 hic
811 414 973 451 ostendit
991 413 1041 449 ad
1069 411 1160 460 quid
1179 423 1218 448 se
1245 417 1371 447 exten·
1390 429 1396 436 =

1427 307 1553 344 multis
1582 307 1793 344 secundum
1822 307 1987 355 aliquem
2009 307 2300 344 determinatum
2326 308 2487 345 modum

1428 360 1616 396 mixtionis
1640 361 1702 396 vel
1731 359 2043 407 congregationis.

1486 413 1517 449 5.
1532 412 1721 459 Secundo,
1734 412 1803 448 ibi:
1815 413 1857 448 Si
1869 418 1993 449 autem
2008 425 2073 449 ars
2088 413 2254 448 imitatur
2269 420 2350 459 etc.,
2363 419 2487 450 osten-

1430 464 1484 501 dit
1510 464 1748 513 propositum
1777 465 1894 501 tribus
1923 465 2144 502 rationibus:
2174 477 2336 512 quarum
2364 465 2488 513 prima

1429 517 1510 553 talis
1531 524 1596 554 est.
1618 519 1690 553 Ars
1709 517 1873 553 imitatur
1887 525 2078 563 naturam;
2100 525 2247 566 oportet
2261 518 2370 565 igitur
2384 518 2488 566 quod

1431 570 1483 606 sic
1512 582 1552 605 se
1580 570 1717 606 habeat
1754 569 1907 606 scientia
1943 570 2120 606 naturalis
2158 570 2254 606 circa
2287 570 2487 617 naturalia,

1431 621 1524 658 sicut
1552 634 1591 658 se
1618 623 1732 658 habet
1755 622 1909 658 scientia
1937 622 2135 659 artificialis
2156 623 2253 659 circa
2272 623 2487 659 artificialia.

1433 674 1510 711 Sed
1544 674 1712 711 eiusdem
1743 675 1918 711 scientiae
1947 675 2148 711 artificialis
2177 683 2231 711 est
2259 687 2488 723 cognoscere

1432 727 1629 763 materiam
1659 734 1693 763 et
1721 727 1884 763 formam
1912 740 2033 775 usque
2067 728 2115 764 ad
2148 728 2311 775 aliquem
2345 735 2490 764 certum

1431 780 1655 825 terminum;
1685 779 1779 816 sicut
1806 780 1977 816 medicus
2006 780 2198 827 cognoscit
2226 780 2422 816 sanitatem
2450 787 2492 816 ut

1432 833 1616 878 formam,
1648 840 1683 868 et
1708 833 1898 868 choleram
1929 840 1964 868 et
1991 833 2169 880 phlegma
2204 840 2239 868 et
2272 832 2491 868 huiusmodi

1432 884 1527 921 sicut
1546 885 1743 920 materiam
1762 885 1801 921 in
1820 897 1896 932 qua
1915 892 1970 921 est
1985 885 2133 931 sanitas,
2154 896 2245 920 nam
2264 884 2303 920 in
2323 892 2490 920 contem-

1432 937 1627 985 peratione
1655 937 1862 973 humorum
1892 937 2029 973 sanitas
2059 936 2240 982 consistit;
2272 944 2307 972 et
2325 936 2492 973 similiter

1433 989 1653 1026 aedificator
1672 989 1884 1025 considerat
1902 990 2065 1026 formam
2087 989 2236 1036 domus,
2254 997 2289 1025 et
2303 990 2436 1025 lateres
2458 997 2493 1025 et

1433 1043 1543 1089 ligna,
1563 1054 1660 1089 quae
1681 1049 1766 1078 sunt
1781 1041 1937 1078 materia
1957 1042 2111 1087 domus;
2129 1049 2164 1078 et
2182 1042 2232 1078 ita
2248 1049 2302 1078 est
2317 1042 2354 1078 in
2370 1042 2492 1078 omni-

1433 1096 1505 1131 bus
1530 1094 1609 1131 aliis
1630 1094 1782 1131 artibus.
1809 1095 1910 1141 Ergo
1932 1094 2102 1131 eiusdem
2122 1094 2297 1130 scientiae
2317 1095 2493 1131 naturalis

1434 1155 1490 1197 est
1509 1159 1737 1194 cognoscere
1757 1154 1835 1183 tam
1855 1147 2052 1183 materiam
2073 1159 2189 1194 quam
2209 1147 2385 1183 formam.

1488 1201 1523 1237 6.
1545 1200 1636 1236 Eius
1656 1207 1783 1236 autem
1803 1199 1908 1247 quod
1923 1211 1986 1235 ars
2006 1199 2172 1235 imitatur
2190 1205 2377 1244 naturam,
2399 1199 2492 1235 ratio

1434 1261 1500 1300 est,
1517 1253 1605 1301 quia
1623 1252 1850 1301 principium
1870 1251 2098 1299 operationis
2118 1251 2316 1288 artificialis
2332 1251 2492 1298 cognitio

1435 1314 1502 1351 est;
1523 1305 1647 1342 omnis
1667 1313 1794 1341 autem
1814 1312 1942 1341 nostra
1967 1304 2128 1351 cognitio
2154 1311 2209 1340 est
2235 1316 2303 1352 per
2331 1316 2462 1340 sensus
2477 1303 2494 1331 β

1435 1372 1457 1395 a
1485 1359 1597 1395 rebus
1626 1357 1864 1394 sensibilibus
1885 1364 1919 1393 et
1938 1357 2169 1393 naturalibus
2193 1363 2366 1404 accepta:
2393 1357 2494 1393 unde

1435 1411 1485 1448 ad
1513 1410 1795 1447 similitudinem
1825 1422 1952 1446 rerum
1980 1409 2206 1446 naturalium
2234 1409 2272 1445 in
2301 1409 2496 1445 artificiali-

1436 1465 1506 1500 bus
1535 1475 1750 1512 operamur.
1787 1462 1878 1499 Ideo
1912 1470 2040 1499 autem
2069 1475 2127 1498 res
2155 1462 2343 1498 naturales
2377 1461 2495 1497 imita-

1436 1517 1528 1553 biles
1557 1524 1643 1552 sunt
1669 1527 1738 1564 per
1765 1523 1906 1562 artem,
1939 1515 2028 1562 quia
2066 1515 2113 1551 ab
2151 1514 2276 1562 aliquo
2313 1514 2495 1562 principio

1435 1569 1661 1606 intellectivo
1690 1575 1768 1604 tota
1797 1575 1928 1604 natura
1947 1567 2141 1604 ordinatur
2164 1567 2212 1604 ad
2232 1567 2350 1603 finem
2370 1579 2495 1613 suum,

1435 1629 1476 1658 ut
1496 1622 1548 1658 sic
1568 1634 1664 1670 opus
1693 1629 1848 1657 naturae
1867 1620 2040 1657 videatur
2066 1632 2147 1656 esse
2168 1632 2264 1668 opus
2292 1619 2496 1666 intelligen-

1436 1674 1521 1721 tiae,
1543 1674 1636 1710 dum
1659 1686 1728 1721 per
1757 1673 2005 1710 determinata
2028 1672 2155 1709 media
2183 1673 2231 1709 ad
2261 1680 2381 1708 certos
2401 1673 2497 1708 fines

1436 1726 1623 1775 procedit:
1645 1726 1749 1774 quod
1779 1725 1891 1761 etiam
1915 1725 1953 1761 in
1982 1725 2178 1773 operando
2195 1727 2214 1746 *
2235 1737 2293 1761 ars
2321 1725 2495 1761 imitatur.

1490 1791 1526 1826 7.
1557 1779 1776 1815 Secundam
1805 1778 1990 1814 rationem
2015 1778 2122 1825 ponit
2153 1778 2221 1814 ibi:
2246 1778 2380 1813 Adhuc
2401 1777 2501 1825 quod

1436 1832 1541 1868 cuius
1569 1843 1684 1868 causa
1718 1839 1786 1867 etc.
1817 1830 2001 1867 Eiusdem
2030 1830 2206 1866 scientiae
2241 1838 2297 1866 est
2329 1830 2499 1866 conside-

1436 1897 1518 1922 rare
1538 1885 1657 1921 finem
1674 1892 1710 1920 et
1724 1896 1769 1920 ea
1789 1895 1886 1931 quae
1906 1891 1992 1919 sunt
2011 1883 2059 1919 ad
2078 1883 2213 1919 finem:
2235 1890 2271 1918 et
2290 1883 2364 1919 hoc
2378 1882 2464 1919 ideo
2481 1883 2499 1903 *

1435 1937 1524 1986 quia
1561 1937 1653 1974 ratio
1691 1948 1824 1973 eorum
1859 1948 1956 1983 quae
1995 1943 2081 1972 sunt
2118 1936 2165 1972 ad
2200 1936 2339 1981 finem,
2374 1947 2395 1971 a
2424 1935 2499 1971 fine

1435 1990 1606 2027 sumitur.
1638 1989 1714 2026 Sed
1734 1996 1867 2026 natura
1886 2001 1982 2037 quae
2004 1996 2059 2024 est
2078 1989 2211 2035 forma,
2239 1998 2293 2024 est
2315 1988 2401 2024 finis
2420 2000 2499 2024 ma-

1435 2043 1568 2089 teriae;
1599 2055 1687 2090 ergo
1717 2042 1888 2078 eiusdem
1914 2041 2088 2077 scientiae
2108 2041 2285 2078 naturalis
2306 2048 2360 2077 est
2380 2040 2499 2077 consi-

1437 2097 1568 2133 derare
1597 2095 1796 2131 materiam
1825 2102 1861 2130 et
1888 2094 2065 2131 formam.

1491 2150 1526 2185 8.
1557 2148 1674 2194 Quod
1711 2155 1839 2184 autem
1876 2148 2000 2184 forma
2029 2147 2074 2183 sit
2101 2146 2187 2183 finis
2217 2146 2412 2192 materiae,
2447 2146 2500 2182 sic

1435 2201 1582 2249 probat.
1617 2200 1678 2237 Ad
1714 2201 1790 2237 hoc
1824 2200 1929 2248 quod
1967 2199 2105 2247 aliquid
2141 2200 2185 2235 sit
2221 2199 2308 2235 finis
2346 2198 2500 2235 alicuius

1437 2261 1564 2290 motus
1589 2253 1768 2298 continui,
1799 2253 1874 2289 duo
1904 2252 2160 2301 requiruntur:
2186 2264 2350 2299 quorum
2378 2264 2499 2288 unum

1438 2314 1492 2342 est
1520 2306 1624 2353 quod
1653 2305 1699 2342 sit
1725 2305 1901 2342 ultimum
1921 2312 2048 2342 motus
2070 2306 2101 2351 ²2,
2133 2313 2168 2341 et
2192 2304 2292 2341 aliud
2313 2311 2368 2340 est
2395 2305 2500 2352 quod

1438 2358 1482 2395 sit
1510 2359 1615 2395 cuius
1643 2370 1758 2394 causa
1771 2359 1832 2405 fit.
1859 2357 2012 2406 Aliquid
2039 2358 2140 2394 enim
2165 2365 2289 2406 potest
2314 2369 2394 2393 esse
2418 2357 2499 2393 ulti-

1438 2424 1559 2458 mum,
1576 2411 1643 2447 sed
1663 2423 1741 2447 non
1761 2418 1816 2446 est
1836 2411 1941 2447 cuius
1958 2423 2071 2447 causa
2091 2411 2145 2456 fit,
2165 2409 2269 2446 unde
2289 2422 2367 2446 non
2386 2410 2501 2446 habet

1438 2464 1623 2501 rationem
1651 2464 1749 2500 finis.
1779 2464 1828 2500 Et
1855 2463 1944 2511 quia
1973 2463 2020 2500 de
2049 2463 2192 2500 ratione
2212 2462 2298 2499 finis
2319 2470 2374 2499 est
2393 2462 2497 2510 quod

1439 2517 1484 2553 sit
1512 2517 1617 2553 cuius
1648 2529 1761 2553 causa
1788 2517 1832 2552 fit
1856 2521 1890 2562 ⁷,
1919 2524 2032 2564 poeta
2060 2517 2135 2552 hoc
2167 2515 2360 2563 apposuit,
2396 2515 2501 2563 quod

1440 2570 1617 2606 derisorie
1651 2581 1691 2605 se
1724 2569 1838 2605 habet
1875 2568 1999 2606 dicere
2021 2570 2145 2616 finem
2174 2568 2278 2604 cuius
2306 2579 2420 2604 causa
2437 2569 2499 2615 fit.

1438 2623 1595 2659 Videtur
1632 2622 1734 2658 enim
1764 2634 1845 2658 esse
1874 2621 2046 2668 nugatio,
2077 2621 2172 2657 sicut
2208 2620 2238 2657 si
2272 2620 2457 2657 diceretur
2483 2621 2502 2641 ³⁸

1438 2676 1550 2712 homo
1579 2674 1743 2711 animal:
1772 2674 1860 2722 quia
1885 2674 2023 2711 animal
2053 2682 2107 2710 est
2137 2673 2183 2710 de
2208 2673 2350 2710 ratione
2378 2673 2501 2709 homi·

1439 2728 1508 2775 nis,
1538 2728 1632 2764 sicut
1661 2734 1696 2763 et
1724 2727 1828 2763 cuius
1855 2739 1968 2763 causa
1988 2728 2040 2774 fit
2058 2727 2104 2763 de
2125 2726 2267 2763 ratione
2286 2725 2383 2762 finis.
2413 2726 2503 2762 Vult

1440 2781 1542 2818 enim
1574 2788 1688 2829 poeta
1721 2780 1824 2828 quod
1853 2792 1931 2816 non
1964 2791 2080 2816 omne
2112 2779 2287 2816 ultimum
2326 2778 2371 2815 sit
2398 2778 2500 2824 finis,

1440 2834 1508 2871 sed
1536 2833 1627 2870 illud
1660 2834 1764 2881 quod
1794 2840 1848 2869 est
1880 2833 2056 2870 ultimum
2086 2840 2122 2868 et
2150 2832 2358 2880 optimum,
2388 2832 2462 2868 hoc
2481 2832 2501 2852 ‘³‘

1441 2894 1496 2923 est
1525 2886 1629 2922 cuius
1665 2898 1778 2922 causa
1806 2886 1857 2921 fit.
1875 2906 1899 2912 -
1916 2887 1964 2922 Et
1993 2885 2147 2934 quidem
2173 2880 2277 2933 quod
2305 2885 2428 2920 forma
2457 2884 2502 2920 sit

1440 2939 1616 2975 ultimum
1654 2938 1929 2986 generationis,
1968 2939 2042 2974 hoc
2075 2946 2130 2974 est
2166 2950 2235 2986 per
2269 2950 2308 2973 se
2346 2937 2502 2973 manife-

1442 3000 1553 3029 stum.
1585 2992 1661 3028 Sed
1682 2991 1787 3040 quod
1815 2991 1860 3027 sit
1888 2991 1993 3027 cuius
2023 3003 2136 3027 causa
2164 2991 2206 3027 fit
2232 2997 2403 3038 respectu
2423 3002 2502 3026 ma-

1441 3044 1576 3090 teriae,
1616 3044 1829 3081 manifestat
1859 3056 1928 3092 per
1961 3043 2243 3080 similitudinem
2277 3042 2316 3078 in
2348 3042 2499 3079 artibus.

1443 3097 1689 3134 Inveniuntur
1727 3097 1827 3133 enim
1866 3096 2055 3145 quaedam
2093 3103 2190 3132 artes
2227 3107 2325 3143 quae
2363 3094 2502 3130 faciunt

1442 3150 1652 3187 materiam:
1674 3161 1836 3198 quarum
1865 3149 2054 3197 quaedam
2083 3148 2222 3184 faciunt
2247 3159 2331 3183 eam
2361 3146 2499 3194 simpli-

1443 3203 1547 3250 citer,
1578 3203 1672 3239 sicut
1691 3214 1750 3238 ars
1769 3202 1873 3249 figuli
1891 3201 1978 3238 facit
1992 3199 2005 3222 ὃ
2020 3202 2170 3247 lateres,
2198 3211 2295 3248 quae
2315 3206 2400 3236 sunt
2421 3211 2499 3235 ma-

1442 3334 1633 3366 intelligentiam
1652 3322 1885 3366 argumentationis,
1900 3319 2051 3356 omittuntur
2069 3335 2155 3355 tamen
2175 3330 2206 3354 ab
2225 3330 2448 3360 ADIKOQTVXa
2466 3330 2500 3355 ob

1443 3369 1544 3393 solitam
1564 3376 1683 3399 causam;
1703 3367 1847 3402 PCSb'non
1866 3367 1959 3391 habent
1973 3366 2022 3390 nisi
2037 3366 2114 3394 unde,
2129 3366 2175 3389 sed
2190 3365 2238 3390 hoc
2252 3366 2327 3390 etiam
2342 3365 2429 3390 addito
2442 3373 2501 3390 sen-

1443 3411 1487 3427 sus
1507 3403 1622 3428 lectionis
1641 3404 1663 3427 A
1683 3408 1730 3428 etc.
1750 3410 1801 3426 non
1821 3406 1859 3426 est
1878 3401 2014 3433 perfectus.
2029 3401 2049 3425 Β
2064 3408 2117 3425 om.
2133 3400 2202 3425 unde
2215 3408 2267 3425 non
2281 3400 2358 3425 habet
2371 3400 2501 3425 rationem

1436 3438 1510 3470 finis,
1526 3439 1558 3462 de
1577 3443 1661 3462 cetero
1679 3437 1756 3462 habet
1770 3436 1905 3461 lectionem
1924 3443 2003 3468 quam
2022 3443 2052 3460 ex
2066 3435 2121 3460 aliis
2135 3436 2208 3463 codd.
2223 3436 2438 3468 adoptavimus.—-
2451 3436 2501 3460 Pro

1443 3473 1491 3498 hoc
1509 3473 1633 3505 apposuit
1651 3472 1721 3504 quod
1740 3471 1879 3500 derisorie,
1899 3471 2022 3502 apposuit
2041 3471 2168 3495 derisorie
2186 3471 2257 3503 quod
2275 3471 2323 3496 hoc
2342 3470 2439 3503 EHpG,
2454 3471 2502 3495 hoc

1443 3508 1571 3539 apposuit·
1585 3507 1712 3532 derisorie
1730 3506 1800 3538 quod
1820 3506 1946 3531 derisorie
1964 3506 2000 3536 N;
2020 3513 2067 3537 pro
2086 3506 2141 3534 hoc,
2161 3506 2203 3531 hic
2221 3506 2275 3530 LY.

1497 3541 1520 3574 δ)
1540 3550 1586 3567 ars
1598 3542 1679 3575 figuli
1694 3542 1775 3575 facit.
1789 3548 1862 3566 -ars
1880 3541 1962 3574 figuli
1980 3541 2026 3573 qui
2042 3541 2113 3574 facit
2131 3541 2169 3572 H,
2187 3548 2234 3566 ars
2252 3541 2345 3574 sig-alis
2364 3540 2436 3575 facit
2453 3541 2501 3573 pE,

2307 3602 2323 3626 9

2526 1735 2536 1745 ⁴*
2553 1740 2624 1761 opere
2643 1734 2736 1761 ειηρῦέῐ.

2528 1889 2536 1896 ·
2552 1891 2587 1909 est
2600 1886 2652 1909 ad'd.
2662 1894 2739 1915 aasz,

2527 1921 2541 1936 Λ
2556 1915 2597 1936 lac.

2528 2309 2538 2319 ⁸
2552 2311 2626 2331 motus
2645 2316 2691 2331 om.
2711 2316 2741 2332 to

2530 2629 2539 2639 ⁸
2556 2628 2649 2650 dicatur
2662 2635 2718 2651 eon„

2529 2840 2538 2850 “
2553 2839 2595 2859 hoc
2605 2839 2664 2860 enim
2674 2845 2741 2867 εει-ιι,

2530 2867 2554 2886 et
2566 2865 2608 2886 hoc
2623 2872 2660 2886 οτ.
