2898 3996
208 1446 216 1455 ·
231 1444 300 1465 Num.
316 1449 364 1471 seq.

208 1655 216 1662 ·
232 1652 293 1673 Lect.
304 1658 353 1673 νιιι.

209 1816 216 1824 ·
231 1814 288 1836 Ibid.
303 1820 396 1840 num.4.

208 1869 216 1877 ”
231 1867 289 1888 Ibid.
304 1872 395 1894 num.5.

211 2081 218 2087 ·
234 2078 296 2099 Lect.
312 2084 375 2099 xxm.

209 2448 216 2455 ”
231 2445 300 2467 Num.
316 2452 363 2473 seq.

208 2501 216 2507 ”
232 2498 387 2526 aliquando?

215 3286 222 3293 ”
247 3284 326 3311 aliquo

256 3326 261 3331 .
276 3317 297 3331 ι).

446 291 520 328 358

444 369 557 414 paratio
578 375 674 397 motus
688 377 722 396 ex
735 374 815 404 parte
835 366 991 395 moventis:
1007 372 1034 393 et
1048 365 1142 401 primo
1157 364 1316 392 secundum
1329 363 1501 391 divisionem

446 409 534 445 ipsius
549 407 698 436 moventis.
714 408 854 435 -Textus
867 405 1064 434 subdivisiof
1045 404 1204 442 —.Regula
1220 402 1250 430 Si
1263 402 1360 439 aliqua
1373 401 1501 439 potentia

446 447 523 476 idem
544 447 650 475 mobile
672 453 767 474 movet
781 446 810 474 in
831 445 928 482 aliquo
949 451 1078 480 tempore
1095 452 1145 479 per
1159 449 1270 470 tantum
1291 442 1424 478 spatium,
1440 441 1501 477 ipsa

447 493 543 515 movet
563 486 743 514 medietatem
765 485 878 513 mobilis
899 493 949 520 per
970 483 1045 510 idem
1067 481 1190 526 spatium
1206 481 1235 508 in
1250 480 1346 509 medio
1361 487 1499 516 tempore,

445 526 510 555 vel
504 535 533 554 ιιι
547 526 649 553 eodem
664 532 793 561 tempore
814 533 865 560 per
881 523 999 559 duplum
1018 521 1150 558 spatium.
1172 520 1304 555 Ulterius,
1320 519 1343 548 si
1357 519 1499 547 dividatur

446 565 582 602 potentia,
600 574 652 592 nec
666 573 716 600 per
730 563 899 591 divisionem
915 566 1121 604 corrumpatur,
1144 559 1239 587 media
1252 559 1381 595 potentia
1401 567 1499 586 move-

446 604 487 632 bit
515 604 696 632 medietatem
725 602 838 630 mobilis
857 611 908 638 per
928 601 1004 628 idem
1025 599 1148 644 spatium
1177 598 1206 626 in
1225 598 1337 643 aequali
1359 605 1498 633 tempore.

446 643 528 671 Ratio
544 650 585 671 est
600 643 667 679 quia
681 648 708 670 et
722 642 766 669 hic
781 647 907 669 servatur
920 639 1069 676 proportio
1083 637 1193 666 virtutis
1208 638 1331 666 motivae
1345 638 1381 665 ad
1396 645 1500 673 corpus

445 683 641 719 ponderosum
663 682 742 718 quod
764 686 930 708 movetur.—
945 688 972 714 4.
995 680 1083 706 Duae
1096 677 1182 705 falsae
1203 677 1433 713 comparationes
1452 685 1500 703 ex-

447 722 607 750 cluduntur.
629 722 656 756 a)
679 721 708 748 Si
729 720 824 756 aliqua
844 718 972 755 potentia
992 723 1089 745 movet
1102 717 1222 761 aliquod
1242 716 1349 744 mobile
1365 725 1416 760 per
1436 721 1498 743 tan-

445 767 507 789 tum
534 760 657 797 spatium
679 760 708 787 in
729 766 808 787 tanto
829 765 975 793 tempore
996 766 1057 785 non
1077 756 1206 792 sequitur
1232 755 1392 783 necessario
1421 754 1500 790 quod

446 801 546 828 eadem
567 799 695 836 potentia
716 799 820 826 mobile
842 797 930 833 duplo
952 795 1043 824 maius
1065 801 1179 823 moveat
1194 794 1223 822 in
1237 793 1349 831 aequali
1369 800 1500 829 tempore

446 847 496 876 per
517 838 667 867 dimidium
689 837 780 874 spatii.
809 838 905 865 Potest
925 835 1001 863 enim
1026 834 1191 871 contingere
1211 834 1291 870 quod
1314 833 1393 861 nullo
1414 839 1500 869 pacto

445 879 536 907 valeat
563 887 678 906 movere
698 877 826 913 duplum.
849 876 876 911 b)
897 874 926 902 Si
947 874 1075 911 potentia
1099 882 1218 901 movens
1240 879 1356 901 moveat
1381 871 1500 908 aliquod

444 917 553 946 tuobile
574 917 603 945 in
617 923 695 945 tanto
717 923 846 952 tempore
866 924 917 951 per
931 915 1029 942 datum
1051 913 1183 950 spatium,
1205 921 1266 940 non
1286 918 1400 948 oportet
1421 912 1500 948 quod

654 1024 698 1063 2,
710 1023 884 1074 ostquam
900 1013 1152 1061 Philosophus
1168 1012 1331 1050 ostendit
1339 1012 1404 1061 qui
1418 1024 1500 1049 mo-

580 1079 601 1113 g».
679 1074 699 1116 fa
750 1081 767 1104 5
790 1068 863 1104 sint
886 1073 903 1088 α
929 1066 1204 1114 comparabiles
1234 1065 1281 1103 ad
1314 1065 1499 1112 invicem,

608 1160 611 1162 ,
658 1125 669 1141 ³
709 1120 769 1157 hic
797 1120 908 1156 docet
927 1118 1123 1167 quomodo
1153 1125 1431 1167 comparentur.
1452 1119 1501 1154 Et

583 1169 606 1218 ’ζ
651 1168 693 1209 siv-¹
707 1173 832 1221 primo
847 1171 886 1208 in
903 1179 1010 1208 motu
1029 1170 1154 1217 locali;
1175 1170 1372 1208 secundo'
1364 1183 1402 1207 m
1421 1170 1501 1208 aliis

446 1226 620 1273 motibus,
632 1226 700 1262 1b1
721 1226 782 1261 Sic
801 1225 916 1274 igitur
933 1224 1035 1260 estin
1051 1224 1296 1261 alteratione*
1307 1231 1374 1260 etc.
1392 1223 1501 1260 Circa

443 1279 610 1328 primum
653 1279 729 1315 duo
771 1277 874 1314 facit:
903 1277 1028 1325 primo
1065 1276 1171 1325 ponit
1208 1288 1253 1313 ea
1290 1275 1500 1313 secundum

445 1344 542 1381 quae
562 1338 710 1380 oportet
729 1330 940 1390 comparari
959 1336 1085 1366 motus
1101 1329 1239 1366 locales
1254 1328 1325 1366 ad
1317 1329 1497 1374 invicem3

445 1385 612 1421 secundo
641 1383 774 1432 accipit
802 1383 946 1430 regulas
967 1381 1258 1431 comparationis
1289 1381 1501 1418 secundum

444 1437 645 1486 praedicta,
674 1436 746 1473 ibi:
776 1436 818 1472 Si
834 1436 950 1485 igitur
967 1436 1003 1471 A
1022 1435 1122 1483 quod
1147 1440 1200 1471 est
1217 1446 1369 1471 movens
1389 1435 1498 1471 *.etc

445 1489 543 1527 Dicit
571 1501 659 1537 ergo
678 1489 813 1538 primo,
840 1489 943 1537 quod
971 1500 1133 1524 movens
1157 1486 1323 1524 localiter
1350 1499 1501 1537 semper

445 1550 577 1579 movet
605 1542 758 1589 aliquod
786 1541 940 1587 mobile,
971 1547 1006 1576 et
1034 1540 1170 1577 iterum
1193 1540 1232 1576 in
1251 1540 1377 1588 aliquo
1406 1547 1499 1576 tem-

443 1607 548 1643 pore,
579 1602 615 1630 et
642 1606 760 1642 usque
789 1595 837 1631 ad
865 1593 1030 1642 aliquam
1059 1592 1306 1641 quantitatem
1335 1593 1442 1641 spatii
1471 1591 1498 1629 β.

446 1647 561 1694 Quod
580 1647 665 1683 ideo
687 1654 835 1695 oportet
854 1658 936 1683 esse
949 1645 1067 1695 ,quia
1087 1646 1182 1682 sicut
1200 1645 1239 1682 in
1255 1647 1396 1683 sexto*
1411 1658 1499 1694 pro-

444 1701 574 1737 batum
595 1707 663 1746 est,
685 1712 836 1758 semper
855 1699 967 1736 simul
992 1698 1132 1746 aliquid
1160 1706 1293 1735 movet
1312 1706 1349 1736 et
1367 1699 1499 1736 movit.

443 1753 650 1789 Probatum
676 1760 730 1788 est
754 1753 855 1788 enim
882 1751 946 1799 ibi,
967 1752 1071 1800 quod
1096 1763 1212 1788 omne
1237 1751 1341 1800 quod
1369 1764 1502 1788 move-

442 1813 512 1852 tur,
528 1806 603 1842 iam
624 1812 679 1842 est
697 1812 844 1841 motum
859 1817 928 1853 per
942 1804 1107 1852 aliquam
1126 1811 1274 1852 partem
1293 1804 1449 1852 spatii,
1418 1805 1437 1826 ’²²
1467 1811 1503 1841 et

442 1870 509 1907 per
542 1858 705 1906 aliquam
737 1864 883 1906 partem
915 1857 1096 1906 temporis
1127 1858 1157 1893 5.
1191 1857 1303 1894 Unde
1336 1857 1503 1905 sequitur

443 1911 546 1960 quod
575 1918 611 1947 et
629 1910 719 1948 illud
739 1911 843 1959 quod
871 1917 1049 1947 movetur
1068 1917 1123 1946 est
1141 1885 1295 1958 aliquod
1318 1917 1502 1958 quantum

444 1972 479 2000 et
507 1963 711 2010 divisibile,
742 1971 777 2000 et
805 1963 918 1999 etiam
946 1962 1038 1999 illud
1069 1974 1139 2010 per
1172 1962 1277 2010 quod
1305 1970 1500 2010 movetur,

444 2024 479 2053 et
506 2024 656 2065 tempus
684 2016 723 2052 in
751 2028 827 2064 quo
856 2022 1044 2052 movetur
1074 2015 1239 2052 Movens
1267 2022 1395 2052 autem
1424 2027 1503 2053 non

444 2081 558 2106 omne
579 2076 634 2106 est
653 2076 848 2117 quantum,
863 2075 906 2104 ut
923 2068 962 2104 in
981 2068 1156 2105 octavo*
1172 2067 1415 2116 probabitur:
1436 2068 1502 2106 sed

443 2129 570 2158 tamen
591 2121 833 2158 manifestum
854 2128 909 2157 est
928 2120 1081 2169 aliquod
1105 2127 1288 2168 quantum
1318 2132 1399 2157 esse
1418 2133 1500 2157 mo-

443 2187 555 2220 vens;
590 2181 625 2210 et
657 2174 703 2211 de
735 2174 810 2210 hoc
843 2180 1022 2210 movente
1050 2172 1112 2209 hic
1143 2173 1324 2222 proponit
1356 2175 1502 2222 regulas

445 2226 745 2276 comparationis.

498 2292 533 2316 2.
563 2279 710 2316 Deinde
740 2291 827 2315 cum
857 2278 963 2314 dicit:
997 2278 1040 2314 Si
1065 2278 1182 2327 igitur
1206 2278 1243 2314 A
1272 2285 1339 2314 etc.
1353 2278 1503 2326 ,ponit

444 2333 589 2392 regulas
619 2331 922 2380 comparationis.
957 2332 1006 2367 Et
1031 2330 1156 2379 primo
1195 2307 1405 2367 secundum
1449 2331 1501 2367 di-

443 2385 630 2421 visionem
660 2384 829 2429 mobilis;
869 2383 1036 2420 secundo
1066 2383 1221 2457 quando
1250 2395 1413 2420 movens
1447 2384 1499 2420 di-

443 2437 591 2484 viditur,
617 2437 682 2473 ibi:
712 2438 761 2474 Et
777 2449 807 2473 ει
827 2437 956 2473 eadem
969 2436 1177 2484 potentia*¹=
1197 2443 1264 2472 etc.
1293 2436 1393 2473 Dicit
1412 2448 1500 2484 ergo

442 2490 586 2539 primo:
616 2490 818 2538 accipiatur
846 2489 999 2537 aliquod
1019 2490 1038 2510 5
1057 2501 1220 2526 movens
1249 2489 1353 2536 quod
1381 2489 1427 2525 sit
1453 2491 1500 2536 A,

445 2551 479 2580 et
507 2543 658 2592 aliquod
688 2542 828 2579 mobile
857 2541 962 2601 quod
990 2541 1035 2578 sit
1062 2542 1105 2588 B,
1137 2549 1172 2578 et
1199 2541 1392 2600 longitudo
1417 2554 1500 2590 spa-

443 2596 480 2632 tii
499 2595 707 2644 pertransiti
726 2607 823 2654 quae
844 2595 888 2631 sit
908 2595 960 2639 C;
991 2601 1027 2630 et
1044 2570 1195 2653 terhpus
1214 2594 1253 2630 in
1272 2606 1349 2642 quo
1369 2595 1404 2630 A
1418 2606 1500 2631 mo-

442 2655 505 2685 vet
524 2650 553 2685 B
574 2660 641 2707 per
661 2649 691 2684 C
712 2648 757 2684 sit
780 2649 826 2684 D.
858 2647 897 2683 Si
928 2659 1015 2694 ergo
1045 2646 1250 2695 accipiatur
1277 2646 1402 2695 aliqua
1430 2647 1502 2684 alia

443 2701 608 2749 potentia
627 2713 799 2747 movens,
830 2699 995 2748 aequalis
1022 2699 1211 2748 potentiae
1239 2698 1309 2748 ipsi
1337 2700 1371 2735 A
1390 2704 1415 2745 ⁷,
1446 2712 1501 2736 se-

444 2761 577 2802 quetur
613 2755 715 2802 quod
751 2753 812 2790 illa
848 2751 1014 2801 potentia
1050 2751 1222 2788 movebit
1257 2751 1499 2789 medietatem

444 2806 593 2843 mobilis
613 2806 716 2854 quod
736 2813 791 2843 est
809 2807 852 2851 B,
874 2805 912 2842 in
932 2804 1069 2842 eodem
1097 2812 1270 2852 tempore
1295 2816 1363 2853 per
1381 2805 1499 2852 longi-

444 2859 612 2895 tudinem
645 2871 742 2907 quae
762 2858 806 2895 sit
825 2858 939 2906 dupla
958 2869 1074 2905 quarn
1096 2857 1145 2902 C;
1171 2857 1239 2894 sed
1259 2857 1500 2894 medietatem

445 2911 593 2947 mobilis
630 2911 799 2948 movebit
835 2922 903 2960 per
939 2917 1058 2946 totam
1087 2910 1358 2969 longitudinem
1388 2910 1432 2957 C,
1462 2910 1499 2946 in

446 2963 644 3000 medietate
664 2963 844 3011 temporis
863 2963 965 3012 quod
987 2970 1041 2999 est
1059 2963 1138 2999 D.—
1150 2963 1207 2999 Ex
1222 2962 1279 2999 his
1298 2962 1499 3021 igiturver-

446 3015 502 3051 bis
531 3015 750 3064 Philosophi
770 3016 865 3052 duae
887 3016 1033 3063 regulae
1053 3015 1245 3063 generales
1265 3015 1384 3063 accipi
1411 3027 1498 3064 pos-

446 3076 541 3104 sunt.
572 3069 745 3114 Quarum
764 3069 886 3116 prima
915 3076 980 3114 est,
1007 3068 1111 3116 quod
1132 3067 1161 3104 si
1182 3068 1307 3116 aliqua
1333 3067 1499 3127 potentia

446 3128 576 3157 movet
613 3121 765 3169 aliquod
803 3120 942 3157 mobile
969 3132 1037 3169 per
1071 3120 1223 3169 aliquod
1261 3120 1424 3169 spatium
1462 3120 1499 3157 in

446 3173 571 3222 aliquo
591 3180 774 3232 tempore,
795 3173 1036 3210 medietatem
1055 3173 1150 3210 illius
1176 3173 1326 3210 mobilis
1344 3185 1413 3221 per
1433 3172 1499 3209 du-

446 3226 550 3273 plum
589 3225 748 3274 spatium
787 3225 956 3262 movebit
983 3226 1043 3262 vel
1075 3225 1240 3273 aequalis
1267 3225 1434 3274 potentia
1463 3225 1499 3262 in

347 3291 374 3305 nt
391 3292 419 3311 Ν,
449 3278 584 3314 eodem
604 3286 786 3327 tempore,
807 3279 868 3314 vel
889 3278 1049 3314 eadem
1042 3290 1079 3314 m
1099 3278 1173 3314 alio
1196 3278 1215 3299 '¹‘
1233 3277 1390 3325 aequali.
1416 3277 1500 3314 Alia

449 3331 572 3377 regula
593 3338 656 3376 est,
678 3330 780 3379 quod
800 3330 1040 3367 medietatem
1066 3330 1216 3367 mobilis
1245 3329 1415 3366 movebit
1432 3342 1501 3378 per

449 3382 549 3418 idem
569 3383 731 3430 spatium
759 3382 924 3430 aequalis
943 3382 1110 3430 potentia
1124 3382 1163 3419 in
1177 3381 1377 3419 medietate
1405 3389 1498 3419 tem-

503 3502 529 3531 α)
555 3502 598 3533 qui
622 3505 705 3527 motus
727 3502 788 3527 sint.
806 3515 824 3523 —·
841 3503 911 3535 quod
934 3507 1019 3529 motus
1043 3504 1096 3529 sint
1115 3505 1172 3528 edd.
1191 3504 1232 3528 ab
1257 3509 1282 3528 et
1305 3502 1496 3534 Venet.15o4,

455 3535 532 3566 1545;
552 3537 621 3567 quod
640 3540 724 3561 motus
738 3540 798 3561 sunt
817 3538 939 3562 editiones
958 3539 1051 3570 posteri
1046 3547 1120 3563 iores.
1140 3538 1180 3563 Cf.
1190 3538 1247 3563 lect.
1257 3545 1300 3569 vn,
1311 3546 1336 3562 n.
1351 3545 1373 3562 1.

504 3569 527 3602 β)
522 3578 627 3602 ‚usque
641 3571 676 3594 ad
689 3572 803 3603 aliquam
818 3573 989 3604 quantitatem
1009 3573 1128 3604 spatii.-
1143 3580 1222 3606 usque
1235 3573 1271 3597 ad
1284 3573 1399 3605 aliquam
1416 3579 1497 3605 quan-

451 3605 552 3630 titatem
571 3605 650 3636 spatii
665 3613 714 3636 per·
733 3606 846 3638 aliquam
861 3610 966 3638 partem
986 3608 1111 3639 temporis
1129 3615 1221 3632 omnes
1240 3607 1376 3637 editionem
1396 3607 1441 3632 sed
1455 3607 1498 3633 nd-

1058 285 1401 324 PHYSICORUM
1428 285 1774 322 ARISTOTELIS
1803 286 1897 322 LIB.
1925 286 1995 323 VII

1555 362 1692 390 medietas
1713 362 1857 391 moventis
1877 370 1993 392 moveat
2011 369 2104 392 totum
2126 364 2234 394 mobile
2247 365 2278 394 in
2291 366 2397 394 eodem
2417 372 2546 404 tempore
2567 367 2612 396 vel

1554 411 1604 437 per
1626 410 1839 445 quamcumque
1852 409 1963 438 partem
1978 403 2061 439 spatii
2075 403 2158 432 illius.
2179 405 2288 432 Eadem
2309 405 2383 434 ratio
2404 413 2454 434 est.
2469 422 2488 427 -
2505 407 2531 435 5.
2547 407 2611 435 Sol-

1553 440 1628 468 vitur
1641 440 1714 468 ratio
1729 441 1870 477 quaedam
1884 441 2024 470 Zenonis:
2040 449 2068 470 et
2081 442 2262 471 concluditur
2263 445 2358 480 ‚quod
2372 444 2395 472 si
2409 454 2475 482 pars
2489 445 2611 474 existens

1554 479 1583 507 in
1604 485 1675 514 toto,
1695 486 1800 515 movet,
1823 489 1883 508 non
1904 487 1946 508 est
1967 481 2158 510 necessarium
2180 483 2260 519 quod
2280 482 2367 511 etiam
2387 484 2540 521 separatim
2560 494 2612 522 per

1554 527 1584 548 se
1605 518 1726 547 existens
1747 525 1872 547 moveat.
1895 521 1964 548 Pars
1985 520 2062 548 enim
2082 527 2170 565 prout
2189 521 2282 550 existit
2301 522 2332 550 in
2351 529 2430 558 toto,
2457 523 2530 552 sicut
2550 533 2612 552 non

1554 564 1596 587 est
1609 566 1668 586 una
1681 558 1713 586 in
1727 565 1801 593 actu,
1823 558 1862 587 ita
1882 568 1943 587 non
1963 566 2006 587 est
2020 569 2070 588 ens
2084 559 2114 588 in
2128 567 2206 588 actu:
2229 562 2306 589 unde
2321 570 2384 590 non
2397 562 2459 598 ipsa
2479 562 2545 600 agit,
2560 564 2612 591 sed

1553 603 1656 625 totum.
1671 613 1690 618 ·-
1706 599 1732 626 6.
1755 598 1941 634 Comparatio
1962 605 2094 627 motuum
2118 600 2277 628 secundum
2302 601 2533 638 aggregationem
2547 611 2611 631 mo-

1553 636 1689 665 ventium.
1701 638 1828 676 Regula.
1838 637 1868 665 Si
1884 638 1943 666 duo
1957 638 2103 667 moventia
2117 639 2269 675 separatim
2284 646 2410 676 movent,
2425 641 2610 678 unumquod-

1554 684 1610 712 que
1623 682 1735 704 tantum
1756 676 1886 705 mobile'
1878 686 1909 705 m
1923 683 2005 706 tauto
2022 684 2162 715 tempore,
2183 678 2263 707 unita
2284 679 2462 708 movebunt
2455 689 2485 708 ιιι
2499 679 2612 717 aequali

1553 721 1683 751 tempore
1704 724 1756 752 per
1775 716 1852 744 idem
1873 716 1996 762 spatium
2017 717 2064 746 illa
2085 718 2143 746 duo
2164 718 2294 754 pondera
2308 718 2393 746 simul
2413 719 2575 748 coniuncta.
2591 735 2612 741 -
2643 731 2646 734 >

1555 763 1582 790 7.
1603 754 1792 791 Applicantur
1811 765 1898 792 supra
1918 757 2028 792 positae
2049 757 2163 794 regulae
2183 758 2221 786 ad
2241 763 2338 786 motus
2358 759 2504 795 augmenti
2522 765 2551 787 et
2570 758 2612 787 al-

1554 793 1714 822 terationis:
1729 801 1757 822 et
1770 794 1864 831 primo
1879 795 2039 824 ostenditur
2053 796 2226 835 divisibilitas
2242 806 2343 825 eorum
2364 799 2522 826 secundum
2537 807 2611 835 quae

1555 833 1710 861 attenditur
1736 834 1924 870 comparatio.
1947 852 1967 857 -
1990 836 2017 863 8.
2046 836 2179 864 Secundo
2207 843 2355 873 ponuntur
2381 837 2612 874 comparationes

1555 881 1648 900 verae.
1671 888 1689 893 -
1711 882 1738 909 9.
1760 873 1858 902 Tertio
1880 874 2038 903 excluditur
2058 875 2129 904 §alsa
2148 876 2336 913 comparatio.
2352 893 2372 898 -
2392 878 2537 906 Notamen
2557 886 2612 914 pro

1556 908 1740 948 intelligentia
1759 918 1861 941 textus.

1553 1012 1668 1061 poris.
1699 1014 1747 1050 Et
1764 1013 1903 1051 horum
1928 1014 2021 1051 ratio
2052 1023 2118 1062 est,
2147 1015 2235 1063 quia
2255 1016 2308 1052 sic
2328 1017 2612 1054 conservabitur

1556 1065 1691 1102 eadem
1711 1066 1902 1125 analogia,
1933 1067 2029 1104 idest
2057 1068 2192 1105 eadem
2214 1069 2422 1117 proportio,
2453 1069 2611 1107 Manife-

1555 1125 1655 1155 stum
1684 1125 1739 1155 est
1768 1119 1869 1156 enirn
1898 1120 2004 1169 quod
2035 1121 2214 1158 velocitas
2246 1128 2373 1158 motus
2402 1128 2457 1158 est
2484 1134 2530 1159 ex
2556 1122 2612 1159 vi-

1556 1170 1671 1207 ctoria
1698 1171 1888 1220 potentiae
1917 1172 2108 1210 moventis
2136 1185 2250 1223 super
2277 1173 2439 1211 mobile:
2462 1182 2612 1234 ‘quanto

1555 1230 1683 1260 autem
1710 1224 1853 1260 mobile
1886 1224 1995 1262 fuerit
2022 1225 2164 1284 minus,
2196 1233 2301 1263 tanto
2329 1226 2496 1275 potentia
2529 1239 2613 1264 mo-

1554 1276 1676 1312 ventis
1705 1276 1824 1324 magis
1853 1277 1998 1314 excedit
2024 1277 2171 1326 ipsum:
2203 1279 2306 1316 unde
2333 1279 2501 1316 velocius
2529 1290 2612 1317 mo-

1554 1328 1669 1365 vebit.
1702 1329 1890 1366 Velocitas
1923 1337 2051 1367 autem
2079 1338 2206 1368 motus
2239 1331 2413 1369 diminuit
2440 1339 2611 1382 tempus,

1556 1389 1591 1418 et
1619 1388 1730 1429 auget
1765 1381 2040 1430 longitudinem
2073 1383 2200 1432 spatii:
2239 1384 2329 1432 quia
2359 1385 2534 1423 velocius
2559 1392 2614 1423 est

1555 1433 1687 1483 quod
1679 1446 1716 1470 ιιι
1736 1435 1884 1483 aequali
1912 1442 2084 1484 tempore
2103 1437 2304 1485 pertransit
2325 1437 2513 1475 maiorem
2532 1450 2612 1476 ma-

1554 1486 1802 1534 gnitudinem‚
1823 1495 1860 1524 et
1878 1489 2078 1537 aequalem
2097 1489 2425 1537 magnitudinem
2417 1503 2456 1528 in
2474 1489 2613 1528 minori

1554 1547 1737 1588 tempore,
1761 1546 1804 1576 ut
1821 1539 1860 1576 in
1879 1547 1984 1577 sexto
2006 1542 2028 1563 '⁶
2045 1542 2248 1592 probatum
2268 1549 2334 1580 est.
2355 1543 2458 1591 Ergo
2481 1555 2614 1581 secun·
2641 1551 2855 1583 reama-,5

1555 1592 1647 1630 dum
1666 1592 1953 1642 proportionem
1968 1605 2044 1642 qua
2063 1594 2291 1632 subtrahitur
2304 1608 2327 1632 a
2341 1595 2485 1644 mobili,
2501 1607 2613 1646 opor-

1554 1653 1606 1682 tet
1625 1645 1793 1683 subtrahi
1813 1645 1860 1683 de
1879 1653 2064 1695 tempore,
2084 1647 2146 1684 vel
2165 1647 2254 1685 addi
2272 1648 2322 1686 ad
2341 1648 2614 1696 longitudinem

1555 1698 1676 1747 spatii,
1701 1698 1914 1735 dummodo
1943 1711 2105 1737 movens
2125 1700 2170 1737 sit
2188 1700 2292 1738 idem
2309 1701 2371 1739 vel
2391 1702 2559 1750 aequale.

1611 1752 1644 1788 3.
1666 1750 1814 1787 Deinde
1835 1763 1922 1788 cum
1943 1751 2049 1789 dicit:
2077 1753 2130 1789 Et
2143 1753 2177 1789 si
2193 1754 2323 1790 eadem
2341 1754 2509 1802 potentia
2528 1762 2598 1792 etc.
2589 1783 2611 1803 .‚

1556 1803 1668 1840 docet
1705 1815 1925 1851 comparare
1958 1811 2086 1842 motus
2119 1817 2163 1842 ex
2190 1813 2295 1854 parte
2328 1807 2539 1845 moventis:
2577 1812 2615 1845 et

1555 1857 1679 1905 primo
1709 1855 1919 1892 secundum
1949 1857 2175 1895 divisionem
2204 1859 2414 1906 moventis3
2444 1859 2612 1897 secundo

1556 1909 1767 1946 secundum
1787 1908 2003 1957 oppositam
2019 1910 2361 1969 congregationem,
2381 1911 2612 1950 ibi23i11ero

1555 1962 1629 1999 duo
1644 1967 1679 1998 et
1693 1963 1919 2009 utrumque*
1931 1969 2000 1999 etc.
2022 1962 2131 2000 Circa
2148 1963 2315 2011 primum
2334 1964 2403 2001 tria
2422 1965 2523 2002 facit:
2538 1965 2612 2015 pri-

1555 2027 1621 2051 mo
1645 2014 1752 2064 ponit
1772 2014 2096 2074 comparationem
2115 2027 2270 2062 veram;
2299 2017 2468 2054 secundo
2488 2029 2612 2055 remo-

1554 2074 1619 2104 vet
1633 2067 1936 2116 comparationes
1951 2067 2073 2114 falsas,
2085 2067 2152 2105 ibi:
2167 2069 2217 2105 Et
2224 2080 2254 2105 ιι
2251 2069 2332 2105 'E'
2317 2081 2437 2117 ipsum
2448 2071 2486 2106 Z
2497 2071 2517 2092 ⁸⁸¹
2527 2075 2609 2108 etc.-
2587 2099 2610 2118 .,

1554 2119 1662 2156 tertio
1692 2132 1737 2156 ex
1764 2121 1839 2156 hoc
1866 2120 1979 2156 solvit
2005 2097 2190 2158 rationem
2218 2121 2396 2169 Zenonis,
2426 2122 2494 2159 ibi:
2520 2123 2612 2161 Pm-

1549 2178 1636 2221 pter
1648 2173 1718 2208 hoc
1732 2173 1893 2209 Zenonis
1907 2173 2036 2209 ναίἰο5
2047 2181 2116 2210 etc.
2136 2173 2237 2210 Dicit
2251 2185 2339 2221 ergo
2354 2173 2492 2223 primo,
2507 2176 2613 2225 quod
2639 2188 2649 2198 ·

1555 2225 1585 2262 si
1613 2225 1738 2274 aliqua
1764 2224 1934 2273 potentia
1961 2225 2063 2262 idem
2091 2226 2234 2263 mobile
2261 2234 2395 2264 movet
2413 2227 2452 2264 in
2473 2228 2612 2266 eodem

1555 2284 1727 2326 tempore
1746 2290 1815 2326 per
1833 2285 1979 2314 tantum
2003 2278 2178 2326 spatium,
2203 2279 2365 2328 ipsamet
2382 2288 2515 2318 movet
2532 2293 2612 2318 me-

1555 2331 1732 2368 dietatem
1755 2330 1934 2367 mobilis'
1926 2342 1963 2366 ιιι
1982 2331 2183 2368 medietate
2210 2332 2391 2380 temporis
2417 2345 2488 2381 per
2508 2332 2612 2372 idem

1554 2383 1738 2432 spatium;
1765 2384 1827 2420 vel
1851 2382 1889 2419 in
1914 2383 2052 2420 eodem
2081 2391 2253 2443 tempore
2281 2391 2414 2422 movet
2439 2385 2612 2424 medium

1555 2435 1704 2473 mobilis
1732 2448 1801 2484 per
1828 2435 1987 2483 duplum
2013 2435 2192 2484 spatium;
2218 2436 2318 2473 sicut
2341 2437 2442 2474 etde
2463 2439 2611 2488 aequali

1554 2488 1720 2537 potentia
1741 2488 1883 2525 dictum
1902 2496 1958 2524 est
1973 2489 1992 2509 5
1996 2489 2070 2525 Ε.ι
2088 2489 2252 2535 ulterius,
2277 2489 2308 2526 si
2333 2489 2521 2528 dividatur
2541 2500 2611 2540 po-

1554 2541 1679 2588 tentia,
1709 2540 1836 2577 media
1862 2540 2030 2588 potentia
2057 2541 2230 2578 movebit
2256 2542 2500 2580 medietatem
2527 2555 2611 2580 mo-

1555 2593 1637 2630 bilis
1664 2605 1732 2642 per
1759 2593 1862 2630 idem
1887 2593 2049 2641 spatium
2078 2594 2116 2630 in
2144 2594 2291 2643 aequali
2318 2602 2503 2654 ternpore.
2533 2596 2611 2634 Sed

1554 2647 1628 2683 hoc
1656 2645 1936 2693 intelligendum
1966 2653 2041 2692 est,
2071 2646 2223 2695 quando
2251 2647 2420 2695 potentia
2448 2655 2504 2685 est
2529 2648 2613 2687 talis

1555 2711 1652 2748 quae
1675 2700 1779 2747 *per
1799 2697 2024 2735 divisionem
2044 2711 2122 2736 non
2143 2700 2406 2748 corrumpitur.
2426 2700 2612 2750 Loquitur

1556 2751 1656 2788 enirn
1698 2751 1910 2788 secundum
1952 2751 2293 2789 considerationem
2335 2765 2609 2801 communem,

1555 2803 1727 2841 nondum
1756 2803 1979 2852 applicando
2008 2804 2057 2840 ad
2085 2804 2251 2852 aliquam
2279 2805 2484 2854 specialem
2503 2813 2611 2843 natu-

1556 2869 1652 2903 ram,
1678 2856 1772 2893 sicut
1791 2863 1826 2893 et
1845 2856 1882 2892 in
1910 2856 2088 2893 omnibus
2116 2869 2214 2916 quae
2242 2857 2445 2906 praemisit.
2474 2858 2525 2895 Et
2539 2870 2609 2908 po-

1554 2909 1607 2946 nit
1628 2909 1856 2958 exemplum.
1888 2909 1927 2946 Si
1947 2909 2048 2946 enim
2069 2909 2272 2958 accipiatur
2295 2908 2478 2947 medietas
2497 2910 2609 2948 huius

1553 2961 1742 3010 potentiae
1771 2974 1870 3010 quae
1898 2969 1954 2998 est
1971 2963 2018 3009 A,
2040 2969 2076 2998 et
2102 2961 2246 2999 dicatur
2263 2962 2317 3008 E;
2343 2969 2380 2999 et
2406 2961 2610 3022 accipiatur

1554 3014 1735 3051 medietas
1754 3013 1904 3050 mobilis
1924 3014 2028 3073 quod
2047 3021 2102 3050 est
2120 3015 2162 3060 B,
2184 3021 2220 3051 et
2239 3013 2382 3052 dicatur
2399 3015 2429 3051 Z
2449 3015 2486 3052 *.
2514 3014 2610 3053 sicut

1553 3069 1587 3103 A
1607 3067 1789 3104 movebat
1806 3067 1837 3102 B
1857 3078 1926 3114 per
1945 3066 2004 3102 C
1995 3078 2033 3103 ιιι
2051 3074 2224 3116 tempore
2243 3067 2296 3114 D,
2316 3066 2366 3104 ita
2385 3067 2418 3103 E
2437 3068 2610 3106 movebit

1554 3120 1583 3156 Z
1602 3132 1671 3169 per
1698 3119 1799 3156 idem
1827 3118 1990 3167 spatium
2010 3118 2047 3155 in
2067 3118 2212 3168 aequali
2241 3126 2434 3178 tempore3
2463 3120 2551 3179 quia
2572 3127 2611 3158 et

1553 3172 1614 3208 hic
1642 3171 1754 3209 etiarn
1782 3178 1952 3208 servatur
1980 3170 2114 3208 eadem
2132 3171 2328 3220 proportio
2355 3171 2501 3209 virtutis
2524 3185 2607 3210 mo-

1553 3224 1652 3262 tivae
1671 3224 1720 3261 ad
1739 3235 1874 3272 corpus
1897 3223 2156 3282 ponderosum
2189 3223 2294 3271 quod
2317 3232 2505 3262 movetur.
2529 3225 2607 3263 Un-

1555 3277 1600 3314 de
1629 3276 1796 3326 sequitur
1823 3276 1927 3335 quod
1955 3275 1993 3313 in
2021 3275 2168 3324 aequali
2195 3283 2367 3325 tempore
2386 3277 2452 3314 fiat
2480 3285 2606 3315 motus
2652 3288 2655 3291 ·

1552 3341 1621 3378 per
1647 3330 1803 3378 aequale
1832 3329 2006 3378 spatium,
2036 3328 2131 3365 sicut
2158 3328 2299 3366 dictum
2328 3337 2393 3366 est.

1604 3394 1642 3429 4.
1663 3381 1810 3446 Deindffi
1831 3393 1919 3418 cum
1939 3380 2043 3418 dicit:
2072 3382 2122 3418 Et
2137 3382 2169 3418 si
2185 3381 2253 3418 E'
2237 3393 2358 3430 ipsum
2377 3382 2415 3418 Z
2428 3388 2496 3418 etc.
2510 3409 2520 3429 ,
2545 3393 2607 3418 ex·

1552 3503 1612 3528 ditio
1631 3508 1669 3528 est
1694 3503 1801 3534 inutilis,
1821 3508 1960 3536 postquam
1978 3502 2029 3528 iam
2055 3502 2114 3528 dixit
2132 3506 2158 3528 et
2176 3503 2271 3528 iterum
2290 3503 2316 3528 in
2335 3503 2424 3536 aliquo
2446 3506 2570 3535 tempore
2586 3515 2607 3522 -

1552 3538 1664 3571 Pet-gunt
1682 3538 1701 3563 P
1720 3543 1746 3563 et
1763 3538 1854 3563 Venet.
1873 3537 1947 3570 1545,
1970 3536 2044 3568 1551,
2068 3537 2147 3562 1552.
2166 3537 2303 3570 quodiam
2321 3540 2426 3570 oportet
2443 3544 2507 3563 esse.

1603 3572 1630 3607 γ)
1643 3573 1760 3614 aequalis
1769 3572 1906 3605 potentiae
1920 3571 1971 3605 ipsi
1982 3573 2041 3597 Α.-
2022 3572 2171 3605 -aequalis
2184 3570 2602 3606 om.AExMOQXpCFGH1vY;

1547 3607 1683 3639 potentiae
1700 3614 1754 3632 om.
1772 3607 1808 3638 ὓς
1828 3615 1876 3640 pro
1895 3606 1952 3639 Ipsi,
1972 3606 2053 3639 ipsius
2072 3607 2146 3632 codd.
2165 3614 2218 3632 exc.
2233 3606 2327 3637 DQVX
2346 3611 2372 3632 et
2388 3612 2414 3631 a.

2639 1973 2649 1983 ·
2662 1971 2734 1995 Nun.
2747 1973 2772 1996 6.

2639 2074 2650 2085 ⁹
2663 2073 2734 2096 Num.
2748 2078 2799 2103 neq.
2830 2054 2840 2082 “¹

2636 2709 2789 2739 ·quoant.
2819 2714 2821 2716 ·

2635 3028 2772 3058 'Fr-,etin
2802 3010 2813 3058 Γ

2663 2186 2734 2210 Num.
2747 2191 2770 2215 5.
