2950 4004
220 948 230 957 '¹
250 947 338 975 effectu:
357 953 404 968 orn.
418 953 433 968 Α

220 979 347 998 eixoqrvx.

219 1051 230 1061 ⁶
245 1051 304 1072 enim
319 1057 366 1072 om.
379 1056 431 1072 Αεικ

219 1083 298 1102 Μκορτ
304 1083 340 1098 vx.

218 1212 228 1222 ⁸
239 1212 298 1233 idem
310 1218 430 1238 Axoqvxa.

218 1269 227 1278 ⁶
243 1267 345 1295 effectum
362 1267 429 1288 codd.

220 1300 268 1315 cxc.
285 1300 365 1319 ικιοα.

214 2049 226 2059 ’
240 2049 308 2070 Num.
325 2054 399 2076 praec.

214 2156 225 2166 ⁸
240 2155 301 2176 Lecr.
316 2161 338 2175 x.

460 236 509 271 80

514 312 592 350 Sed
625 313 941 350 considerandum
974 321 1030 350 est
1065 313 1170 361 quod
1204 325 1317 350 causa
1352 325 1421 362 per
1456 326 1515 350 ac-

461 366 588 403 cidens
607 365 739 402 dicitur
759 365 972 414 dupliciter:
993 379 1071 402 uno
1101 366 1219 403 modo
1241 378 1285 402 ex
1303 374 1409 415 parte
1430 379 1516 403 cau-

461 431 545 464 sae;
575 418 648 454 alio
677 417 795 455 modo
825 431 869 454 ex
897 426 1002 467 parte
1031 419 1196 456 effectus.
1218 419 1276 455 Ex
1303 426 1408 467 parte
1436 419 1516 467 qui-

461 471 549 507 dem
579 482 725 516 causae,
746 471 899 518 quando
919 471 1009 507 illud
1037 471 1141 519 quod
1166 471 1299 508 dicitur
1318 484 1431 508 causa
1449 484 1518 520 per

459 523 648 570 accidens,
676 523 910 571 coniungitur
938 536 1073 560 causae
1101 535 1169 572 per
1197 536 1257 570 se;
1287 524 1382 560 sicut
1409 524 1439 560 si
1468 525 1518 560 al-

459 576 553 611 bum
581 576 642 611 vel
664 576 852 612 musicum
873 575 1017 613 dicatur
1036 588 1150 613 causa
1177 577 1327 623 domus,
1349 577 1437 625 quia
1456 589 1516 613 ac-

460 628 689 664 cidentaliter
709 628 944 675 coniungitur
971 628 1212 665 aedificatori.
1234 630 1291 665 Ex
1317 637 1424 677 parte
1453 642 1517 665 au-

459 688 537 716 tem
567 679 738 728 effectus,
768 680 921 729 quando
951 681 1129 729 accipitur
1156 681 1296 729 aliquid
1325 681 1429 729 quod
1457 694 1517 718 ac-

461 732 690 769 cidentaliter
728 733 965 780 coniungitur
1001 733 1171 779 effectui;
1199 740 1241 769 ut
1279 733 1309 769 si
1347 734 1517 771 dicamus

460 784 564 833 quod
601 784 820 822 aedificator
857 793 913 822 est
941 797 1053 822 causa
1091 785 1319 832 discordiae,
1350 786 1438 834 quia
1472 799 1517 823 ex

461 837 578 873 domo
607 837 704 874 facta
731 837 865 874 accidit
893 838 1091 875 discordia.
1112 839 1160 874 Et
1188 839 1262 875 hoc
1282 839 1400 875 modo
1430 838 1517 875 dici-

458 897 519 926 tur
546 890 695 926 fortuna
723 902 804 927 esse
831 903 944 927 causa
970 902 1038 939 per
1057 890 1242 937 accidens,
1264 903 1309 927 ex
1338 903 1383 928 eo
1412 891 1517 939 quod

460 941 608 978 effectui
624 944 643 961 ³²⁵
664 943 803 991 aliquid
827 943 1063 990 coniungitur
1080 955 1149 992 per
1163 943 1357 989 accidens;
1386 951 1516 993 utpote

460 994 489 1030 si
517 995 685 1030 fossurae
723 995 882 1044 sepulcri
915 995 1138 1043 adiungatur
1164 1008 1233 1044 per
1260 996 1434 1033 accidens
1462 997 1516 1033 in-

457 1047 585 1083 ventio
605 1048 780 1084 thesauri·
798 1047 901 1085 Sicut
920 1048 1050 1085 enirn*
1065 1049 1220 1085 effectus
1234 1061 1303 1097 per
1322 1061 1361 1085 se
1382 1061 1516 1086 causae

459 1099 634 1135 naturalis
663 1108 717 1136 est
736 1100 840 1149 quod
869 1101 1111 1150 consequitur
1129 1101 1340 1138 secundum
1369 1101 1515 1150 exigen-

457 1151 547 1187 tiam
563 1163 653 1188 suae
673 1153 830 1200 formae,
846 1152 896 1190 ita
911 1153 1067 1190 effectus
1088 1166 1222 1191 causae
1237 1154 1378 1201 agentis
1393 1167 1415 1191 a
1429 1166 1515 1203 pro-

456 1203 580 1251 posito
601 1212 657 1241 est
683 1205 774 1242 illud
792 1206 811 1226 *
830 1206 934 1254 quod
954 1206 1087 1244 accidit
1106 1219 1151 1243 ex
1178 1206 1383 1243 intentione
1403 1219 1515 1254 agen-

457 1256 519 1293 tis:
540 1256 641 1293 unde
661 1258 844 1306 quidquid
862 1259 1038 1307 provenit
1057 1259 1094 1295 in
1115 1259 1251 1295 effectu
1263 1260 1283 1280 ²¹*
1296 1266 1444 1307 praeter
1462 1259 1515 1295 in-

456 1308 674 1357 tentionem,
691 1318 746 1347 est
759 1323 828 1359 per
846 1311 1030 1348 accidens.
1048 1313 1096 1348 Et
1110 1312 1184 1348 hoc
1204 1311 1288 1348 dico
1309 1311 1339 1347 si
1353 1311 1392 1348 id
1411 1312 1516 1360 quod

458 1369 512 1398 est
538 1370 686 1410 praeter
710 1363 956 1401 intentionem
983 1371 1025 1400 ut
1051 1364 1090 1400 in
1113 1364 1354 1412 paucioribus
1384 1376 1515 1400 conse-

457 1422 612 1462 quatur:
633 1416 737 1464 quod
766 1416 867 1453 enim
894 1417 955 1453 vel
976 1428 1127 1464 semper
1152 1417 1214 1452 vel
1243 1423 1284 1452 ut
1303 1416 1516 1464 frequenter

457 1467 694 1515 coniungitur
722 1469 886 1515 effectui,
915 1469 1012 1505 cadit
1031 1469 1100 1505 sub
1131 1468 1265 1505 eadem
1295 1468 1512 1506 intentione.

457 1520 620 1556 Stultum
660 1529 714 1557 est
742 1521 843 1558 enim
878 1521 1002 1558 dicere
1039 1521 1143 1569 quod
1181 1520 1313 1568 aliquis
1346 1520 1514 1558 intendat

455 1572 605 1620 aliquid,
628 1581 663 1609 et
690 1585 767 1610 non
787 1574 877 1611 velit
904 1573 996 1610 illud
1024 1573 1126 1622 quod
1151 1580 1191 1610 ut
1219 1573 1433 1622 frequenter
1450 1574 1512 1611 vel

455 1636 606 1672 semper
634 1626 856 1674 adiungitur.
885 1626 996 1663 Ponit
1023 1634 1150 1663 autern
1180 1625 1429 1663 differentiam
1457 1626 1512 1663 in-

454 1684 510 1714 ter
538 1689 692 1715 causam
712 1691 780 1727 per
807 1691 847 1716 se
877 1686 912 1715 et
931 1691 1086 1716 causam
1114 1690 1183 1727 per
1201 1679 1395 1716 accidens:
1426 1679 1514 1727 quia

456 1742 568 1766 causa
595 1742 664 1778 per
692 1743 732 1768 se
760 1739 815 1768 est
843 1732 947 1768 finita
967 1739 1002 1768 et
1031 1731 1295 1777 determinata;
1317 1744 1430 1768 causa
1450 1744 1514 1768 au-

454 1790 531 1819 tem
554 1795 623 1830 per
644 1784 818 1821 accidens
838 1791 892 1820 est
919 1784 1064 1821 infinita
1084 1792 1119 1821 et
1146 1783 1444 1831 indeterminata,
1467 1797 1512 1821 eo

455 1835 559 1883 quod
587 1835 732 1873 infinita
759 1837 824 1874 uni
851 1845 1012 1885 possunt
1039 1837 1220 1874 accidere.

509 1900 544 1935 9.
565 1889 714 1926 Deinde
735 1902 822 1927 cum
839 1890 945 1926 dicit·
966 1890 1198 1940 Szcutigitur
1211 1889 1348 1926 dictum
1364 1895 1418 1926 est
1431 1897 1511 1936 etc.‚

455 1940 617 1977 ostendit
644 1943 714 1979 sub
744 1943 880 1992 quibus
909 1943 1090 1980 membris
1109 1942 1388 1991 praedictarum
1420 1942 1512 1979 divi-

455 1993 607 2030 sionum
627 1995 776 2032 fortuna
796 1995 1039 2042 contineatur,
1057 2003 1092 2032 et
1110 1995 1215 2043 quod
1235 2002 1290 2031 est
1309 2007 1331 2031 a
1350 1996 1510 2032 fortuna.

454 2046 503 2082 Et
532 2046 619 2084 dicit
645 2049 769 2096 primo
799 2048 903 2098 quod
942 2049 1090 2085 fortuna
1110 2056 1146 2085 et
1166 2061 1284 2095 casus,
1305 2055 1347 2084 ut
1367 2048 1471 2097 prius
1493 2050 1512 2070 ’¹‘

455 2098 596 2136 dictum
619 2108 684 2147 est,
705 2108 791 2138 sunt
818 2101 856 2138 in
884 2101 927 2138 iis
947 2113 1044 2149 quae
1072 2101 1169 2138 fiunt
1187 2108 1341 2150 propter
1359 2101 1510 2149 aliquid.

454 2151 674 2190 Differentia
694 2161 820 2191 autem
842 2166 949 2191 casus
970 2162 1006 2190 et
1025 2155 1196 2191 fortunae
1215 2153 1432 2202 posterius*
1448 2154 1512 2191 de-

506 2314 528 2348 ε)
550 2321 631 2346 neque
648 2315 885 2347 frequentem—Ita
900 2315 977 2344 PFL;
997 2321 1079 2346 neque
1097 2314 1164 2339 sicut
1181 2315 1340 2347 frequenter
1358 2315 1410 2343 εΗ,
1430 2321 1512 2347 neque

453 2350 491 2380 D,
511 2357 593 2382 neque
611 2356 714 2381 semper
731 2350 767 2374 al.
774 2351 932 2382 frequenter
950 2351 976 2380 S,
991 2356 1073 2382 neque
1091 2357 1194 2381 semper
1207 2355 1255 2374 cet.
1271 2354 1295 2374 et
1313 2350 1354 2374 ab
1373 2354 1462 2375 contra
1474 2350 1511 2375 in-

1091 235 1435 272 PHYSICORUM
1462 235 1808 272 ARISTOTELIS
1839 234 1932 270 LIB.
1963 235 1994 270 II

1571 313 1841 349 terminabitur.
1873 312 1949 349 Sed
1977 324 2078 348 nunc
2106 312 2180 348 hoc
2218 311 2331 349 debet
2357 313 2439 350 fieri
2475 313 2631 350 manife—

1571 373 1682 413 stum,
1695 367 1799 414 quod
1811 366 1830 386 ’¹‘
1843 372 2046 413 utrumque
2068 364 2279 401 continetur
2292 364 2331 401 in
2346 365 2389 402 iis
2404 378 2501 414 quae
2517 378 2631 413 agun-
2657 374 2668 385 ⁴

1570 426 1630 454 tur
1655 425 1810 467 propter
1838 418 1973 454 finem:
2003 417 2097 453 sicut
2124 417 2155 453 si
2175 417 2305 465 aliquis
2334 418 2443 454 sciret
2459 430 2499 454 se
2529 431 2630 455 rece-

1570 478 1724 519 pturum
1743 470 1946 518 pecuniam
1961 469 2000 506 in
2019 470 2114 517 foro,
2134 469 2262 506 ivisset
2281 470 2329 506 ad
2349 470 2629 519 deportandum

1572 535 1676 569 eam;
1697 523 1763 560 sed
1793 523 1823 560 si
1842 534 1919 559 non
1946 530 2102 571 propter
2127 522 2203 558 hoc
2221 522 2335 569 venit,
2360 534 2429 571 per
2457 523 2630 560 accidens

1573 583 1627 612 est
1655 575 1759 624 quod
1788 575 1974 612 adventus
1995 575 2074 611 eius
2093 575 2159 611 fiat
2177 575 2437 623 reportationis
2454 576 2581 624 gratia
2598 577 2629 622 *ζ

1570 628 1667 665 idest
1693 629 1831 664 habeat
1861 628 1964 664 hunc
2001 627 2190 664 effectum.
2221 628 2270 664 Et
2298 627 2351 664 sic
2386 634 2490 676 patet
2526 628 2631 676 quod

1571 681 1720 717 fortuna
1749 688 1804 717 est
1832 693 1946 717 causa
1963 692 2033 728 per
2060 679 2235 717 accidens
2255 692 2391 717 eorum
2419 692 2517 729 quae
2547 688 2633 718 sunt

1570 741 1726 781 propter
1757 733 1909 782 aliquid.
1940 734 2035 769 Item
2068 733 2310 769 manifestum
2349 741 2404 769 est
2439 732 2545 782 quod
2578 740 2634 770 est

1572 798 1685 822 causa
1705 797 1838 822 eorum
1858 797 1956 834 quae
1984 793 2070 821 sunt
2088 785 2126 821 in
2145 785 2283 822 minori
2310 793 2435 834 parte;
2457 785 2544 834 quia
2563 785 2633 822 ista

1571 837 1773 886 reportatio
1792 838 1975 886 pecuniae
1997 837 2130 874 dicitur
2153 838 2235 874 fieri
2254 850 2276 874 a
2295 838 2455 885 fortuna,
2477 838 2631 887 quando

1571 897 1737 939 reportat
1764 890 1814 927 ad
1841 890 1969 928 villam
1998 890 2156 927 veniens
2183 899 2307 939 neque
2337 903 2382 927 ex
2410 891 2631 928 necessitate

1570 956 1695 992 neque
1723 943 1938 992 frequenter
1955 949 1976 979 ⁸.
2009 944 2103 979 Item
2137 950 2192 980 est
2219 943 2257 979 in
2285 943 2329 980 iis
2357 955 2455 992 quae
2484 944 2582 980 fiunt
2609 955 2631 980 a

1569 995 1782 1045 proposito:
1804 996 1892 1044 quia
1919 995 2122 1043 reportatio
2150 996 2336 1044 pecuniae
2370 1008 2468 1044 quae
2497 996 2632 1032 dicitur

1570 1049 1652 1085 fieri
1672 1061 1694 1085 a
1722 1049 1881 1094 fortuna,
1904 1055 1958 1084 est
1976 1047 2062 1084 finis
2087 1047 2297 1096 aliquarum
2319 1060 2532 1095 causarum,
2552 1060 2631 1085 non

1570 1101 1779 1138 secundum
1808 1101 1988 1148 seipsum,
2008 1099 2103 1136 sicut
2116 1101 2136 1120 '⁸
2163 1100 2200 1136 in
2219 1099 2264 1136 iis
2284 1112 2381 1148 quae
2408 1101 2505 1137 fiunt
2523 1113 2546 1137 a
2565 1113 2630 1138 na-

1569 1161 1667 1201 tura,
1698 1153 1766 1190 sed
1794 1160 1849 1189 est
1876 1152 1962 1189 finis
1996 1164 2131 1189 eorum
2169 1164 2268 1200 quae
2295 1153 2392 1189 fiunt
2419 1153 2629 1190 secundum

2699 373 2739 395 uia
2754 373 2806 395 cod.
2821 379 2829 395 ι
2851 376 2874 396 et

2657 406 2686 422 pa
2703 415 2709 421 .

2658 583 2668 594 ⁸
2679 589 2751 604 cauea
2762 589 2871 610 ιοαιτνι,

2658 615 2717 637 ergo
2731 615 2753 630 r.

2657 1110 2667 1120 ⁸
2683 1111 2719 1131 est
2731 1109 2783 1131 add.
2796 1115 2872 1132 nom

2657 1141 2754 1158 nuonsz.

1568 1206 1807 1255 propositum
1846 1213 1882 1241 et
1909 1205 1956 1241 ab
1992 1204 2191 1240 intellectu.
2220 1204 2298 1241 Sed
2330 1205 2360 1241 si
2389 1205 2521 1253 aliquis
2555 1206 2630 1242 hoc
2662 1229 2666 1232 -

1568 1258 1764 1307 proposito
1793 1257 1862 1293 iret
1880 1264 1920 1293 ut
1938 1257 2141 1305 pecuniam
2162 1265 2380 1305 reportaret,
2400 1259 2463 1295 vel
2484 1259 2504 1280 *
2531 1270 2629 1295 sem-

1568 1323 1637 1359 per
1664 1318 1727 1347 aut
1754 1310 1970 1358 frequenter
1989 1316 2196 1357 reportaret
2223 1310 2378 1358 quando
2405 1311 2530 1358 venit,
2552 1323 2630 1348 non

1569 1363 1755 1400 diceretur
1775 1374 1856 1398 esse
1876 1373 1899 1398 a
1917 1361 2083 1398 fortuna:
2104 1361 2199 1398 sicut
2218 1362 2248 1398 si
2264 1364 2284 1381 ⁴*
2303 1361 2436 1411 aliquis
2456 1363 2668 1412 frequen-⁸

1568 1423 1623 1452 ter
1651 1423 1715 1452 aut
1743 1426 1896 1463 semper
1915 1413 2118 1451 madefacit
2144 1413 2215 1451 sibi
2237 1415 2368 1463 pedes,
2390 1415 2544 1464 quando
2563 1428 2630 1454 va-

1569 1468 1621 1504 dit
1649 1468 1698 1505 ad
1716 1468 1844 1504 locum
1873 1467 2058 1514 lutosum,
2081 1474 2118 1504 et
2134 1467 2210 1503 hoc
2238 1467 2324 1504 licet
2342 1479 2421 1504 non
2448 1467 2629 1516 intendat,

1567 1528 1696 1557 tamen
1724 1521 1798 1556 hoc
1826 1531 1905 1556 non
1934 1519 2066 1556 dicitur
2094 1531 2176 1556 esse
2205 1532 2228 1556 a
2256 1520 2416 1557 fortuna.

1627 1585 1683 1611 ιο.
1705 1573 1854 1610 Deinde
1870 1585 1957 1610 cum
1978 1572 2085 1610 dicit:
2106 1573 2355 1622 Manifestum
2370 1579 2424 1610 est
2436 1585 2529 1623 ergo
2546 1581 2629 1622 etc.‚

1568 1626 1758 1663 concludit
1782 1638 1827 1662 ex
1845 1625 2062 1674 praemissis
2083 1625 2346 1663 definitionem
2374 1626 2559 1664 fortunae.
2581 1627 2631 1663 Et

1568 1678 1655 1715 dicit
1682 1678 1924 1715 manifestum
1945 1691 2027 1715 esse
2048 1691 2093 1715 ex
2119 1678 2337 1727 praemissis
2356 1679 2462 1727 quod
2481 1679 2630 1716 fortuna

1568 1739 1623 1768 est
1650 1743 1764 1768 causa
1787 1743 1860 1779 per
1886 1731 2057 1768 accidens
2094 1731 2130 1768 in
2159 1732 2216 1768 his
2243 1743 2340 1780 quae
2364 1733 2471 1780 fiunt
2499 1743 2629 1769 secun-

1567 1785 1655 1821 dum
1678 1785 1912 1832 propositum
1935 1789 2092 1832 propter
2117 1785 2240 1831 finem
2275 1785 2311 1821 in
2336 1785 2477 1821 minori
2504 1790 2627 1833 parte.

1567 1838 1615 1874 Et
1644 1849 1688 1874 ex
1714 1838 1789 1873 hoc
1816 1844 1919 1885 patet
1938 1836 2042 1886 quod
2070 1837 2219 1873 fortuna
2245 1844 2280 1873 et
2307 1837 2515 1874 intellectus
2543 1845 2630 1874 sunt

1567 1890 1664 1926 circa
1692 1889 1795 1927 idem
1821 1889 1851 1926 g:
1883 1889 1970 1938 quia
1998 1889 2056 1926 his
2084 1897 2231 1926 tantum
2261 1890 2439 1927 convenit
2466 1901 2577 1938 agere
2606 1902 2629 1927 a

1566 1943 1727 1989 fortuna,
1740 1954 1838 1991 quae
1853 1943 1994 1979 habent
2008 1942 2254 1988 intellectum3
2269 1943 2509 1992 propositum
2525 1942 2628 1980 enim

1566 1997 1628 2032 vel
1655 1996 1831 2032 voluntas
1860 2007 1938 2032 non
1967 2003 2022 2032 est
2050 1995 2130 2032 sine
2164 1995 2364 2033 intellectu.
2394 1997 2443 2033 Et
2470 1996 2555 2033 licet
2583 2008 2629 2033 ea

1565 2056 1710 2085 tantum
1731 2055 1843 2095 agant
1866 2061 1888 2085 a
1916 2049 2078 2095 fortuna,
2100 2061 2197 2097 quae
2216 2049 2358 2085 habent
2385 2049 2627 2096 intellectum,

1565 2109 1694 2137 tamen
1722 2108 1862 2149 quanto
1892 2100 2033 2149 aliquid
2061 2101 2182 2149 magis
2210 2101 2379 2138 subiacet
2405 2101 2628 2150 intellectui,

1565 2161 1668 2190 tanto
1697 2153 1823 2190 minus
1851 2154 2021 2190 subiacet
2049 2154 2232 2191 fortunae.

1618 2314 1643 2347 ζ)
1657 2315 1729 2340 εἰναι
1752 2315 1858 2340 idem.-
1871 2315 1918 2340 Est
1938 2315 2013 2340 lectio
2032 2315 2182 2340 PBFHRZb
2203 2321 2229 2341 et
2248 2316 2370 2348 marginis
2385 2317 2421 2346 N;
2444 2316 2516 2341 circa
2535 2316 2630 2342 omittit

1565 2351 1585 2374 L
1592 2358 1599 2381 ;
1615 2353 1731 2382 propter
1753 2350 1822 2375 idem
1846 2351 1922 2375 ceteri
1945 2351 2046 2375 codices
2072 2356 2097 2376 et
2115 2351 2192 2375 editio
2209 2358 2236 2376 a.
2253 2364 2272 2370 -
2291 2352 2341 2375 Pro
2359 2352 2422 2384 quia
2440 2351 2494 2380 his,
2519 2351 2581 2383 quia
2600 2351 2627 2376 in

452 2388 551 2409 tenrum
566 2393 587 2409 s.
601 2384 726 2409 Thomae.
739 2384 837 2409 -Infra
852 2393 898 2416 pro
911 2391 1060 2414 causarum,
1072 2392 1159 2409 rerum
1179 2384 1410 2415 AlKOQSTVXY,
1421 2393 1510 2418 margo
1565 2385 1605 2410 his
1630 2385 1781 2444 ῗὲἓῆἶέῐ
1802 2386 1903 2410 codices
1924 2385 2035 2418 exceptis
2053 2385 2158 2418 DNpH;
2177 2393 2226 2418 pro
2250 2386 2383 2416 convenit,
2403 2385 2535 2418 contingit
2553 2386 2629 2412 codd.

1565 2427 1618 2445 exc.
1773 2437 1779 2445 .

453 2419 474 2444 N
494 2420 535 2444 vel
553 2427 649 2444 rerum.
664 2420 715 2444 Pro
728 2420 848 2452 seipsum,
863 2420 974 2452 seipsam
989 2420 1046 2444 edd.
1065 2427 1082 2444 a
1092 2421 1106 2445 b
1125 2425 1150 2444 et
1169 2420 1242 2444 codd.
1257 2427 1310 2444 exc.
1322 2420 1355 2444 K.

2657 1265 2743 1287 ν..ε1
2761 1267 2872 1294 reporta-

2657 1293 2696 1339 ἷξε
2710 1297 2750 1314 οιιι
2769 1297 2871 1318 cxxoqer

2682 1380 2823 1403 cummom.
2835 1375 2875 1397 ab

2657 1391 2767 1423 &00de
2776 1406 2825 1423 exe.
2840 1407 2863 1424 ο.
