2950 4004
1117 213 1228 250 CAP.
1258 212 1327 259 lx,
1358 211 1508 248 LECT.
1538 212 1609 248 xv

2398 228 2446 263 97

876 418 1175 476 LEcT10
1212 413 1842 502 DECIMAQUINTA

693 570 913 608 QUOMODO
936 569 1194 601 NECESSITAS
1218 569 1261 600 IN
1285 569 1420 600 REBUS
1443 570 1745 601 NATURALIBUS
1770 571 2035 602 INVENIATUR

615 660 631 668 es

278 701 324 734 Τὰ
347 696 376 733 δ’
398 700 432 741 ἐξ
459 699 608 746 ἀνάγκης
635 698 777 740 πότερον
804 697 838 739 ἐξ
864 696 1052 736 ὑποθέσεως
1077 696 1221 743 ὑπάρχει
1239 697 1259 734 ἦ
1276 701 1333 730 καὶ

346 746 478 783 ἀπλῶς;

277 790 333 822 νῦν
384 788 416 820 ὲν
440 786 504 840 γάρ
526 788 657 819 οἴονται
676 786 716 817 vd
743 785 776 826 ἐξ
804 785 952 831 ἀνάγκης
974 782 1058 817 εἶναι
1077 786 1108 817 ἐν
1129 786 1173 828 τῇ
1191 785 1332 832 γενέσει,

342 833 450 875 ὠσπερ
477 832 516 864 ἀν
541 832 571 862 εἴ
594 842 644 867 τις
670 830 729 862 τόν
755 833 871 883 τοῖχον
898 829 933 870 ἐξ
959 829 1108 873 ἀνάγκης
1130 829 1333 876 γεγενῆσθαι

342 875 489 919 νομίζοι,
517 874 570 906 ὅτι
597 874 644 906 ταὶ
667 874 726 916 μὲν
753 874 861 916 βαρέα
884 874 981 906 κάτω
1010 873 1134 916 πέφυκε
1165 873 1332 919 φέρεσθαι,

343 920 391 951 τά
412 915 450 952 δὲ
473 919 582 963 κοῦφα
615 918 794 955 ἐπιπολῆς·
821 914 873 950 διὸ
900 921 928 949 οἱ
952 916 1038 949 λίθοι
1064 918 1124 961 μὲν
1155 917 1251 951 κάτω
1275 920 1334 950 καὶ

342 964 390 996 τοὶ
412 962 565 1007 θεμέλια,
584 963 604 998 ’ἡ
631 958 668 994 δὲ
716 963 736 998 ἧ
764 962 830 994 ἀνω
855 957 915 994 διά
936 961 1148 1006 κουφότητα,
1168 960 1333 999 ἐπιπολῆς

341 1003 379 1039 δὲ
404 1007 559 1051 μάλιστα
584 1006 632 1039 τοὶ
654 974 753 1046 ξύλα·
778 1005 982 1049 κουφότατα
1006 1005 1086 1051 γάρ.

270 1092 355 1126 Ἀλλ’
385 1091 470 1135 ὅμως
496 1091 556 1122 οὐκ
582 1090 658 1122 ἄνευ
683 1090 742 1133 μὲν
765 1088 898 1122 τούτων
915 1088 1065 1134 γέγονεν,
1086 1090 1123 1122 οὐ
1141 1089 1258 1133 μέντοι
1277 1086 1336 1123 διά

342 1137 460 1168 ταῦτα
485 1134 574 1171 πλην
599 1135 640 1171 ὠς
665 1129 703 1165 δι’
732 1132 834 1175 ὕλην,
863 1133 936 1166 ἀλλ’
966 1133 1062 1165 ἕνεκα
1087 1135 1149 1166 τοῦ
1173 1134 1334 1178 κρύπτειν

345 1180 439 1212 ἄττα
462 1181 519 1211 καὶ
545 1177 672 1221 σώζειν.
696 1178 834 1221 Ὁμοίως
858 1172 896 1209 δὲ
919 1180 976 1209 καὶ
995 1177 1028 1210 ἐν
1047 1182 1118 1216 τοῖς
1137 1178 1251 1217 ἄλλοις
1269 1180 1335 1211 πᾶ-

342 1235 412 1264 σιν,
439 1223 471 1255 ἐν
499 1221 585 1260 ὅσοις
611 1222 652 1255 vo*
677 1221 775 1254 ἕνεκά
799 1233 859 1255 του
885 1222 989 1263 ἐστίν,
1010 1222 1069 1254 οὐκ
1095 1222 1172 1255 ἄνευ
1189 1223 1248 1267 μὲν
1267 1225 1333 1255 τῶν

343 1268 534 1314 ἀναγκαίαν
566 1266 715 1311 ἑχόντων
747 1266 810 1302 τήν
840 1265 957 1310 φύσιν,
992 1267 1030 1298 οὐ
1061 1266 1178 1310 μέντοι
1208 1279 1246 1313 γε
1276 1261 1335 1299 &not

343 1313 479 1352 ταῦτα,
508 1311 574 1344 ἀλλ’
596 1309 617 1346 ἦ
635 1311 676 1348 ὠς
702 1309 796 1351 ὕλην,
817 1310 886 1342 ἀλλ’
908 1310 1007 1342 ἕνεκά
1029 1322 1104 1352 του,
1133 1311 1198 1343 οἷον
1225 1307 1283 1344 8ιά
1300 1314 1333 1344 τί

344 1357 360 1387 ὁ
385 1359 487 1401 πρίων
514 1351 663 1395 vor-ocrim
692 1353 779 1392 ὅπως
803 1349 878 1387 τοδὶ
895 1356 953 1386 καὶ
972 1353 1069 1387 ἕνεκα
1086 1350 1195 1388 τουδί.
1222 1356 1332 1388 Τοῦτο

341 1400 460 1442 μέντοι
486 1400 526 1431 τὸ
552 1399 590 1430 οὖ
615 1397 712 1431 ἕνεκα
743 1393 913 1431 ἀδύνατον
946 1398 1120 1445 γενέσθαι,
1150 1398 1187 1431 ἂν
1214 1400 1260 1442 μή
1286 1411 1335 1431 σι-

342 1443 460 1490 δηροῦς
480 1442 515 1486 ᾗ·
535 1442 665 1488 ἀνάγκη
689 1442 756 1484 ἀρα
781 1437 935 1487 σιδηροῦν
953 1439 1052 1484 εἶναι,
1065 1444 1097 1474 ἐἰ
1116 1446 1217 1487 πρίων
1236 1444 1334 1476 ἔσται

341 1492 398 1522 καὶ
430 1489 470 1520 τὸ
501 1487 596 1532 ἔργον
630 1487 752 1518 αὐτοῦ.
783 1485 842 1526 Ἐξ
867 1485 1054 1523 ὑποθέσεως
1079 1482 1124 1523 δη
1156 1488 1196 1519 τὸ
1231 1489 1335 1533 ἀναγ-

341 1537 451 1571 καῖον,
472 1531 543 1563 ἀλλ’
565 1531 628 1575 οὐχ
652 1530 693 1567 ὠς
719 1530 830 1567 τέλος·
856 1528 888 1562 ἐν
913 1530 978 1574 γάρ
1004 1531 1049 1572 τῇ
1076 1530 1137 1573 ὕλῃ
1164 1531 1204 1563 τὸ
1229 1532 1333 1578 ἀναγ-

341 1581 455 1617 καῖον,
482 1574 523 1607 τὸ
547 1571 576 1606 δ’
606 1573 643 1606 οὖ
669 1573 767 1605 ἕνεκα
791 1574 824 1612 ἐν
850 1575 897 1615 τῷ
921 1574 1021 1620 λόγῳ.

268 1662 366 1694 Ἔστι
390 1655 428 1692 δὲ
453 1658 493 1691 τὸ
521 1659 706 1702 ἀναγκαῖον
733 1654 765 1688 ἓν
790 1668 827 1688 τε
853 1660 923 1694 τοῖς
940 1654 1118 1699 μαθήμασι
1135 1658 1193 1688 καὶ
1211 1657 1242 1689 ἑν
1262 1661 1332 1695 τοῖς

340 1704 437 1736 κατὰ
459 1701 553 1747 φύσιν
578 1699 785 1747 γιγνομένοις
820 1700 945 1744 τρόπον
971 1700 1050 1732 τινά
1074 1702 1331 1743 παραπλησίως·

342 1750 415 1781 ἐπεὶ
438 1746 502 1793 γάρ
524 1746 564 1777 τὸ
589 1744 666 1779 εὐθύ
691 1740 766 1776 τοδί
799 1744 910 1786 ἑστιν,
939 1744 1069 1789 ἀνάγκη
1101 1744 1142 1776 τὸ
1173 1747 1333 1790 τρίγωνον

341 1789 402 1824 δύο
428 1790 538 1834 ὀρθαῖς
567 1791 643 1827 ἴσας
677 1788 777 1834 ἔχειν·
813 1788 885 1821 ἀλλ’
914 1789 974 1819 οὐκ
999 1790 1027 1820 εἱ
1060 1789 1185 1830 τοῦτο,
1214 1790 1332 1821 ἐκεῖνο·

341 1837 410 1870 ἀλλ’
438 1837 468 1867 εἴ
490 1846 528 1880 γε
553 1836 659 1867 τοῦτο
684 1831 732 1877 μη’
757 1833 862 1874 ἐστιν,
882 1827 961 1865 οὐδὲ·
985 1834 1026 1866 τὸ
1050 1831 1128 1863 εὐθύ
1151 1833 1255 1865 ἐστιν.
1277 1834 1332 1865 Ἐν

340 1877 378 1913 δὲ
404 1884 473 1916 τοῖς
496 1879 703 1924 γιγνομένοις
724 1875 822 1909 ἕνεκά
841 1889 901 1909 του
920 1876 1103 1917 ἀνάπαλιν,
1123 1877 1151 1908 εἰ
1171 1878 1213 1909 τὸ
1236 1877 1336 1916 τέλος

341 1926 439 1957 ἔσται
464 1921 485 1960 ἦ
511 1923 603 1964 ἔστι,
633 1924 691 1955 καὶ
717 1921 757 1953 τὰ
787 1920 969 1966 ἔμπροσθεν
1003 1921 1101 1954 ἔσται
1127 1920 1148 1957 ἦ
1174 1921 1279 1954 ἔστιν·
1306 1923 1333 1954 εἱ

341 1965 378 2001 δὲ
403 1967 464 2013 μή,
490 1966 598 2012 ὥσπερ
623 1969 692 1999 ἐκεῖ
715 1965 762 2009 μή
787 1965 884 2003 ὄντος
910 1966 971 1997 τοῦ
999 1964 1286 2010 συμπεράσματος
1312 1968 1332 2003 ἡ

343 2013 431 2058 ἀρχὴ
457 2012 517 2044 οὐκ
549 2011 666 2053 ἔσται,
692 2011 750 2041 καὶ
775 2007 926 2041 ἐνταῦθα
951 2009 992 2041 τὸ
1017 2010 1113 2046 τέλος
1144 2006 1214 2041 καί·
1228 2010 1269 2042 τὸ
1295 2011 1333 2042 οὗ

343 2058 452 2090 ἕνεκα·
481 2056 568 2099 ἀρχῆ
593 2056 657 2101 γάρ
680 2055 738 2085 καὶ
764 2053 868 2093 αὕτη,
895 2054 933 2085 οὗ
959 2054 1020 2091 τῆς
1053 2052 1216 2097 πράξεως,
1245 2055 1335 2087 ἀλλὰ

342 2102 404 2135 τοῦ
435 2100 611 2144 λογισμοῦ·
645 2101 713 2131 ἐκεῖ
740 2093 777 2128 δὲ
809 2098 871 2129 τοῦ
899 2098 1076 2142 λογισμοῦ·
1103 2096 1237 2141 πράξεις
1268 2099 1332 2144 γάρ

343 2146 402 2178 οὐκ
426 2145 518 2176 εἰσίν.
549 2143 644 2175 (Ὦστ’
672 2142 700 2174 εἰ
725 2141 823 2173 ἔσται
849 2141 952 2181 οἰκία,
980 2141 1110 2187 ἀνάγκη
1137 2142 1255 2173 ταῦτα
1278 2155 1332 2188 γε-

342 2187 456 2222 νέσθαι
481 2187 501 2223 ἦ
528 2186 688 2232 ὑπάρχειν
719 2184 740 2221 ἦ
765 2182 872 2226 εἶναι,
899 2185 920 2222 ἦ
947 2183 1028 2222 ὅλως
1062 2186 1125 2222 την
1156 2184 1236 2222 ὕλην
1268 2187 1331 2222 τήν

342 2231 441 2266 ἕνεκά
462 2232 552 2276 ζτου,
580 2232 647 2263 οἱον
675 2229 784 2266 λίθους
817 2231 873 2260 καὶ
904 2228 1074 2270 πλίνθους,
1107 2229 1134 2260 εἰ
1164 2229 1265 2261 οἰκία·
1294 2231 1331 2262 οὐ

341 2276 458 2321 μέντοι
482 2271 541 2307 διαὶ
564 2274 682 2308 ταῦτά
708 2274 781 2305 ἐστι
806 2273 847 2304 τὸ
872 2273 990 2314 τέλος,
1020 2273 1086 2306 ἀλλ’
1116 2272 1137 2309 ἦ
1162 2274 1203 2310 ὠς
1237 2273 1330 2311 ὕλην·

341 2317 412 2353 οὐδ’
439 2320 539 2352 ἔσται
563 2315 622 2351 8ιά
646 2318 776 2350 ταῦτα.
796 2316 901 2355 ’Ὀλως
926 2317 1044 2360 μέντοι
1068 2318 1116 2360 μη“
1140 2317 1246 2350 ὄντων
1272 2319 1331 2350 οὐκ

340 2365 439 2398 ἔσται
472 2359 540 2395 οὐδ’
570 2364 590 2399 ’ἦ
618 2363 707 2394 οἰκία
741 2356 809 2392 οὐδ’
840 2362 855 2393 ὁ
881 2365 1005 2403 πρίων,
1034 2363 1053 2397 ἡ
1079 2362 1138 2404 μέν
1164 2362 1192 2392 εἱ
1219 2362 1266 2405 μή
1300 2366 1330 2394 οἰ

338 2408 438 2448 λίθοι,
459 2409 474 2439 ὁ
492 2403 519 2439 δ’
542 2408 569 2438 εἰ
595 2407 641 2450 μη
668 2408 684 2439 ὁ
709 2401 853 2447 σίδηρος·
881 2402 958 2439 οὐδὲ
982 2406 1045 2452 γάρ
1072 2406 1141 2437 ἐκεῖ·
1160 2408 1193 2436 αἱ
1214 2407 1329 2450 ἀρχαί,

340 2454 369 2485 εἰ
393 2452 439 2497 μή
465 2452 506 2484 τὸ
531 2463 552 2483 τ
573 2453 690 2496 ίγωνον
716 2445 776 2481 δυό
810 2449 934 2494 ὀρθαῖς,
970 2450 1116 2493 Φανερὸν
1141 2444 1184 2485 δή
1211 2449 1264 2482 ὅτι
1290 2452 1330 2483 τό

342 2499 526 2542 ἀναγκαῖον
554 2507 586 2527 εν
613 2499 682 2533 τοῖς
708 2499 852 2536 φυσικοῖς
879 2495 919 2526 τὸ
936 2495 976 2533 ὠς
996 2494 1056 2531 ὕλη
1074 2492 1254 2539 λεγόμενον
1271 2498 1328 2527 καὶ

341 2544 376 2574 αἱ
399 2540 541 2576 κινήσεις
577 2542 610 2570 αἱ
643 2538 787 2575 ταύτης.
825 2540 890 2570 Καὶ
918 2538 1013 2583 ἄμφω
1038 2538 1096 2582 μὲν
1129 2538 1176 2578 τῷ
1208 2540 1330 2581 φυσικῷ

338 2583 477 2617 λεκτέαι
503 2586 537 2615 αἱ
563 2583 686 2624 αἰτίαι,
705 2583 833 2626 μᾶλλον
858 2578 894 2614 δὲ
920 2584 940 2619 η
968 2582 1056 2620 τινὸς
1082 2581 1192 2614 ἕνεκα·
1220 2585 1329 2616 αἴτιον

339 2629 404 2673 γὰρ
429 2629 534 2660 τοῦτο
559 2628 621 2664 τῆς
647 2627 740 2666 ὕλης,
768 2627 836 2658 ἀλλ’
866 2626 929 2671 οὐχ
953 2627 1041 2663 αὕτη
1068 2627 1129 2658 τοῦ
1154 2625 1285 2665 τέλους·

274 2675 331 2705 καὶ
356 2673 397 2705 τὸ
423 2671 520 2708 τέλος
545 2672 587 2702 τό
612 2671 650 2703 οὗ
676 2670 784 2711 ἕνεκα,
803 2672 860 2702 καὶ
879 2671 898 2707 ἦ
918 2671 1004 2716 ἀρχὴ
1028 2671 1175 2704 ἀπὸτοῦ
1194 2671 1330 2715 ὁρισμοῦ

340 2718 399 2748 καὶ
425 2717 486 2747 τοῦ
510 2715 550 2747 λο’
579 2727 627 2756 ου,
653 2714 742 2747 ὥσπε
787 2714 819 2746 ἑν
845 2719 915 2752 τοῖς
938 2715 1035 2747 κατά
1059 2714 1195 2759 τέχνην,
1216 2715 1287 2747 ἐπεὶ
1310 2717 1330 2752 ἡ

342 2761 431 2792 οἰκία
456 2726 607 2800 «conditis,
635 2755 719 2791 τάδε
745 2726 796 2792 §et
824 2758 996 2804 γίγνεσθαι
1020 2761 1076 2790 καὶ
1104 2757 1264 2803 ὑπάρχειν
1289 2757 1322 2800 ἐξ

343 2804 504 2849 ἀνάγκης,
522 2808 578 2837 καὶ
605 2804 675 2835 ἐπεὶ
694 2804 714 2840 ’ἦ
733 2805 842 2850 ὑγίεια
870 2801 957 2843 τοδί,
979 2799 1064 2835 τάδε
1089 2798 1141 2835 δεῖ·
1158 2803 1330 2848 γίγνεσθαι

341 2847 376 2889 ἐξ
403 2848 550 2894 ἀνάγκης
581 2849 640 2879 καὶ
673 2847 743 2880 ὑπά
763 2858 847 2892 χειν·
882 2846 987 2884 οὕτως
1018 2849 1075 2879 καὶ
1101 2848 1128 2879 εἰ
1160 2847 1328 2891 ἄνθρωπος

342 2887 436 2934 τοδί,
464 2888 557 2925 ταδί·
583 2893 610 2923 εἰ
635 2886 672 2923 δὲ
697 2861 796 2932 vage,
832 2886 924 2923 ταδί.
955 2892 1050 2929 Ἴσως
1076 2886 1114 2924 δὲ
1137 2894 1194 2924 καὶ
1224 2893 1257 2924 ἐν
1283 2893 1329 2934 τῷ

338 2936 428 2982 λόγῳ
454 2937 525 2969 ἐστὶ
552 2937 592 2969 τὸ
619 2936 815 2982 ἀναγκαῖον.
849 2936 1050 2979 Ὀρισαμένῳ
1074 2937 1138 2981 γάρ
1164 2936 1204 2969 τὸ
1234 2937 1328 2982 ἔργον

341 2984 403 3014 τοῦ
429 2984 531 3025 πρίειν
558 2981 610 3013 ὅτι
635 2975 792 3025 διαίρεσις
819 2975 944 3012 τοιαδί·
973 2979 1061 3017 αὕτη
1086 2976 1116 3012 δ’
1138 2981 1196 3012 οὐκ
1217 2980 1328 3021 ἔσται,

341 3026 370 3056 εἰ
394 3025 439 3069 μη
465 3024 530 3066 ἕξει
556 3020 698 3062 ὀδόντας
723 3019 885 3057 τοιουσδί·
912 3024 1004 3057 οὗτοι
1030 3020 1059 3055 δ’
1081 3025 1132 3066 οὔ,
1157 3025 1184 3056 εἰ
1209 3024 1254 3068 μή
1280 3036 1328 3056 σι-

340 3063 470 3113 δηροῦς.
501 3069 600 3102 Ἔστι
631 3069 694 3114 γάρ
725 3071 782 3100 καὶ
809 3069 841 3100 ἐν
867 3069 914 3110 τῷ
937 3068 1026 3114 λόγῳ
1058 3068 1128 3100 ἔνια
1161 3068 1262 3113 μόρια
1287 3070 1328 3106 ὠς

342 3112 402 3150 ὕλη
430 3113 491 3145 τοῦ
514 3113 629 3160 λόγου.

328 3217 476 3244 SYNOPSIS.
500 3232 534 3237 —-
562 3225 584 3244 ι.
603 3217 812 3253 Argumentum
834 3223 861 3244 et
882 3215 983 3244 divisio
1004 3223 1104 3245 textus.
1119 3233 1138 3238 -
1153 3224 1180 3244 2.
1203 3218 1329 3245 Praeno-

275 3263 386 3285 tamen:
409 3255 601 3284 necessarium
615 3255 779 3292 simpliciter
793 3265 843 3284 seu
858 3256 987 3283 absolute
1008 3262 1051 3284 est
1064 3256 1134 3284 illud
1151 3257 1230 3292 quod
1244 3257 1329 3284 habet

275 3295 472 3324 necessitatem
493 3303 527 3322 ex
547 3294 639 3323 causis
653 3294 795 3330 prioribus
816 3294 846 3322 in
867 3303 944 3329 esse;
961 3295 1153 3323 necessarium
1174 3304 1207 3323 ex
1229 3295 1329 3323 condi-

275 3334 353 3363 tione
375 3343 425 3362 seu
446 3343 480 3362 ex
510 3333 706 3370 suppositione
737 3339 778 3361 est
808 3334 887 3370 quod
907 3334 993 3361 habet
1020 3333 1216 3362 necessitatem
1238 3343 1271 3362 ex
1293 3343 1328 3362 eo

276 3375 355 3411 quod
383 3379 424 3402 est
444 3373 596 3409 posterius.
620 3374 764 3407 Quaerere
785 3381 853 3409 ergo
874 3378 970 3400 utrum
991 3372 1021 3400 in
1041 3374 1125 3400 rebus
1153 3373 1328 3401 naturalibus

275 3414 311 3442 sit
331 3413 523 3442 necessarium
538 3412 702 3448 simpliciter
715 3418 764 3440 aut
778 3421 811 3439 ex
825 3411 1022 3448 suppositione
1043 3411 1120 3440 idem
1134 3418 1176 3440 est
1190 3421 1223 3440 ac
1241 3421 1327 3449 quae-

275 3462 337 3481 rere
358 3460 454 3480 utrum
482 3452 511 3479 in
532 3451 707 3479 naturalibus
731 3451 882 3480 necessitas
908 3451 1067 3479 inveniatur
1095 3460 1128 3479 ex
1149 3451 1206 3479 fine
1225 3457 1275 3479 aut
1295 3460 1329 3479 ex

275 3492 401 3521 materia.
415 3509 432 3513 -
449 3492 473 3519 3.
490 3491 597 3527 Opinio
612 3491 774 3528 aliquorum
794 3491 873 3527 quod
888 3490 1088 3527 dispositiones
1102 3499 1197 3518 rerum
1213 3496 1327 3518 natura-

275 3532 345 3560 lium
361 3531 530 3568 proveniant
550 3531 620 3559 tales
641 3540 674 3559 ex
694 3530 862 3558 necessitate
882 3530 1013 3558 absoluta
1034 3529 1178 3558 materiae.
1195 3546 1213 3551 -
1227 3539 1255 3564 4.
1271 3531 1328 3557 Ve-

416 3588 484 3620 Opp.
503 3588 533 3612 D.
549 3587 661 3612 Taomn
680 3587 711 3611 T.
726 3587 754 3611 ll.

1389 699 1406 718 *
1426 700 1523 737 Quod
1547 708 1654 732 autem
1681 708 1726 732 est
1749 712 1785 732 ex
1804 702 2003 742 necessitate,
2038 710 2144 734 utrum
2168 714 2204 734 ex
2230 704 2447 744 suppositione

1457 744 1506 783 sit,
1526 752 1580 775 aut
1603 743 1800 785 simpliciter?

1389 788 1482 831 N-unc
1505 788 1635 829 quidam
1651 789 1736 819 enim
1752 790 1922 829 opinantur
1937 790 2025 831 quod
2040 800 2076 820 ex
2091 791 2271 822 necessitate
2286 798 2332 822 est
2347 792 2379 822 in
2395 802 2447 832 ge-

1456 832 1627 870 neratione,
1649 843 1715 863 esse
1733 834 2007 874 quemadmodum
2021 834 2131 874 utique
2150 835 2176 865 si
2191 835 2303 875 aliquis
2318 845 2448 866 murum

1457 885 1523 906 esse
1546 886 1583 906 ex
1606 877 1786 907 necessitate
1810 877 1982 916 existimet,
2011 878 2164 919 quoniam
2192 879 2296 918 gravia
2318 879 2448 919 quidem

1457 920 1606 950 deorsum
1629 920 1700 950 ferri
1724 927 1796 960 apta
1814 927 1924 951 natura
1947 928 2030 960 sunt,
2054 921 2134 952 levia
2152 929 2258 952 autem
2277 923 2447 962 superemi-

1457 969 1550 993 nent:
1582 964 1666 994 unde
1695 964 1813 1004 lapides
1837 964 1967 1005 quidem
1990 965 2139 996 deorsum
2166 965 2198 996 in
2222 965 2448 1005 fundamento,

1456 1013 1535 1038 terra
1559 1014 1665 1038 autem
1688 1017 1814 1038 sursum
1845 1015 1974 1048 propter
2004 1009 2183 1048 levitatem,
2217 1020 2311 1050 supra
2343 1017 2449 1041 autem

1455 1051 1591 1081 maxime
1614 1051 1709 1090 ligna,
1733 1051 1889 1082 levissima
1912 1053 1997 1082 enim
2020 1060 2102 1083 sunt.

1389 1094 1406 1114 *
1422 1095 1484 1126 Sed
1506 1101 1611 1125 tamen
1628 1104 1693 1125 non
1717 1095 1783 1125 sine
1806 1095 1854 1125 his
1878 1096 2007 1136 quidem
2030 1096 2148 1127 factum
2168 1103 2231 1128 est:
2256 1107 2322 1128 non
2341 1104 2448 1128 tamen

1455 1145 1584 1179 propter
1607 1138 1688 1176 hoc,
1718 1138 1776 1168 nisi
1804 1139 1883 1170 sicut
1912 1147 2040 1179 propter
2067 1141 2246 1179 materiam;
2278 1142 2333 1172 sed
2357 1152 2449 1172 causa

1456 1182 1668 1213 abscondendi
1686 1182 1755 1223 ipsa
1774 1189 1803 1213 et
1822 1183 1969 1213 salvandi.
1994 1183 2141 1214 Similiter
2159 1191 2266 1215 autem
2284 1191 2315 1215 et
2332 1185 2364 1215 in
2381 1185 2448 1215 aliis

1456 1226 1605 1257 omnibus
1621 1226 1654 1256 in
1673 1226 1788 1267 quibus
1804 1233 1932 1267 propter
1945 1227 2063 1267 aliquid
2080 1234 2135 1266 est,
2152 1238 2218 1258 non
2237 1229 2303 1258 sine
2319 1229 2448 1269 quidem

1454 1270 1641 1301 habentibus
1657 1271 1864 1301 necessariam
1879 1270 2042 1301 materiam
2058 1278 2148 1302 sunt:
2174 1282 2239 1302 non
2253 1279 2358 1303 tamen
2374 1283 2447 1312 pro-

1455 1321 1523 1354 pter
1539 1314 1611 1353 hoc,
1627 1315 1682 1344 sed
1704 1321 1759 1345 aut
1775 1314 1855 1345 sicut
1870 1315 1999 1345 materia
2014 1322 2098 1354 sunt,
2115 1316 2169 1345 sed
2184 1323 2313 1356 propter
2331 1316 2449 1356 aliquid

1456 1365 1512 1396 est,
1529 1365 1564 1389 ut
1579 1366 1676 1397 serra;
1699 1358 1884 1389 huiusmodi
1901 1358 1986 1388 enim
2007 1365 2053 1389 est
2069 1359 2143 1399 quia
2166 1359 2234 1390 talis
2259 1366 2314 1398 est,
2331 1367 2361 1390 et
2375 1370 2447 1399 pro-

1455 1408 1523 1442 pter
1541 1402 1603 1433 hoc
1623 1402 1808 1432 huiusmodi
1832 1409 1887 1433 est.
1911 1402 1974 1433 Sed
1995 1409 2101 1433 tamen
2124 1403 2156 1433 id
2180 1404 2267 1443 quod
2291 1410 2336 1434 est
2359 1403 2448 1434 cuius

1457 1456 1559 1484 causa,
1583 1445 1778 1486 impossibile
1802 1453 1848 1477 est
1867 1445 1933 1476 fieri
1949 1446 2008 1476 nisi
2024 1447 2121 1477 ferrea
2137 1446 2190 1477 sit:
2215 1457 2340 1477 necesse
2354 1447 2448 1487 igitur

1455 1489 1587 1520 ferream
1611 1500 1687 1528 esse,
1711 1489 1737 1520 si
1760 1499 1842 1520 serra
1865 1490 1922 1520 erit
1945 1496 1975 1520 et
1998 1500 2080 1530 opus
2102 1490 2210 1531 ipsius.
2234 1491 2282 1521 Ex
2303 1491 2448 1531 supposi-

1456 1533 1542 1564 tione
1564 1533 1659 1574 igitur
1681 1534 1770 1574 quod
1785 1533 1994 1564 necessarium
2009 1541 2065 1573 est,
2085 1535 2140 1564 sed
2155 1544 2220 1565 non
2245 1541 2280 1565 ut
2300 1534 2389 1565 finis:
2414 1534 2447 1564 in

1455 1578 1584 1608 materia
1613 1577 1698 1607 enim
1725 1577 1934 1608 necessarium
1960 1583 2021 1616 est,
2045 1578 2132 1618 quod
2161 1584 2267 1608 autem
2291 1586 2336 1609 est
2359 1578 2447 1608 cuius

1456 1621 1604 1651 causain
1626 1621 1745 1651 ratione
1769 1628 1823 1652 est.

1389 1664 1406 1683 *
1424 1664 1480 1695 Est
1498 1671 1604 1695 autem
1627 1665 1837 1695 necessarium
1857 1671 1887 1695 et
1909 1665 1941 1695 in
1964 1665 2112 1696 doctrinis
2133 1672 2162 1696 et
2176 1665 2208 1695 in
2224 1665 2272 1696 his
2295 1676 2375 1706 quae
2399 1675 2446 1696 se-

1456 1708 1598 1738 cundum
1621 1715 1766 1738 naturam
1788 1708 1885 1747 fiunt,
1910 1709 2150 1749 quodammodo
2179 1709 2327 1741 similiter.
2358 1711 2446 1747 Quo-

1456 1752 1541 1782 niam
1557 1752 1641 1782 enim
1653 1758 1754 1782 rectus
1770 1752 1831 1782 hoc
1848 1759 1903 1789 est,
1915 1763 2039 1782 necesse
2052 1759 2098 1782 est
2112 1752 2305 1792 triangulum
2321 1754 2446 1784 duobus

1455 1796 1545 1826 rectis
1568 1796 1714 1836 aequales
1738 1796 1860 1827 habere.
1885 1796 1946 1826 Sed
1969 1806 2034 1826 non
2058 1796 2083 1826 si
2107 1796 2169 1827 hoc
2192 1803 2254 1835 est,
2278 1797 2357 1827 illud
2381 1804 2444 1827 est:

1455 1840 1510 1870 sed
1533 1840 1558 1870 si
1581 1839 1642 1870 hoc
1665 1850 1731 1870 non
1755 1847 1810 1878 est,
1834 1850 1937 1881 neque
1960 1839 2012 1870 ille
2032 1846 2134 1870 rectus
2157 1847 2211 1871 est.
2237 1841 2272 1870 In
2288 1840 2325 1870 iis
2342 1847 2448 1871 autem

1455 1894 1536 1924 quae
1559 1883 1639 1914 fiunt
1662 1890 1790 1924 propter
1812 1884 1893 1922 hoc,
1918 1894 1934 1914 e
1958 1884 2113 1914 contrario
2138 1890 2192 1914 est.
2214 1884 2247 1914 Si
2269 1883 2339 1914 finis
2363 1885 2448 1914 enim

1455 1928 1512 1958 erit
1534 1934 1589 1958 aut
1611 1934 1667 1966 est,
1692 1928 1780 1969 quod
1803 1934 1849 1958 est
1871 1935 1942 1958 ante
1965 1927 2062 1958 finem
2090 1927 2146 1958 erit
2169 1935 2222 1958 aut
2246 1935 2304 1958 est:
2329 1928 2354 1958 si
2372 1938 2446 1958 vero

1436 1982 1532 2010 rnon,
1557 1972 1636 2002 sicut
1659 1972 1702 2002 ibi
1726 1982 1800 2002 cum
1823 1982 1888 2002 non
1913 1972 1951 2002 sit
1974 1971 2135 2002 conclusio
2160 1971 2349 2012 principium
2381 1982 2446 2002 non

1455 2016 1522 2054 erit,
1546 2022 1577 2046 et
1599 2015 1649 2046 hic
1671 2015 1743 2046 finis
1762 2022 1792 2046 et
1810 2016 1898 2056 quod
1915 2015 2004 2046 cuius
2024 2025 2124 2046 causa.
2149 2016 2343 2056 Principium
2362 2016 2446 2046 enim

1456 2066 1486 2090 et
1508 2060 1569 2090 hoc
1593 2067 1654 2098 est,
1677 2070 1743 2090 non
1769 2060 1899 2090 actionis
1919 2060 1973 2099 sled
1991 2059 2250 2090 ratiocinationis:
2274 2060 2316 2090 ibi
2340 2067 2446 2090 autem

1454 2103 1715 2142 ratiocinationis;
1731 2110 1816 2134 actus
1834 2104 1919 2134 enim
1933 2114 1999 2134 non
2015 2110 2098 2134 sunt.
2114 2103 2132 2122 *
2151 2104 2255 2141 Quare
2271 2104 2296 2134 si
2313 2104 2370 2134 erit
2391 2105 2445 2134 do-

1454 2157 1546 2185 mm,
1570 2147 1647 2178 haec
1670 2158 1795 2178 necesse
1819 2155 1864 2178 est
1886 2147 1952 2178 fieri
1977 2154 2030 2178 aut
2053 2147 2180 2178 existere
2204 2154 2259 2177 aut
2281 2158 2367 2186 esse,
2391 2155 2446 2178 aut

1454 2191 1587 2221 omnino
1607 2191 1780 2230 materiam,
1800 2201 1882 2232 quae
1900 2198 2028 2231 propter
2044 2191 2122 2230 hoc;
2143 2198 2177 2222 ut
2192 2191 2301 2222 lateres
2320 2199 2350 2222 et
2367 2192 2446 2231 lapi-

1455 2235 1508 2265 des
1532 2245 1608 2274 esse,
1633 2235 1658 2265 si
1682 2235 1808 2266 domus.
1832 2236 1906 2265 Non
1929 2242 2034 2266 tamen
2058 2242 2186 2275 propter
2209 2235 2270 2265 hoc
2294 2242 2339 2266 est
2357 2235 2444 2274 finis,

1454 2278 1509 2309 sed
1532 2285 1586 2309 aut
1609 2278 1689 2309 sicut
1718 2278 1864 2309 materiae
1888 2286 1980 2309 sunt:
2013 2289 2116 2319 neque
2141 2278 2196 2309 erit
2224 2286 2351 2319 propter
2374 2279 2444 2310 hoc.

1454 2322 1597 2353 Omnino
1621 2329 1726 2352 tamen
1750 2322 1775 2352 si
1795 2332 1860 2352 non
1880 2323 1951 2361 sint,
1975 2333 2040 2353 non
2065 2322 2120 2353 erit
2139 2333 2242 2363 neque
2262 2323 2376 2354 domus
2392 2333 2445 2353 ne-

1453 2376 1516 2407 que
1535 2373 1635 2396 serra:
1659 2366 1735 2397 haec
1754 2366 1884 2407 quidem
1907 2366 1967 2396 nisi
1990 2366 2051 2397 sint
2069 2366 2199 2406 lapides,
2223 2367 2275 2397 illa
2293 2377 2367 2397 vero
2387 2367 2445 2396 nisi

1454 2410 1571 2440 ferrum
1594 2410 1641 2440 sit.
1666 2411 1777 2450 Neque
1801 2410 1886 2440 enim
1909 2410 1951 2440 ibi
1975 2409 2128 2450 principia
2151 2417 2244 2449 sunt,
2268 2411 2327 2440 nisi
2351 2411 2444 2441 trian-

1453 2454 1565 2494 gulum
1593 2454 1719 2484 duobus
1745 2454 1844 2484 rectis.
1869 2453 2072 2484 Manifestum
2099 2454 2193 2493 igitur
2216 2461 2262 2484 est
2289 2455 2377 2495 quod
2400 2461 2446 2485 est

1453 2498 1662 2528 necessarium
1687 2498 1719 2527 in
1747 2497 1884 2538 physicis
1907 2498 1995 2538 quod
2019 2497 2098 2527 sicut
2122 2498 2250 2538 materia
2273 2498 2395 2536 dicitur,
2416 2505 2446 2528 et

1454 2548 1560 2572 motus
1575 2542 1630 2582 qui
1644 2541 1752 2581 ipsius.
1779 2541 1795 2560 *
1810 2542 1850 2572 Et
1874 2548 2022 2581 utraeque
2050 2541 2181 2582 physico
2206 2541 2353 2572 dicendae
2372 2549 2446 2572 sunt
2472 2550 2481 2560 ⁸

1454 2593 1578 2616 causae:
1606 2585 1704 2624 magis
1721 2592 1826 2615 autem
1850 2595 1885 2615 ea
1908 2595 1988 2626 quae
2012 2585 2100 2615 cuius
2118 2593 2225 2624 causa;
2251 2596 2343 2616 causa
2360 2586 2444 2616 enim

1453 2629 1529 2660 haec
1554 2629 1700 2660 materiae
1724 2636 1780 2668 est,
1805 2629 1859 2659 sed
1883 2639 1947 2659 non
1971 2629 2047 2659 haec
2070 2628 2150 2659 finis.

1387 2674 1427 2704 Et
1441 2673 1523 2711 finis,
1539 2674 1628 2713 quod
1643 2679 1689 2703 est
1708 2673 1796 2703 cuius
1813 2683 1905 2703 causa
1921 2679 1951 2704 et
1965 2672 2166 2712 principium,
2185 2683 2203 2702 a
2219 2672 2398 2704 definitione
2413 2681 2443 2704 et

1453 2717 1572 2748 ratione
1588 2723 1643 2755 est,
1659 2717 1739 2747 sicut
1761 2717 1792 2747 in
1808 2716 1845 2747 iis
1859 2727 1940 2758 quae
1963 2717 2138 2747 secundum
2153 2723 2260 2748 artem.
2282 2717 2443 2754 Quoniam

1453 2761 1478 2791 si
1502 2761 1617 2792 domus
1640 2761 1708 2792 talis
1733 2767 1795 2799 est,
1819 2767 1944 2801 oportet
1966 2761 2041 2791 haec
2064 2760 2129 2790 fieri
2154 2771 2189 2791 ex
2209 2761 2388 2791 necessitate
2412 2768 2442 2792 et

1453 2812 1533 2836 esse:
1559 2811 1590 2835 et
1612 2805 1765 2846 quoniam
1788 2805 1849 2835 hoc
1872 2811 1918 2835 est
1936 2805 2060 2842 sanitas,
2085 2804 2160 2835 haec
2184 2811 2308 2844 oportet
2331 2805 2396 2835 fieri
2412 2812 2443 2835 et

1453 2859 1518 2880 esse
1534 2859 1571 2879 ex
1586 2849 1776 2879 necessitate.
1802 2848 1851 2879 Sic
1876 2855 1905 2879 et
1920 2849 1945 2879 si
1961 2849 2022 2879 hoc
2044 2855 2089 2879 est
2104 2849 2175 2887 hoc,
2196 2849 2269 2879 hoc:
2295 2849 2320 2879 si
2337 2856 2443 2879 autem

1453 2894 1524 2932 hoc,
1542 2899 1572 2924 et
1587 2893 1657 2923 hoc.
1676 2892 1694 2912 *
1710 2893 1860 2923 Fortassis
1885 2899 1990 2923 autem
2005 2900 2035 2923 et
2053 2893 2085 2922 in
2104 2893 2223 2923 ratione
2239 2899 2284 2923 est
2303 2903 2443 2923 necessa-

1451 2938 1544 2968 rium.
1568 2936 1795 2967 Determinanti
1819 2937 1903 2967 enim
1927 2947 2009 2977 opus
2025 2936 2172 2974 serrandi‚
2195 2937 2348 2977 quoniam
2368 2937 2443 2967 divi-

1452 2981 1499 3011 sio
1519 2981 1720 3011 huiusmodi:
1744 2981 1806 3011 hoc
1829 2987 1935 3011 autem
1958 2991 2023 3010 non
2047 2981 2103 3011 erit
2125 2981 2184 3010 nisi
2207 2981 2318 3011 habeat
2337 2981 2443 3011 dentes

1451 3025 1654 3056 huiusmodi:
1679 3025 1711 3055 hi
1735 3031 1841 3055 autem
1865 3035 1941 3063 non,
1965 3025 2025 3055 nisi
2048 3024 2174 3055 ferrum.
2202 3024 2282 3055 Sunt
2305 3025 2389 3054 enim
2413 3032 2443 3055 et

1451 3069 1484 3099 in
1508 3068 1690 3099 definitione
1709 3069 1865 3109 quaedam
1888 3075 1989 3108 partes
2013 3075 2048 3099 ut
2071 3067 2207 3099 materia.

1384 3226 1448 3244 rum
1471 3222 1517 3244 est
1535 3217 1614 3253 quod
1636 3215 1786 3252 dispositio
1809 3215 1838 3243 in
1859 3216 1943 3243 rebus
1963 3213 2138 3242 naturalibus
2160 3222 2219 3241 non
2234 3219 2275 3241 est
2292 3213 2365 3241 facta
2379 3213 2439 3241 sine

1384 3255 1529 3292 principIis
1551 3255 1743 3284 materialibus
1757 3254 1829 3291 aptis
1851 3255 1887 3282 ad
1904 3255 1989 3282 talem
2014 3252 2240 3288 dispositionem.
2263 3253 2329 3280 Non
2343 3259 2439 3281 tamen

1384 3295 1576 3331 disponuntur
1594 3295 1634 3323 sic
1648 3301 1764 3331 propter
1788 3294 1844 3321 hoc
1859 3294 1937 3329 quod
1955 3292 2094 3328 principia
2107 3291 2264 3319 materialia
2278 3298 2343 3319 sunt
2363 3292 2437 3326 talia,

1384 3335 1434 3362 sed
1448 3341 1564 3371 propter
1578 3334 1702 3371 aliquem
1724 3333 1820 3360 finem.
1843 3334 1909 3360 Non
1923 3331 1999 3359 enim
2014 3330 2206 3359 necessarium
2221 3337 2263 3359 est
2277 3340 2338 3359 esse
2352 3332 2439 3360 talem

1383 3373 1470 3401 finem
1492 3373 1559 3410 quia
1580 3373 1699 3401 materia
1718 3372 1781 3399 talis
1802 3378 1852 3406 est,
1874 3372 1924 3398 sed
1939 3380 1954 3398 e
1969 3379 2108 3398 converso
2130 3370 2197 3407 quia
2217 3370 2281 3398 finis
2298 3377 2325 3398 et
2345 3371 2438 3399 forma

1383 3413 1445 3440 talis
1467 3413 1561 3440 futura
1581 3419 1631 3447 est,
1654 3420 1768 3439 necesse
1790 3417 1832 3438 est
1853 3410 2002 3438 materiam
2022 3410 2108 3438 talem
2129 3419 2199 3438 esse.
2221 3411 2257 3438 Et
2278 3410 2318 3438 sic
2338 3420 2435 3439 neces-

1383 3452 1449 3480 sitas
1470 3453 1587 3488 ponitur
1608 3452 1644 3479 ad
1665 3450 1823 3484 materiam,
1845 3449 1917 3477 ratio
1937 3455 2032 3477 autem
2054 3449 2228 3478 necessitatis
2249 3450 2285 3478 ad
2307 3449 2402 3478 finem.
2419 3466 2438 3471 -

1385 3491 1410 3518 5.
1433 3492 1581 3525 Quantum
1602 3491 1638 3518 ad
1666 3489 1796 3517 ordinem
1825 3488 1999 3516 necessitatis
2027 3489 2098 3517 haec
2119 3495 2161 3517 est
2181 3489 2338 3517 similitudo
2365 3489 2437 3517 inter

1383 3529 1513 3558 scientias
1529 3528 1765 3558 demonstrativas
1780 3534 1807 3556 et
1821 3528 2034 3565 generationem
2049 3537 2143 3556 rerum
2165 3528 2338 3557 naturalium
2358 3530 2437 3566 quod

2231 3585 2259 3609 13

2473 714 2555 767 g7Cap.
2571 720 2602 736 ix.
2617 714 2685 736 Text.

2475 1100 2485 1113 ⁸
2499 1102 2565 1123 Text.
2581 1102 2617 1124 88.

2472 1671 2482 1682 *
2497 1670 2562 1692 Text.
2578 1672 2615 1698 89.

2473 2110 2482 2120 *
2497 2109 2563 2131 Text.
2579 2116 2617 2137 90.

2495 2549 2561 2571 Text.
2577 2556 2607 2577 9¹·

2470 2901 2479 2910 ⁶
2494 2899 2559 2920 Text.
2576 2905 2610 2927 92.
