2840 4004
353 233 377 256 X

352 299 552 340 familiam
585 300 639 348 A,
664 298 797 340 modo
831 298 886 339 ad
919 299 977 347 R;
1002 299 1109 339 inter
1131 299 1174 338 H
1198 303 1239 339 et
1270 299 1311 339 N
1334 299 1475 352 aliqua
1497 297 1768 339 necessitudo
1802 297 1984 351 reperire
2019 304 2094 346 est,
2119 312 2215 340 cum
2244 301 2414 354 saepius
2448 313 2525 341 eo-

354 360 452 401 dem
486 361 618 401 modo
642 361 696 401 ab
732 360 932 401 omnibus
957 360 1048 400 aliis
1071 359 1286 408 recedant;
1321 360 1418 400 licet
1440 359 1648 400 coniicere
1671 373 1747 399 eos
1782 359 1955 399 fluxisse
1978 358 2032 398 ab
2066 372 2153 399 uno
2177 361 2324 402 codice
2347 362 2524 415 antiquo

353 422 534 462 familiae
558 423 610 470 A,
636 427 827 462 correcto
857 421 1093 461 secundum
1116 420 1242 460 aliam
1265 421 1476 468 familiam,
1500 421 1568 461 vel
1604 421 1730 461 etiarn
1752 420 1924 460 arbitrio
1949 419 2125 460 alicuius
2158 420 2338 462 lectoris.
2362 423 2403 462 N
2436 423 2522 476 plu-

353 483 434 523 ries
469 496 599 536 quam
621 483 690 522 alii
724 482 896 523 codices
935 482 1086 530 solent,
1111 481 1340 522 introducit
1371 482 1584 522 variantes
1619 482 1823 522 lectiones
1857 481 2002 521 addita
2034 481 2238 535 particula
2268 482 2354 529 vel,
2387 483 2445 523 ita
2478 490 2526 524 ut

353 544 518 584 nescias
561 549 702 584 utrum
739 543 919 597 scriptor
959 543 1195 597 simplicem
1228 549 1391 583 textum
1414 543 1526 591 dare,
1551 557 1604 583 an
1629 542 1917 583 diversitatem
1940 542 2132 582 lectionis
2166 542 2352 583 indicare
2374 543 2525 584 v01ue-

353 605 422 653 rit;
456 604 701 645 huiusmodi
730 604 1020 645 additionibus
1045 610 1158 645 caret
1190 605 1244 644 H.
1267 605 1415 644 Plures
1449 610 1639 644 recentes
1673 603 1842 644 codices
1875 604 1916 644 in
1950 603 2219 644 bibliothecis
2252 618 2277 644 a
2310 603 2435 644 nobis
2468 604 2526 644 in-

354 666 498 720 specti,
524 665 579 705 ad
601 679 739 720 genus
762 666 1040 721 singularium
1074 665 1304 719 pertinent;
1338 665 1393 705 ad
1426 666 1465 705 E
1497 665 1626 705 flectit
1658 665 1808 714 nullus,
1844 665 1899 705 ad
1931 665 1972 705 R
2004 665 2123 706 solus
2158 666 2271 706 Flor.
2305 665 2477 706 Nation.
2505 666 2524 706 I

353 741 382 766 v
416 740 443 779 9
477 740 509 766 s.
535 727 680 767 Marci.

479 788 514 828 C
548 788 730 841 pertinet
762 787 816 828 ad
849 787 1050 827 familiam
1083 787 1147 835 A;
1181 787 1259 840 sed
1291 787 1364 826 ubi
1398 787 1502 827 haec
1525 799 1676 827 manca
1710 793 1774 827 est
1801 787 1870 827 vel
1905 801 2000 827 esse
2032 786 2269 835 videbatur,
2295 787 2467 828 exhibet
2490 788 2526 828 C

354 849 558 889 lectiones
593 849 843 903 singulares,
877 848 1012 902 vulgo
1047 848 1164 888 omni
1199 848 1341 888 critico
1375 848 1521 888 valore
1555 848 1793 897 destitutas,
1828 848 2039 888 interdum
2073 847 2342 888 mediocriter
2374 849 2525 889 bonas.

353 910 475 950 Talia
507 910 602 950 loca
635 909 846 950 rarissime
881 909 1059 949 dubium
1102 909 1319 964 ingerunt:
1354 909 1474 950 facile
1521 922 1676 963 nempe
1723 909 2033 965 dignoscuntur
2065 915 2111 949 ut
2149 922 2289 950 novae
2336 915 2526 950 texturae

353 971 487 1011 veteri
521 984 664 1025 panno
698 976 879 1011 assutae.

476 1033 512 1072 L
549 1038 614 1072 est
646 1032 700 1072 de
732 1031 889 1072 familia
922 1031 976 1079 A,
1001 1044 1088 1071 non
1122 1045 1216 1071 raro
1251 1037 1394 1071 tamen
1428 1031 1648 1072 arbitrario
1683 1032 1737 1072 ab
1772 1032 1972 1072 omnibus
2015 1031 2235 1072 codicibus
2270 1031 2446 1080 recedit,
2485 1037 2526 1072 et

356 1093 417 1147 (ut
438 1093 669 1134 Urbinates
693 1093 817 1133 huius
840 1093 1010 1147 generis
1036 1092 1190 1147 solent)
1215 1093 1488 1133 incorrectior
1511 1099 1595 1142 est;
1629 1093 1884 1133 lineamenta
1906 1092 2180 1134 nihilominus
2214 1092 2396 1132 familiae
2423 1105 2527 1133 suae

356 1154 536 1203 retinuit,
561 1160 602 1194 et
623 1154 811 1208 pressius
845 1153 1021 1208 quidem
1054 1153 1255 1194 adhaeret
1288 1154 1483 1208 sequenti
1518 1154 1654 1194 codici

478 1215 523 1264 S,
550 1215 616 1255 cui
650 1216 865 1270 singulare
899 1222 964 1255 est
996 1215 1115 1268 quod
1148 1228 1289 1269 saepe,
1324 1222 1364 1255 et
1397 1215 1657 1269 frequentius
1691 1215 1866 1269 quidem
1899 1216 1941 1255 in
1975 1215 2120 1270 primis
2154 1220 2338 1268 quatuor
2370 1214 2524 1262 Libris,

354 1277 568 1331 sepositae
602 1277 772 1317 lectioni
801 1276 983 1317 familiae
1006 1277 1047 1316 A
1081 1277 1284 1330 supponit
1306 1277 1532 1316 lectionem
1556 1277 1616 1325 R;
1651 1277 1785 1331 vulgo
1808 1283 1962 1324 tamen,
1988 1276 2198 1329 descripta
2219 1289 2305 1315 una
2326 1275 2525 1324 lectione,

355 1338 473 1379 addit
505 1338 642 1387 aliam,
668 1352 755 1379 non
789 1337 977 1378 uniendo
1011 1351 1086 1391 per
1109 1338 1185 1385 vel,
1211 1344 1258 1378 ut
1291 1337 1474 1378 diximus
1509 1337 1562 1378 de
1595 1338 1648 1385 N,
1672 1337 1757 1378 sedv
1784 1338 1946 1377 cautius
1968 1349 2044 1390 per
2075 1337 2300 1376 formulam
2333 1336 2423 1376 alia
2457 1336 2525 1376 lit—

354 1403 447 1440 tera
471 1399 554 1452 (al.
573 1399 667 1447 l’ra,
693 1399 748 1440 al.
754 1401 791 1451 J,
809 1399 877 1439 vel
901 1398 1134 1439 dividendo
1153 1399 1303 1439 ambas
1326 1399 1529 1438 lectiones
1547 1411 1622 1451 per
1638 1403 1860 1451 punctum;
1885 1411 1949 1437 ex.
1966 1411 2041 1451 gr.,
2059 1397 2132 1444 IV,
2155 1408 2210 1444 111,
2231 1407 2272 1443 γι
2295 1396 2528 1437 secundum

356 1462 447 1501 eius
477 1462 730 1502 sententiam
753 1460 808 1501 al.
833 1460 918 1500 l'ra
931 1460 1195 1514 positionem,
1221 1459 1295 1499 ubi
1317 1460 1358 1499 N
1372 1472 1379 1499 z
1402 1458 1636 1499 secundum
1665 1459 1755 1498 eius
1777 1459 2012 1512 opinionem
2033 1457 2105 1498 vel
2130 1457 2407 1506 sententiam,·
2428 1457 2528 1498 vide

356 1523 483 1563 etiam
515 1524 544 1571 I,
579 1536 620 1570 v,
652 1542 675 1564 α
701 1522 764 1575 (cf.
788 1528 931 1561 tamen
953 1522 1021 1568 III,
1046 1532 1117 1569 vn,
1150 1534 1190 1562 ας
1214 1519 1397 1560 secundo
1429 1522 1655 1574 comparat
1673 1520 1840 1573 infinita
1872 1519 1945 1560 vel
1971 1519 2143 1560 modum
2175 1518 2438 1571 infinitorum
2470 1517 2535 1559 ad

353 1585 532 1624 invicem
565 1584 626 1637 S).
651 1585 735 1623 Pro
769 1582 918 1622 maiori
953 1581 1127 1635 quidem
1160 1587 1277 1635 parte
1311 1581 1344 1622 S
1377 1581 1607 1621 introducit
1638 1581 1851 1621 variantes
1886 1580 1939 1621 de
1974 1580 2130 1634 quibus
2163 1579 2392 1633 loquimur,
2426 1585 2526 1633 post

355 1645 581 1686 lectionem
615 1645 677 1692 A,
711 1643 789 1684 sed
823 1643 1054 1697 aliquando
1088 1643 1204 1696 prius
1243 1642 1387 1682 scribit
1428 1636 1598 1682 alterius
1640 1642 1890 1691 lectionem-2
1925 1655 1989 1682 ex.
2013 1655 2075 1697 gr.
2098 1642 2147 1690 II,
2181 1653 2269 1689 XIV,
2294 1642 2321 1681 8
2346 1641 2441 1695 (ult.
2466 1641 2525 1695 Ἴ,

354 1706 511 1747 familia
544 1706 586 1746 A
619 1705 723 1760 legit
754 1705 864 1752 dicit,
890 1703 1226 1745 DEFGHMRZ
1257 1703 1475 1751 concludit,
1503 1703 1535 1744 S
1568 1716 1673 1744 vero
1707 1703 1927 1744 concludit.
1951 1703 2056 1744 dicit
2077 1702 2212 1756 (quod
2245 1702 2324 1743 loe.
2350 1702 2415 1742 cit.
2440 1702 2526 1742 ela-

354 1768 443 1822 psis
476 1767 588 1821 typis
623 1772 868 1820 corruptum
902 1772 967 1806 est
1008 1765 1050 1805 in
1083 1764 1279 1806 concludi
1306 1765 1439 1819 dicit).
1469 1764 1632 1805 Pluries
1665 1765 1784 1805 solus
1811 1766 1848 1805 L
1872 1765 2044 1805 exhibet
2076 1764 2304 1804 lectionem
2338 1776 2468 1817 quarn
2492 1763 2526 1804 S

355 1835 560 1883 tanquam
589 1828 824 1868 variantem
858 1827 1060 1882 assignat,
1085 1827 1132 1868 cf.
1156 1828 1224 1875 ΙΙΙ,
1251 1839 1322 1875 vn,
1353 1846 1379 1869 ε.
1408 1826 1662 1880 Aliquarum
1686 1826 1812 1867 etiam
1834 1826 2100 1874 variantium,
2124 1826 2166 1866 in
2190 1825 2346 1866 nostris
2369 1824 2527 1865 codici-

356 1891 438 1931 bus
473 1903 560 1930 non
594 1890 866 1930 inveniuntur
898 1888 1073 1937 indicia;
1108 1888 1217 1929 cons.
1242 1889 1275 1936 I,
1304 1901 1335 1936 1,
1362 1887 1406 1928 5:
1440 1887 1557 1941 quod
1584 1890 1649 1927 est
1683 1887 1880 1928 ultimum
1912 1888 1956 1927 in
1993 1887 2227 1940 cognitione
2259 1886 2314 1927 al.
2345 1886 2430 1927 l'ra
2461 1886 2528 1926 in-

357 1952 538 1992 tentione
570 1955 635 1991 est
664 1951 874 1999 materia,·
905 1963 976 1999 v11,
1002 1949 1046 1990 5:
1073 1950 1266 2004 ponebat
1294 1949 1406 1989 enim
1439 1962 1513 1989 ens
1545 1949 1600 1989 al.
1626 1949 1711 1990 l'ra
1744 1947 1878 1990 unum
1897 1963 1987 1989 esse
2013 1962 2176 2002 genus‚·
2197 1949 2246 1996 II,
2270 1959 2326 1996 IV,
2357 1954 2394 1990 0:
2429 1960 2524 1988 ma-

358 2014 468 2054 teria
501 2013 613 2053 inest
642 2026 670 2052 a
702 2015 864 2052 natura
895 2025 979 2052 non
1012 2011 1119 2052 alibi
1148 2010 1203 2052 al.
1227 2025 1255 2051 a
1287 2011 1407 2054 nobis
1425 2010 1566 2065 facta,
1602 2010 1880 2062 nihilominus
1911 2010 1967 2051 al.
1997 2010 2177 2050 ulterius
2215 2008 2394 2050 eundem
2427 2014 2526 2049 etc.:

358 2074 465 2115 alibi
495 2080 692 2128 corrupte
714 2087 791 2128 pro
825 2087 853 2114 a
885 2073 1005 2114 nobis
1026 2073 1129 2128 legit
1161 2073 1297 2113 maior
1319 2085 1416 2126 pars
1449 2072 1629 2112 familiae
1663 2073 1726 2120 A;
1751 2072 1931 2112 ulterius
1963 2077 2118 2120 autem,
2143 2071 2251 2111 sicut
2283 2084 2361 2111 nec
2393 2071 2531 2111 inten-

360 2137 470 2177 tione
493 2141 533 2176 et
555 2148 699 2183 unum,
725 2135 864 2175 nullus
894 2140 1139 2175 nostrorum
1163 2134 1359 2174 codicum
1383 2133 1522 2173 habet.
1545 2134 1646 2173 Non
1670 2133 1881 2173 credimus
1905 2133 2154 2186 scriptorem
2186 2131 2345 2172 codicis
2368 2137 2531 2172 textum

359 2198 475 2238 hisce
508 2196 771 2237 variantibus
803 2197 1053 2237 instructum
1087 2209 1140 2236 ex
1173 2195 1256 2236 alio
1291 2194 1438 2235 codice
1481 2194 1812 2247 transcripsisse;
1848 2193 1981 2234 modo
2025 2193 2138 2234 enim
2177 2192 2311 2233 aliam
2345 2192 2533 2233 litteram

360 2259 551 2313 margine
585 2257 759 2306 addidit,
785 2258 886 2307 cf.1,
920 2270 976 2306 VI,
1009 2271 1047 2305 κ;
1071 2270 1111 2306 Χ,
1142 2271 1181 2306 κ;
1206 2258 1254 2304 ΙΙ,
1289 2269 1330 2305 Χ,
1361 2259 1402 2303 δ;
1437 2255 1570 2295 modo
1605 2261 1704 2309 post
1726 2255 1888 2295 finitam
1921 2255 2103 2309 phrasin,
2138 2254 2185 2294 cf.
2215 2255 2284 2302 III,
2307 2265 2364 2302 v1,
2395 2266 2447 2294 10
2471 2254 2529 2308 (ε),

359 2321 434 2361 ubi
467 2333 545 2374 pro
569 2319 681 2360 unde
713 2333 803 2360 esse
829 2318 1076 2372 generabile
1109 2322 1152 2358 et
1180 2317 1451 2371 corruptibile
1483 2319 1701 2370 repugnat
1736 2317 1899 2369 infinito
1931 2316 2076 2356 habet:
2111 2315 2224 2355 unde
2254 2328 2377 2355 omne
2412 2315 2531 2368 inge-

359 2382 496 2422 nitum
529 2384 572 2421 et
599 2379 917 2436 incorruptibile
949 2383 1166 2434 repugnat
1193 2379 1356 2432 infinito
1389 2378 1479 2418 alia
1512 2377 1597 2418 l'ra
1627 2377 1740 2418 unde
1772 2391 1861 2417 esse
1887 2376 2135 2430 generabile
2167 2378 2210 2416 et
2238 2375 2532 2430 corruptibile,-

361 2442 591 2497 aliquando
625 2443 744 2483 aliter
776 2456 822 2483 se
857 2442 1039 2496 expedit,
1065 2454 1128 2482 ex.
1152 2455 1214 2496 gr.
1238 2441 1306 2488 III,
1330 2452 1402 2487 v11,
1427 2452 1455 2491 9
1480 2438 1537 2492 (ε),
1561 2452 1639 2492 pro
1673 2437 1790 2491 quod
1815 2439 1899 2478 iter
1918 2450 2051 2491 usque
2077 2438 2122 2477 in
2147 2437 2319 2478 Indiam
2341 2440 2407 2477 est
2435 2437 2531 2491 infi-

360 2506 507 2552 nitum,
532 2504 650 2559 legit:
685 2503 802 2557 quod
827 2504 911 2544 iter
939 2517 1073 2556 usque
1105 2502 1168 2543 ad
1194 2501 1364 2542 Indiam
1397 2502 1462 2540 est
1490 2500 1568 2553 infi
1600 2498 1695 2540 alia
1728 2499 1811 2539 l'ra
1842 2499 2030 2553 spatium
2063 2499 2118 2539 ab
2150 2499 2309 2539 oriente
2339 2499 2384 2539 in
2424 2499 2532 2539 occi-

361 2567 465 2607 dens
480 2569 545 2606 est
564 2566 776 2618 infinitum
799 2565 1085 2619 (amanuensis
1117 2562 1322 2617 expungit
1336 2561 1420 2614 infi,
1441 2561 1650 2615 potuisset
1668 2560 1795 2601 etiam
1818 2574 2063 2616 expungere
2079 2560 2175 2614 est).
2194 2560 2256 2600 Cf.
2275 2560 2401 2601 etiam
2419 2560 2532 2609 VIII,

360 2641 416 2676 111,
448 2647 482 2669 α.
506 2628 663 2667 Nonne
696 2627 801 2667 haec
822 2626 900 2666 tria
932 2626 1126 2680 probant,
1155 2623 1404 2677 scriptorem
1438 2635 1535 2662 sero
1558 2622 1911 2663 animadvertisse
1939 2622 2008 2662 vel
2042 2627 2312 2676 suspectasse
2346 2621 2532 2662 existen-

362 2690 464 2730 tiam
496 2688 697 2728 variantis
731 2693 773 2728 et
805 2687 991 2728 melioris
1029 2685 1238 2733 lectionis,
1273 2689 1330 2732 et,
1366 2683 1467 2737 quia
1499 2697 1608 2732 sero,
1643 2697 1732 2724 rem
1765 2683 2073 2724 accomodasse
2107 2689 2153 2723 ut
2178 2683 2335 2734 ,melius
2368 2682 2533 2737 potuit?

362 2751 517 2791 Utrum
540 2755 694 2798 autem,
720 2747 894 2802 quando
919 2747 1116 2800 relinquit
1147 2738 1351 2786 le‘ctiones
1386 2746 1439 2792 A,
1470 2745 1573 2785 alias
1607 2746 1668 2785 eis
1702 2745 2013 2794 substituendo,
2047 2745 2228 2785 scienter
2261 2750 2303 2785 et
2335 2745 2532 2785 consulto

363 2811 589 2864 relinquat;
624 2824 677 2849 an
711 2809 811 2863 quia
850 2809 940 2849 eius
975 2808 1191 2861 exemplar
1222 2807 1327 2847 tales
1349 2806 1554 2847 lectiones
1588 2807 1882 2847 discordantes
1905 2821 1930 2847 a
1962 2807 2118 2847 familia
2140 2807 2182 2847 A
2215 2806 2300 2846 iarn
2333 2805 2531 2854 habebat,

365 2886 452 2912 non
485 2872 628 2925 liquet.
653 2871 760 2911 Illud
794 2875 971 2918 constat,
996 2869 1098 2909 istas
1127 2869 1393 2909 deviationes
1416 2881 1441 2907 a
1463 2868 1633 2922 propria
1665 2868 1831 2916 familia,
1856 2868 1981 2908 simul
2010 2881 2059 2908 ac
2088 2867 2387 2908 annotationes
2419 2866 2531 2922 alia-

365 2946 463 2974 rum
485 2933 727 2972 litterarum
750 2931 972 2985 pauciores
995 2931 1111 2978 fiunt,
1134 2930 1336 2984 paulatim
1360 2929 1570 2978 desinere;
1595 2929 1714 2983 quod
1736 2929 1885 2969 videas
1907 2943 1961 2969 an
1985 2928 2188 2969 materiali
2211 2927 2533 2981 transcriptione

365 2995 455 3035 fieri
478 2993 672 3048 potuerit.
699 2993 908 3045 Quamvis
932 2992 1046 3032 aliae
1078 2992 1245 3032 litterae
1278 2991 1400 3045 (quas
1434 2990 1524 3043 ipse
1558 2990 1820 3044 quandoque
1854 2990 2060 3045 expungit
2092 2989 2384 3038 amanuensis;
2424 2988 2472 3029 cf.
2502 2989 2532 3037 Ι,

365 3056 436 3104 x11,
467 3056 509 3108 δ)
543 3068 630 3095 non
663 3067 832 3108 semper
863 3054 1055 3094 valorem
1083 3053 1253 3101 habent,
1277 3057 1450 3107 propter
1471 3052 1773 3106 ipsamtamen
1806 3052 2061 3105 paucitatem
2089 3051 2355 3105 scriptorum,
2392 3050 2428 3091 si
2462 3050 2535 3103 qui

366 3123 475 3165 sunt,
495 3116 732 3156 rationabili
756 3115 825 3156 illa
847 3114 1052 3155 methodo
1076 3114 1296 3163 utentium,
1314 3113 1452 3154 codex
1474 3113 1506 3154 S
1530 3113 1677 3167 quanti
1701 3113 1887 3167 optimus
1911 3113 2093 3166 quisque
2109 3111 2398 3153 aestimandus
2422 3117 2499 3152 est.
2517 3135 2536 3142 -

367 3180 436 3219 De
461 3177 758 3219 convenientia
779 3177 887 3217 inter
908 3176 940 3217 S
965 3182 1006 3216 et
1026 3177 1066 3216 R
1089 3176 1136 3216 cf.
1161 3177 1190 3224 Ι,
1214 3188 1270 3224 ῙΧ,
1301 3189 1337 3224 ς;
1361 3190 1399 3224 Χ,
1429 3181 1462 3223 ζ,
1491 3195 1512 3223 ι,
1545 3195 1566 3216 κ
1597 3181 1638 3215 et
1666 3188 1779 3215 num.
1805 3177 1833 3215 6
1866 3180 1951 3215 tres
1984 3174 2156 3214 ultimos
2190 3173 2233 3223 *ἢ
2255 3185 2321 3222 xl;
2345 3185 2416 3222 ΧΠ,
2452 3178 2482 3222 δ,
2509 3194 2536 3222 ε,

368 3254 414 3294 η;
448 3252 534 3288 xm,
569 3244 600 3287 ζ,
631 3253 674 3293 ης
699 3239 747 3288 ΙΙ,
781 3251 837 3287 111,
869 3243 908 3293 β;
933 3250 988 3287 x1,
1029 3251 1064 3286 ε;
1097 3238 1165 3286 III,
1199 3251 1240 3286 v,
1271 3251 1310 3285 κ;
1334 3250 1419 3286 vm,
1450 3239 1490 3284 δ;
1514 3249 1569 3285 IX,
1601 3242 1638 3291 β;
1662 3249 1733 3285 xn,
1770 3250 1802 3285 ε;
1826 3236 1900 3284 IV,
1934 3248 1959 3285 1,
1989 3252 2025 3287 γ.

493 3361 715 3402 Editiones
748 3361 872 3402 huius
897 3360 1200 3402 Commentarii
1222 3359 1523 3414 Repertorium
1545 3359 1657 3399 Hain
1681 3359 1870 3413 quinque
1893 3364 2068 3399 annotat
2095 3358 2175 3399 sub
2200 3355 2251 3398 n³⁸
2279 3355 2536 3399 1525-1528

373 3427 414 3462 et
436 3427 483 3461 n⁰
513 3434 644 3474 1492;
670 3436 722 3462 ex
756 3423 820 3463 his
854 3422 1089 3463 recensioni
1115 3427 1284 3462 nostrae
1307 3421 1589 3462 inservierunt
1612 3434 1722 3474 quae
1751 3420 1989 3461 indicantur
2014 3420 2095 3460 sub
2120 3417 2170 3460 τιἰὸ
2197 3419 2309 3473 1527
2334 3425 2376 3460 et
2404 3417 2537 3465 1528;

373 3483 551 3537 primam
586 3482 852 3524 distinximus
885 3497 960 3538 per
983 3498 1020 3532 a,
1057 3484 1230 3524 alteram
1264 3496 1339 3537 per
1371 3483 1395 3523 b
1429 3483 1570 3537 siglas.
1600 3483 1680 3523 His
1714 3481 1988 3537 adiungenda
2021 3486 2085 3521 est
2118 3480 2247 3522 editio
2282 3479 2380 3520 anni
2409 3477 2536 3526 1500,

374 3543 427 3584 de
461 3557 546 3598 qua
579 3543 693 3584 infra.
730 3543 979 3586 Editionum
1012 3559 1117 3586 vero
1152 3557 1262 3599 quae
1295 3539 1466 3585 saeculo
1492 3544 1658 3585 decimo
1693 3550 1815 3584 sexto
1849 3548 1946 3584 ante
1978 3542 2155 3583 Pianam
2187 3540 2445 3596 prodierunt,
2471 3538 2539 3580 de-
