2982 4022
233 371 243 381 ²
257 369 356 399 confuse
366 375 391 392 ιι.

233 476 242 485 ’
257 475 281 496 in
302 479 350 496 om.

233 506 354 526 noo-rvx.-
365 505 445 521 eorum

234 526 303 549 codd.
319 532 368 548 exc.
383 531 404 547 c.

364 479 393 495 AB
396 478 446 494 CFIK

233 905 245 916 ¹⁵
259 909 305 926 uno
321 909 368 925 om.
379 902 444 925 raab.

233 956 244 967 ⁸¹
259 957 312 978 erat
331 961 444 977 nerino

234 988 335 1008 ρει-νιν.

234 1166 246 1177 ⁴⁸
264 1166 289 1187 in
308 1171 357 1187 om.
375 1163 445 1186 codd.

235 1198 284 1214 exc.
299 1197 358 1219 zen,
378 1195 400 1213 et
415 1191 446 1213 ita

234 1218 293 1240 infra
307 1208 375 1240 etiain
389 1224 413 1239 ιι.

237 1589 246 1598 ·
258 1588 349 1610 videtur
369 1592 446 1608 entim

233 1693 424 1715 *concludebant
432 1700 445 1714 1¹

234 1720 359 1747 BcopLsab.

234 1747 244 1756 '
271 1746 447 1773 praeexisteret

233 1779 259 1800 z,
268 1772 446 1800 praeexistebat

233 1825 301 1846 'sed
306 1825 412 1852 potentia
423 1831 443 1845 r.

233 1852 334 1874 ¹¹¹aulem
344 1857 392 1873 om.
406 1857 443 1872 eo.

231 1958 242 1969 ¹⁸
253 1963 305 1978 esse
313 1962 360 1978 om.
372 1956 442 1977 codd.

233 1990 282 2005 exc.
297 1989 398 2004 nectum.

232 2015 243 2025 ⁸¹
257 2015 281 2035 in
300 2013 352 2034 add.
373 2012 441 2034 codd.

232 2046 275 2062 exc
288 2045 420 2061 nsouunnv.

232 2337 243 2347 ¹·
254 2336 405 2364 physicorum
415 2340 444 2356 Λιι

235 2368 338 2384 cncsvxv.

233 2390 245 2400 ⁸
259 2389 328 2410 Num.
339 2394 359 2409 2.

237 2602 246 2611 '
259 2606 302 2622 aer
317 2606 363 2621 om.
375 2599 443 2621 codd.

234 2633 283 2648 exc.
294 2633 332 2654 sn,
344 2633 376 2654 pn
391 2626 443 2648 hab.

474 285 523 320 28

472 375 551 400 uno
580 363 778 410 confus0*‚
808 362 902 399 sicut
929 363 1174 409 Anaxagoras
1203 368 1239 398 et
1257 361 1530 411 Empedocles;

471 417 534 454 vel
561 415 600 453 in
627 416 752 464 aliquo
784 413 968 464 principio
1001 413 1206 462 materiali,
1240 414 1378 451 scilicet
1410 427 1530 463 aqua,

472 469 556 516 igne
587 475 623 505 et
650 480 752 515 aere3
780 468 842 505 vel
871 467 909 504 in
934 468 954 488 *
978 466 1104 514 aliquo
1131 466 1260 504 medio
1289 466 1453 504 illorum.
1483 468 1533 504 Et

473 521 682 559 secundum
714 522 789 558 hoc
822 519 918 557 duos
951 520 1089 557 modos
1122 519 1291 556 factionis
1323 520 1530 569 ponebant.

474 574 551 621 Qui
579 574 679 610 enim
707 579 721 600 ⁷
748 579 957 622 posuerunt
984 572 1114 609 omnia
1141 572 1253 609 simul
1279 572 1532 622 praeexistere

473 627 567 664 sicut
594 626 632 663 in
659 637 736 662 uno
770 623 954 674 princ'ipio
988 625 1191 672 materiali,
1227 624 1400 662 dixerunt
1427 626 1532 674 quod

473 680 556 717 fieri
583 679 673 716 nihil
702 678 803 716 aliud
832 685 887 715 est
914 690 1031 727 quam
1060 677 1229 714 alterari:
1259 690 1305 714 ex
1338 677 1399 714 illo
1429 678 1532 716 enirn

472 745 550 770 uno
578 730 761 781 principio
790 730 974 768 materiali
1002 730 1132 767 omnia
1159 730 1241 767 fieri
1269 730 1446 768 dicebant
1463 743 1533 780 per

474 784 810 822 condensationem
848 791 884 821 et
919 783 1207 821 rarefactionem
1245 782 1429 821 eiusdem.
1459 784 1533 820 Alii

472 850 577 885 vero,
594 837 658 887 qui
675 837 870 886 ponebant
889 836 1018 874 omnia
1037 835 1287 885 praeexistere
1307 836 1419 873 simul
1439 836 1534 874 sicut

472 891 511 928 in
539 890 664 939 aliquo
683 902 761 927 uno
783 891 803 911 ‘¹‘
824 889 982 926 confuso
1013 896 1048 925 et
1077 889 1284 926 commixto
1315 901 1359 926 ex
1387 890 1531 937 multis,

474 943 647 981 dixerunt
673 943 777 992 quod
805 942 888 980 fieri
915 954 1041 979 rerum
1060 954 1140 979 non
1167 949 1222 979 est
1242 943 1262 963 ²³
1286 942 1387 980 aliud
1416 919 1533 992 quatri

475 996 711 1045 congregatio
747 1003 783 1032 et
816 994 1034 1043 segregatio,
1074 995 1123 1032 Et
1151 1007 1287 1032 omnes
1319 995 1358 1032 hi
1387 995 1534 1045 decepti

473 1050 623 1086 fuerunt
651 1048 739 1098 quia
766 1048 1006 1086 nesciverunt
1038 1047 1265 1096 distinguere
1287 1047 1383 1086 inter
1400 1057 1533 1098 poten-

473 1103 566 1140 tiam
594 1109 630 1139 et
657 1109 795 1139 actum.
831 1102 911 1138 Ens
946 1100 1047 1138 enim
1076 1101 1114 1138 in
1141 1101 1310 1151 potentia
1344 1109 1398 1139 est
1426 1102 1534 1151 quasi

474 1155 643 1192 medium
676 1155 770 1191 inter
795 1166 934 1202 purum
968 1166 1047 1191 non
1076 1166 1142 1191 ens
1171 1162 1207 1191 et
1235 1167 1301 1192 ens
1329 1154 1367 1191 in
1388 1156 1408 1176 ¹¹²
1436 1163 1532 1193 actu.

474 1209 583 1254 Quae
611 1207 720 1256 igitur
747 1207 961 1244 naturaliter
994 1207 1107 1254 fiunt,
1137 1219 1216 1244 non
1248 1208 1345 1245 fiunt
1373 1220 1418 1244 ex
1447 1207 1534 1245 sim-

472 1261 616 1310 pliciter
643 1273 721 1297 non
756 1267 858 1307 ente,
888 1259 956 1297 sed
984 1272 1030 1296 ex
1059 1267 1143 1297 ente
1172 1260 1209 1297 in
1236 1260 1425 1310 potentia3
1455 1273 1534 1298 non

474 1321 602 1351 autem
631 1325 675 1350 ex
704 1320 788 1350 ente
808 1312 846 1349 in
866 1320 962 1360 actu,
983 1320 1024 1349 ut
1043 1313 1112 1362 ipsi
1137 1313 1400 1362 opinabantur.
1422 1314 1533 1351 Unde

475 1379 572 1416 quae
601 1367 697 1403 fiunt
723 1378 803 1403 non
830 1373 980 1415 oportet
1005 1366 1256 1414 praeexistere
1286 1374 1383 1414 actu,
1403 1373 1445 1403 ut
1462 1366 1534 1416 ipsi

475 1419 660 1465 dicebant,
690 1419 758 1456 sed
784 1418 952 1467 potentia
978 1425 1136 1456 tantum.

526 1483 564 1519 4.
584 1471 732 1509 Deinde
752 1484 840 1508 cum
861 1471 947 1508 dicit
962 1468 986 1507 ⁸:
1007 1472 1178 1520 Amplius
1196 1483 1246 1508 ex
1264 1484 1307 1508 eo
1329 1478 1410 1519 ete.,
1425 1471 1535 1520 ponit

473 1525 684 1562 secundum
713 1524 816 1573 quod
845 1525 1093 1573 supponebat.
1123 1524 1282 1561 Dicebat
1302 1524 1404 1561 enim
1429 1524 1533 1572 quod

474 1578 658 1614 contraria
684 1578 781 1614 fiunt
809 1589 853 1613 ex
881 1577 1078 1614 alterutris:
1107 1577 1283 1614 videmus
1312 1578 1331 1598 ’¹‘
1359 1577 1459 1614 enim
1490 1589 1534 1614 ex

474 1631 594 1668 calido
614 1630 695 1668 fieri
715 1629 890 1677 frigidum
912 1637 947 1666 et
966 1642 986 1666 e
1007 1642 1204 1667 converso.
1223 1631 1271 1667 Et
1291 1642 1336 1666 ex
1354 1630 1430 1667 hoc
1445 1643 1534 1667 con-

474 1683 647 1720 cludebat
667 1684 687 1704 *
715 1682 840 1741 quod,
870 1695 958 1719 cum
988 1694 1032 1719 ex
1059 1682 1174 1719 nihilo
1203 1682 1293 1720 nihil
1321 1683 1398 1730 fiat,
1428 1683 1534 1732 quod

472 1749 592 1773 unum
620 1735 894 1773 contrariorum
917 1735 1131 1784 praeexistit
1149 1737 1170 1757 *
1197 1735 1236 1772 111
1256 1737 1384 1772 altero.
1416 1736 1533 1782 Quod

472 1789 626 1837 quidem
660 1796 714 1826 est
745 1800 880 1840 verum
904 1788 1115 1825 secundum
1146 1788 1355 1837 potentiam
1377 1789 1408 1834 ²⁸,
1442 1801 1531 1825 nam

472 1842 646 1890 frigidum
667 1849 722 1878 est
739 1836 906 1890 potentia
924 1841 962 1878 in
978 1841 1120 1878 calido:
1142 1854 1220 1878 non
1248 1849 1376 1878 autem
1395 1842 1416 1862 '¹‘
1434 1849 1531 1889 actu,

471 1903 512 1932 ut
539 1897 782 1943 Anaxagoras
811 1894 1043 1941 aestimabat,
1064 1902 1219 1943 propter
1242 1895 1317 1931 hoc
1336 1894 1441 1943 quod
1468 1907 1532 1931 ne-

473 1948 614 1986 sciebat
632 1947 800 1997 accipere
831 1959 912 1984 esse
936 1947 975 1983 in
1001 1947 1180 1996 potentia,
1203 1947 1306 1996 quod
1327 1954 1382 1984 est
1410 1959 1492 1984 esse
1513 1949 1532 1969 *

473 2001 644 2039 medium
671 2001 766 2037 inter
792 2012 931 2049 purum
959 2012 1038 2036 non
1066 2012 1148 2037 esse
1177 2007 1213 2036 et
1241 2012 1322 2037 esse
1349 2001 1370 2021 '¹‘
1397 2007 1493 2037 actu.

529 2055 561 2091 5.
583 2054 730 2091 Deinde
751 2065 838 2090 cum
860 2053 961 2090 dicit:
982 2053 1024 2089 Si
1035 2053 1134 2089 enim
1149 2065 1260 2090 omne
1273 2053 1374 2102 quod
1378 2054 1432 2100 fit
1449 2060 1531 2101 etc.,

471 2107 579 2156 ponit
598 2106 865 2144 deductionem
894 2105 1046 2143 rationis
1074 2105 1200 2155 ipsius
1226 2107 1275 2143 Et
1300 2105 1534 2155 procedebat

473 2160 536 2197 sic.
567 2160 607 2197 Si
635 2159 774 2207 aliquid
790 2160 843 2207 fit
869 2164 892 2204 ⁸,
921 2171 1075 2195 necesse
1106 2166 1160 2196 est
1187 2159 1292 2210 quod
1320 2159 1386 2196 fiat
1405 2166 1469 2195 aut
1488 2171 1533 2195 ex

474 2220 558 2250 ente
577 2220 641 2249 aut
670 2225 714 2249 ex
742 2225 820 2249 non
850 2219 946 2248 ente.
977 2211 1055 2248 Sed
1073 2211 1213 2248 horum
1233 2213 1393 2248 alterum
1409 2212 1532 2248 exclu-

474 2266 606 2312 debat,
632 2265 770 2302 scilicet
797 2265 901 2313 quod
936 2264 1076 2312 aliquid
1105 2265 1213 2302 fieret
1247 2277 1292 2301 ex
1320 2277 1399 2301 non
1429 2272 1530 2310 ente,

472 2327 627 2367 propter
655 2330 902 2355 communem
931 2317 1151 2366 opinionem
1174 2318 1492 2366 philosophorum
1511 2317 1531 2338 *

473 2373 614 2420 supra*
627 2372 801 2420 positam.
814 2370 924 2408 Unde
946 2371 1195 2408 concludebat
1209 2371 1395 2420 reliquum
1410 2382 1531 2406 mem-

472 2425 596 2471 brum,
623 2424 760 2461 scilicet
788 2424 891 2473 quod
928 2423 1068 2472 aliquid
1095 2424 1161 2460 fiat
1190 2436 1234 2460 ex
1254 2430 1357 2460 ente:
1387 2430 1479 2472 puta
1501 2423 1532 2460 si

473 2490 538 2514 aer
556 2478 598 2514 fit
618 2489 663 2514 ex
682 2490 780 2526 aqua
800 2477 824 2523 ζ,
846 2476 951 2526 quod
978 2489 1043 2514 aer
1068 2476 1172 2525 prius
1201 2476 1330 2514 existit.
1351 2477 1443 2512 Non
1468 2488 1533 2513 au-

472 2538 550 2567 tem
576 2530 761 2567 diceretur
781 2530 885 2578 quod
905 2542 968 2566 aer
987 2530 1053 2567 fiat
1082 2542 1126 2565 ex
1146 2542 1261 2578 aqua,
1282 2528 1352 2566 nisi
1375 2528 1414 2565 in
1434 2541 1533 2577 aqua

470 2583 736 2632 praeexisteret
768 2596 832 2619 aer
854 2583 889 2619 *:
918 2582 1020 2619 unde
1047 2583 1202 2619 volebat
1229 2582 1399 2630 accipere
1428 2581 1532 2630 quod

473 2649 587 2673 omne
617 2637 720 2685 quod
748 2636 791 2673 fit
819 2648 863 2672 ex
892 2635 1030 2684 aliquo,
1056 2635 1322 2684 praeexisteret
1344 2633 1382 2674 in
1412 2646 1457 2670 eo
1488 2646 1532 2670 ex

473 2702 548 2738 quo
577 2690 703 2726 fiebat.
719 2711 743 2717 -
770 2689 844 2726 Sed
873 2688 989 2737 quia⁷¹
1012 2688 1087 2725 hoc
1114 2687 1313 2725 videbatur
1338 2694 1468 2723 contra
1494 2686 1532 2723 id

473 2743 576 2791 quod
591 2750 746 2791 apparet
761 2741 886 2778 sensui
902 2743 995 2787 (non
1015 2740 1116 2777 enim
1137 2747 1292 2789 apparet
1311 2738 1364 2776 ad'
1378 2751 1534 2776 sensum

524 2873 550 2906 γ)
568 2872 620 2902 Qui
635 2872 721 2897 enim..
723 2871 882 2896 ‚dixerunt.
887 2870 957 2895 -Est
971 2870 1028 2895 1001.
1042 2870 1082 2895 ed.
1093 2869 1107 2894 b
1124 2874 1149 2894 et
1163 2870 1251 2900 codd.
1265 2877 1290 2900 a,
1304 2870 1418 2900 Quidam
1434 2869 1522 2895 enim..

472 2908 617 2937 dixerunt5
630 2907 658 2937 P,
671 2906 784 2936 Quidam
798 2906 885 2931 enim.
888 2909 934 2930 et
947 2905 1092 2930 dixerunt:
1106 2913 1196 2929 verum
1212 2905 1274 2930 haec
1289 2905 1363 2930 lectio
1378 2913 1429 2929 non
1445 2906 1530 2930 solum

473 2948 513 2967 est
531 2948 619 2967 contra
636 2941 714 2966 fidem
733 2941 857 2970 codicum,
878 2941 924 2964 sed
939 2941 1015 2965 etiarn
1030 2940 1116 2964 minus
1131 2940 1249 2972 congruit
1262 2948 1319 2964 cum
1335 2945 1462 2965 contextu.
1478 2941 1529 2965 Iam

473 2978 542 3003 enim
562 2978 656 3002 dictum
671 2981 711 3001 est
723 2977 793 3009 quod
808 2976 894 3008 aliqui,
907 2983 940 3000 ne
950 2981 1102 3008 cogerentur
1120 2983 1217 3007 ponere
1230 2975 1324 3007 aliquid
1340 2976 1371 3000 de
1385 2983 1454 3000 novo
1467 2974 1529 3006 fieri,

473 3017 615 3045 posuerunt
633 3011 719 3036 omnia
738 3011 808 3043 prius
828 3011 941 3035 extitisse
959 3011 1000 3035 vel
1020 3011 1045 3034 in
1059 3011 1146 3043 aliquo
1160 3019 1212 3035 uno
1227 3010 1333 3035 confuso
1348 3011 1388 3035 vel
1403 3010 1428 3034 in
1443 3011 1529 3043 aliquo

473 3048 596 3080 principio
615 3047 748 3071 materiali.
767 3046 840 3071 Unde
853 3045 931 3070 Piana
949 3045 1070 3070 inutiliter
1084 3046 1175 3077 repetit
1188 3053 1216 3070 ea
1231 3053 1298 3078 quae
1313 3045 1459 3070 immediate
1473 3051 1530 3070 ante

474 3083 539 3108 dicta
558 3087 626 3107 sunt.
645 3083 671 3106 S.
685 3081 801 3106 Thomas
819 3089 882 3105 vero
900 3081 955 3105 vult
973 3081 1022 3106 hoc
1042 3082 1099 3105 loco
1118 3088 1247 3113 exponere
1266 3081 1381 3105 diversas
1394 3081 1532 3112 illationes,

474 3126 539 3150 quas
558 3125 588 3142 ex
608 3117 709 3142 diverso
728 3116 859 3149 principio,
879 3116 1002 3141 materiali
1023 3124 1116 3148 nempe
1134 3117 1175 3140 vel
1195 3116 1311 3146 confuso,
1327 3116 1431 3148 praefati
1448 3116 1530 3148 philo-

474 3153 547 3185 sophi
570 3153 716 3182 intulerunt,
736 3157 761 3176 ct
780 3152 837 3176 ideo
860 3152 1024 3183 prosequitur
1042 3151 1067 3175 in
1087 3151 1198 3175 secunda
1218 3157 1302 3183 parte,
1321 3151 1376 3175 Alii
1399 3158 1461 3176 vero
1486 3152 1531 3183 qui

469 3186 605 3220 ponebant
624 3193 685 3215 etc.¹
704 3192 780 3219 prout
805 3194 863 3211 cum
888 3187 961 3211 codd.
981 3187 1056 3211 habet
1076 3186 1152 3210 etiam
1171 3186 1257 3211 Piana.
1270 3201 1288 3205 —
1306 3186 1371 3211 Infra
1390 3187 1447 3211 loco
1465 3187 1531 3219 sieri

473 3223 539 3248 nihil
556 3223 631 3248 aliud
649 3226 694 3252 est,
714 3221 1024 3251 ABCF‘IKLOQSTVXY
1036 3221 1102 3254 fieri
1120 3229 1170 3245 non
1190 3225 1256 3246 esset
1274 3221 1356 3246 aliud.

526 3257 550 3291 ὃ)
571 3258 674 3283 Deinde
686 3265 744 3283 cum
765 3257 981 3282 dicia-Codices
996 3256 1064 3281 hunc
1084 3264 1220 3281 numerum
1239 3257 1362 3289 incipiunt
1374 3255 1423 3280 hoc
1436 3256 1529 3280 modo.

475 3294 624 3318 Secundum
650 3293 720 3325 quod
744 3292 907 3324 supponebat
926 3291 1004 3324 ponit
1028 3291 1078 3316 ibi:
1101 3292 1222 3323 Amplius
1240 3299 1277 3316 ex
1299 3299 1329 3316 eo
1348 3294 1396 3316 etc.
1419 3292 1530 3316 Dicebat

474 3329 558 3357 enim,·
577 3329 622 3353 sed
642 3328 816 3360 BEGMZpLS
835 3327 928 3352 habent
946 3327 1127 3359 supponebant
1148 3331 1173 3351 et
1187 3327 1321 3357 dicebam,-
1341 3326 1380 3351 ab
1400 3327 1488 3358 legunt
1502 3331 1530 3351 ut

475 3364 558 3394 codd„
573 3364 618 3388 sed
632 3371 649 3388 a
668 3371 720 3387 om.
737 3363 821 3394 ponit,
841 3363 912 3395 quod
930 3363 1038 3387 verbum
1058 3362 1205 3395 typothetae
1224 3362 1263 3386 ed.
1278 3362 1292 3386 b
1311 3367 1369 3386 ante
1386 3362 1529 3387 secundum

475 3399 637 3428 collocarunt,
656 3407 707 3422 non
727 3399 895 3431 intelligentes
915 3405 1020 3422 sensum
1040 3397 1212 3422 correctionis.

528 3433 550 3465 e)
571 3434 601 3457 Si
619 3433 720 3465 aliquid
736 3434 836 3466 fit.-P
856 3433 887 3458 Si
905 3433 1006 3465 aliquid
1031 3436 1085 3462 est5
1108 3433 1172 3457 EGa
1191 3432 1222 3457 Si
1246 3431 1348 3465 aliquid
1366 3435 1405 3457 est
1430 3439 1532 3457 necesse

476 3468 546 3499 quod
558 3469 611 3500 fiat
629 3469 720 3500 autfit
742 3476 778 3493 ex
800 3472 874 3497 ente,·
892 3469 984 3493 eodem
1003 3468 1081 3492 modo
1101 3468 1115 3492 b
1134 3468 1233 3492 omisso
1250 3468 1296 3500 fit.
1315 3467 1436 3492 Ceterum
1455 3468 1529 3492 lectio

476 3510 554 3534 quam
573 3510 602 3527 ex
622 3503 675 3527 aliis
695 3504 768 3528 codd.
787 3504 947 3535 adoptamus,
968 3509 1006 3528 est
1024 3503 1131 3527 omnino
1155 3503 1298 3533 retinenda,
1319 3507 1373 3527 turn
1392 3502 1451 3535 quin
1471 3510 1529 3535 per-

476 3537 563 3569 spicua
582 3542 627 3566 051,
643 3543 696 3562 111111
715 3538 775 3570 quia
793 3544 832 3563 est
851 3538 988 3563 conformis
1007 3539 1092 3568 textui,
1108 3543 1133 3563 et
1147 3538 1291 3570 postulatur
1309 3538 1340 3562 nb
1354 3537 1384 3562 iis
1399 3546 1465 3570 quae
1482 3539 1529 3563 im-

477 3573 586 3596 mediate
605 3577 752 3604 sequuntur,
768 3574 791 3597 in
811 3573 904 3605 quibus
924 3574 978 3605 ipsa
998 3574 1017 3598 P
1037 3574 1174 3598 concordat
1192 3581 1252 3598 cum
1272 3573 1410 3598 codicibus.

529 3606 554 3640 ζ)
567 3607 590 3631 si
603 3608 691 3639 aerfit
705 3615 741 3632 cx
754 3615 857 3640 aqua.-
867 3609 952 3640 Ffiat.
968 3609 1036 3633 COX
1050 3617 1102 3633 om.
1110 3609 1147 3641 fit
1165 3615 1228 3634 ex...
1243 3608 1375 3633 diceretur
1390 3608 1461 3640 quod
1474 3615 1529 3634 aer.

1108 283 1453 320 PHYSICORUM
1480 283 1828 322 ARISTOTELIS
1858 286 1952 323 LIB.
1982 287 2009 323 Ι.

1585 363 1690 422 quod
1716 363 1807 400 illud
1836 364 1940 412 quod
1968 372 2168 412 generatur
2195 378 2241 403 ex
2260 366 2399 416 aliquo,
2422 362 2649 419 praeexistat

1584 415 1623 453 in
1653 418 1737 463 eo),
1767 416 1852 453 ideo
1890 417 1989 454 hanc
2023 418 2278 456 obiectionem
2316 420 2538 459 excludebat
2577 434 2647 471 per

1584 469 1660 506 hoc
1688 469 1792 528 quod
1819 470 1998 528 ponebat,
2028 471 2132 519 quod
2161 471 2200 508 id
2227 472 2332 520 quod
2359 473 2403 510 fit
2430 485 2475 510 ex
2503 473 2645 524 aliquo,

1583 522 1850 581 praeexisteret
1886 522 1925 559 in
1962 535 2008 559 eo
2046 524 2257 561 secundum
2295 525 2481 574 quasdam
2521 534 2647 576 partes

1585 573 1788 622 minimas,
1824 587 1922 623 quae
1956 583 2043 612 sunt
2075 577 2187 614 nobis
2223 577 2459 615 insensibiles
2492 586 2648 628 propter

1586 638 1695 664 suam
1722 627 1968 677 parvitatem.-
1966 629 2086 666 ·Puta
2113 629 2143 666 si
2172 642 2236 667 aer
2263 630 2306 667 fit
2326 642 2370 667 ex
2394 642 2515 688 aqua,⁵
2523 638 2647 680 partes

1586 680 1732 729 aliquae
1761 680 1940 718 minimae
1969 681 2065 718 aeris
2093 690 2180 719 sunt
2201 682 2240 719 in
2269 695 2383 732 aqua,
2408 696 2492 722 11011
2520 691 2648 722 autern

1586 732 1624 769 in
1652 733 1713 770 illa
1745 733 1950 783 quantitate
1982 735 2021 771 in
2049 747 2124 784 qua
2152 733 2369 795 generatur:
2400 743 2436 773 et
2463 736 2551 773 ideo
2579 749 2650 786 per

1587 787 1917 846 congregationem
1936 786 2084 824 illarum
2102 789 2267 837 partium
2291 789 2387 826 aeris
2415 789 2492 826 ad
2482 789 2648 827 mvicem

1587 845 1623 874 et
1651 839 1949 887 segregationem
1979 852 2023 877 ex
2049 841 2219 890 partibus
2242 854 2376 890 aquae,
2399 842 2548 879 dicebat
2565 842 2648 880 fieri

1586 903 1727 928 aerem.
1745 892 1926 930 —Habito
1955 892 2064 941 igitur
2087 895 2174 943 hoc,
2195 895 2300 944 quod
2328 907 2444 932 omne
2473 895 2578 945 quod
2605 896 2648 933 fit

1587 956 1633 981 ex
1660 943 1800 994 aliquo,
1819 946 2109 994 praeexistat*
2101 959 2139 984 111
2168 960 2227 995 00,
2249 948 2467 985 assumebat
2493 948 2648 986 ulterius
2674 954 2874 1004 gffleggftss1

1587 1009 1704 1034 omne
1742 1010 1788 1034 ex
1823 998 1928 1035 omni
1966 998 2073 1036 fieri:
2111 1000 2214 1037 unde
2252 1001 2502 1038 concludebat
2542 1001 2647 1050 quod

1587 1050 1784 1098 quodlibet
1812 1058 1909 1088 esset
1928 1051 1966 1088 in
1985 1052 2155 1101 quolibet
2180 1053 2411 1102 permixtum
2435 1054 2647 1091 secundum

1586 1110 1712 1152 partes
1732 1103 1909 1141 minimas
1930 1111 1966 1141 et
1984 1104 2230 1142 insensibiles.
2247 1126 2271 1134 -
2290 1107 2339 1143 Et
2357 1106 2446 1155 quia
2469 1106 2647 1144 infinities

1586 1168 1708 1193 unum
1738 1169 1783 1193 ex
1810 1157 1883 1193 alio
1912 1157 1995 1194 fieri
2021 1165 2166 1206 potest,
2194 1158 2358 1195 infinitas
2385 1159 2510 1208 partes
2538 1158 2647 1196 mini-

1587 1221 1670 1246 mas
1697 1208 1736 1245 in
1762 1222 1998 1259 unoquoque
2028 1222 2109 1247 esse
2138 1210 2286 1247 dicebat
2303 1212 2335 1248 ⁶.

1642 1263 1677 1299 6.
1711 1262 1859 1299 Deinde
1894 1275 1982 1299 cum
2018 1262 2124 1300 dicit:
2162 1264 2359 1312 Apparere
2394 1269 2519 1300 autem
2555 1271 2646 1312 etc.,

1588 1314 1751 1352 excludit
1787 1315 1980 1364 quandam
2017 1315 2168 1352 tacitam
2206 1316 2472 1354 obiectionem.
2514 1317 2649 1354 Ρο5501

1588 1367 1690 1404 0111111
1709 1367 1842 1427 aliquis
1866 1367 2047 1404 obiicere:
2073 1367 2102 1404 si
2122 1367 2290 1406 infinitae
2308 1376 2433 1418 partes
2453 1369 2648 1407 cuiuslibet

1587 1420 1639 1456 rei
1664 1427 1750 1457 sunt
1778 1421 1816 1457 in
1841 1420 2010 1468 quolibet
2027 1417 2052 1467 θ,
2074 1428 2252 1480 sequetur
2279 1421 2385 1470 quod
2413 1434 2473 1459 res
2497 1434 2569 1459 nec
2596 1423 2645 1460 ab

1586 1472 1751 1510 invicem
1772 1473 1957 1521 differant,
1977 1485 2049 1510 nec
2072 1473 2148 1510 ab
2139 1473 2304 1510 invicem
2325 1473 2475 1512 differre
2492 1474 2647 1512 videan-

1586 1532 1659 1562 tur.
1686 1525 1747 1562 Ad
1774 1526 1850 1562 hoc
1878 1527 2008 1574 ergo⁴¹

1587 1590 1646 1615 res
1674 1578 1852 1615 videntur
1889 1577 2038 1616 differre
2071 1579 2119 1615 ab
2148 1579 2325 1627 invicem,
2349 1588 2384 1617 et
2402 1580 2648 1619 nominantur

1588 1631 1700 1668 etiam
1721 1631 1882 1680 diversa,
1896 1643 1939 1668 ex
1956 1643 2001 1668 eo
2022 1630 2126 1680 quod
2145 1632 2310 1669 maxime
2330 1634 2612 1682 superabundat
2625 1634 2646 1656 '⁸¹

1587 1683 1626 1721 in
1646 1683 1714 1730 eis;
1736 1697 1824 1721 cum
1843 1691 1973 1721 tamen
1992 1685 2012 1706 ²⁸
2031 1684 2175 1722 infinita
2199 1685 2245 1722 sit
2263 1685 2462 1723 multitudo
2481 1686 2646 1745 partium

1587 1736 1832 1773 minimarum
1861 1749 1959 1786 quae
1988 1737 2227 1775 continentur
2244 1738 2283 1775 in
2302 1738 2428 1788 aliquo
2447 1738 2577 1776 mixto.
2598 1740 2648 1777 Et

1587 1789 1639 1826 sic
1667 1789 1757 1826 nihil
1786 1797 1841 1826 est
1862 1802 1956 1839 pure
1986 1798 2022 1827 et
2044 1791 2204 1828 totaliter
2226 1791 2355 1828 album
2375 1799 2440 1828 aut
2459 1792 2479 1813 *
2497 1791 2646 1839 nigrum
2672 1797 2736 1819 ’⁹²1
2748 1803 2884 1826 mmm

2673 1825 2697 1844 et
2710 1829 2732 1845 Υ.

1587 1849 1652 1879 aut
1679 1855 1723 1879 os
1741 1843 1772 1891 *,
1793 1843 1861 1880 sed
1880 1842 1919 1880 id
1938 1843 2044 1892 quod
2061 1845 2147 1903 plus
2167 1851 2222 1881 est
2239 1844 2277 1881 in
2305 1857 2550 1894 unoquoque,
2570 1846 2683 1882 hoc·
2697 1849 2788 1872 ααίΜΙ
2799 1856 2816 1872 ¹

1586 1895 1736 1932 videtur
1764 1907 1846 1932 esse
1874 1904 2007 1933 natura
2034 1896 2099 1934 rei.

1641 1960 1676 1996 7.
1706 1947 1855 1985 Deinde
1884 1961 1972 1985 cum
2002 1949 2089 1986 dicit
2105 1949 2199 1986 ³:81·
2223 1949 2339 1999 igitur
2357 1923 2541 1998 infinitum
2561 1956 2644 1999 etc.,

1586 2000 1777 2049 improbat
1794 2001 2023 2050 positionem
2036 2002 2281 2050 praedictam.
2298 2003 2347 2040 Et
2362 2002 2459 2039 circa
2473 2003 2548 2039 hoc
2567 2003 2644 2040 duo

1587 2053 1692 2090 facit:
1730 2054 1855 2102 primo
1893 2054 2086 2103 improbat
2122 2067 2208 2092 eam
2246 2056 2438 2102 absolUte3
2475 2056 2644 2093 secundo

1588 2114 1784 2155 comparat
1816 2119 1902 2144 eam
1937 2107 1986 2144 ad
2020 2107 2242 2156 opinionem
2276 2108 2542 2157 Empedoclis,
2571 2108 2643 2146 ibi·

1586 2159 1762 2196 Melius*
1781 2165 1905 2196 autem
1935 2167 2003 2196 010.
2026 2160 2135 2197 Circa
2151 2161 2318 2209 primum
2340 2161 2416 2198 duo
2445 2161 2551 2198 facit:
2570 2161 2644 2210 pri-

1586 2266 1851 2312 Anaxagorae,
1881 2265 2050 2302 secundo
2056 2266 2270 2340 *improbat
2298 2266 2460 2304 modurn
2491 2267 2646 2327 positiq-

1587 2317 1659 2362 nis,
1688 2317 1756 2354 ibi:
1784 2318 2076 2366 Nequaquam*

1587 2370 1755 2419 quinque
1782 2371 1957 2407 rationes.
1980 2372 2154 2418 Quarum
2172 2371 2297 2420 prima
2320 2372 2400 2409 talis
2430 2380 2495 2410 est.
2517 2373 2645 2411 Omne

1587 2423 1776 2460 infinitum
1805 2431 1862 2460 est
1888 2423 2071 2471 ignotum,
2092 2425 2303 2461 secundum
2324 2425 2428 2473 quod
2448 2432 2507 2462 est·
2521 2424 2645 2463 infini-

1587 2484 1679 2512 tum.
1701 2477 1750 2513 Et
1779 2476 1931 2524 exponit
1957 2488 2074 2525 quare
2103 2477 2190 2514 dicit
2207 2478 2410 2514 secundum
2434 2477 2536 2526 quod
2551 2478 2572 2499 *
2591 2478 2645 2515 in-

1576 2529 1751 2577 finitum;
1775 2529 1863 2577 quia
1882 2529 1912 2565 si
1941 2536 1997 2565 est
2024 2529 2212 2566 infinitum
2240 2529 2453 2567 secundum
2481 2530 2645 2568 multitu-

1588 2581 1716 2618 dinem
1735 2582 1797 2618 vel
1826 2581 2138 2629 magnitudinem,
2156 2582 2223 2619 erit
2241 2582 2413 2630 ignotum
2432 2583 2644 2620 secundum

1588 2634 1854 2683 quantitatem3
1892 2634 1923 2670 si
1957 2642 2084 2671 autem
2119 2643 2174 2672 est
2209 2635 2399 2679 infinitum
2433 2636 2644 2674 secundum

1588 2686 1770 2735 speciem,
1799 2694 1891 2735 puta
1920 2687 2023 2736 quod
2061 2688 2306 2733 constituatur
2334 2701 2379 2726 ex
2406 2688 2560 2726 infinitis
2587 2701 2644 2726 se-

1589 2739 1757 2776 cundum
1786 2740 1952 2788 speciem
1982 2740 2150 2789 diversis,
2175 2748 2266 2778 tunc
2294 2741 2362 2778 erit
2388 2741 2560 2790 ignotum
2588 2754 2645 2779 se-

1585 2870 1639 2895 Cet.
1655 2878 1708 2895 exc.
1722 2871 1743 2895 D
1763 2879 1816 2896 om.
1826 2878 1864 2896 ex
1881 2878 1968 2904 aqua:
1980 2872 2050 2904 quod
2063 2872 2169 2904 quidem
2189 2872 2210 2896 si
2229 2879 2260 2897 ex
2277 2880 2330 2898 una
2342 2877 2414 2906 parte
2430 2873 2532 2899 videtur
2549 2874 2644 2908 requiri

1584 2913 1614 2930 ex
1633 2906 1662 2930 iis
1682 2914 1749 2938 quae
1767 2911 1910 2939 sequuntur
1924 2907 1984 2931 Non
2004 2910 2119 2932 autem...
2138 2907 2209 2940 quod
2226 2915 2274 2932 aer
2285 2908 2338 2941 fiat
2356 2915 2394 2932 ex
2411 2915 2490 2940 aqua,
2508 2914 2594 2934 tamen
2613 2916 2644 2934 ex

1583 2941 1662 2965 altera
1681 2946 1751 2973 parte
1769 2947 1837 2966 recte
1855 2942 1955 2966 videtur
1979 2942 2062 2966 omitti
2085 2943 2117 2967 ad
2140 2943 2330 2974 exprimendam
2355 2943 2547 2968 conclusionem
2565 2951 2644 2976 gene-

1583 2977 1662 3000 ralem
1682 2984 1761 3008 quam
1779 2977 1944 3008 Anaxagoras
1964 2985 1994 3001 ex
2012 2977 2077 3002 falso
2091 2978 2214 3010 principio
2232 2983 2367 3010 assumpto
2386 2978 2535 3010 deducebat,
2554 2979 2643 3004 videli-
2672 2980 2677 2982 “

1583 3016 1622 3035 cet
1645 3011 1715 3043 quod
1734 3011 1796 3036 nihil
1816 3011 1859 3036 fiat
1877 3012 2041 3044 simpliciter,
2070 3013 2115 3037 sed
2138 3020 2216 3037 omne
2235 3013 2305 3045 quod
2324 3012 2352 3037 fit
2374 3013 2445 3046 prius
2464 3013 2583 3039 existiu-
2591 3013 2642 3038 Pro

1582 3045 1684 3075 existit,
1703 3047 1822 3071 DHMNZ
1841 3047 1978 3076 extiterat,
1999 3051 2046 3072 cet.
2060 3047 2160 3072 codices
2181 3055 2233 3072 exc.
2247 3048 2294 3073 EG
2312 3047 2442 3073 extiterit.

1635 3081 1662 3113 η)
1679 3081 1732 3106 Sed
1746 3082 1825 3113 quia..
1829 3082 2075 3113 .praeexisteret.-
2056 3083 2246 3107 -Adnotamus
2258 3083 2342 3108 varias
2356 3083 2432 3108 codd.
2446 3083 2569 3108 lectiones
2579 3084 2644 3109 reci·

1583 3116 1661 3140 tando
1680 3116 1798 3141 Pianam:
1810 3126 1823 3140 ‹<
1840 3117 1890 3141 Sed
1910 3117 1970 3149 quia
1983 3117 2032 3141 hoc
2050 3117 2184 3142 videbatur
2197 3118 2262 3148 (esse
2281 3118 2339 3142 add.
2350 3118 2642 3149 ABCFLOQSTVXYS

1583 3151 1618 3182 H)
1633 3157 1719 3176 contra
1732 3152 1756 3176 id
1771 3152 1841 3183 quod
1859 3157 1963 3183 apparet
1977 3153 2064 3176 sensui
2080 3152 2166 3183 (sensu
2182 3152 2436 3185 KLOQSTVYpX)·
2451 3161 2502 3178 non
2517 3154 2585 3178 enim
2598 3162 2643 3186 ap-

1583 3192 1654 3218 paret
1674 3185 1790 3218 (videtur
1804 3187 2124 3219 ABCFlKLOQSTVXY)
2140 3188 2171 3212 ad
2191 3195 2297 3212 sensum
2312 3189 2382 3220 quod
2400 3188 2462 3213 illud
2482 3187 2565 3222 (quod
2577 3189 2643 3214 illud

1583 3229 1635 3246 om.
1650 3222 1884 3254 AFIKSTVXY)q
1886 3222 1937 3246 uod
1956 3227 2091 3254 generatur
2106 3230 2136 3247 ex
2150 3223 2251 3255 aliquo,
2272 3223 2424 3256 praeexistat
2442 3223 2644 3256 (praeextitisse

1582 3256 1861 3289 ACFlKOQSTVXY)
1882 3257 1906 3281 in
1920 3265 1965 3288 eo;
1986 3257 2043 3282 ideo
2063 3256 2133 3290 (ideo
2151 3265 2204 3282 om.
2218 3258 2303 3291 codd.)
2317 3258 2382 3283 hanc
2401 3257 2435 3291 (D
2454 3258 2524 3283 addit
2541 3258 2641 3293 autem)

1583 3291 1754 3316 obiectionem
1768 3292 1917 3317 excludebat
1930 3300 1977 3324 pet·
1990 3292 2039 3317 hoc
2058 3293 2127 3325 quod
2141 3291 2223 3326 (quod
2240 3300 2293 3318 om.
2308 3293 2424 3326 CLRSZ)
2439 3294 2559 3327 ponebat,
2572 3295 2642 3327 quod

1583 3327 1608 3351 id
1627 3327 1710 3359 (quod
1729 3327 1758 3351 id
1775 3335 1828 3352 om.
1841 3327 1915 3352 codd.
1935 3335 1988 3352 exc.
2001 3328 2145 3359 BLMRSZ)
2164 3328 2234 3360 quod
2257 3327 2285 3352 fit
2304 3336 2334 3353 ex
2352 3302 2456 3362 aliquop
2458 3329 2554 3362 (altero
2571 3329 2642 3355 DEG

1583 3362 1665 3392 HMN,
1680 3362 1769 3394 aliquo
1787 3363 1872 3387 altero
1892 3363 1920 3394 1,
1936 3363 2024 3395 aliquo
2042 3363 2086 3388 al’.
2099 3363 2184 3388 altero
2202 3364 2230 3396 S)
2250 3364 2430 3397 praeexisteret
2448 3364 2642 3398 (praeexistere

1583 3397 1657 3421 codd.
1684 3406 1709 3421 1n
1728 3405 1768 3422 eo.
1789 3406 1802 3420 »

1636 3396 1690 3466 0))
1681 3432 1706 3457 in
1722 3433 1870 3464 quolibet-
1880 3434 1916 3458 lta
1935 3433 2013 3464 PBD;
2029 3433 2120 3464 RZsH,
2136 3434 2162 3459 in
2175 3434 2291 3466 qualibet
2304 3441 2348 3465 re,·
2361 3435 2445 3463 ceteri,
2457 3434 2483 3459 in
2496 3434 2618 3467 qualibet.
2623 3447 2642 3453 -

1583 3468 1649 3496 Mox,
1664 3468 1734 3500 quod
1752 3475 1794 3493 res
1809 3475 1855 3493 nec
1866 3469 1899 3493 ab
1918 3469 2028 3493 invicem
2042 3468 2176 3502 differant,
2190 3469 2256 3494 PEG
2269 3469 2340 3502 quod
2353 3477 2404 3494 non
2419 3469 2453 3494 ab
2472 3469 2580 3495 invicem
2599 3476 2642 3494 res

1583 3502 1745 3536 differant.—
1754 3504 1821 3528 Ante
1840 3503 1947 3537 differre
1966 3504 2022 3528 cod.
2036 3504 2057 3528 N
2076 3504 2144 3529 addit
2163 3504 2364 3537 distinguantur
2381 3505 2429 3530 vel.

1636 3539 1654 3570 ι)
1675 3538 1776 3564 Deinde
1795 3546 1853 3563 cum
1874 3539 1973 3563 dicit.-
1983 3539 2030 3564 Ed.
2043 3545 2061 3563 a
2074 3544 2099 3563 01
2112 3539 2206 3564 DEGH
2226 3547 2279 3564 om.
2292 3539 2354 3564 haec
2372 3539 2450 3564 verba
2463 3544 2489 3564 et
2502 3538 2639 3571 incipiunt:

1584 3573 1614 3598 Si
1633 3573 1715 3606 igitur
1728 3574 1861 3606 infinitum
1874 3577 1923 3599 etc.
1942 3574 1995 3599 Hic
2009 3574 2147 3609 improbat.
2164 3574 2192 3599 ln
2211 3575 2324 3607 margine
2338 3581 2401 3599 vero
2419 3574 2475 3599 cod.
2489 3574 2513 3599 G
2531 3578 2640 3604 notatur,

1583 3609 1672 3634 Lectio
1691 3609 1726 3634 Χ.
1740 3609 1830 3639 Quoad
1849 3616 1866 3633 a
1885 3609 1942 3633 vide
1960 3606 2151 3641 praefationem.

2675 1217 2808 1244 'ponebat
2818 1223 2886 1240 Aaou

2674 1244 2887 1297 ἳὲἓῶξῗῖοέἕιῗὶ

2029 1525 2135 1575 quasi
2159 1527 2394 1576 respondens
2422 1527 2520 1575 dicit,
2541 1528 2688 1582 quod
2673 1535 2751 1563 ereo
2761 1540 2808 1557 om·
2827 1530 2886 1557 »τὸ

2675 1641 2685 1650 ·
2674 1638 2884 1688 νιιὲἐεναῠιικάα-

2672 1693 2683 1705 ⁸
2689 1665 2783 1715 ntam'en
2803 1698 2851 1715 om.

2674 1718 2745 1741 codd.
2759 1724 2810 1741 exc.
2822 1725 2858 1741 ιι.

2671 2170 2766 2223 aaa
2777 2176 2807 2192 ¹·

1587 2224 1652 2248 mo
1681 2212 1789 2260 ponit
1816 2212 1979 2249 rationes
2013 2213 2061 2250 ad
2093 2213 2391 2262 improbandum
2424 2214 2685 2274 opinionem
2672 2223 2759 2245 ed-aet

2757 2196 2916 2246 ὥρας.

2102 2326 2170 2355 010.
2206 2319 2315 2356 Circa
2343 2319 2512 2368 primum
2539 2319 2683 2369 ponit·
2697 2328 2767 2351 Num-
2777 2334 2806 2357 15-

2670 2486 2683 2498 '⁴
2697 2488 2734 2508 est
2746 2485 2800 2508 add.
2814 2485 2851 2508 ab
2861 2489 2883 2508 et

2672 2512 2741 2534 codd.
2751 2518 2800 2534 exc.
2810 2519 2835 2534 ιι.
