2898 3996
1111 313 1222 351 CAP.
1251 314 1304 361 v,
1334 312 1479 349 LECT.
1508 314 1576 350 vn

325 396 421 427 Ἐπεὶ
446 389 474 426 δ’
506 394 564 426 οὐκ
589 394 680 427 ἔστιν
714 392 850 437 ἀμερές,
886 391 1015 437 ἀνάγκη
1042 386 1209 434 διαιρετὸν
1235 386 1320 420 εἶναι

330 441 387 470 καὶ
413 439 445 471 ὲν
472 439 597 480 ὁτῳοῦν
622 439 688 471 τῶν
715 437 840 470 τούτου
865 434 1172 512 μεταὲεβληκέναι·
1198 429 1320 476 διαιρε-

331 481 448 520 Θέντος
473 483 536 528 γαρ
561 483 623 516 τοῦ
643 484 707 523 ΑΔ,
726 483 753 513 εὶ
774 481 832 525 μέν
856 481 887 513 ἑν
913 492 956 524 μη
982 478 1082 523 ετέρῳ
1107 476 1320 528 μεταβέβλη-

329 538 402 569 κεν,
430 524 498 560 οὐδ’
528 528 561 559 ὲν
586 527 633 568 τῷ
660 525 736 566 ὅλῳ·
770 527 797 557 εἰ
821 520 850 555 δ’
879 525 911 556 ἐν
939 525 1059 567 ἀμφοῖν
1087 521 1318 565 μεταβαλλει,

329 572 388 602 καὶ
418 572 450 605 ὲν
481 572 529 612 τῷ
560 573 678 603 παντί·
705 570 732 600 εἰ
761 565 790 600 δ’
819 569 851 600 ὲν
883 567 1011 609 θατέρῳ
1043 563 1317 610 μεταβέβληκεν,

332 615 391 646 οὐκ
416 615 449 648 ὲν
475 617 521 650 τῶ
548 614 614 656 ὅλῳ’
638 613 770 658 πρώτῳ.
791 612 892 643 “ssave
920 610 1049 656 ἀνάγκη
1069 607 1100 647 ἐν
1120 609 1244 649 ὁτῳοῦν
1266 619 1322 650 με-

332 648 593 700 ταβεβληκέναι.
626 658 772 701 Φανερὸν
803 658 912 689 τοίνυν
945 654 999 686 ὅτι
1031 651 1091 685 οὐκ
1121 652 1211 685 ἔστιν
1237 652 1270 683 ἐν
1296 651 1319 693 ᾦ

332 703 452 747 πρώτῳ
477 701 742 749 μεταβέβληκεν·
771 700 900 743 ἄπειροι
924 698 989 744 γαρ
1015 699 1050 729 αἱ
1074 692 1263 740 διαιρέσεις.

265 741 351 779 Οὐδὲ
374 742 418 785 δή
444 760 508 780 τοι
557 743 829 785 εταβεβληκότος
859 743 932 774 ἐστί
956 753 991 774 τι
1016 741 1147 786 πρῶτον
1175 741 1193 772 ὃ
1215 751 1319 784 μετα-

333 790 505 832 βέβληκεν.
548 791 645 821 Εστω
669 788 734 840 γάρ
760 786 800 818 τὸ
825 787 872 816 ΔΖ
905 786 1036 828 πρῶτον
1063 783 1318 828 μεταβεβληκὸς

333 837 395 867 τοῦ
420 837 481 866 ΔΕ·
508 835 575 866 πᾶν
600 832 663 878 γὰρ
688 826 861 862 δεδεικται
885 825 1054 873 διαιρετὸν
1081 829 1121 862 τὸ
1146 827 1321 872 μεταβάλ-

330 880 400 911 λον.
427 880 463 910 '0
485 873 523 909 δὲ
546 877 662 921 χρόνος
687 875 719 906 ὲν
745 874 768 915 ᾦ
793 874 834 907 τὸ
860 875 907 904 ΔΖ
931 872 1205 917 μεταβέβληκεν,
1232 873 1318 904 ἔστω

330 922 378 964 ἐφ’
399 922 423 963 ᾧ
445 922 499 952 θΙ.
525 922 563 952 Εἰ
589 918 644 952 οὖν
670 919 703 951 ἐν
729 919 776 960 τῷ
802 920 907 950 παντὶ
926 918 967 950 τὸ
984 918 1031 947 ΔΖ
1049 917 1317 960 μεταβέβληκεν,

331 965 364 997 ἐν
389 966 436 1006 τῷ
461 966 573 1008 ἡμίσει
598 965 746 996 ἔλαττον
772 963 871 994 ἔσται
898 962 938 993 τὸ
963 961 1236 1005 μεταβεβληκὸς,
1261 962 1319 991 καὶ

330 1008 491 1052 πρότερον
517 1009 579 1040 τοῦ
603 1009 664 1049 ΔΖ,
684 1009 741 1039 καὶ
767 1006 870 1039 πάλιν
896 1005 1022 1039 τούτου
1049 1006 1145 1046 ἀλλο,
1163 1006 1318 1037 κάκείνου

330 1051 469 1095 ἕτερον,
496 1053 554 1084 καὶ
581 1050 632 1084 ἀεὶ
657 1050 775 1088 οὕτως.
805 1050 898 1083 ’Ὠστ’
930 1049 1023 1082 οὐθὲν
1056 1049 1155 1081 ἔσται
1187 1049 1318 1091 πρῶτον

330 1098 391 1128 τοῦ
420 1096 698 1140 μεταβάλλοντος
726 1096 742 1127 ὃ
765 1094 1032 1139 μεταβέβληκεν.
1061 1092 1140 1125 “On
1171 1094 1229 1137 μέν
1264 1090 1319 1124 οὖν

330 1140 409 1172 οὔτε
427 1142 489 1173 τοῦ
507 1139 786 1183 μεταβάλλοντος
804 1139 873 1171 οὔτ’
893 1139 926 1171 ἑν
945 1138 968 1180 ᾤ
986 1137 1197 1181 μεταβάλλει
1213 1136 1318 1182 χρόνῳ

330 1185 462 1229 πρῶτον
488 1183 583 1216 οὐθέν
609 1185 695 1225 ἐστι,
722 1183 860 1228 φανερὸν
885 1183 921 1216 ἐκ
946 1184 1012 1215 τῶν
1038 1181 1228 1224 εἰρημένων.

263 1225 355 1260 Αὐτὸ
386 1224 426 1260 δὲ
457 1229 472 1261 ὃ
531 1228 716 1268 εταβοίλλει
747 1227 767 1264 ἦ
798 1226 872 1258 καθ’
902 1228 919 1259 ὃ
943 1226 1177 1271 μεταβάλλει,
1211 1223 1316 1256 οὐκέθ’

331 1273 448 1316 ὁμοίως
478 1241 556 1314 ἕξει.
589 1275 671 1318 Τρία
695 1271 760 1318 γοίρ
795 1270 886 1304 ἐστιν
913 1271 935 1303 οἳ
956 1270 1098 1316 λέγεται
1128 1268 1224 1302 κατα
1255 1268 1318 1305 τήν

329 1317 539 1360 μεταβολήν·
566 1317 608 1349 τό
632 1329 670 1349 τε
694 1314 927 1360 μεταβάλλον,
951 1318 1008 1347 καὶ
1034 1315 1067 1346 ἐν
1093 1313 1135 1356 ᾧ,
1160 1315 1218 1345 καὶ
1242 1312 1316 1344 καθ’

331 1361 347 1393 ὃ
365 1360 597 1404 ,μεταβάλλει-
624 1361 692 1392 οἷον
718 1361 734 1391 ὀ
761 1358 819 1392 ἄνθ
842 1371 951 1400 ωπος,
976 1360 1035 1391 καὶ
1061 1359 1076 1389 ὸ
1102 1357 1236 1403 χρόνος,
1261 1358 1320 1388 καὶ

330 1404 371 1437 τὸ
393 1405 525 1437 λευκόν.
549 1406 586 1435 '0
609 1405 668 1449 μὲν
695 1403 749 1436 οὖν
776 1404 814 1436 ἄν
838 1415 945 1446 ρωπος
969 1405 1027 1435 καὶ
1053 1403 1069 1434 ὁ
1092 1401 1209 1448 χρόνος
1234 1396 1320 1432 διαι-

330 1451 434 1493 ρετοί,
459 1450 532 1493 περὶ
556 1443 594 1480 δὲ
618 1449 679 1482 τοῦ
702 1449 822 1480 λευκοῦ
850 1447 949 1485 ἄλλος
973 1447 1087 1493 λόγος.
1113 1446 1202 1482 Πλὴν
1226 1446 1322 1478 κατοὶ

330 1493 537 1536 συμβεβηκός
566 1505 604 1539 γε
637 1492 755 1525 πάντα
785 1487 953 1535 διαιρετά·
987 1491 1010 1533 ᾤ
1035 1491 1099 1537 γάρ
1131 1489 1320 1534 συμβέβηκε

330 1537 371 1570 τὸ
394 1537 511 1574 λευκὸν
537 1536 557 1573 ἦ
583 1537 625 1570 τὸ
651 1536 760 1575 ποιόν,
787 1536 891 1568 ἐκεῖνο
916 1531 1087 1580 διαιρετόν
1112 1535 1221 1575 ἐστιν,
1249 1535 1321 1566 ἐπεὶ

332 1580 395 1612 ὅσα
419 1594 457 1628 γε
481 1579 556 1613 καθ’
586 1580 680 1612 αὐτοὶ
709 1580 851 1626 λέγεται
881 1575 1038 1624 διαιρεταὶ
1065 1581 1123 1611 καὶ
1155 1578 1201 1622 μή
1226 1578 1322 1610 κατοὶ

328 1625 550 1669 συμβεβηκός,
577 1620 646 1656 οὐδ’
675 1625 706 1656 ἐν
734 1624 870 1661 τούτοις
896 1624 995 1656 ἔσται
1020 1623 1061 1655 τὸ
1086 1624 1233 1667 πρῶτον,
1254 1623 1320 1654 οἷον

329 1669 363 1701 ἐν
388 1673 459 1707 τοῖς
485 1668 668 1715 μεγέθεσιν.
689 1667 801 1701 Ἔστω
825 1668 889 1714 γὰρ
915 1668 956 1700 τὸ
982 1666 1029 1711 ἐφ’
1051 1666 1074 1708 ᾦ
1095 1669 1145 1698 ΑΒ
1168 1667 1319 1713 μέγεθος,

327 1715 387 1744 καὶ
417 1713 568 1745 κινείσθω
594 1714 629 1745 ἐκ
655 1714 717 1744 τοῦ
741 1714 765 1744 Β
790 1713 834 1750 εἰς
860 1712 901 1744 τὸ
926 1714 947 1742 Γ
973 1712 1119 1755 πρῶτον·
1147 1712 1265 1743 οὐκοῦν
1294 1712 1322 1742 εἰ

329 1757 388 1801 μὲν
415 1754 608 1802 ἀδιαίρετον
634 1757 733 1788 ἔσται
757 1757 798 1790 τὸ
821 1757 883 1797 ΒΓ,
911 1754 1026 1800 ἀμερὲς
1057 1755 1196 1799 ἀμεροῦς
1223 1756 1321 1788 ἔσται

331 1801 504 1846 ἐχόμενον·
530 1803 558 1834 εἰ
582 1798 620 1833 δὲ
644 1796 826 1845 διαιρετόν,
846 1800 945 1832 ἔσται
970 1811 1003 1832 τι
1022 1800 1084 1832 τοῦ
1104 1801 1125 1830 Γ
1144 1799 1319 1843 πρότερον,

329 1848 373 1884 εἰς
400 1847 416 1878 ὃ
441 1845 695 1891 μεταβέβληκε,
729 1845 883 1877 κάκείνου
914 1843 1014 1876 πάλιν
1047 1844 1150 1884 ἄλλο,
1185 1845 1241 1875 καὶ
1270 1844 1320 1876 ἀεὶ

330 1888 440 1932 οὕτω,
473 1886 532 1922 διαὶ
556 1889 596 1922 τὸ
629 1885 802 1932 μηδέποτε
836 1889 1029 1920 ὑπολείπειν
1055 1887 1118 1924 τήν
1148 1883 1318 1932 διαίρεσιν.

271 1942 274 1944 ’
321 1935 416 1967 ‘ssav'
439 1935 498 1967 οὐκ
523 1934 621 1966 ἔσται
645 1933 778 1978 πρῶτον
795 1933 839 1970 εἰς
859 1933 874 1964 ὃ
892 1932 1158 1975 μεταβέβληκεν.
1182 1933 1320 1975 Ὁμοίως

328 1979 367 2012 δὲ
390 1981 447 2011 καὶ
473 1979 528 2011 ἐπὶ
552 1978 615 2015 τῆς
640 1979 703 2010 τοῦ
722 1978 829 2009 ποσοῦ
847 1977 1055 2021 μεταβολῆς·
1072 1978 1131 2008 καὶ
1146 1977 1211 2022 γαρ
1231 1975 1320 2013 αὕτη

331 2025 364 2056 ὲν
388 2027 520 2069 συνεχεῖ
550 2020 635 2055 ἐστί.
669 2021 815 2065 Φανερὸν
847 2019 903 2053 οὖν
930 2020 983 2053 ὅτι
1009 2019 1041 2053 ἑν
1067 2020 1152 2064 μόνῃ
1179 2022 1245 2052 τῶν
1273 2032 1321 2051 κι-

329 2067 519 2122 νησεωνττῇ
536 2066 632 2099 κατοὶ
654 2066 694 2098 τὸ
719 2065 815 2098 ποιὸν
833 2060 1011 2111 ἐνδέχεται
1030 2060 1223 2110 ἀδιαίρετον
1243 2064 1317 2096 καθ’

331 2112 418 2144 αὐτὸ
443 2122 540 2143 ειναι.

317 2209 464 2237 ΞΥΝοΡςιε.
489 2223 522 2227 ——
550 2216 573 2234 1.
593 2206 803 2242 Argumentum
828 2211 856 2233 et
876 2205 978 2233 divisio
1004 2211 1106 2233 textus.
1128 2221 1147 2225 -
1169 2212 1196 2232 2.
1226 2205 1320 2232 Omne

263 2249 344 2286 quod
358 2253 492 2282 mutatur,
508 2246 625 2282 quando
639 2245 697 2273 iarn
713 2251 756 2272 est
769 2250 920 2280 mutatum,
935 2251 978 2272 est
991 2244 1021 2272 in
1035 2244 1159 2272 termino
1174 2245 1212 2272 ad
1227 2253 1319 2281 quem.

264 2289 407 2317 Probatur
420 2288 448 2322 a)
471 2286 582 2314 ratione
599 2284 784 2323 particulari,
800 2284 830 2312 in
844 2284 1002 2312 mutatione
1017 2293 1090 2320 quae
1106 2290 1148 2312 est
1164 2283 1237 2311 inter
1251 2293 1321 2312 con-

262 2326 426 2356 tradictorie
447 2325 589 2362 opposita.
605 2325 680 2353 Cum
701 2324 808 2361 aliquid
829 2330 963 2359 mutatur,
985 2330 1034 2352 aut
1054 2324 1148 2360 ipsum
1164 2324 1243 2360 quod
1258 2333 1321 2351 mu-

262 2373 339 2396 tatur
365 2365 450 2394 distat
468 2374 486 2393 a
505 2363 629 2392 termino
651 2373 669 2391 a
687 2372 751 2401 quo,
773 2370 822 2391 aut
847 2363 941 2391 deficit
962 2363 1023 2399 ipse
1050 2363 1188 2391 terminus
1214 2372 1232 2390 a
1252 2372 1322 2400 quo,-

263 2412 374 2435 mutato
396 2405 481 2442 igitur
494 2404 591 2440 aliquo
605 2413 656 2440 per
677 2403 891 2440 generationem
905 2404 941 2431 de
957 2412 1017 2431 non
1038 2411 1100 2430 esse
1121 2402 1151 2430 in
1171 2411 1241 2437 esse,
1263 2402 1321 2430 iam

264 2445 367 2474 defecit
386 2454 404 2473 a
424 2454 485 2472 non
506 2453 581 2479 esse;
603 2452 671 2480 ergo
693 2449 736 2470 est
755 2442 786 2470 in
806 2452 876 2471 esse.
892 2444 928 2470 Et
942 2442 1015 2470 sicut
1035 2452 1065 2470 se
1081 2443 1166 2470 habet
1186 2442 1216 2470 in
1236 2451 1322 2479 gene-

262 2486 390 2520 ratione,
412 2484 451 2512 ita
472 2490 500 2512 et
520 2483 550 2511 in
573 2482 635 2511 aliis
655 2482 871 2510 mutationibus.
894 2499 912 2503 -
935 2482 960 2510 3.
983 2482 1011 2517 b)
1032 2482 1154 2510 Ratione
1174 2482 1320 2520 generali.

264 2525 297 2553 In
317 2530 408 2559 motu,
424 2529 493 2560 puta
507 2522 606 2558 locali,
628 2521 652 2550 si
666 2521 695 2549 id
710 2522 789 2559 quod
811 2528 944 2557 mutatur,
960 2522 1078 2558 quando
1100 2527 1242 2550 mutatum
1264 2528 1320 2556 est,

262 2573 325 2593 non
345 2563 381 2592 sit
400 2563 431 2591 in
450 2562 574 2591 termino
595 2562 633 2589 ad
654 2570 736 2598 quem
758 2568 892 2597 mutatur,
908 2562 959 2589 sed
979 2561 1009 2588 in
1030 2561 1096 2596 alio,
1112 2568 1226 2597 oportet
1243 2562 1322 2598 quod

261 2604 300 2634 ab
321 2603 378 2632 hoc
398 2608 523 2630 mutetur
536 2602 568 2630 in·
586 2601 742 2630 terminum
757 2601 794 2628 ad
808 2610 907 2638 quem,·
927 2607 955 2628 et
975 2601 1024 2636 sie,
1046 2602 1164 2637 quando
1180 2607 1322 2629 mutatum

264 2649 316 2678 est,
337 2648 463 2671 mutatur
484 2641 514 2669 in
534 2641 564 2669 id
584 2641 615 2670 in
638 2641 717 2678 quod
738 2647 879 2668 mutatum
903 2647 960 2675 est3
983 2641 1063 2677 quod
1081 2647 1123 2668 est
1136 2640 1321 2677 impossibile.

263 2684 301 2711 Et
314 2681 391 2710 idem
406 2681 560 2709 dicendum
582 2681 616 2708 de
637 2679 699 2708 aliis
719 2679 935 2708 mutationibus.
950 2696 970 2700 -
990 2680 1159 2716 Applicatur
1179 2681 1215 2708 ad
1237 2690 1321 2717 gene-

264 2721 406 2750 rationem
426 2724 455 2748 'et
482 2719 711 2756 corruptionem,
733 2719 763 2747 in
785 2719 888 2756 quibus
910 2719 1032 2747 maxime
1058 2721 1114 2748 hoc
1139 2720 1322 2748 manifestum

265 2767 316 2790 est.
337 2776 357 2782 ·-
378 2761 474 2795 Quare
495 2759 618 2787 dicatur:
639 2768 703 2787 cum
727 2759 827 2796 primo
848 2764 986 2787 mutatum
1010 2764 1061 2787 est.
1076 2769 1135 2794 -4.
1157 2760 1229 2787 Illud
1250 2766 1321 2788 tem-

265 2799 344 2838 poris
365 2799 395 2827 in
415 2808 474 2836 quo
484 2799 583 2836 primo
605 2798 689 2834 (idest
701 2807 762 2826 non
783 2797 894 2826 ratione
907 2798 1006 2834 partis)
1024 2805 1165 2826 mutatum
1187 2806 1229 2827 est
1243 2800 1323 2836 quod

266 2839 408 2868 mutatum
430 2844 480 2873 est,
496 2844 611 2874 oportet
631 2846 692 2865 esse
711 2836 890 2865 indivisibile.
907 2838 1060 2865 Probatur.
1077 2838 1106 2866 Si
1120 2844 1233 2875 tempus
1254 2838 1323 2866 illud

266 2878 404 2907 divisibile
426 2877 469 2913 sit,
485 2883 600 2914 oportet
619 2878 663 2905 vel
683 2877 762 2913 quod
782 2876 813 2904 in
833 2883 954 2914 utraque
968 2883 1048 2913 parte
1069 2884 1211 2905 mutatum
1233 2878 1277 2911 sit,
1297 2885 1324 2906 et

265 2925 334 2947 tune
354 2927 415 2946 non
436 2917 530 2954 primo
552 2923 694 2945 mutatum
715 2922 757 2943 est
776 2916 807 2944 in
826 2923 898 2951 toto,
920 2917 971 2944 sed
991 2917 1022 2944 in
1042 2923 1121 2953 parte
1143 2918 1224 2954 (pars
1246 2917 1323 2945 enim

267 2964 310 2986 est
328 2957 408 2994 prior
433 2957 525 2992 toto);
546 2957 591 2984 vel
612 2956 691 2993 quod
719 2955 749 2983 in
775 2962 896 2993 utraque
922 2962 1060 2991 mutetur,
1082 2963 1110 2984 et
1137 2957 1177 2984 sic
1204 2957 1234 2984 in
1261 2964 1323 2985 toto

267 3003 408 3032 mutatur,
431 2997 510 3033 quod
532 3002 574 3024 est
594 3002 694 3024 contra
714 2995 856 3031 positum;
881 2996 923 3023 vel
945 2996 1024 3032 quod
1038 2995 1068 3023 in
1087 3005 1146 3024 una
1159 3003 1239 3033 parte
1260 3007 1324 3024 mu-

266 3042 342 3064 tetur
356 3036 427 3064 etin
447 3035 502 3064 alia
522 3035 557 3063 sit
578 3041 729 3068 mutatum,
744 3041 772 3063 et
789 3041 857 3063 tunc
878 3035 963 3063 etiarn
985 3045 1045 3063 non
1065 3035 1160 3072 primo
1182 3043 1323 3064 mutatum

267 3075 355 3104 estin
374 3081 446 3110 toto,
468 3075 519 3103 sed
532 3075 562 3102 in
582 3081 670 3111 parte.
686 3076 737 3102 Est
757 3084 824 3111 ergo
839 3074 869 3102 in
890 3074 1053 3103 indivisibili
1074 3082 1224 3104 mutatum.
1247 3077 1323 3104 Ulte-

268 3114 328 3143 rius
349 3114 529 3142 concluditur
550 3115 629 3151 quod
655 3114 800 3151 generatio
822 3120 850 3142 et
871 3114 1025 3151 corruptio,
1041 3114 1109 3152 quia
1129 3115 1243 3143 termini
1261 3125 1324 3144 mo-

268 3159 328 3188 tus,
354 3159 420 3181 sunt
443 3153 474 3181 in
497 3153 623 3182 instanti.
646 3170 665 3175 -
688 3154 712 3181 5.
741 3155 774 3181 In
795 3162 849 3190 quo
867 3154 965 3191 primo
993 3160 1131 3182 mutatum
1153 3160 1196 3182 est
1215 3155 1324 3192 aliquid

268 3199 364 3229 potest
384 3191 473 3228 accipi
487 3193 531 3221 vel
545 3194 703 3221 secundum
717 3193 950 3222 terminationem
963 3200 1069 3228 motus,
1084 3194 1141 3222 hoc
1155 3200 1197 3222 est
1211 3194 1241 3221 in
1263 3204 1322 3231 quo

265 3232 366 3270 primo
386 3231 506 3260 mutatio
534 3233 658 3268 perfecta
679 3239 735 3268 est;
757 3233 800 3261 vel
827 3234 985 3260 secundum
1009 3233 1182 3269 principium
1209 3242 1259 3261 seu
1281 3243 1323 3262 se-

271 3271 398 3299 cundum
418 3270 541 3307 primam
561 3277 670 3307 partem
692 3278 797 3307 motus,
812 3272 885 3300 idest
905 3271 934 3299 in
956 3281 1014 3309 quo
1037 3272 1135 3309 primo
1156 3273 1260 3300 mutari
1281 3272 1324 3300 in-

271 3310 360 3347 cepit:
382 3309 476 3346 primo
504 3311 593 3338 modo
615 3317 657 3338 est
677 3311 707 3338 in
735 3317 817 3339 motu
837 3310 867 3338 in
895 3320 953 3347 quo
976 3311 1075 3348 primo
1103 3318 1245 3339 mutatum
1266 3318 1323 3348 est;

392 3451 417 3464 W
473 3416 706 3458 „ostquam
735 3406 988 3459 Philosophus
1017 3412 1178 3448 ostendit
1206 3411 1321 3459 quali-

477 3464 521 3529 '‘n—⁴
534 3469 587 3498 ter
615 3461 803 3499 dividatur
836 3470 977 3509 motus,
1007 3462 1067 3499 hic
1101 3463 1323 3500 determinat

392 3511 491 3563 ig<
511 3515 579 3551 de
608 3514 739 3551 ordine
768 3514 930 3563 partium
958 3523 1095 3551 motus.
1123 3516 1171 3551 Et
1198 3515 1322 3564 primo

330 3532 333 3537 ·
511 3525 521 3540 t

350 3583 366 3605 ὲ
392 3517 522 3611 ffiffi'ssi?
533 3567 683 3616 inquirit
710 3579 758 3603 an
786 3567 831 3603 sit
857 3567 1024 3616 primum
1046 3567 1084 3603 in
1113 3575 1237 3613 motu;
1268 3580 1322 3604 se-

273 3619 398 3657 cundo
427 3620 589 3657 ostendit
615 3619 812 3668 quomodo
839 3632 882 3656 ea
901 3632 998 3668 quae
1026 3627 1113 3656 sunt
1140 3619 1177 3656 in
1205 3627 1324 3668 motu,

2361 318 2434 363 293

1441 391 1526 421 niam
1550 399 1656 422 autem
1679 402 1745 422 non
1769 399 1815 423 est
1837 392 2041 432 impartibile,
2065 402 2190 422 necesse
2215 399 2260 423 est
2284 393 2436 424 divisibile

1442 445 1518 472 esse,
1543 443 1573 466 et
1595 436 1627 466 in
1657 437 1799 476 quolibet
1821 436 1915 466 huius
1946 442 2106 467 mutatum
2129 446 2204 466 esse.
2221 436 2330 466 Diviso
2351 437 2436 467 enim

1440 478 1510 518 ipso
1532 480 1601 518 AD,
1619 480 1644 510 si
1668 480 1796 520 quidem
1810 480 1842 510 in
1866 487 1978 510 neutro
2009 486 2168 510 mutatum
2193 487 2253 518 est,
2276 490 2379 521 neque
2402 481 2436 511 in

1440 529 1508 552 toto
1525 530 1571 553 est
1589 524 1664 562 AD;
1682 524 1707 553 si
1723 531 1829 554 autem
1844 523 1877 553 in
1893 524 2059 562 ambobus,
2081 530 2221 554 mutatur
2236 524 2269 554 in
2286 524 2392 563 omni;
2410 524 2436 554 si

1439 576 1514 596 vero
1530 566 1562 596 in
1581 567 1677 597 altero
1697 574 1820 598 tantum
1843 574 2002 598 mutatum
2022 574 2077 606 est,
2093 577 2159 597 non
2178 567 2210 597 in
2234 574 2302 598 toto
2318 568 2433 608 primo.

1441 610 1546 646 Quare
1563 621 1689 641 necesse
1705 618 1751 641 est
1764 611 1796 641 in
1811 612 1954 652 quolibet
1967 618 2126 642 mutatum
2142 622 2217 642 esse.
2231 612 2435 642 Manifestum

1440 653 1535 693 igitur
1558 661 1614 693 est,
1638 655 1726 695 quod
1750 665 1815 685 non
1840 662 1885 686 est
1907 655 1939 685 in
1970 665 2036 696 quo
2060 655 2164 695 primo
2188 662 2348 686 mutatum
2371 662 2433 689 est:

1440 697 1579 728 infinitae
1603 698 1687 728 enim
1711 699 1880 729 divisiones
1904 706 1987 730 sunt.
2418 727 2422 730 .

1373 741 1514 782 *Neque
1530 742 1624 781 igitur
1648 742 1681 772 in
1706 752 1744 772 eo
1770 743 1858 783 quod
1882 749 2042 773 mutatum
2065 749 2127 780 est,
2146 743 2264 783 aliquid
2281 743 2366 783 prius
2390 750 2436 774 est

1440 786 1529 826 quod
1548 793 1706 816 mutatum
1730 793 1784 816 est.
1801 787 1846 817 Sit
1863 786 1948 816 enim
1963 787 2017 817 DZ
2034 787 2122 826 quod
2146 787 2249 827 primo
2276 794 2435 817 mutatum

1441 836 1486 859 est
1501 829 1599 869 ipsius
1616 830 1690 860 DE:
1708 840 1803 860 omne
1823 830 1908 860 enim
1924 831 2013 871 quod
2031 834 2173 861 mutatur
2189 830 2340 861 divisibile
2357 841 2434 870 esse,

1441 873 1692 904 demonstratum
1725 881 1778 905 est.
1805 875 1949 914 Tempus
1979 881 2085 904 autem
2110 874 2143 904 in
2173 884 2239 915 quo
2258 874 2311 905 DZ
2336 882 2435 905 muta-

1440 923 1510 948 tum
1527 924 1588 956 est,
1612 918 1651 948 sit
1666 918 1698 948 in
1722 928 1787 958 quo
1811 919 1865 949 TI.
1883 918 1915 948 Si
1939 928 2012 958 ergo
2028 918 2059 948 in
2086 918 2174 948 omni
2197 918 2251 948 DZ
2276 926 2435 949 mutatum

1440 968 1505 999 est,
1529 962 1560 991 in
1584 962 1691 992 medio
1714 962 1820 992 minus
1845 969 1890 992 est
1913 963 2002 1002 quod
2023 969 2182 992 mutatum
2206 969 2270 1000 est,
2295 969 2325 992 et
2348 963 2434 1002 prius

1441 1011 1487 1035 est
1508 1005 1579 1045 ipso
1603 1006 1679 1044 DZ;
1707 1012 1737 1036 et
1761 1006 1876 1036 iterum
1896 1006 1958 1036 hoc
1981 1005 2066 1036 aliud
2095 1013 2124 1036 et
2152 1006 2207 1036 illo
2233 1006 2382 1044 alterum,
2407 1013 2436 1037 et

1440 1048 1483 1078 sic
1515 1059 1648 1088 semper.
1677 1050 1781 1086 Quare
1812 1050 1888 1079 nihil
1918 1050 1975 1080 erit
1997 1050 2138 1089 primum
2165 1050 2315 1080 mutantis
2348 1050 2436 1090 quod

1440 1098 1600 1122 mutatum
1624 1099 1679 1123 est.
1699 1093 1716 1111 *
1732 1094 1830 1130 Quod
1845 1093 1940 1133 igitur
1954 1103 2058 1134 neque
2074 1093 2105 1123 in
2121 1104 2159 1124 eo
2176 1094 2264 1134 quod
2280 1101 2435 1132 mutatur,

1441 1146 1544 1176 neque
1566 1136 1599 1166 in
1616 1146 1681 1176 quo
1706 1143 1846 1167 mutatur
1868 1144 2011 1177 tempore
2027 1137 2104 1167 nihil
2127 1137 2214 1178 prius
2238 1138 2287 1176 sit,
2306 1138 2437 1168 manife-

1441 1186 1526 1210 stum
1549 1190 1586 1210 ex
1608 1180 1656 1210 his
1680 1190 1761 1220 quae
1785 1180 1865 1211 dicta
1889 1188 1972 1211 sunt.

1375 1224 1484 1264 Ipsum
1507 1231 1614 1254 autem
1637 1224 1726 1264 quod
1741 1230 1891 1262 mutatur,
1912 1232 1966 1255 aut
1989 1226 2165 1256 secundum
2181 1226 2269 1266 quod
2283 1232 2435 1264 mutatur,

1441 1277 1507 1298 non
1523 1267 1659 1307 amplius
1675 1267 1817 1298 similiter
1832 1278 1863 1298 se
1876 1268 2011 1299 habebit.
2029 1269 2103 1299 Tria
2118 1279 2255 1310 namque
2266 1276 2339 1300 sunt
2355 1279 2436 1309 quae

1441 1322 1507 1342 esse
1531 1311 1677 1342 dicuntur
1699 1310 1732 1341 in
1755 1312 1948 1350 mutatione;
1968 1313 2056 1352 quod
2079 1320 2229 1351 mutatur,
2250 1320 2280 1343 et
2302 1313 2334 1342 in
2358 1323 2436 1353 quo,

1442 1362 1472 1386 et
1486 1356 1519 1385 in
1536 1356 1623 1396 quod
1640 1362 1790 1393 mutatur,
1807 1362 1843 1386 ut
1858 1356 1968 1394 homo,
1985 1363 2122 1396 tempus,
2142 1363 2172 1387 et
2190 1358 2307 1388 album.
2326 1357 2436 1386 Homo

1440 1400 1535 1439 igitur
1551 1407 1581 1431 et
1595 1406 1721 1440 tempus
1738 1400 1901 1430 divisibilia
1916 1406 2002 1430 sunt:
2019 1401 2057 1430 de
2076 1401 2148 1431 albo
2161 1407 2268 1431 autem
2284 1401 2343 1431 alia
2358 1401 2436 1431 ratio

1442 1451 1498 1482 est,
1513 1451 1634 1484 praeter
1645 1444 1678 1474 id
1697 1445 1786 1485 quod
1802 1445 1978 1476 secundum
1993 1445 2135 1476 accidens
2152 1445 2260 1476 omnia
2274 1445 2438 1474 divisibilia

1442 1495 1531 1527 sunt;
1556 1488 1607 1519 cui
1630 1488 1715 1519 enim
1731 1489 1843 1520 accidit
1856 1489 1965 1519 album
1988 1496 2042 1520 aut
2060 1490 2171 1530 quale,
2188 1489 2268 1519 illud
2284 1488 2436 1519 divisibile

1442 1538 1497 1562 est.
1515 1532 1677 1569 Quoniam
1693 1543 1913 1574 quaecumque
1927 1533 2074 1564 dicuntur
2089 1533 2265 1564 secundum
2281 1532 2383 1573 seipsa
2393 1532 2438 1562 di-

1440 1576 1573 1606 visibilia
1603 1583 1633 1607 et
1655 1586 1721 1606 non
1752 1577 1927 1607 secundum
1950 1577 2108 1617 accidens,
2133 1587 2236 1618 neque
2259 1577 2292 1607 in
2311 1577 2358 1607 his
2382 1576 2439 1607 erit

1441 1620 1592 1660 primurn,
1609 1627 1645 1651 ut
1662 1621 1694 1651 in
1718 1621 1997 1660 magnitudinibus,
2017 1621 2063 1652 Sit
2081 1621 2166 1652 enim
2184 1622 2217 1652 in
2236 1631 2302 1662 quo
2322 1628 2367 1652 est
2383 1621 2437 1651 AB

1441 1664 1646 1704 magnitudo;
1670 1671 1795 1695 motum
1812 1672 1919 1695 autem
1942 1666 1981 1696 sit
2009 1676 2046 1696 ex
2067 1666 2093 1696 B
2116 1665 2149 1695 in
2173 1665 2200 1696 C
2215 1665 2438 1705 primum.1gi-

1442 1715 1493 1738 tur
1520 1708 1545 1738 si
1570 1708 1756 1739 indivisibile
1784 1709 1841 1740 erit
1865 1709 1936 1748 BC,
1962 1710 2150 1750 impartibile
2173 1709 2356 1750 impartibili
2382 1709 2439 1740 erit

1442 1752 1658 1783 coniunctum.
1677 1752 1709 1783 Si
1724 1763 1798 1783 vero
1815 1753 1983 1792 divisibile,
2000 1754 2057 1784 erit
2072 1754 2190 1795 aliquid
2206 1754 2275 1794 ipso
2297 1753 2324 1785 C
2339 1754 2437 1794 prius,

1441 1795 1475 1826 in
1499 1796 1588 1836 quod
1610 1803 1770 1827 mutatum
1793 1804 1856 1835 est3
1878 1804 1908 1828 et
1922 1797 1977 1828 illo
1998 1798 2114 1828 iterum
2133 1798 2234 1836 aliud,
2252 1805 2282 1828 et
2298 1798 2340 1828 sic
2357 1808 2436 1828 sem-

1442 1849 1514 1879 per,
1539 1847 1667 1880 propter
1689 1840 1721 1870 id
1745 1841 1833 1881 quod
1852 1841 1940 1871 nullo
1956 1842 2054 1872 modo
2071 1841 2174 1872 deficit
2193 1841 2314 1872 divisio.
2332 1843 2438 1880 Quare

1443 1893 1509 1914 non
1533 1883 1590 1914 erit
1612 1884 1753 1924 primum
1768 1884 1800 1914 in
1817 1885 1906 1925 quod
1918 1892 2077 1916 mutatum
2092 1893 2146 1916 est.
2164 1885 2311 1916 Similiter
2330 1892 2437 1916 autem

1443 1934 1489 1957 est
1505 1933 1535 1958 et
1549 1927 1582 1957 in
1601 1928 1781 1967 quantitatis
1798 1928 1990 1959 mutatione:
2008 1929 2124 1960 etenim
2140 1929 2216 1960 haec
2232 1929 2264 1959 in
2284 1930 2436 1960 continuo

1443 1971 1508 2002 erit.
1532 1971 1736 2002 Manifestum
1765 1972 1860 2012 igitur
1882 1974 1970 2013 quod
1993 1973 2026 2004 in
2057 1974 2125 2004 sola
2157 1974 2332 2004 mutatione
2356 1984 2438 2014 quae

1443 2016 1619 2046 secundum
1642 2016 1825 2056 qualitatem
1849 2023 1909 2055 est,
1935 2017 2088 2057 contingit
2116 2017 2303 2048 indivisibile
2327 2028 2382 2059 per
2405 2028 2438 2048 se

1443 2069 1519 2090 esse.

1364 2205 1502 2233 secundo
1525 2211 1620 2233 autem
1642 2207 1732 2234 modo
1754 2215 1815 2234 non
1836 2213 1886 2235 est.
1902 2224 1921 2228 —
1940 2208 1966 2235 6.
1989 2207 2152 2236 Subdivisio
2179 2214 2280 2236 textus.
2296 2225 2315 2230 —
2329 2210 2438 2238 Proba-

1375 2250 1421 2272 tur
1442 2245 1523 2281 quod
1536 2254 1597 2273 non
1618 2245 1654 2273 sit
1674 2245 1801 2282 primum
1820 2246 1851 2274 in
1872 2256 1931 2283 quo
1953 2253 2095 2275 mutatum
2117 2254 2168 2283 est,
2184 2257 2217 2276 ex
2232 2255 2311 2284 parte
2332 2249 2437 2285 princi-

1375 2283 1424 2320 pii.
1439 2286 1467 2320 a)
1487 2285 1538 2312 Ex
1547 2290 1634 2322 parte
1655 2285 1801 2322 tempori-3.
1817 2286 1847 2313 Si
1868 2292 1910 2314 est
1924 2287 2042 2323 aliquod
2063 2287 2202 2324 temporis
2217 2288 2246 2315 in
2262 2298 2320 2325 quo
2338 2289 2437 2326 primo

1376 2330 1509 2352 movetur
1522 2324 1638 2360 aliquid,
1654 2325 1710 2353 hoc
1724 2331 1837 2361 tempus
1857 2335 1919 2354 non
1933 2332 2028 2362 potest
2049 2336 2110 2355 esse
2129 2327 2313 2356 indivisibile:
2335 2337 2437 2364 seque-

1376 2369 1454 2390 retur
1467 2363 1544 2391 enim
1559 2370 1586 2391 et
1607 2365 1687 2400 quod
1701 2371 1814 2400 tempus
1829 2372 2053 2401 componeretur
2066 2375 2100 2394 ex
2121 2366 2348 2403 indivisibilibus,
2364 2377 2437 2404 quae

1375 2402 1441 2430 ideo
1463 2409 1672 2439 consequenter
1699 2413 1729 2432 se
1751 2404 1903 2439 haberent3
1925 2411 1953 2432 et
1974 2406 2053 2441 quod
2074 2405 2151 2434 idem
2173 2406 2258 2434 simul
2278 2407 2308 2435 in
2334 2408 2438 2436 eodem

1376 2442 1534 2479 quiesceret
1555 2449 1582 2470 et
1602 2450 1780 2471 moveretur:
1802 2460 1822 2465 -
1841 2444 2000 2472 excluditur
2027 2445 2157 2474 dubium.
2179 2462 2198 2467 -
2218 2447 2347 2483 Tempus
2369 2457 2437 2484 ergo

1376 2481 1406 2509 in
1427 2491 1486 2518 quo
1515 2482 1618 2510 dicitur
1644 2483 1753 2519 aliquid
1769 2483 1868 2521 primo
1890 2484 2014 2519 moveri,
2038 2485 2122 2513 debet
2143 2494 2204 2513 esse
2233 2486 2389 2522 divisibile,
2411 2493 2439 2515 et

1377 2531 1442 2549 cum
1465 2522 1571 2550 mobile
1597 2529 1722 2558 ponatur
1751 2522 1861 2551 moveri
1883 2523 1982 2561 primo
2008 2524 2038 2551 in
2065 2530 2143 2560 toto,
2166 2531 2280 2561 oportet
2307 2527 2387 2563 quod
2408 2526 2439 2554 in

1377 2561 1503 2598 qualibet
1524 2561 1584 2589 eius
1605 2569 1685 2598 parte
1706 2569 1865 2590 moveatur.
1885 2563 1951 2598 Sed,
1967 2572 2033 2591 curn
2053 2570 2168 2600 tempus
2189 2564 2224 2592 sit
2244 2565 2383 2594 divisibile
2405 2565 2435 2593 in

1376 2600 1530 2636 infinitum,
1546 2611 1659 2638 semper
1680 2608 1721 2630 est
1742 2602 1870 2638 accipere
1884 2602 1915 2630 in
1931 2612 1966 2631 eo
1987 2609 2098 2639 partem
2120 2603 2262 2632 minorem
2289 2611 2355 2633 ante
2376 2615 2438 2634 ma-

1377 2640 1477 2669 iorem.
1493 2642 1569 2678 Ergo
1591 2650 1652 2669 non
1678 2641 1730 2669 erit
1751 2642 1878 2678 accipere
1906 2642 2014 2679 aliquid
2034 2643 2186 2679 temporis,
2209 2643 2238 2671 in
2260 2654 2319 2681 quo
2341 2644 2436 2681 primo

1377 2687 1527 2708 moveatur
1556 2680 1674 2717 aliquid.
1696 2698 1716 2702 —
1737 2691 1764 2718 7.
1788 2682 1814 2717 b)
1836 2682 1887 2709 Ex
1909 2687 1996 2719 parte
2024 2683 2154 2710 mobilis:
2174 2692 2280 2720 nempe
2307 2693 2368 2712 non
2397 2691 2439 2712 est

1376 2720 1465 2756 ipsius
1486 2720 1601 2748 mobilis
1628 2720 1755 2757 accipere
1783 2721 1908 2758 aliquam
1936 2728 2064 2758 partem,
2090 2731 2163 2759 quae
2188 2723 2284 2759 prImo
2309 2730 2438 2760 pertran-

1377 2765 1438 2788 seat
1467 2759 1585 2796 aliquod
1609 2760 1829 2789 determinatum
1863 2761 1985 2798 signum.
2019 2761 2049 2789 Si
2080 2762 2158 2790 enim
2188 2772 2254 2799 pars
2285 2764 2382 2800 aliqua
2409 2764 2438 2792 in

1376 2805 1457 2827 tanto
1487 2805 1617 2836 ternpore
1650 2801 1802 2836 pertransit
1832 2801 1931 2829 datum
1964 2801 2092 2838 signum,
2121 2802 2151 2829 in
2178 2802 2275 2830 medio
2307 2809 2438 2840 tempore

1377 2838 1559 2875 pertransibit
1580 2839 1649 2867 illud
1677 2839 1773 2868 minor
1799 2850 1865 2877 pars
1891 2840 2020 2868 mobilis:
2044 2847 2071 2869 et
2092 2841 2130 2869 ita
2158 2851 2271 2878 semper
2291 2844 2438 2879 procede-

1377 2884 1438 2913 tur,
1461 2887 1496 2906 eo
1521 2879 1600 2915 quod
1626 2885 1741 2916 tempus
1769 2886 1796 2908 et
1817 2879 1924 2908 mobile
1946 2879 2075 2908 similiter
2101 2881 2267 2909 dividuntur
2294 2882 2323 2910 in
2344 2882 2439 2910 infini-

1377 2924 1448 2946 tum.
1470 2934 1489 2939 -
1509 2919 1537 2946 8.
1559 2919 1585 2954 c)
1606 2919 1657 2947 Ex
1672 2925 1758 2956 parte
1781 2919 1826 2948 rei
1840 2920 1869 2947 in
1891 2929 1946 2957 qua
1967 2926 2009 2948 est
2029 2926 2130 2948 motus.
2153 2921 2344 2950 Praemittitur
2358 2923 2439 2959 quod

1378 2957 1537 2985 subiectum
1569 2964 1596 2986 et
1625 2964 1739 2995 tempus
1770 2965 1837 2987 sunt
1867 2959 2017 2987 divisibilia
2047 2969 2099 2996 per
2120 2970 2165 2996 se;
2189 2961 2338 2997 qualitates
2369 2971 2437 2990 vero

1378 3006 1479 3025 eorum
1505 2998 1663 3025 secundum
1692 3007 1765 3035 quae
1795 2999 1903 3036 aliquid
1929 3005 2069 3034 mutatur,
2093 3000 2258 3028 dividuntur
2284 3011 2336 3037 per
2365 3001 2439 3029 acci-

1378 3037 1449 3065 dens
1465 3043 1586 3072 tantum,
1609 3037 1714 3066 scilicet
1734 3039 1777 3066 vel
1791 3038 1901 3066 ratione
1929 3038 2054 3074 partium
2069 3040 2323 3076 quantitativarum
2344 3041 2439 3068 subie-

1378 3076 1424 3111 cti,
1439 3077 1483 3104 vel
1503 3077 1661 3105 secundum
1676 3078 1756 3114 quod
1774 3078 1979 3114 participantur
1993 3079 2084 3115 magis
2104 3079 2149 3107 vel
2169 3079 2265 3108 minus
2286 3080 2405 3108 intense.
2421 3097 2440 3101 -

1378 3117 1409 3143 In
1430 3122 1512 3144 motu
1533 3116 1617 3152 igitur
1637 3117 1721 3145 locali
1749 3121 1817 3145 non*
1831 3124 1873 3145 est
1893 3118 2019 3154 primum
2040 3118 2070 3146 in
2099 3119 2179 3155 quod
2206 3126 2348 3154 mutatur,
2373 3129 2439 3147 cum

1378 3155 1408 3183 in
1429 3155 1626 3192 magnitudine
1641 3156 1676 3184 sit
1690 3157 1818 3193 accipere
1832 3163 1943 3193 partem
1959 3164 2024 3185 ante
2040 3164 2150 3193 partem
2172 3157 2201 3185 in
2216 3158 2368 3193 infinitum,
2385 3157 2438 3185 nisi

1378 3194 1508 3222 dicamus
1529 3195 1758 3232 magnitudinem
1779 3206 1812 3224 ex
1833 3196 2051 3224 indivisibilibus
2079 3198 2224 3233 componi.
2246 3198 2324 3225 Idem
2341 3197 2437 3224 dicen-

1379 3235 1448 3261 dum
1468 3235 1503 3262 de
1525 3235 1684 3263 mutatione
1706 3236 1884 3272 quantitatis,
1906 3245 1980 3273 quae
2001 3243 2043 3263 est
2064 3243 2250 3272 augmentum
2271 3236 2315 3264 vel
2339 3237 2437 3264 decre-

1378 3280 1521 3309 mentum3
1544 3280 1571 3302 et
1592 3274 1676 3303 etiam
1699 3276 1734 3303 de
1755 3275 1930 3310 alteratione,
1953 3276 2111 3302 secundum
2133 3276 2212 3311 quod
2233 3275 2367 3303 dividitur
2387 3284 2438 3311 per

1378 3312 1518 3341 accidens.

1379 3414 1611 3461 praecedunt
1629 3426 1668 3450 se
1690 3413 1865 3459 invicem,
1887 3413 1953 3449 ibi:
1980 3414 2166 3454 Quoniam
2184 3419 2308 3451 autem
2328 3427 2438 3451 omne

1381 3466 1481 3513 quod
1497 3472 1673 3514 mutatur,
1694 3467 1730 3502 in
1751 3471 1914 3512 tempore
1929 3471 2093 3502 mutatur
2111 3466 2130 3486 '¹‘
2151 3473 2218 3503 etc.
2236 3467 2346 3504 Circa
2364 3467 2438 3516 pri-

1382 3529 1490 3554 mum
1518 3519 1594 3555 duo
1624 3518 1724 3554 facit:
1752 3518 1876 3566 primo
1907 3518 2069 3554 ostendit
2097 3519 2200 3567 quod
2228 3519 2266 3556 id
2293 3519 2332 3556 in
2361 3533 2437 3569 quo

1381 3569 1549 3617 primum
1587 3578 1772 3607 mutatum
1809 3577 1882 3617 est,
1913 3577 1966 3606 est
1998 3570 2238 3618 indivisibile3
2269 3573 2437 3622 secundo

1380 3622 1542 3659 ostendit
1557 3622 1753 3671 quomodo
1769 3622 1806 3658 in
1821 3630 1928 3659 motu
1942 3623 2061 3671 possit
2079 3624 2237 3661 inveniri
2256 3625 2436 3673 primum,

2462 753 2471 762 '¹
2486 751 2554 774 Text.
2568 753 2606 779 48.

2464 1103 2473 1112 '
2487 1102 2554 1124 Text.
2569 1109 2607 1130 49.

2466 3477 2475 3487 '
2491 3477 2553 3498 Lect.
2570 3483 2618 3504 seq.
