2950 4004
258 1882 267 1891 '¹
282 1880 343 1901 Lect.
358 1885 405 1907 seq.

258 2039 267 2047 ”
281 2038 351 2060 Num.
365 2043 383 2065 5.

258 2251 267 2261 ·
282 2249 350 2270 Num.
366 2254 385 2275 3.

256 2356 266 2365 '⁵
277 2354 346 2375 Num.
361 2361 384 2380 4.

255 2409 266 2418 ⁸
282 2408 341 2429 Lect.
352 2413 444 2433 v111,1x.

256 2513 266 2523 ⁸
288 2512 371 2533 lterum
393 2518 467 2533 necuit

258 2566 280 2575 '⁸⁸
296 2565 356 2586 Lect.
371 2571 409 2591 vn,
426 2570 468 2586 n.2

262 2997 271 3006 ⁸
280 2997 302 3017 si
315 3000 444 3023 auxonzpr.

262 3049 271 3059 ⁸
280 3048 363 3069 lterum
372 3053 472 3068 neonuo.

509 285 578 321 132

501 361 573 393 ἐπεὶ
598 362 655 392 καὶ
680 359 821 392 Πλάτων
847 354 906 391 διά
931 359 1037 391 τοῦτο
1069 353 1128 389 δύο
1154 357 1201 390 τά
1227 357 1350 400 ἄπειρα
1382 356 1557 396 ἐποίησεν,

569 404 622 437 ὅτι
645 406 702 436 καὶ
736 405 791 436 ἐπὶ
823 403 886 439 τήν
917 402 1020 443 αὔξην
1053 397 1146 433 δοκεῖ
1177 401 1397 445 ὑπερβάλλειν
1429 402 1487 432 καὶ
1516 401 1560 437 εἰς

570 449 648 481 ἄπει
671 460 705 480 ον
729 448 815 480 ἱέναι
840 449 897 478 καὶ
924 447 978 479 ἐπὶ
1003 446 1067 482 τήν
1084 444 1289 489 καθαίρεσιν.
1317 442 1464 481 Ποιήσας
1485 443 1562 488 με’ν-

566 505 620 526 τοι
643 460 724 532 ἔόο,
753 493 790 523 οὐ
815 492 956 536 χρῆται·
983 490 1062 522 οὔτε
1089 490 1154 534 γάρ
1181 489 1214 521 ἐν
1239 493 1308 527 τοῖς
1344 486 1493 531 ἀριθμοῖς
1519 487 1560 520 τὰ

567 538 620 570 ἐπὶ
653 537 716 573 τήν
742 535 933 578 καθαίρεσιν
969 534 1101 578 ἄπειρον
1135 532 1291 586 ὑπάρχει·
1319 533 1339 569 ἡ
1365 531 1429 577 γάρ
1455 532 1558 575 μονάς

567 580 758 625 ἐλάχιστον·
787 580 865 611 οὔτε
892 580 945 610 ἐπὶ
972 578 1034 614 τήν
1061 576 1178 617 αὔξην·
1205 588 1302 621 μεχρι
1326 577 1391 622 γάρ
1415 571 1557 613 δεκάδος

566 630 656 658 ποιεῖ
679 625 737 658 τὸν
765 622 912 667 ἀριθμόν.

551 731 689 757 SYNOPs1s
706 745 740 749 -—
761 738 784 756 1.
806 729 1014 764 Argumentum
1036 732 1064 753 et
1084 725 1186 753 divisio
1214 731 1314 753 textus.
1337 741 1356 746 —
1378 732 1404 752 2.
1428 723 1503 759 Quia
1524 733 1558 752 ex

498 768 732 806 praecedentibus
754 776 813 795 non
841 766 951 794 videtur
977 765 1113 801 possibile
1142 765 1222 801 quod
1249 764 1393 792 infinitum
1420 764 1455 792 sit
1475 770 1555 798 actu,

498 818 591 845 neque
606 808 686 844 quod
707 806 872 843 simpliciter
892 815 951 833 non
967 805 1010 840 sit,
1033 804 1162 841 sequitur
1176 803 1319 831 infinitum
1335 804 1557 840 quodammodo

498 857 568 883 esse,
590 847 809 884 quodammodo
824 855 892 873 non.
910 862 928 866 -
944 845 968 872 3.
992 845 1101 880 Nempe
1122 843 1266 871 infinitum
1287 851 1348 871 non
1369 849 1412 870 est
1433 842 1506 871 sicut
1527 842 1557 871 in

497 894 563 916 actu
584 896 644 922 ens,
659 887 708 914 sed
730 886 802 914 sicut
822 885 851 913 in
872 883 1001 921 potentia
1021 892 1087 918 ens,
1110 883 1268 911 secundum
1290 881 1505 919 appositionem
1526 889 1557 910 ut

497 927 527 955 in
548 925 683 961 numeris,
698 931 726 953 et
746 925 902 953 secundum
924 922 1094 951 divisionem
1117 922 1188 950 sicut
1209 922 1239 950 in
1260 921 1515 959 magnitudinibus.
1537 939 1557 943 -

497 975 526 1001 4.
550 965 706 1002 Dupliciter
720 971 815 993 autem
827 962 969 991 invenitur
988 962 1096 998 aliquid
1114 962 1143 989 in
1164 961 1308 998 potentia;
1323 971 1384 990 uno
1405 961 1497 990 modo
1514 961 1555 990 sic

497 1006 577 1043 quod
598 1012 692 1033 totum
706 1010 800 1040 potest
814 1002 910 1031 reduci
931 1002 960 1030 in
981 1007 1093 1035 actum;
1108 1001 1166 1029 alio
1189 1001 1279 1030 modo
1293 1000 1334 1030 ita
1354 1001 1435 1038 quod
1455 1007 1557 1038 postea

497 1046 530 1073 fit
549 1045 579 1072 in
600 1051 664 1073 actu
685 1053 745 1071 non
766 1043 997 1079 quidemtotum
1018 1041 1112 1076 simul,
1128 1042 1179 1069 sed
1199 1040 1367 1076 successive,
1383 1041 1455 1070 sicut
1476 1040 1555 1076 dies;

497 1091 525 1112 et
545 1085 601 1112 hoc
622 1085 710 1112 modo
739 1082 880 1110 infinitum
902 1081 1004 1109 dicitur
1032 1090 1093 1108 esse
1114 1079 1145 1108 in
1165 1080 1310 1117 potentia,
1332 1080 1401 1118 quia
1426 1080 1556 1109 videlicet

496 1132 646 1160 nunquam
668 1129 709 1150 est
723 1122 752 1149 in
773 1128 838 1149 actu
852 1127 955 1155 totum,
971 1121 1021 1148 sed
1043 1129 1157 1156 semper
1171 1127 1313 1157 quantum
1334 1121 1371 1148 ad
1385 1129 1475 1148 unam
1489 1129 1555 1156 par-

496 1169 554 1191 tem
575 1169 617 1190 est
631 1162 660 1190 in
682 1167 755 1196 actu,
772 1167 911 1197 quantum
925 1160 963 1188 ad
983 1160 1068 1188 aliam
1082 1159 1112 1187 in
1133 1159 1271 1196 potentia.
1287 1175 1306 1181 -
1323 1160 1348 1188 5.
1363 1160 1472 1188 ‘sextus
1489 1160 1555 1188 sub-

497 1202 607 1230 divisio.
622 1219 641 1223 -
662 1203 704 1228 De
725 1199 940 1237 comparatione
968 1198 1071 1227 infiniti
1092 1199 1252 1227 secundum
1273 1200 1354 1236 quod
1379 1199 1410 1227 in
1437 1199 1555 1228 diversis

495 1241 627 1270 subiectis
648 1240 796 1268 invenitur.
819 1256 838 1261 -
859 1240 885 1267 6.
913 1238 1056 1266 Omnibus
1077 1238 1194 1267 infinitis
1219 1245 1262 1268 est
1281 1247 1453 1274 commune,
1475 1239 1556 1276 quod

496 1281 638 1309 infinitum
660 1281 780 1307 habetur
800 1289 850 1316 per
870 1280 927 1306 hoc
944 1279 1024 1315 quod
1045 1287 1159 1315 semper
1173 1278 1250 1306 aliud
1271 1284 1300 1306 et
1320 1278 1398 1307 aliud
1418 1277 1556 1315 accipitur

495 1321 653 1349 secundum
675 1320 830 1356 quamdam
844 1318 1064 1353 successionem,
1079 1317 1118 1345 ita
1139 1324 1237 1347 tamen
1250 1318 1332 1355 quod
1351 1317 1493 1356 quidquid
1507 1327 1554 1346 ac-

494 1360 598 1397 cipitur
618 1359 648 1387 in
669 1365 733 1387 actu
747 1360 782 1386 de
803 1358 924 1393 infinito,
940 1363 1034 1385 toturn
1049 1357 1085 1385 sit
1100 1357 1222 1386 finitum.
1237 1374 1256 1379 -
1271 1366 1299 1394 7.
1314 1357 1460 1386 Infinitum
1481 1363 1553 1386 tem-

495 1400 573 1437 poris
595 1406 622 1427 et
642 1397 948 1436 generationisvdiffert
962 1398 997 1424 ab
1019 1396 1133 1425 infinito
1149 1397 1228 1434 quod
1249 1403 1293 1425 est
1306 1397 1336 1426 in
1357 1396 1554 1434 magnitudine

495 1440 525 1468 in
546 1440 618 1474 hoc,
644 1439 722 1475 quod
743 1438 812 1466 illud
833 1437 944 1465 finitum
966 1437 1047 1473 quod
1067 1436 1224 1473 accipimus
1251 1436 1281 1464 in
1308 1436 1553 1474 magnitudinibus

495 1479 670 1515 apponendo
691 1478 735 1506 vel
756 1477 918 1511 dividendo,
934 1482 1097 1513 permanet;
1113 1477 1164 1504 sed
1185 1475 1266 1504 finita
1279 1485 1354 1513 quae
1375 1475 1554 1512 accipiuntur

496 1518 525 1546 in
540 1519 661 1546 decursu
681 1517 818 1554 temporis
833 1523 860 1544 et
875 1515 1066 1553 generationis
1088 1522 1322 1552 corrumpuntur.
1337 1531 1357 1537 -
1371 1516 1399 1544 8.
1414 1515 1480 1544 Alia
1494 1522 1554 1543 tex—

495 1565 541 1586 tus
562 1557 726 1586 subdivisio.
741 1558 800 1585 -In
822 1555 1016 1593 magnitudine
1038 1554 1183 1584 infinitum
1206 1565 1258 1592 per
1279 1554 1491 1592 appositionem
1511 1561 1554 1583 est

612 1682 649 1710 ὦ,
670 1668 688 1676 ··
714 1692 721 1702 ,
756 1665 930 1707 ostquam
950 1657 1205 1706 Philosophus
1222 1657 1447 1706 disputative
1467 1669 1554 1705 pro-

722 1710 864 1757 cessit
885 1711 930 1747 de
960 1709 1118 1756 infinito,
1138 1710 1200 1747 hic
1223 1709 1351 1759 incipit
1379 1709 1554 1747 determi-

639 1807 646 1818 ί
701 1763 711 1779 ’“
728 1799 740 1810 f
757 1777 844 1800 nare
872 1763 1080 1800 veritatem.
1103 1763 1151 1799 Et
1169 1763 1293 1812 primo
1320 1762 1483 1800 ostendit
1506 1775 1554 1799 an

694 1811 744 1847 lust»
756 1817 801 1854 sit
829 1816 1035 1862 infinitum3
1065 1816 1233 1853 secundo
1263 1815 1354 1865 quid
1387 1814 1448 1862 sit,
1479 1815 1552 1852 ibi:

494 1871 638 1907 Accidit
655 1876 777 1907 autem
797 1869 1028 1906 contrarium
1046 1870 1064 1890 ²¹²
1082 1876 1151 1906 etc.
1172 1868 1299 1905 Prima
1318 1868 1498 1906 dividitur
1515 1868 1554 1905 in

497 1924 610 1960 duas:
639 1922 677 1959 in
703 1923 827 1971 prima
856 1921 1018 1959 ostendit
1045 1921 1243 1971 quomodo
1268 1921 1459 1959 infinitum
1488 1921 1552 1966 sit3

495 1977 533 2013 in
549 1975 714 2013 secunda
734 1983 928 2024 comparat
947 1975 1096 2012 diversa
1115 1974 1261 2012 infinita
1274 1980 1291 1995 ⁰²
1307 1974 1356 2011 ad
1371 1974 1550 2022 invicem,

494 2029 561 2066 ibi:
581 2029 699 2065 Aliter
717 2034 840 2065 autem
859 2034 894 2065 et
907 2029 944 2065 in
965 2028 1157 2077 tempore*
1173 2035 1240 2065 etc.
1258 2027 1368 2064 Circa
1385 2027 1554 2076 primum

494 2083 562 2119 tria
599 2082 702 2119 facit:
740 2081 864 2130 primo
899 2081 1062 2123 ostendit
1098 2080 1203 2130 quod
1240 2080 1428 2117 infinitum
1462 2093 1555 2129 quo-

495 2135 703 2172 dammodo
734 2142 798 2181 est,
825 2142 862 2171 et
884 2133 1174 2183 quodammodo
1194 2146 1273 2171 non
1293 2141 1365 2180 est;
1386 2134 1554 2170 secundo

496 2188 718 2225 determinat
737 2189 841 2236 quod
869 2195 923 2224 est
950 2187 988 2224 in
1010 2186 1191 2236 potentia,
1213 2194 1249 2223 et
1276 2199 1355 2224 non
1380 2193 1435 2223 est
1462 2186 1556 2223 sicut

495 2249 579 2278 actu
601 2253 685 2288 ens,
707 2241 776 2278 ibi:
806 2241 954 2278 Dicitur
973 2241 1089 2290 igitur
1109 2241 1128 2261 ²¹⁴
1149 2247 1236 2286 etc.;
1262 2239 1370 2276 tertio
1399 2239 1556 2276 manife-

496 2301 565 2331 stat
601 2294 797 2342 quomodo
836 2294 881 2331 sit
909 2293 947 2330 in
974 2293 1162 2342 potentia,
1192 2292 1260 2329 ibi:
1289 2293 1380 2330 Non
1417 2298 1560 2341 oportet

495 2353 617 2384 autem
641 2347 806 2395 potentia
834 2359 898 2384 ens
916 2348 936 2368 ’³‘
956 2354 1023 2383 etc.

551 2412 585 2437 2.
601 2399 699 2437 Dicit
721 2412 808 2447 ergo
827 2400 953 2449 primo
974 2398 1079 2448 quod
1100 2411 1144 2435 ex
1163 2397 1380 2448 praemissis
1397 2399 1416 2419 ²⁴
1437 2398 1556 2434 mani-

497 2453 632 2490 festum
653 2460 718 2499 est,
740 2454 844 2502 quod
864 2466 943 2490 non
963 2452 1008 2489 sit
1036 2451 1190 2500 aliquod
1210 2463 1348 2499 corpus
1367 2450 1557 2488 infinitum

496 2506 533 2543 in
562 2514 657 2543 actu.
697 2507 791 2542 Item
820 2508 839 2526 θ
870 2518 914 2542 ex
941 2505 984 2542 iis
1014 2517 1111 2554 quae
1146 2511 1232 2541 ante
1263 2505 1303 2525 ²²*
1332 2503 1430 2541 dicta
1458 2510 1556 2550 sunt,

497 2559 735 2596 manifestum
757 2566 811 2595 est
839 2558 943 2608 quod
972 2557 1001 2595 si
1025 2557 1214 2595 infinitum
1244 2556 1460 2605 simpliciter
1479 2568 1557 2592 non

497 2612 560 2659 sit,
590 2611 693 2661 quod
731 2613 848 2649 multa
886 2610 1132 2661 impossibilia
1164 2609 1349 2647 accidunt.
1379 2609 1555 2656 Quorum

496 2678 615 2702 unum
651 2672 706 2702 est
733 2665 839 2714 quod
876 2672 1026 2713 tempus
1062 2663 1218 2700 habebit
1253 2661 1483 2711 principium
1523 2668 1558 2697 et

496 2719 633 2755 finem:
664 2718 768 2767 quod
806 2725 998 2767 reputatur
1034 2715 1307 2753 inconveniens
1345 2714 1556 2751 secundum

496 2779 681 2820 ponentes
710 2771 967 2808 aeternitatem
1005 2769 1149 2806 mundi.
1180 2769 1229 2804 Et
1255 2768 1391 2804 iterum
1424 2779 1557 2816 seque-

497 2831 556 2861 tur
592 2824 695 2872 quod
732 2823 952 2871 magnitudo
991 2834 1068 2859 non
1106 2833 1256 2870 semper
1284 2820 1330 2857 sit
1364 2820 1556 2857 divisibilis

498 2877 535 2913 in
564 2877 851 2925 magnitudines,
881 2876 948 2914 sed
977 2875 1208 2925 quandoque
1238 2873 1461 2910 deveniatur
1488 2886 1556 2922 per

499 2930 723 2967 divisionem
744 2929 1047 2978 magnitudinum
1067 2928 1116 2965 ad
1139 2926 1328 2976 quaedam
1362 2938 1459 2975 quae
1479 2939 1557 2963 non

499 2990 583 3019 sunt
601 2983 888 3031 magnitudines:
902 2982 968 3019 sed
986 2983 1005 3003 ’¹³
1020 2981 1144 3018 omnis
1159 2979 1380 3027 magnitudo
1397 2986 1452 3016 est
1467 2979 1559 3016 divi-

500 3035 624 3072 sibilis'.
647 3038 739 3072 Item
755 3037 774 3057 '⁴‘
793 3043 971 3084 sequetur
990 3034 1095 3084 quod
1124 3045 1306 3071 numerus
1325 3044 1403 3069 non
1422 3044 1558 3079 augea—

1123 280 1471 318 PHYSICORUM
1498 279 1847 317 ARISTOTELIS
1878 281 1972 317 LIB.
2003 281 2053 317 III

1614 358 1631 377 *
1647 357 1810 408 Quoniam
1826 364 1856 388 et
1874 358 1963 389 Plato
1982 366 2111 399 propter
2132 359 2194 391 hoc
2211 361 2332 398 infinita
2348 363 2412 394 duo
2429 363 2512 403 fecit,
2528 365 2618 405 quod
2640 371 2671 396 et

1680 411 1713 431 m
1737 408 1944 441 augmentum
1973 402 2096 434 videtur
2119 404 2266 435 excellere
2289 413 2320 437 et
2341 406 2375 437 in
2397 407 2558 439 infinitum
2587 408 2670 440 abire

1681 451 1711 477 et
1735 445 1774 474 ad
1797 445 2068 477 annihilationem.
2091 446 2221 478 Faciens
2251 455 2358 480 tamen
2380 450 2457 490 duo,
2476 461 2542 482 non
2561 452 2668 484 utitur.

1680 489 1794 529 Neque
1812 489 1897 520 enim
1911 489 1944 519 in
1959 490 2098 521 numeris
2115 491 2290 523 secundum
2306 493 2496 525 divisionem
2510 495 2670 527 infinitum

1681 539 1728 563 est
1751 531 1877 574 (unitas
1906 533 1992 568 enim
2014 533 2185 565 minimum
2208 534 2292 578 est),
2322 546 2426 578 neque
2457 537 2490 568 in
2518 548 2669 580 augmen-

1679 582 1765 606 tum:
1791 586 1891 618 usque
1913 587 2052 619 namque
2075 579 2184 609 decem
2206 578 2280 611 facit
2301 590 2481 612 numerum.

1613 725 1832 761 quodammodo
1847 724 1924 753 idem
1945 735 2011 754 cum
2038 726 2150 756 infinito
2176 728 2336 756 secundum
2362 728 2547 766 divisionem,
2571 737 2672 768 quate-

1612 773 1667 792 nus
1688 763 1832 792 infinitum
1853 765 2011 793 secundum
2032 766 2244 803 appositionem
2265 767 2297 796 fit
2318 777 2356 796 ex
2371 769 2500 806 opposito
2520 779 2586 798 cum
2607 770 2672 799 infi-

1611 803 1673 832 nito
1688 804 1846 832 secundum
1868 803 2047 833 divisionem.
2062 807 2136 834 Nam
2155 807 2313 835 secundum
2336 808 2416 845 quod
2436 807 2545 846 aliquid
2570 809 2672 838 dividi-

1610 849 1658 871 tur
1678 842 1708 871 in
1728 843 1882 879 infinitum,
1906 845 2066 873 secundum
2087 845 2144 874 hoc
2163 845 2193 874 in
2220 846 2364 875 infinitum
2384 854 2480 884 potest
2506 848 2620 886 apponi·
2635 850 2672 878 ad

1611 882 1738 920 aliquam
1759 883 1977 912 determinatam
1993 884 2190 921 quantitatem.
2205 902 2225 908 -
2235 895 2262 923 9.
2277 886 2447 924 Magnitudo
2460 894 2559 917 autem
2573 894 2616 917 est
2628 889 2672 917 di-

1611 921 1728 951 visibilis
1749 922 1779 951 in
1799 922 1953 959 infinitum,
1968 923 1992 952 si
2006 932 2120 961 semper
2139 924 2169 953 in
2190 925 2331 954 divisione
2345 933 2473 955 servetur
2487 928 2589 957 eadem
2603 937 2671 966 pro-

1610 961 1716 998 portio,
1730 971 1792 991 non
1812 971 1881 991 vero
1895 962 1919 991 si
1933 972 2046 1000 semper
2067 971 2197 993 sumatur
2211 965 2313 994 eadem
2327 966 2480 1003 quantitas3
2495 967 2563 1004 quia
2583 976 2671 997 omne

1611 1001 1726 1030 finitum
1749 1001 1946 1038 consumitur,
1968 1012 2155 1041 quocumque
2183 1004 2266 1034 finito
2287 1014 2403 1042 semper
2422 1013 2550 1044 accepto.
2576 1007 2673 1036 Infini-

1610 1047 1673 1070 tum
1693 1041 1779 1079 igitur
1799 1043 1958 1070 secundum
1979 1041 2150 1072 divisionem
2171 1050 2200 1072 et
2219 1044 2306 1073 etiarn
2326 1045 2486 1075 secundum
2513 1046 2672 1083 appositio-

1610 1089 1678 1109 nem
1708 1090 1770 1110 non
1789 1087 1832 1110 est
1861 1081 1916 1110 nisi
1937 1081 1967 1110 in
1994 1082 2123 1119 potentia
2143 1089 2171 1111 et
2191 1083 2258 1115 ideo
2286 1082 2460 1112 assimilatur
2486 1086 2631 1115 materiae.
2653 1102 2672 1108 -

1615 1129 1658 1148 10.
1682 1120 1824 1149 Differunt
1844 1127 1941 1149 tamen
1969 1121 2112 1149 infinitum
2138 1123 2297 1150 secundum
2326 1123 2539 1159 appositionem
2559 1131 2588 1154 et
2608 1125 2672 1154 infi-

1610 1160 1703 1188 nitum
1724 1160 1883 1188 secundum
1904 1160 2074 1189 divisionem
2089 1170 2140 1197 per
2160 1161 2226 1197 hoc,
2240 1162 2320 1198 quod
2341 1161 2486 1192 infinitum
2513 1165 2672 1194 secundum

1609 1198 1822 1236 appositionem
1850 1209 1912 1228 non
1939 1200 2049 1228 excedit
2075 1199 2106 1228 in
2136 1200 2228 1229 maius
2243 1210 2362 1230 omnem
2389 1201 2618 1240 magnitudinem
2637 1202 2672 1232 fi-

1609 1238 1699 1267 nitam
1722 1239 1957 1274 determinatam;
1983 1245 2013 1268 at
2033 1238 2178 1268 infinitum
2199 1241 2358 1270 secundum
2371 1241 2543 1271 divisionem
2563 1243 2674 1272 excedit

1609 1287 1728 1307 omnem
1750 1278 1968 1307 determinatam
1990 1278 2158 1315 parvitatem
2179 1278 2210 1307 in
2231 1279 2335 1309 minus.
2357 1297 2377 1302 -
2401 1290 2445 1310 11.
2467 1281 2589 1311 infertur
2601 1291 2673 1311 con-

1609 1317 1699 1346 clusio
1721 1327 1754 1346 ex
1775 1317 1867 1346 dictis.
1883 1319 1937 1346 Per
1957 1317 2171 1355 appositionem
2195 1327 2232 1348 ne
2246 1319 2276 1348 in
2289 1320 2419 1357 potentia
2439 1321 2556 1358 quidem
2578 1323 2671 1350 deter-

1609 1357 1718 1386 minata
1739 1357 1883 1394 quantitas
1899 1363 1995 1394 potest
2015 1357 2128 1393 excelli3
2145 1367 2214 1387 nam
2235 1359 2259 1387 si
2279 1366 2354 1388 esset
2366 1360 2496 1397 potentia
2515 1361 2546 1390 in
2569 1368 2673 1391 natura

1608 1397 1646 1424 ad
1676 1396 1888 1433 appositionem
1912 1397 2163 1426 transcendentem
2177 1399 2554 1437 omnemmagnitudinem,
2569 1410 2671 1439 seque-

1608 1442 1686 1464 retur
1700 1437 1780 1473 quod
1801 1442 1875 1464 esset
1889 1435 1919 1464 in
1932 1442 2035 1465 natura
2049 1436 2192 1466 infinitum
2207 1437 2237 1466 in
2257 1445 2331 1467 acm.
2346 1455 2367 1462 -
2385 1447 2428 1468 12.
2448 1439 2525 1475 Quia
2538 1448 2606 1478 ergo
2625 1439 2672 1471 ine

1608 1475 1720 1504 finitum
1753 1475 1782 1504 in
1813 1475 1995 1512 appositione
2015 1476 2247 1514 magnitudinum
2274 1484 2317 1507 est
2337 1487 2388 1515 per
2411 1479 2579 1516 oppositum
2600 1478 2673 1509 divi-

1607 1514 1691 1550 sioni,
1713 1514 1779 1544 ideo
1801 1515 1882 1544 Plato
1903 1515 1963 1544 duo
1983 1515 2048 1544 fecit
2067 1514 2193 1552 infinita,
2215 1526 2243 1545 m
2287 1527 2365 1553 num,
2393 1519 2474 1556 quod
2493 1518 2616 1556 pertinet
2635 1520 2674 1549 ad

1607 1554 1794 1591 additionem,
1809 1561 1837 1583 et
1845 1562 1983 1593 parvum,
2005 1556 2087 1593 quod
2099 1555 2222 1593 pertinet
2241 1565 2259 1588 a
2293 1556 2473 1587 divisionem.

1611 1655 1699 1693 dicit
1725 1656 1830 1705 quod
1854 1655 1994 1706 aliquid
2022 1656 2154 1694 dicitur
2173 1670 2254 1695 esse
2283 1658 2321 1695 in
2348 1666 2445 1707 actu,
2467 1667 2504 1697 et
2530 1659 2671 1710 aliquid

1611 1708 1744 1746 dicitur
1771 1721 1854 1746 esse
1881 1709 1920 1746 in
1947 1709 2126 1758 potentia.
2157 1710 2350 1748 Infinitum
2379 1719 2506 1750 autem
2539 1712 2674 1751 dicitur

1611 1773 1692 1798 esse
1709 1762 1729 1784 *
1747 1774 1816 1811 per
1835 1762 2126 1811 appositionem,
2147 1762 2242 1800 sicut
2267 1763 2307 1801 in
2325 1765 2587 1813 numeris,vel
2603 1778 2673 1816 per

1610 1814 1863 1862 ablationem,
1897 1814 1992 1852 sicut
2023 1815 2062 1853 in
2094 1815 2425 1864 magnitudinibus.
2465 1818 2672 1857 Ostensum

1609 1874 1666 1904 est
1677 1868 1697 1888 *
1711 1867 1813 1905 enim
1828 1867 1934 1916 quod
1947 1868 2169 1916 magnitudo
2188 1881 2267 1906 non
2287 1877 2342 1906 est
2356 1877 2442 1907 actu
2455 1870 2617 1919 infinita;
2632 1879 2674 1911 et

1610 1920 1662 1956 sic
1681 1920 1720 1958 in
1738 1919 2061 1969 magnitudinibus
2088 1933 2158 1970 per
2176 1922 2455 1971 appositionem
2482 1923 2672 1963 infinitum

1610 1984 1688 2010 non
1717 1973 1920 2021 invenitur,
1941 1973 2008 2011 sed
2034 1985 2104 2024 per
2131 1973 2357 2013 divisionem
2381 1975 2419 2021 in
2447 1976 2500 2014 eis
2527 1976 2672 2015 inveni-

1609 2033 1669 2062 tur
1705 2026 1906 2063 infinitum.
1937 2027 2028 2064 Non
2067 2027 2167 2064 enim
2201 2034 2256 2064 est
2293 2028 2443 2066 difficile
2481 2029 2672 2068 destruere

1611 2078 1834 2127 opinionem
1869 2079 2095 2128 ponentium
2140 2079 2385 2118 indivisibiles
2423 2094 2504 2119 esse
2541 2081 2670 2121 lineas.

1610 2132 1701 2178 Vel,
1730 2132 1942 2169 secundum
1971 2131 2083 2169 aliam
2111 2132 2289 2170 litteram:
2319 2146 2398 2171 non
2430 2142 2486 2171 est
2522 2134 2672 2173 difficile

1606 2185 1747 2233 partiri
1763 2190 1907 2222 atomos
1922 2185 1942 2205 *
1957 2185 2085 2232 lineas,
2101 2185 2197 2222 idest
2215 2187 2415 2224 ostendere
2433 2186 2563 2236 lineas,
2578 2198 2673 2237 quas

1613 2237 1769 2286 quidam
1796 2245 1945 2287 ponunt
1971 2237 2227 2286 indivisibiles,
2249 2251 2330 2276 esse
2349 2239 2549 2288 partibiles.
2570 2240 2672 2279 Dici-

1611 2298 1671 2327 tur
1699 2298 1826 2327 autem
1854 2290 2043 2327 infinitum
2063 2290 2101 2327 in
2120 2291 2357 2340 appositione
2384 2293 2447 2330 vel
2475 2292 2672 2343 divisione,
2712 2324 2718 2327 »γ

1611 2343 1824 2381 secundum
1853 2343 1956 2392 quod
1982 2350 2108 2392 potest
2134 2344 2275 2393 apponi
2302 2345 2364 2382 vel
2393 2345 2520 2384 dividi.
2546 2346 2673 2390 Reun-

1613 2395 1738 2445 quitur
1764 2395 1873 2444 igitur
1901 2395 2005 2445 quod
2033 2395 2222 2434 infinitum
2251 2396 2298 2434 sit
2329 2404 2512 2447 tanquam
2538 2398 2581 2437 in
2603 2411 2673 2449 po-

1612 2456 1729 2486 tentia
1757 2461 1836 2485 ens.

1665 2513 1702 2548 4.
1728 2500 1874 2538 Deinde
1904 2513 1991 2538 cum
2021 2500 2125 2538 dicit:
2153 2502 2244 2539 Non
2282 2507 2426 2550 oportet
2454 2508 2579 2540 autem
2599 2515 2670 2552 po-

1613 2555 1724 2591 tentia
1752 2566 1816 2590 ens
1844 2560 1932 2600 etc.,
1972 2553 2134 2591 ostendit
2169 2554 2367 2603 quomodo
2399 2554 2590 2592 infinitum
2627 2556 2673 2593 sit

1612 2606 1650 2643 in
1677 2606 1856 2655 potentia.
1885 2606 2093 2655 Dupliciter
2121 2605 2222 2657 enim
2250 2606 2439 2644 invenitur
2466 2607 2606 2657 aliquid
2633 2609 2672 2647 in

1610 2659 1790 2708 potentia.
1820 2659 1906 2696 Uno
1944 2659 2062 2696 modo
2097 2659 2150 2696 sic
2177 2659 2282 2708 quod
2314 2667 2436 2697 totum
2463 2669 2589 2710 potest
2615 2674 2672 2699 re-

1613 2712 1700 2749 duci
1727 2712 1766 2749 in
1794 2719 1942 2759 actum,
1977 2712 2072 2749 sicut
2106 2712 2285 2760 possibile
2313 2720 2370 2750 est
2394 2713 2469 2750 hoc
2497 2726 2562 2751 aes
2589 2726 2672 2755 esse

1613 2773 1786 2813 statuam,
1806 2765 1826 2786 *
1845 2765 1948 2814 quod
1973 2765 2174 2814 aliquando
2195 2765 2264 2802 erit
2282 2773 2418 2813 statua3
2447 2778 2526 2804 non
2544 2774 2672 2804 autem

1613 2819 1665 2855 sic
1694 2817 1826 2855 dicitur
1845 2830 1927 2854 esse
1946 2818 2136 2855 infinitum
2159 2817 2197 2854 in
2215 2818 2394 2867 potentia,
2415 2820 2520 2867 quod
2538 2827 2673 2869 postea

1612 2878 1734 2908 totum
1763 2870 1808 2908 sit
1835 2870 1872 2908 in
1901 2878 1987 2908 actu
2005 2869 2034 2907 β.
2064 2870 2148 2907 ΑΙίο
2169 2870 2287 2908 modo
2312 2871 2450 2920 aliquid
2480 2872 2612 2910 dicitur
2632 2871 2671 2910 in

1611 2923 1780 2973 potentia
1799 2936 1892 2970 esse,
1914 2923 2019 2972 quod
2036 2931 2170 2972 postea
2196 2924 2240 2961 fit
2262 2932 2347 2961 actu
2376 2937 2455 2971 ens,
2483 2936 2562 2962 non
2589 2924 2670 2973 qui-

1614 2977 1702 3014 dem
1730 2984 1852 3013 totum
1885 2976 2015 3023 simul,
2053 2975 2122 3013 sed
2158 2976 2382 3014 successive.
2418 2977 2671 3026 Multipliciter

1613 3029 1714 3066 enim
1744 3029 1877 3066 dicitur
1896 3028 2036 3078 aliquid
2063 3040 2162 3065 esse:
2190 3030 2251 3066 vel
2275 3029 2364 3078 quia
2389 3035 2511 3066 totum
2541 3037 2596 3067 est
2623 3029 2669 3067 si-

2697 370 2707 379 ·
2720 368 2788 390 Text.
2803 368 2835 391 61.

2699 1777 2711 1789 ⁸
2724 1777 2762 1799 vel
2773 1777 2827 1800 add.
2836 1772 2922 1801 moi

2698 1809 2767 1826 nm.

2698 1880 2708 1888 ·
2722 1878 2787 1900 Leet.
2796 1884 2845 1907 vm,
2859 1884 2892 1901 ix.

2698 2202 2816 2224 ‘ammae
2829 2201 2865 2224 rb.

1613 3083 1709 3129 mul,
1738 3089 1779 3118 ut
1806 3082 1925 3118 homo
1946 3088 1981 3118 et
2000 3081 2138 3118 domus
2159 3082 2195 3127 *3
2223 3082 2286 3119 vel
2313 3081 2402 3130 quia
2424 3094 2576 3130 semper
2593 3095 2670 3120 una
2695 3095 2844 3123 uquam.-

1611 3148 1698 3185 pars
1727 3135 1807 3171 eius
1834 3134 1877 3171 fit
1896 3135 1916 3156 *⁸
1943 3141 2031 3183 post
2058 3133 2181 3181 aliam,
2201 3146 2271 3183 per
2298 3146 2413 3184 quem
2433 3135 2594 3173 modum
2615 3135 2669 3174 di·
2691 3126 2869 3169 θᾟᾞῖὶιῗῗῑ
2893 3152 2917 3169 ψ,
2936 3163 2937 3166 ,

1613 3188 1707 3225 citur
1726 3199 1807 3224 esse
1828 3187 1906 3224 dies
1935 3194 1971 3224 et
1988 3187 2008 3208 ⁸²
2035 3186 2146 3224 ludus
2174 3187 2351 3235 agonalis.
2381 3187 2430 3224 Et
2456 3188 2531 3225 hoc
2550 3188 2668 3227 modo
2695 3179 2758 3235 {m-

499 3096 559 3124 tur
586 3089 623 3125 in
651 3089 849 3125 infinitum.
872 3088 972 3135 Quia
1001 3088 1110 3135 igitur
1137 3085 1350 3123 secundum
1385 3084 1558 3122 determi-

501 3149 586 3178 nata
603 3143 622 3163 ‘³⁵
642 3150 817 3178 neutrum
835 3141 985 3179 videtur
1005 3140 1240 3188 contingere,
1270 3150 1392 3187 neque
1422 3137 1560 3175 scilicet

501 3194 603 3243 quod
632 3194 818 3232 infinitum
841 3194 885 3231 sit
905 3202 990 3231 actu
1005 3195 1036 3240 ⁴*‚
1059 3205 1181 3242 neque
1210 3191 1314 3241 quod
1343 3190 1560 3239 simpliciter

264 3155 273 3164 ⁸
290 3154 350 3175 [εει.
368 3159 405 3179 νη,
423 3159 471 3177 vni.

264 3186 341 3227 Pactu
356 3212 403 3227 om.
415 3213 449 3227 er..

2709 3173 2829 3196 odd-exc.
2879 3184 2937 3203 ¹·.

2718 3226 2756 3248 νεὶ
2767 3231 2806 3248 ιο.

266 3311 276 3320 '⁸
291 3312 314 3331 et
327 3310 377 3331 add.
390 3316 474 3331 Caroni,

266 3343 364 3361 nansz.

501 3260 577 3284 non
606 3247 669 3293 sit;
699 3260 853 3284 necesse
891 3255 945 3284 est
974 3247 1098 3284 dicere
1136 3245 1239 3295 quod
1268 3244 1557 3293 quodammodo

503 3309 567 3345 est,
591 3301 610 3321 '⁴¹‘
629 3301 918 3348 quodammodo
947 3312 1024 3337 non
1053 3307 1119 3336 est.

558 3354 590 3389 3.
603 3353 748 3390 Deinde
761 3366 847 3390 cum
863 3353 964 3390 dicit:
982 3353 1130 3390 Dicitur
1144 3351 1259 3401 igitur
1273 3362 1350 3387 esse
1359 3349 1463 3386 aliud
1476 3356 1558 3395 etc.,

505 3405 663 3442 ostendit
682 3406 785 3453 quod
814 3406 1003 3443 infinitum
1029 3413 1084 3442 est
1103 3404 1198 3442 sicut
1224 3401 1393 3453 potentia
1413 3414 1490 3439 ens.
1513 3402 1561 3438 Et

1614 3240 1746 3278 dicitur
1774 3239 1961 3277 infinitum
1991 3253 2074 3277 esse
2102 3239 2213 3276 simul
2241 3247 2277 3277 et
2305 3239 2343 3277 in
2371 3241 2540 3289 potentia
2567 3248 2604 3278 et
2630 3241 2669 3278 in

1614 3302 1720 3331 actu:
1757 3293 1887 3330 omnia
1925 3293 2026 3330 enim
2063 3292 2281 3330 huiusmodi
2315 3292 2426 3330 simul
2457 3294 2477 3315 *
2508 3293 2668 3331 sunt-in

1612 3346 1779 3396 potentia
1815 3353 1998 3395 quantum
2036 3345 2085 3383 ad
2111 3357 2229 3383 unam
2256 3353 2425 3395 partem,
2456 3354 2492 3383 et
2517 3346 2556 3383 in
2583 3353 2668 3383 actu

1615 3407 1798 3449 quantum
1836 3399 1884 3437 ad
1918 3399 2041 3436 aliam.
2082 3397 2262 3448 Olympia
2295 3398 2416 3448 enim,
2455 3397 2550 3436 idest
2576 3398 2668 3436 festa

558 3533 585 3562 α)
601 3533 703 3558 diversa
724 3534 835 3567 infinita.
852 3549 870 3555 —‹
888 3536 952 3560 Edd.
972 3543 988 3560 a
999 3536 1013 3560 b
1033 3541 1057 3560 et
1077 3536 1151 3561 codd.
1166 3542 1219 3560 om.
1232 3534 1338 3560 diversa
1345 3540 1353 3563 ‚⁸
1372 3533 1403 3558 cf.
1417 3540 1442 3558 n.
1459 3532 1481 3557 5.
1497 3533 1558 3557 Post
1613 3538 1721 3561 sensus;
1737 3539 1797 3556 nam
1815 3531 1893 3556 verba
1912 3538 1962 3555 non
1982 3533 2070 3555 autem
2088 3529 2126 3555 sic
2144 3529 2278 3555 manifeste
2291 3529 2435 3555 referuntur
2448 3529 2479 3554 ad
2494 3527 2668 3561 praecedentia

506 3567 610 3599 infinita
629 3569 685 3593 add.
700 3570 717 3592 S
736 3570 776 3593 vel
794 3570 899 3594 modum
919 3570 1092 3603 infinitorum.

1612 3567 1682 3599 quod
1697 3570 1779 3592 totum
1795 3569 1885 3598 potest
1901 3565 1994 3592 reduci·
2005 3564 2032 3590 in
2051 3567 2154 3593 actum5
2172 3565 2218 3590 sed
2231 3570 2319 3590 tamen
2330 3564 2449 3589 videntur
2466 3562 2615 3593 nuthemica,
2629 3567 2667 3587 te-

559 3602 583 3633 β)
603 3604 673 3634 qnod
688 3607 779 3634 postea
804 3608 886 3629 totum
906 3606 940 3629 sit
960 3606 984 3629 iu
1006 3609 1075 3631 actu.
1090 3620 1108 3626 -
1121 3607 1191 3631 Hnec
1210 3613 1263 3631 om.
1278 3605 1344 3634 Pub,
1365 3604 1420 3629 sine
1446 3602 1558 3628 laesione
1613 3602 1734 3627 stimonio
1753 3601 1879 3626 codicum.

2694 3305 2705 3316 ⁸
2719 3303 2788 3326 :tm
2801 3308 2851 3326 om.
2863 3308 2907 3326 me
