2898 3996
98 617 108 626 '
121 615 207 646 accipit
219 619 306 639 bonuz,

96 643 211 669 acetpntur
225 647 246 661 a.

98 673 108 682 ·
122 670 294 692 universalibus

96 697 167 719 codd.

98 934 108 942 ·
124 932 167 953 hoc
180 938 227 954 orn.
242 932 292 954 vab.

98 1194 108 1203 ⁶
123 1193 161 1214 est
173 1197 220 1213 orn.
231 1197 306 1213 neuen

96 1224 151 1244 κει,
166 1223 214 1244 οαι
228 1218 271 1240 lac.

94 1558 107 1565 ⁴¹
121 1556 191 1578 amici
203 1555 272 1577 codd.

95 1610 109 1618 ⁴'
123 1608 211 1630 inimici
219 1608 286 1630 codd.

1197 320 1306 356 CAP.
1338 321 1369 366 1,
1400 319 1550 355 LECT.
1582 320 1631 355 111

337 399 438 445 dicti;
459 406 495 435 et
522 398 626 447 quod
654 399 744 435 nihil
774 411 818 435 ex
842 411 882 435 se
910 406 1077 447 apponat
1095 399 1190 434 ultra
1219 398 1256 434 id
1286 397 1389 446 quod

337 464 449 488 causa
469 451 653 498 assignata
673 451 839 500 requirit;
862 463 984 499 neque
1010 451 1123 487 etiam
1143 450 1282 498 aliquid
1301 449 1390 486 velit

336 503 504 552 accipere
520 511 560 539 ut
579 504 807 553 dignitatem,
824 504 919 540 idest
933 511 973 540 ut
991 503 1229 552 principium,
1246 502 1388 549 absque

335 556 491 592 ratione.
519 557 594 593 Sed
614 563 762 604 oportet
784 556 888 604 quod
913 555 1074 592 adducat
1098 555 1146 592 ad
1170 554 1390 593 manifesta-

334 608 478 645 tionem
498 609 577 644 eius
597 609 701 656 quod
725 608 870 656 accepit
884 608 904 628 *
928 607 1034 656 quasi
1061 606 1298 655 principium,
1326 612 1390 642 aut

335 661 604 707 inductionem,
625 661 717 697 sicut
736 660 775 697 in
793 659 983 708 principiis
1008 658 1238 695 naturalibus
1252 659 1272 678 '¹‘
1290 670 1387 706 quae

336 726 382 750 ex
410 713 641 749 sensibilium
670 713 926 760 experimento
956 711 1203 759 accipiuntur;
1234 718 1298 746 aut
1326 710 1389 747 de-

335 765 659 812 monstrationem,
680 765 774 801 sicut
791 764 829 801 in
848 763 1039 812 principiis
1059 775 1156 811 quae
1175 775 1244 810 per
1262 762 1388 811 priora

334 818 517 867 principia
532 818 846 854 demonstrantur.
863 816 938 852 Sed
952 816 1026 851 hoc
1042 815 1296 863 Empedocles
1311 828 1388 851 non

337 877 470 907 servat.
500 870 592 906 Esto
621 869 722 905 enim
751 868 855 916 quod
882 867 961 916 ipse
981 875 1099 915 ponat
1131 868 1332 904 amicitiam
1353 875 1389 904 et

335 922 437 959 litem
469 933 549 958 esse
579 933 731 966 causas,
760 927 888 956 tamen
916 920 990 956 hoc
1021 921 1040 941 *
1067 932 1145 957 non
1174 928 1230 957 est
1257 921 1302 957 de
1332 933 1387 956 ra-

335 974 436 1010 tione
455 972 638 1009 amicitiae
662 973 723 1009 vel
743 972 968 1019 inimicitiae,
991 973 1095 1021 quod
1113 985 1233 1020 unum
1254 985 1387 1009 eorum

333 1023 420 1074 post
447 1026 604 1061 alterum
642 1032 807 1069 moveat.
834 1025 925 1061 Non
956 1032 1010 1061 est
1039 1025 1139 1061 enim
1169 1025 1215 1062 de
1245 1025 1387 1061 ratione

334 1077 530 1124 amicitiae,
560 1077 664 1125 quod
685 1077 723 1114 in
742 1077 975 1113 inimicitiam
1006 1084 1256 1124 convertatur,
1277 1090 1347 1113 nec
1367 1089 1387 1112 e

334 1142 538 1167 converso:
559 1130 625 1166 sed
646 1130 693 1166 de
721 1130 863 1166 ratione
883 1130 1067 1166 amicitiae
1098 1137 1152 1166 est
1176 1130 1280 1178 quod
1300 1142 1387 1166 con-

333 1190 471 1230 greget,
499 1183 545 1219 de
565 1182 708 1219 ratione
727 1195 820 1219 vero
841 1182 1053 1219 inimicitiae
1083 1190 1139 1218 est
1154 1183 1174 1203 '¹‘
1187 1182 1291 1231 quod
1317 1182 1388 1218 dis-

334 1242 470 1283 greget.
511 1235 587 1272 Sed
631 1235 661 1271 si
697 1235 850 1271 ulterius
893 1234 1164 1272 determinetur
1209 1235 1313 1283 quod
1351 1234 1389 1270 in

335 1287 500 1336 quadam
519 1295 624 1336 parte
644 1288 827 1335 temporis
851 1287 945 1324 haec
965 1295 1177 1335 congreget,
1199 1295 1234 1324 et
1252 1287 1388 1323 iterum

334 1340 374 1377 in
401 1340 567 1389 quadarn
594 1347 699 1388 parte
719 1340 900 1388 temporis
919 1340 980 1376 illa
999 1340 1203 1387 disgreget;
1225 1347 1280 1376 est
1297 1341 1388 1376 ulte-

333 1393 409 1428 rius
428 1393 746 1429 manifestandum
766 1393 803 1428 in
827 1392 1012 1441 aliquibus
1035 1393 1330 1441 particularibus,
1351 1392 1389 1428 in

334 1445 472 1493 quibus
491 1446 566 1482 hoc
585 1445 784 1492 contingat.
807 1445 911 1481 Sicut
929 1445 1033 1493 quod
1053 1444 1214 1481 amicitia
1234 1457 1388 1492 congre-

334 1504 406 1544 get,
428 1504 463 1534 et
481 1497 673 1534 inimicitia
701 1498 894 1544 disgreget,
915 1497 1173 1534 manifestatur
1200 1498 1238 1534 in
1266 1497 1388 1534 homi-

334 1549 456 1596 nibus,
473 1550 560 1598 quia
580 1550 741 1586 amicitia
758 1551 777 1570 *
800 1550 976 1586 homines
997 1550 1209 1587 adunantur
1227 1550 1276 1587 ad
1294 1550 1388 1586 invi-

335 1614 431 1649 cem,
448 1602 638 1639 inimicitia
654 1604 672 1622 ‘²'
692 1615 785 1639 vero
806 1603 952 1649 fugiunt
970 1603 1018 1638 ab
1038 1602 1218 1648 invicem3
1247 1610 1282 1639 et
1303 1602 1387 1639 ideo

333 1655 408 1691 hoc
435 1655 482 1691 ab
511 1655 746 1703 Empedocle
775 1655 999 1703 supponitur
1023 1667 1103 1691 esse
1132 1655 1170 1691 in
1198 1662 1278 1691 toto
1305 1655 1388 1691 uni·

333 1719 458 1755 verso,
479 1707 567 1756 quia
585 1707 736 1743 videtur
755 1707 807 1743 sic
827 1719 908 1743 esse
923 1707 961 1743 in
976 1707 1173 1755 aliquibus.
1193 1707 1268 1744 Sed
1283 1708 1388 1755 quod

333 1759 543 1796 secundum
572 1760 741 1808 aequalia
768 1767 941 1808 tempora
968 1767 1150 1797 moveant
1177 1760 1387 1796 successive

333 1811 494 1848 amicitia
524 1820 558 1848 et
585 1811 789 1858 inimicitia,
820 1813 894 1848 hoc
922 1811 1060 1859 indiget
1089 1812 1214 1859 aliqua
1242 1812 1385 1848 ratione

331 1864 608 1900 manifestante:
638 1877 716 1901 non
745 1864 847 1900 enim
882 1864 1032 1900 videtur
1058 1865 1132 1900 hoc
1160 1864 1198 1900 in
1225 1864 1386 1900 homini-

331 1917 402 1953 bus
432 1916 656 1964 contingere.

388 1969 418 2005 5.
450 1969 597 2006 Deinde
627 1980 713 2005 cum
743 1968 850 2005 dicit:
884 1969 1043 2006 Omnino
1073 1969 1170 2006 enim
1199 1969 1386 2005 existima-

331 2033 373 2057 re
398 2028 479 2068 etc.,
501 2021 661 2058 excludit
680 2021 871 2069 quandam
901 2022 1032 2058 falsam
1058 2022 1384 2058 existimationem.

330 2074 465 2110 Posset
493 2074 594 2111 enim
618 2074 750 2122 aliquis
771 2074 934 2121 credere,
957 2075 1060 2123 quod
1080 2074 1264 2123 quidquid
1287 2087 1385 2111 sern-

330 2138 399 2174 per
427 2133 500 2173 est,
530 2139 607 2163 non
645 2127 759 2162 habet
787 2139 962 2174 causam,
990 2135 1144 2175 propter
1171 2127 1246 2163 hoc
1283 2127 1386 2175 quod

331 2178 506 2215 videmus
535 2191 580 2215 ea
608 2191 705 2226 quae
735 2179 836 2227 apud
865 2191 935 2215 nos
964 2187 1176 2226 causantur,
1206 2180 1252 2215 de
1281 2192 1384 2216 novo

2425 320 2497 366 375

1445 396 1628 444 incipere:
1660 404 1695 432 et
1714 396 1799 433 ideo
1819 396 2018 433 videbatur
2037 396 2233 445 aliquibus,
2255 397 2359 445 quod
2379 409 2498 445 quan-

1445 449 1494 484 do
1523 448 1771 485 reducebatur
1799 449 1922 496 aliqua
1951 450 2118 497 quaestio
2148 450 2186 486 in
2216 449 2356 498 aliquid
2393 449 2498 498 quod

1445 508 1500 536 est
1527 513 1697 549 semper,
1737 514 1814 538 non
1843 509 2033 550 oporteret
2059 502 2213 538 ulterius
2242 514 2396 538 causam
2431 514 2498 538 seu

1445 553 1628 589 rationem
1657 566 1848 601 quaerere.
1881 554 1942 590 Sic
1971 566 2058 601 ergo
2087 562 2216 602 posset
2243 555 2498 602 Empedocles

1445 605 1580 653 dicere,
1603 607 1705 653 quod
1726 606 1886 642 amicitia
1907 614 1942 642 et
1961 606 2003 642 lis
2032 619 2183 654 semper
2206 607 2417 643 secundum
2438 619 2499 643 ae-

1444 657 1569 705 qualia
1596 666 1770 706 tempora
1790 666 2012 695 moverunt:
2043 667 2078 695 et
2096 659 2183 695 ideo
2213 671 2290 695 non
2311 667 2366 695 est
2385 671 2499 707 quae-

1443 711 1561 747 renda
1587 710 1699 747 huius
1727 711 1798 747 alia
1827 711 1930 747 ratio.
1966 712 2051 747 Hoc
2080 723 2167 758 ergo
2196 712 2414 748 Aristoteles
2443 724 2499 747 re-

1444 770 1586 809 movet,
1617 763 1744 799 dicens
1772 763 1876 811 quod
1905 776 1982 799 non
2011 771 2110 800 recte
2139 776 2178 800 se
2207 764 2321 800 habet
2354 763 2499 812 opinari

1444 815 1549 862 quod
1570 815 1710 863 aliquid
1731 815 1958 852 existimetur
1978 828 2059 852 esse
2078 816 2318 864 principium,
2343 824 2499 864 propter

1443 868 1518 903 hoc
1546 868 1649 915 quod
1678 880 1829 916 semper
1856 875 1920 904 aut
1939 868 1992 904 sic
2012 876 2077 915 est,
2108 876 2171 905 aut
2190 869 2244 904 sic
2262 869 2314 904 fit.
2344 869 2406 905 Ad
2425 869 2499 905 hoc

1445 920 1546 956 enim
1566 920 1804 957 Democritus
1825 921 2028 957 reducebat
2048 933 2183 957 omnes
2199 933 2330 957 causas
2350 928 2499 957 natura-

1443 973 1508 1018 les,
1530 973 1722 1020 assignans
1741 972 1967 1021 principium
1986 974 2004 994 ²³²
2020 973 2062 1010 iis
2083 986 2180 1022 quae
2201 974 2248 1010 de
2267 986 2371 1010 novo
2387 974 2497 1019 fiunt3

1444 1025 1511 1061 sed
1532 1025 1610 1061 eius
1635 1026 1739 1074 quod
1759 1033 1813 1062 est
1833 1038 1994 1073 semper,
2016 1027 2168 1062 nolebat
2191 1026 2344 1073 aliquod
2363 1026 2498 1074 princi-

1443 1077 1550 1125 pium
1578 1090 1770 1124 quaerere.
1802 1078 1918 1123 Quod
1946 1078 2100 1126 quidem
2126 1078 2163 1115 in
2185 1078 2370 1126 aliquibus
2398 1085 2497 1114 recte

1445 1129 1589 1176 dicitur,
1611 1130 1678 1165 sed
1698 1142 1775 1166 non
1791 1130 1828 1165 in
1849 1130 2036 1167 omnibus.
2059 1131 2303 1167 Manifestum
2325 1138 2379 1167 est
2399 1131 2499 1167 enim

1445 1181 1559 1230 quod‘
1585 1182 1788 1229 triangulus
1826 1194 1976 1230 semper
2002 1184 2116 1219 habet
2152 1191 2225 1219 tres
2255 1184 2410 1231 angulos
2439 1196 2500 1219 ae-

1445 1234 1573 1282 quales
1598 1234 1748 1270 duobus
1768 1234 1895 1280 rectis;
1925 1236 1992 1271 sed
2015 1242 2141 1272 tamen
2166 1236 2276 1272 huius
2294 1243 2500 1284 perpetuae

1443 1286 1628 1335 passionis
1667 1295 1722 1323 est
1758 1287 1872 1323 altera
1905 1299 2028 1323 causa.
2061 1289 2137 1324 Sed
2169 1288 2293 1336 aliqua
2318 1295 2501 1336 perpetua

1445 1346 1548 1386 sunt,
1570 1339 1664 1375 sicut
1682 1339 1877 1388 principia,
1899 1352 2063 1387 quorum
2092 1352 2169 1376 non
2199 1348 2253 1376 est
2280 1341 2351 1377 alia
2375 1353 2499 1377 causa.

1499 1392 1614 1428 6.Est
1633 1399 1759 1428 autern
1778 1392 1889 1428 valde
1910 1393 2121 1429 notandum
2142 1393 2245 1440 quod
2265 1393 2325 1429 hic
2345 1393 2498 1438 dicitur;

1445 1444 1532 1492 quia
1569 1452 1610 1480 ut
1646 1445 1684 1480 in
1718 1446 1749 1480 ΙΙ
1778 1445 1992 1493 Metaphys.
2024 1447 2043 1466 ᾗ
2072 1445 2251 1492 habetur,
2282 1446 2417 1482 eadem
2448 1453 2501 1481 est

1446 1497 1639 1545 dispositio
1665 1509 1791 1534 rerum
1811 1497 1849 1533 in
1869 1509 1950 1533 esse
1972 1504 2008 1533 et
2025 1498 2064 1534 in
2082 1497 2250 1534 veritate.
2274 1497 2376 1534 Sicut
2395 1497 2503 1545 igitur

1445 1549 1569 1598 aliqua
1590 1558 1676 1587 sunt
1695 1562 1846 1598 semper
1867 1562 1960 1586 vera
1980 1557 2015 1586 et
2033 1558 2162 1587 tamen
2186 1551 2327 1587 habent
2347 1563 2501 1587 causam

1445 1614 1534 1638 suae
1553 1603 1731 1648 veritatis,
1753 1602 1802 1638 ita
1821 1602 2039 1639 Aristoteles
2058 1603 2236 1639 intellexit
2254 1603 2358 1651 quod
2379 1610 2503 1639 essent

1445 1654 1568 1702 aliqua
1597 1667 1747 1704 semper
1776 1654 1885 1702 entia,
1916 1655 2054 1691 scilicet
2082 1667 2242 1703 corpora
2266 1655 2439 1692 caelestia
2468 1663 2503 1691 et

1444 1707 1672 1744 substantiae
1693 1715 1887 1756 separatae
1905 1708 1934 1754 ³³²,
1953 1716 1988 1744 et
2002 1715 2130 1744 tamen
2149 1708 2332 1745 haberent
2347 1720 2501 1744 causam

1445 1759 1501 1795 sui
1527 1772 1619 1796 esse.
1651 1761 1708 1797 Ex
1728 1772 1804 1808 quo
1823 1768 1926 1808 patet
1954 1761 2059 1809 quod
2078 1760 2254 1808 quamvis
2283 1761 2500 1797 Aristoteles

1442 1820 1605 1859 poneret
1633 1814 1821 1849 mundum
1850 1820 2058 1860 aeternum,
2084 1826 2162 1850 non
2190 1821 2318 1850 tamen
2348 1813 2503 1850 credidit

1444 1864 1549 1912 quod
1586 1866 1690 1901 Deus
1725 1877 1802 1901 non
1832 1865 1878 1901 sit
1906 1877 2019 1901 causa
2057 1866 2205 1903 essendi
2232 1866 2303 1914 ipsi
2332 1867 2499 1912 mundo,

1442 1917 1510 1953 sed
1545 1929 1658 1953 causa
1695 1925 1821 1953 motus
1862 1917 1941 1954 eius
1978 1925 2144 1966 tantum,
2179 1926 2220 1954 ut
2257 1918 2411 1967 quidam
2450 1918 2503 1955 di-

1440 1977 1584 2006 xerunt.

1495 2022 1637 2059 Ultimo
1667 2030 1793 2059 autem
1824 2023 2012 2059 concludit
2030 2023 2234 2071 principale
2262 2023 2501 2072 propositum

1443 2074 1681 2123 epilogando
1712 2076 1760 2111 Et
1780 2074 1867 2112 dicit
1885 2083 1987 2112 tanta
2008 2076 2105 2112 dicta
2125 2088 2206 2112 esse
2228 2075 2274 2112 de
2298 2076 2372 2112 hoc
2398 2076 2503 2124 quod

1445 2128 1592 2164 nullum
1612 2135 1763 2176 tempus
1784 2128 1851 2164 erit
1870 2128 1907 2164 in
1927 2128 2064 2176 futuro,
2094 2141 2218 2177 neque
2239 2136 2317 2165 erat
2337 2129 2375 2164 in
2393 2141 2500 2177 prae—

1444 2179 1565 2227 terito,
1595 2179 1633 2216 in
1662 2192 1739 2228 quo
1769 2181 1902 2229 aliquis
1930 2189 2056 2218 motus
2085 2194 2163 2218 non
2192 2181 2247 2218 sit.

2528 983 2536 991 ·
2542 981 2659 1009 principia
2667 981 2734 1003 codd.

2528 1014 2576 1029 exc.
2592 1014 2691 1035 orm-spu.

2530 1455 2538 1462 ·
2554 1453 2577 1474 S.
2586 1453 2637 1477 Th„
2650 1453 2700 1474 lect.
2709 1459 2738 1478 n;

2529 1479 2680 1505 Did.lib.1(bl,
2689 1486 2740 1507 cap.

2530 1512 2537 1526 1
2545 1522 2550 1531 ‚
2566 1511 2628 1527 num.
2637 1512 2655 1533 5.

2531 1716 2539 1724 '¹
2550 1715 2692 1736 substantias
2702 1721 2739 1736 se-

2526 1743 2630 1768 paratas
2645 1741 2738 1762 codices

2530 1774 2578 1789 exc.
2594 1773 2651 1788 ι-ιτγ,
