2898 3996
1144 299 1255 335 CAP.
1285 297 1354 343 lv,
1383 296 1532 333 LECT.
1562 297 1612 333 vi

299 382 365 414 Καὶ
390 380 447 413 ἐπὶ
471 380 535 413 τοῦ
559 377 798 422 πεπερασμένα
822 374 907 408 εἶναι
931 374 952 412 ἦ
979 375 1114 418 ἄπειρα,
1142 376 1260 418 ὁμοίως
1288 372 1353 414 ἕξει

365 424 460 458 κατὰ
484 422 634 456 πάντων.

293 467 522 505 ’Πκολούθ-ηκε
541 462 579 498 δὲ
601 466 754 510 μάλιστα.
770 465 811 498 τὸ
827 460 1027 508 ’διαιρεῖσθαι
1047 461 1165 495 πάντα
1183 462 1240 492 καὶ
1261 460 1353 512 circei-

366 524 408 555 ραι
425 509 510 544 εἶναι
535 510 603 543 &ved
629 512 690 542 τοῦ
707 508 999 553 μεταβάλλοντος·
1021 505 1114 543 εὐθύς
1132 505 1196 551 γὰρ
1215 505 1355 548 ἐνυπαρ-

365 568 419 600 χει
442 557 491 597 τῷ
516 554 770 599 μεταβάλλοντι
795 552 836 584 τὸ
860 548 1028 596 διαιρετὸν
1052 552 1110 581 καὶ
1135 549 1176 581 τὸ
1202 549 1350 591 ἄπειρον.

365 600 412 632 Τὸ
427 600 487 644 μὲν
504 598 561 631 οὖν
577 595 746 643 διαιρετὸν
762 592 936 629 δέδεικται
952 593 1126 638 πρότερον,
1145 593 1186 624 τᾶ
1206 588 1235 623 δ’
1258 592 1352 624 ἄπει-

366 655 420 689 ρον
445 642 478 676 ἐν
502 647 573 680 τοῖς
598 641 770 686 ἑπομένοις
795 640 894 672 ἔσται
917 634 1032 674 δῆλον.

354 741 493 770 SYNOPSts
508 756 542 761 —
563 749 587 767 1.
607 729 817 775 Argumentum
838 741 867 763 et
886 733 987 762 divisio
1001 739 1102 761 textus,
1124 749 1144 754 -
1164 740 1192 760 2.
1213 731 1355 760 Dividitur

300 787 397 809 motus
417 779 576 808 secundum
594 784 708 813 tempus
735 781 764 803 et
787 774 946 803 secundum
967 779 1063 801 motus
1084 772 1209 808 partium
1230 771 1354 800 mobilis.

300 821 337 849 Et
350 821 407 848 hoc
419 819 523 847 iterum
536 816 698 853 dupliciter:
712 814 758 842 vel
767 820 908 851 quatenus
922 822 988 849 pars
1002 818 1069 848 post
1084 819 1195 848 partem
1209 818 1355 847 movetur3

300 860 354 894 vel,
368 858 393 887 si
405 863 498 886 totum
515 855 600 884 simul
614 860 754 888 movetur,
775 853 934 881 secundum
954 858 1049 888 partes
1070 851 1195 886 mobilis,
1216 851 1288 879 sicut
1308 860 1356 879 ac-

301 898 397 927 cidens
410 896 614 933 quodcumque
628 893 719 921 diviso
733 892 862 921 subiecto
882 891 1024 919 dividitur.
1046 892 1078 918 In
1096 900 1155 927 quo
1172 891 1243 919 haec
1256 890 1357 918 ultima

300 935 401 964 divisio
422 933 533 962 differat
552 934 589 961 ab
610 931 659 960 illa
679 941 753 969 quae
774 937 816 960 est
837 940 870 959 ex
890 938 971 968 parte
991 930 1139 967 temporis,
1160 937 1188 958 et
1204 930 1355 967 quomodo

298 981 450 1011 utramque
477 981 647 1001 concurrere
674 971 832 1008 contingat.
856 987 875 992 -
905 971 929 998 3.
958 971 1101 998 Probatur
1127 976 1241 998 motum
1268 969 1356 997 dividi

298 1014 457 1042 secundum
477 1018 573 1049 partes
586 1010 711 1039 mobilis.
733 1012 761 1046 α)
783 1011 858 1039 Cum
878 1017 999 1046 utraque
1020 1009 1144 1046 partium
1163 1008 1278 1036 mobilis
1291 1017 1357 1036 mo-

298 1058 412 1087 veatur,
440 1051 479 1080 ita
498 1058 596 1079 tamen
616 1051 697 1088 quod
717 1057 819 1078 neutra
838 1056 988 1078 moveatur
1008 1055 1091 1076 motu
1111 1048 1226 1076 alterius
1252 1047 1356 1084 partis,

298 1091 427 1129 sequitur
445 1097 540 1119 totum
561 1097 673 1118 motum
695 1099 756 1118 esse
772 1089 860 1118 totius
881 1088 1005 1123 mobilis,
1026 1094 1054 1116 et
1075 1087 1162 1115 dividi
1180 1096 1233 1123 per
1259 1093 1357 1115 motus

297 1131 431 1168 partium.
453 1146 473 1152 -
492 1139 521 1165 4.
543 1130 571 1166 b)
591 1130 686 1158 Totus
705 1135 803 1157 motus
827 1138 888 1157 non
909 1134 952 1156 est
971 1127 1056 1156 unius
1076 1126 1180 1163 partis,
1201 1135 1296 1163 neque
1316 1127 1357 1154 al-

297 1170 386 1200 terius
400 1169 516 1198 mobilis
537 1169 579 1205 (si
593 1169 671 1197 enim
685 1169 800 1197 alterius
813 1168 928 1196 mobilis
942 1173 1029 1202 esset,
1050 1173 1145 1203 partes
1161 1165 1246 1194 unius
1260 1172 1357 1194 motus

299 1217 394 1239 essent
406 1209 491 1238 simul
505 1209 631 1245 partium
645 1209 770 1236 duorum
790 1207 972 1244 mobilium);
993 1213 1035 1235 est
1048 1215 1116 1243 ergo
1130 1206 1218 1234 totius
1231 1205 1356 1240 mobilis,

299 1249 372 1278 sicut
392 1248 453 1277 eius
473 1248 598 1285 partium
624 1254 691 1275 sunt
710 1254 806 1284 partes
834 1253 942 1275 motus:
971 1251 1067 1274 motus
1091 1245 1176 1282 igitur
1197 1246 1356 1273 secundum

297 1295 393 1326 partes
413 1288 528 1316 mobilis
542 1287 685 1315 dividitur.
701 1303 720 1308 -
734 1287 762 1315 5.
782 1288 809 1322 c)
830 1286 861 1314 Si
880 1295 942 1314 non
962 1285 999 1314 sit
1017 1284 1106 1313 totius
1125 1284 1241 1312 mobilis
1260 1290 1357 1312 motus

298 1328 344 1357 ille
357 1334 436 1356 totus
456 1327 538 1356 cuius
557 1333 652 1364 partes
670 1332 738 1360 sunt
757 1325 883 1363 partium
903 1324 1027 1360 mobilis,
1046 1324 1201 1360 accipiatur
1220 1324 1293 1352 alius
1306 1323 1357 1361 qui

299 1367 335 1396 sit
347 1367 445 1403 totius,
459 1373 488 1395 et
500 1368 537 1395 ab
552 1375 588 1394 eo
601 1366 767 1394 auferantur
778 1374 830 1402 per
843 1364 1014 1393 divisionem
1027 1370 1132 1400 parta,
1153 1373 1224 1400 quas
1243 1369 1358 1400 oportet

299 1415 361 1436 esse
375 1407 508 1444 aequales
522 1405 651 1442 partibus
664 1405 739 1433 illius
759 1411 856 1432 motus
871 1403 966 1441 primi.
988 1403 1018 1431 Si
1031 1409 1126 1440 partes
1140 1403 1251 1431 ablatae
1264 1409 1358 1431 totum

299 1453 481 1481 consumant,
503 1445 632 1482 sequitur
653 1450 767 1472 motum
787 1443 875 1472 totius
895 1452 958 1471 esse
977 1443 1138 1480 aequalem,
1159 1451 1210 1470 seu
1223 1452 1316 1470 unum
1329 1448 1358 1470 et

299 1485 377 1514 idem
397 1485 490 1514 motui
510 1485 560 1522 qui
581 1491 623 1512 est
643 1490 740 1512 motus
759 1483 893 1520 partium.
921 1482 1049 1511 Deficere
1073 1488 1170 1510 autem
1199 1491 1260 1510 non
1289 1491 1358 1518 pos-

299 1532 383 1554 sunt:
406 1534 475 1553 nam
495 1524 642 1552 residuum
672 1523 702 1551 in
724 1532 784 1559 quo
804 1523 987 1557 exceduntur,
1008 1531 1062 1550 nec
1082 1528 1156 1549 esset
1175 1521 1279 1556 totius,
1304 1530 1358 1549 nec

299 1564 443 1601 partium,
470 1573 524 1592 nec
551 1563 666 1591 alterius
686 1562 802 1590 mobilis
823 1562 911 1598 (quia
938 1567 1033 1589 motus
1055 1560 1207 1588 continuus
1225 1567 1268 1588 est
1288 1569 1358 1589 con-

299 1603 483 1638 tinum-unm
510 1602 615 1631 nullius
635 1611 704 1638 ergo
725 1607 808 1629 esset.
836 1602 937 1638 Neque
957 1601 1044 1629 etiam
1065 1600 1200 1628 excedere
1219 1606 1357 1636 possunt:

299 1649 394 1680 partes
421 1642 499 1670 enim
525 1648 620 1670 totum
643 1641 779 1669 excellere
807 1646 964 1677 nequeunt.
992 1641 1065 1668 Sunt
1089 1639 1185 1676 itaque
1205 1640 1357 1676 aequales;

299 1682 397 1720 sicque
427 1688 524 1710 motus
543 1681 668 1718 partium
696 1686 739 1708 est
765 1679 892 1716 aequalis
918 1686 945 1708 et
966 1679 1043 1707 idem
1063 1678 1156 1706 motui
1176 1679 1280 1714 totius;
1308 1678 1358 1715 qui

299 1727 508 1758 consequenter
534 1729 586 1757 per
612 1727 708 1748 motus
734 1719 860 1756 partium
888 1718 1031 1746 dividitur.
1053 1735 1072 1739 —
1098 1719 1125 1745 6.
1149 1719 1237 1752 Quod
1262 1724 1358 1746 motus

299 1761 443 1789 dividatur
461 1760 621 1788 secundum
642 1766 771 1795 tempus,
800 1760 912 1787 constat
932 1767 966 1786 ex
986 1767 1022 1786 eo
1043 1758 1124 1794 quod
1145 1757 1240 1785 omnis
1261 1763 1358 1785 motus

300 1800 335 1829 sit
354 1801 386 1829 in
404 1806 550 1837 tempore,
564 1806 592 1827 et
605 1808 694 1827 omne
713 1805 826 1834 tempus
845 1797 883 1825 sit
902 1797 1058 1832 divisibile3
1072 1803 1100 1825 et
1114 1797 1194 1833 quod
1207 1796 1238 1824 in
1252 1796 1358 1824 minori

456 1915 466 1922 -
538 1896 547 1909 “
562 1890 749 1927 raemissis
781 1889 1010 1938 quibusdam
1046 1901 1142 1938 quae
1178 1896 1264 1926 sunt
1291 1901 1355 1926 ne-

563 1942 723 1980 cessaria
745 1942 796 1979 ad
815 1941 1040 1979 divisionem
1058 1949 1197 1988 motus,
1221 1941 1283 1978 hic
1300 1941 1356 1978 in-

518 1949 555 1972 ⁸1⁷⁵

505 1968 545 2041 ’,ᾗ
563 1996 650 2045 cipit
676 2007 788 2043 agere
825 1994 873 2031 de
912 1994 1099 2031 divisione
1130 2001 1269 2031 motus.
1306 1995 1356 2031 Et

366 2062 391 2077 —1
419 2036 544 2087 4:⁹59?
563 2048 740 2086 dividitur
758 2047 796 2084 in
812 2054 940 2096 partes
958 2046 1070 2084 duas:
1086 2046 1124 2083 in
1141 2046 1264 2095 prima
1283 2046 1357 2094 agit

301 2102 348 2140 de
377 2101 561 2139 divisione
587 2109 735 2146 motus;
769 2100 808 2136 in
835 2100 1000 2136 secunda
1029 2111 1075 2136 ex
1102 2099 1356 2136 determinatis

301 2154 463 2191 excludit
479 2153 668 2202 quosdam
686 2164 832 2189 errores
852 2151 950 2188 cirea
967 2159 1128 2199 motum,
1156 2151 1223 2188 ibi:
1252 2153 1356 2189 Zeno

300 2213 425 2244 autem
452 2206 551 2244 male
578 2206 822 2242 ratiocinatur
840 2205 860 2225 *
881 2211 949 2241 etc.
979 2204 1105 2240 Prima
1123 2212 1251 2240 autem
1268 2217 1357 2252 pars

300 2259 479 2297 dividitur
496 2259 535 2295 in
552 2266 678 2307 partes
707 2258 820 2295 duas:
849 2256 887 2294 in
905 2256 1029 2306 prima
1058 2256 1282 2293 determinat
1309 2257 1356 2294 de

300 2311 485 2350 divisione
503 2319 651 2358 motus3
679 2310 719 2348 in
737 2311 903 2347 secunda
930 2309 976 2346 de
1006 2308 1191 2346 divisione
1211 2309 1356 2358 quietis,

299 2365 366 2402 ibi:
396 2364 582 2406 Quoniam
600 2369 725 2400 autem
748 2374 860 2400 omne
885 2367 953 2399 aut
978 2363 1258 2399 moveturssetc.
1278 2362 1358 2398 Pri-

300 2430 365 2455 ma
385 2416 561 2454 dividitur
586 2416 625 2452 in
653 2415 764 2453 duas:
793 2415 832 2451 in
849 2414 972 2463 prima
999 2414 1074 2462 agit
1101 2414 1148 2451 de
1171 2414 1356 2451 divisione

299 2477 447 2516 motus3
475 2469 514 2506 in
533 2468 701 2505 secunda
729 2467 777 2504 de
796 2467 903 2504 finito
933 2474 970 2503 et
986 2466 1133 2504 infinito
1157 2467 1254 2504 circa
1275 2479 1357 2504 rno-

299 2530 380 2560 tum
403 2525 625 2570 (utrumque
653 2520 756 2558 enim
782 2519 933 2557 videtur
955 2519 1004 2556 ad
1031 2519 1216 2556 rationem
1242 2520 1358 2556 conti-

299 2575 367 2612 nui
393 2574 591 2623 pertinere,
611 2573 750 2610 scilicet
778 2572 961 2610 divisibile
986 2579 1023 2609 et
1044 2572 1264 2619 infinitum),
1287 2572 1357 2609 ibi:

305 2627 491 2670 Quoniam
509 2632 634 2663 autem
661 2637 772 2662 omne
799 2626 899 2674 quod
924 2630 1105 2671 movetur,
1134 2626 1172 2662 in
1196 2631 1360 2674 tempore

300 2685 472 2717 movetur
490 2681 510 2698 ⁵
530 2685 600 2715 etc.
633 2677 761 2714 Prima
787 2685 913 2715 autem
935 2678 977 2698 *²*
995 2690 1083 2726 pars
1118 2677 1295 2715 dividitur
1320 2677 1360 2714 in

302 2732 413 2769 duas:
441 2731 480 2768 in
501 2730 625 2779 prima
652 2729 815 2766 ostendit
845 2730 1043 2778 quomodo
1076 2737 1202 2767 motus
1227 2730 1360 2767 dividi-

301 2792 381 2830 tur;
418 2783 458 2820 in
485 2783 654 2820 secunda
680 2782 755 2829 agit
787 2782 834 2818 de
863 2782 993 2819 ordine
1020 2782 1184 2831 partium
1211 2790 1358 2830 motus,

301 2836 374 2873 ibi:
408 2835 595 2878 Quoniam
615 2840 739 2871 autem
758 2846 868 2871 omne
890 2834 991 2882 quod
1007 2840 1183 2881 mutatur,
1203 2847 1253 2872 ex
1270 2847 1360 2884 quo-

303 2889 391 2926 dam
410 2889 431 2910 *
451 2895 520 2924 etc.
550 2887 661 2924 Circa
686 2886 852 2936 primum
872 2886 949 2923 duo
969 2886 1074 2924 facit:
1102 2887 1226 2936 primo
1254 2888 1361 2936 ponit

304 2941 400 2979 duos
436 2940 575 2978 modos
611 2939 748 2988 quibus
784 2946 911 2976 motus
948 2939 1149 2986 dividitur3
1191 2940 1359 2977 secundo

304 2993 467 3043 ostendit
485 3005 585 3042 quae
602 2999 689 3029 sunt
706 2992 767 3028 illa
785 3004 883 3040 quae
903 2991 1012 3029 simul
1031 2992 1249 3030 dividuntur
1272 3005 1360 3030 curn

303 3053 429 3092 motu,
457 3045 528 3082 ibi:
562 3045 748 3087 Quoniam
775 3050 899 3081 autem
927 3056 1038 3082 omne
1060 3045 1161 3093 quod
1178 3051 1358 3091 movetur,

304 3098 342 3134 in
378 3098 504 3146 aliquo
523 3099 543 3119 ²²
563 3105 632 3134 ete.
663 3097 773 3133 Circa
799 3097 964 3145 primum
992 3098 1067 3134 duo
1096 3098 1202 3134 facit:
1234 3098 1359 3146 primo

303 3149 411 3199 ponit
445 3150 584 3187 modos
621 3149 757 3198 quibus
791 3157 918 3187 motus
955 3149 1152 3196 dividitur;
1191 3151 1360 3188 secundo

306 3201 460 3250 exponit
477 3214 554 3250 eos,
575 3201 643 3239 ibi:
668 3202 724 3238 Sit
739 3202 855 3251 igitur
873 3203 985 3250 ipsius
1002 3203 1149 3250 quidem
1167 3203 1240 3238 AB
1254 3204 1274 3224 ¹²
1290 3210 1359 3240 etc.

360 3266 396 3291 2.
424 3253 524 3291 Dicit
546 3266 634 3301 ergo
661 3254 799 3303 primo,
828 3255 932 3302 quod
957 3254 1107 3291 duobus
1124 3254 1248 3291 modis
1267 3255 1361 3292 divi—

306 3306 404 3344 ditur
422 3313 558 3343 motus.
586 3306 674 3343 Uno
692 3306 810 3342 modo
839 3306 1048 3343 secundum
1074 3314 1244 3355 tempus;
1273 3307 1362 3355 quia

307 3366 501 3395 ostensum
530 3365 585 3395 est
599 3359 619 3379 *
634 3358 738 3406 quod
758 3365 884 3395 motus
911 3370 990 3394 non
1018 3365 1074 3395 est
1098 3357 1138 3395 in
1163 3371 1266 3395 nunc
1293 3359 1360 3396 sed

306 3411 344 3448 in
362 3419 546 3460 tempore.
574 3409 660 3447 Alio
678 3422 773 3447 vero
798 3411 915 3446 modo
945 3409 1122 3446 dividitur
1154 3410 1362 3447 secundum

306 3471 431 3500 motus
458 3462 619 3512 partium
651 3461 812 3498 mobilis.
843 3461 898 3498 Sit
925 3461 1026 3498 enim
1051 3462 1120 3498 AC
1150 3462 1304 3510 mobile,
1325 3470 1361 3499 et

360 3584 388 3619 α)
406 3584 512 3617 signum
531 3584 559 3609 F
568 3583 654 3616 prius.
668 3597 687 3603 -
698 3583 803 3616 signum
818 3583 847 3607 F
857 3582 1000 3608 secundum
1014 3583 1093 3614 prius
1112 3583 1180 3613 Pab,
1200 3590 1267 3615 quae
1286 3583 1361 3608 lectio

306 3626 337 3645 ex
349 3619 399 3644 hoc
412 3619 473 3644 oriri
492 3619 582 3652 potuit,
601 3619 671 3652 quod
686 3618 767 3643 littera
781 3618 809 3642 F
821 3617 848 3642 in
866 3618 984 3651 plurimis
1003 3618 1133 3643 codicibus
1151 3618 1228 3643 habet
1241 3618 1290 3643 hoc
1304 3619 1361 3643 loco

450 3673 518 3706 Opp.
537 3673 568 3698 D.
586 3672 699 3697 Tuosne
717 3671 749 3697 Τ.
768 3671 797 3696 11.

2390 297 2465 343 289

1408 374 1449 404 Et
1470 374 1502 404 in
1522 375 1592 414 ipso
1617 374 1703 406 finita
1734 385 1800 405 esse
1823 381 1878 405 aut
1900 373 2037 413 infinita,
2062 374 2202 405 similiter
2224 384 2257 404 se
2286 374 2412 405 habebit
2434 374 2467 404 in

1475 418 1632 449 omnibus.

1409 461 1560 492 Secutum
1588 469 1695 492 autem
1718 462 1852 492 maxime
1874 469 1919 493 est
1943 462 2039 492 dividi
2062 462 2170 492 omnia
2193 469 2223 492 et
2244 461 2365 492 infinita
2389 471 2467 500 esse,

1475 506 1513 535 ab
1537 505 1606 545 ipso
1630 513 1787 536 mutante:
1813 516 1888 536 mox
1904 506 1989 536 enim
2011 506 2092 536 inest
2117 505 2250 536 mutanti
2268 505 2419 536 divisibile
2438 512 2469 535 et

1475 549 1644 580 infinitum.
1661 550 1821 580 Divisibile
1840 550 1934 590 igitur
1948 557 2112 581 ostensum
2135 557 2180 580 est
2195 550 2293 590 prius,
2308 549 2468 580 infinitum

1477 600 1582 624 autem
1605 594 1638 623 in
1661 594 1864 634 sequentibus
1888 594 1945 625 erit
1966 594 2180 624 manifestum.

1409 739 1538 769 tempore
1559 732 1595 760 sit
1616 731 1711 760 minor
1732 740 1837 761 motus.
1853 751 1871 755 -
1894 743 1920 770 7.
1944 733 2106 762 Subdivisio
2128 740 2228 762 textus.
2243 751 2262 755 -
2284 733 2360 768 Quia
2379 742 2467 762 omne

1409 773 1489 809 quod
1510 778 1654 807 movetur,
1683 779 1815 800 movetur
1839 774 1998 801 secundum
2024 773 2142 810 aliquod
2169 782 2258 810 genus
2278 773 2322 800 vel
2343 773 2468 810 speciem

1409 818 1437 839 et
1457 811 1486 839 in
1508 811 1604 848 aliquo
1626 818 1772 848 tempore,
1800 819 1828 839 et
1855 813 2003 840 cuiuslibet
2024 813 2138 841 mobilis
2163 820 2206 840 est
2226 819 2322 840 motus
2349 812 2467 849 aliquis,

1409 851 1494 879 simul
1515 851 1678 879 dividuntur
1698 858 1827 888 tempus,
1854 859 1966 888 motuS,
1994 852 2089 888 ipsum
2110 852 2233 887 moveri,
2262 851 2368 880 mobile
2390 858 2418 880 et
2439 851 2468 880 id

1409 891 1439 918 in
1454 900 1512 927 quo
1534 897 1577 919 est
1597 898 1708 918 motus:
1730 891 1787 919 hoc
1807 891 1940 919 ultimum
1960 901 2029 920 vero
2051 893 2226 928 quandoque
2242 901 2301 929 per
2314 901 2354 926 se,
2376 900 2468 928 quan-

1410 931 1506 966 doque
1530 939 1589 968 per
1614 930 1757 958 accidens.
1779 947 1799 952 -
1826 931 1854 959 8.
1875 931 1940 959 Alia
1967 930 2122 959 subdivisio
2150 938 2250 959 textus.
2270 946 2292 952 —
2317 931 2404 965 Quod
2426 930 2469 958 di-

1409 969 1470 997 viso
1491 976 1622 1005 tempore
1643 969 1785 997 dividatur
1807 977 1920 1005 motus,
1944 977 2035 1006 patet:
2065 970 2137 998 sicut
2164 970 2241 998 enirn
2267 976 2345 998 totus
2372 976 2469 998 motus

1411 1009 1440 1036 in
1461 1015 1524 1036 toto
1545 1015 1675 1044 tempore
1696 1009 1860 1045 conficitur,
1882 1010 1922 1038 ita
1942 1016 1970 1038 et
1991 1010 2128 1038 medietas
2147 1009 2178 1037 in
2192 1009 2360 1044 medietate;
2382 1016 2410 1037 et
2429 1009 2469 1037 ita

1411 1057 1524 1084 semper
1537 1049 1717 1084 procedetur.
1733 1065 1750 1070 —
1767 1050 1791 1076 E
1812 1058 1961 1084 converso,
1976 1049 2067 1077 diviso
2089 1056 2171 1077 motu
2185 1049 2319 1077 dividitur
2339 1055 2468 1085 tempus:

1410 1087 1434 1115 si
1455 1087 1533 1114 enim
1555 1095 1607 1123 per
1631 1093 1724 1115 totum
1752 1094 1865 1116 motum
1891 1089 1997 1116 mobile
2022 1095 2153 1116 movetur
2179 1088 2210 1116 in
2236 1095 2366 1124 ternpore
2386 1094 2467 1123 toto,

1411 1126 1562 1154 dimidium
1586 1132 1683 1154 motus
1703 1127 1733 1154 in
1754 1127 1851 1155 medio
1878 1134 2008 1164 tempore
2031 1128 2177 1162 conficiet,
2200 1134 2227 1156 et
2249 1127 2290 1155 sic
2312 1137 2435 1164 semper.
2450 1144 2470 1149 -

1411 1175 1438 1202 9.
1467 1165 1630 1193 Subdivisio
1657 1172 1758 1194 textus.
1779 1183 1799 1187 —
1825 1167 1919 1194 Etiam
1946 1167 2040 1203 ipsum
2069 1167 2181 1195 moveri
2207 1167 2341 1195 dividitur
2367 1165 2469 1195 secun-

1411 1205 1481 1233 dum
1502 1204 1672 1233 divisionem
1695 1212 1810 1233 motus:
1838 1215 1906 1233 nam
1930 1207 2088 1234 secundum
2112 1207 2240 1234 medium
2264 1213 2379 1240 motum
2403 1215 2470 1242 pars

1411 1244 1472 1273 eius
1486 1245 1566 1281 quod
1581 1250 1623 1272 est
1643 1245 1764 1278 moveri,
1786 1245 1882 1272 minor
1902 1245 1955 1273 erit
1975 1255 2063 1282 quam
2084 1252 2192 1281 totum,
2217 1252 2245 1273 et
2264 1247 2358 1274 adhuc
2374 1246 2471 1273 minor

1411 1284 1569 1313 secundum
1590 1283 1751 1312 medietatis
1778 1284 1923 1318 medium
1952 1291 1979 1312 et
2002 1285 2042 1312 sic
2062 1294 2174 1321 semper
2200 1286 2379 1321 procedetur.
2395 1302 2414 1306 —
2434 1286 2471 1312 Et

1411 1333 1427 1352 e
1448 1332 1588 1352 converso
1609 1330 1706 1351 motus
1727 1323 1871 1359 dividitur,
1892 1323 1984 1352 diviso
2005 1324 2068 1360 ipso
2090 1325 2209 1352 moveri.
2234 1325 2264 1352 Si
2285 1324 2362 1352 enim
2383 1324 2469 1360 parti-

1410 1364 1465 1391 bus
1479 1362 1540 1391 eius
1561 1364 1641 1399 quod
1664 1369 1708 1391 est
1728 1363 1840 1391 moveri
1860 1364 2035 1399 respondent
2054 1370 2149 1399 partes
2170 1370 2280 1399 motus,
2302 1370 2396 1391 totum
2417 1363 2471 1391 toti

1411 1403 1636 1439 correspondere
1650 1409 1779 1439 oportet;
1801 1402 1930 1430 similiter
1943 1409 1971 1430 et
1983 1409 2078 1439 partes
2093 1403 2181 1439 ipsius
2196 1403 2308 1431 moveri
2323 1412 2377 1431 nec
2391 1412 2472 1431 exce-

1412 1443 1483 1470 dunt
1502 1448 1598 1479 partes
1625 1448 1721 1470 motus
1741 1451 1795 1470 nec
1815 1443 1852 1470 ab
1874 1442 1914 1470 eis
1935 1442 2086 1477 deficiunt3
2113 1449 2207 1479 panes
2232 1452 2300 1479 ergo
2321 1442 2406 1470 unius
2426 1451 2470 1470 re-

1411 1482 1556 1518 spondent
1574 1481 1702 1518 partibus
1722 1481 1838 1510 alterius
1863 1488 1891 1510 et
1917 1488 2011 1510 toturn
2036 1482 2107 1517 toti,
2136 1491 2285 1519 unumque
2312 1483 2471 1510 secundum

1411 1521 1532 1550 alterum
1553 1520 1696 1549 dividitur.
1710 1537 1730 1542 -
1755 1530 1799 1548 10.
1821 1522 1933 1549 Eodem
1955 1522 2045 1549 modo
2073 1522 2286 1550 demonstratur
2307 1522 2387 1558 quod
2407 1522 2471 1549 lon·

1411 1561 1511 1598 gitudo
1536 1561 1575 1595 (et
1595 1560 1670 1588 idern
1692 1560 1847 1588 dicendum
1869 1561 1904 1588 de
1925 1561 2008 1599 omni
2021 1570 2056 1588 eo
2077 1561 2107 1588 in
2127 1570 2186 1598 quo
2208 1567 2250 1589 est
2271 1562 2378 1596 motus)
2400 1560 2470 1588 divi-

1412 1601 1497 1628 datur
1516 1600 1553 1628 ad
1574 1599 1744 1628 divisionem
1764 1600 1902 1636 temporis
1923 1606 1951 1628 et
1971 1607 2068 1628 motus
2086 1606 2114 1628 et
2135 1600 2254 1628 moveri.
2274 1617 2294 1622 -
2319 1610 2362 1628 11.
2385 1601 2471 1628 Prae-

1412 1639 1500 1667 missa
1526 1648 1556 1667 se
1579 1639 1701 1668 invicem
1727 1646 1886 1676 sequuntur
1912 1639 1943 1667 in
1971 1640 2028 1668 hoc
2054 1640 2134 1676 quod
2161 1646 2203 1668 est
2230 1649 2292 1668 esse
2319 1639 2401 1667 finita
2426 1640 2471 1667 vel

1411 1678 1531 1707 infinita.
1553 1695 1572 1700 -
1596 1686 1639 1706 12.
1661 1678 1845 1707 Divisibilitas
1865 1685 1894 1707 et
1913 1678 2026 1707 finitum
2046 1679 2091 1707 vel
2111 1679 2255 1707 infinitum
2275 1679 2370 1716 primo
2392 1679 2471 1707 inve-

1411 1717 1530 1746 niuntur
1549 1718 1579 1745 in
1595 1718 1658 1754 ipso
1673 1719 1753 1754 quod
1767 1724 1906 1746 mutatur:
1928 1719 1985 1746 hoc
2006 1718 2082 1746 enirn
2104 1725 2146 1747 est
2161 1719 2287 1755 primum
2306 1718 2471 1747 naturaliter

1411 1757 1442 1785 in
1456 1764 1548 1791 motu,
1564 1763 1592 1784 et
1612 1766 1646 1784 ex
1667 1766 1719 1785 sua
1739 1764 1841 1785 natura
1860 1757 1914 1794 ipsi
1935 1757 2008 1785 inest
2028 1767 2089 1786 esse
2111 1758 2264 1793 divisibile,
2286 1765 2314 1786 et
2331 1767 2392 1786 esse
2406 1758 2470 1786 fini-

1412 1803 1474 1824 tum
1494 1797 1539 1824 vel
1553 1796 1710 1833 infinitum3
1731 1805 1766 1824 ex
1785 1797 1849 1833 ipso
1869 1803 1966 1825 autem
1986 1798 2057 1825 haec
2077 1798 2114 1826 ad
2132 1798 2187 1826 alia
2207 1798 2379 1826 derivantur.

1411 1888 1614 1926 dividatur:
1642 1896 1835 1926 ostensum
1863 1898 1919 1926 est
1937 1891 1957 1911 ²²²
1978 1890 2078 1927 enirn
2106 1903 2220 1928 omne
2253 1892 2356 1940 quod
2388 1904 2470 1929 mo-

1409 1949 1519 1979 vetur
1553 1941 1735 1979 divisibile
1769 1954 1862 1979 esse.
1902 1943 1942 1979 Si
1976 1955 2064 1990 ergo
2094 1943 2218 1991 ipsum
2249 1945 2317 1981 AC
2350 1953 2471 1983 totum

1409 2001 1597 2041 movetur,
1621 2007 1775 2031 necesse
1796 2003 1851 2031 est
1869 1995 1973 2043 quod
1991 2004 2190 2033 moveatur
2207 2004 2365 2046 utraque
2382 2010 2470 2046 pars

1411 2046 1508 2094 eius,
1537 2047 1678 2084 scilicet
1703 2048 1770 2084 AB
1799 2055 1836 2084 et
1863 2048 1940 2084 BC.

1463 2100 1532 2136 Est
1550 2107 1676 2136 autem
1701 2100 2029 2148 considerandum,
2049 2101 2153 2149 quod
2182 2101 2316 2139 divisio
2344 2111 2470 2141 motus

1411 2152 1620 2189 secundum
1646 2160 1772 2201 partes
1798 2153 1960 2200 mobilis,
1989 2161 2114 2201 potest
2140 2154 2289 2202 intelligi
2318 2155 2470 2204 duplici-

1410 2212 1478 2242 ter.
1506 2205 1593 2242 Uno
1621 2205 1739 2242 modo
1771 2213 1812 2241 ut
1837 2218 1925 2254 pars
1956 2213 2046 2254 post
2075 2214 2222 2255 partem
2253 2216 2468 2246 moveatur:

1412 2256 1517 2305 quod
1535 2257 1689 2305 quidem
1712 2269 1791 2293 non
1811 2265 1867 2294 est
1883 2258 2062 2306 possibile
2081 2258 2119 2295 in
2140 2272 2186 2295 eo
2215 2261 2319 2307 quod
2339 2273 2470 2298 secun-

1412 2309 1503 2345 dum
1522 2321 1562 2345 se
1581 2316 1702 2346 totum
1718 2317 1910 2356 movetur3
1930 2310 2019 2358 quia
2038 2311 2117 2348 eius
2136 2312 2240 2360 quod
2259 2314 2470 2350 secundum

1411 2374 1451 2398 se
1471 2369 1593 2398 totum
1613 2369 1801 2409 movetur,
1822 2375 1957 2399 omnes
1975 2370 2099 2412 partes
2118 2364 2230 2400 simul
2249 2374 2473 2414 moventur,

1411 2427 1491 2451 non
1519 2414 1673 2463 quidem
1705 2426 1878 2451 seorsum
1905 2428 1928 2452 a
1955 2423 2055 2462 toto,
2094 2417 2161 2453 sed
2195 2417 2233 2453 in
2266 2417 2348 2466 ipso
2377 2426 2468 2456 totO.

1411 2467 1497 2503 Alio
1526 2467 1644 2504 modo
1672 2474 1796 2516 potest
1822 2467 1972 2515 intelligi
1999 2468 2069 2505 ista
2097 2468 2231 2506 divisio
2258 2478 2385 2508 motus
2412 2484 2469 2508 se-

1413 2519 1580 2556 cundum
1606 2527 1731 2568 partes
1750 2520 1912 2568 mobilis,
1932 2520 2026 2557 sicut
2053 2528 2089 2557 et
2116 2521 2254 2558 divisio
2275 2523 2471 2560 cuiuslibet

1413 2571 1614 2609 accidentis
1643 2572 1748 2609 cuius
1777 2573 1988 2610 subiectum
2022 2581 2077 2610 est
2111 2573 2314 2622 divisibile,
2353 2583 2469 2613 atten-

1414 2624 1512 2661 ditur
1539 2625 1750 2662 secundum
1777 2625 2003 2663 divisionem
2031 2626 2088 2663 sui
2116 2627 2287 2673 subiecti;
2317 2628 2411 2665 sicut
2438 2629 2468 2666 si

1413 2684 1535 2714 totum
1563 2678 1637 2714 hoc
1666 2690 1803 2726 corpus
1832 2686 1887 2715 est
1913 2679 2052 2726 album,
2082 2680 2292 2717 secundum
2315 2681 2468 2718 divisio-

1413 2742 1501 2768 nem
1532 2730 1700 2779 corporis
1729 2730 1915 2767 dividetur
1941 2743 2009 2780 per
2035 2731 2209 2769 accidens
2237 2733 2386 2771 albedo.
2420 2735 2469 2771 Et

1414 2783 1467 2819 sic
1494 2783 1674 2832 accipitur
1700 2783 1762 2820 hic
1789 2783 1923 2820 divisio
1951 2791 2077 2821 motus
2109 2785 2318 2822 secundum
2344 2794 2469 2835 partes

1413 2835 1585 2882 mobilis;
1613 2843 1656 2872 ut
1673 2835 1768 2872 sicut
1783 2843 1944 2884 utraque
1970 2849 2058 2885 pars
2085 2838 2234 2875 mobilis
2259 2838 2368 2875 simul
2386 2851 2468 2876 mo-

1413 2895 1524 2925 vetur
1542 2888 1581 2925 in
1598 2895 1690 2935 toto,
1719 2888 1770 2925 ita
1787 2897 1913 2925 motus
1940 2897 2184 2938 utrarumque
2212 2892 2374 2939 partium
2397 2892 2469 2929 sint

1414 2939 1536 2977 simul.
1573 2941 1623 2978 Et
1653 2953 1722 2989 per
1748 2941 1823 2978 hoc
1850 2941 1919 2978 ista
1947 2941 2081 2979 divisio
2108 2951 2235 2980 motus
2240 2972 2254 2990 ,
2289 2956 2385 2992 quae
2414 2952 2470 2982 est

1414 2993 1624 3030 secundum
1650 3001 1775 3042 partes
1797 2994 1957 3041 mobilis,
1988 3002 2043 3032 est
2061 2994 2132 3032 alia
2151 2996 2198 3032 ab
2217 2995 2278 3033 illa
2297 3009 2393 3045 quae
2414 3005 2469 3034 est

1415 3045 1624 3083 secundum
1641 3053 1800 3094 tempus,
1830 3046 1868 3083 in
1896 3059 1971 3095 qua
1990 3047 2086 3084 duae
2104 3056 2229 3096 partes
2247 3057 2372 3086 motus
2390 3062 2468 3087 non

1415 3105 1502 3135 sunt
1519 3098 1640 3135 simul.
1671 3098 1711 3135 Si
1727 3100 1746 3120 ²¹²
1761 3106 1887 3136 tamen
1905 3107 2031 3136 motus
2049 3101 2163 3149 partis
2186 3101 2297 3138 unius
2317 3114 2468 3150 compa-

1414 3158 1517 3187 retur
1543 3150 1593 3187 ad
1620 3158 1767 3187 motum
1792 3151 1908 3200 partis
1936 3152 2085 3189 alterius
2122 3151 2201 3189 non
2235 3153 2466 3200 simpliciter,

1415 3203 1484 3239 sed
1502 3203 1712 3240 secundum
1731 3203 1884 3252 aliquod
1912 3204 2059 3251 signum
2088 3205 2385 3252 determinatum,
2414 3205 2466 3242 sic

1414 3262 1540 3292 motus
1567 3255 1679 3292 unius
1705 3256 1820 3304 partis
1848 3256 1960 3292 etiam
1982 3263 2151 3304 tempore
2176 3256 2367 3304 praecedit
2384 3265 2477 3293 mo-'

1415 3314 1495 3344 tum
1513 3308 1663 3344 alterius
1681 3308 1807 3356 partis.
1838 3307 1877 3344 Si
1897 3307 1998 3344 enim
2015 3307 2155 3344 mobile
2183 3308 2284 3344 ABC
2311 3320 2466 3346 movea-

1414 3366 1474 3396 tur
1491 3360 1531 3396 in
1548 3359 1804 3408 magnitudine
1827 3360 1946 3406 EFG,
1970 3359 2019 3395 ita
2037 3359 2142 3408 quod
2161 3360 2225 3396 EF
2246 3360 2292 3396 sit
2309 3362 2466 3409 aequale

1414 3412 1480 3448 toti
1506 3412 1596 3459 AC,
1643 3411 1881 3448 manifestum
1919 3418 1973 3447 est
2009 3411 2112 3459 quod
2149 3412 2222 3448 hoc
2258 3412 2407 3460 signum
2433 3415 2464 3451 F

1413 3463 1789 3513 prius“pertransibit
1803 3463 1868 3499 BC
1883 3474 1997 3511 quam
2015 3465 2098 3500 AB:
2111 3471 2147 3500 et
2165 3465 2373 3502 secundum
2391 3466 2466 3503 hoc

1414 3585 1525 3609 formam
1544 3584 1687 3616 compendii
1706 3583 1776 3608 vocis
1794 3583 1945 3608 secundum.
1968 3597 1989 3602 -
2006 3583 2064 3608 Non
2082 3591 2149 3616 opus
2168 3588 2208 3609 eet
2226 3585 2346 3610 adnotare
2364 3585 2412 3611 hoc
2429 3586 2465 3610 si-

1414 3626 1496 3652 gnum
1516 3620 1544 3644 F
1556 3627 1615 3644 ase
1632 3619 1760 3644 obiectum
1779 3618 1850 3643 verbi
1869 3618 2059 3650 pertransibit,
2084 3619 2154 3652 quod
2173 3620 2195 3644 N
2214 3620 2305 3645 clarius
2324 3621 2465 3654 exprimere

2256 3673 2287 3706 37

2497 1908 2506 1915 ·
2521 1905 2580 1927 Ibid.
2596 1911 2618 1927 n.
2635 1911 2667 1927 ιο.

2495 3113 2504 3120 ·
2519 3110 2568 3132 Sed
2577 3110 2644 3132 codd.
2654 3117 2705 3133 exc.

2494 3143 2616 3159 Fuit-xxm.
