2898 3996
71 495 86 508 ⁸
98 495 210 522 Lectax,
226 499 283 520 n.4.

26 1015 27 1018 ’
43 1003 57 1035 ’γ
75 1013 284 1041 'fflmoponittm

16 1591 42 1630 :a
75 1591 87 1603 ·
100 1589 175 1612 ⁴tii-tile
192 1588 260 1612 codd.

77 1647 88 1657 ·
98 1645 209 1668 assumile
217 1645 287 1667 codd.

78 2533 88 2543 ·
113 2531 275 2553 alterationem

18 2553 34 2578 L
78 2557 146 2580 codd.
153 2563 202 2579 exc.
209 2562 274 2579 ntes.

31 2694 35 2714 ,Ι

20 2714 36 2744 ὲ».

21 2759 39 2792 ;

14 2827 15 2830 =
26 2805 40 2839 2

26 2856 43 2894 ἓ.

30 2839 45 2855 *⁴²
81 2842 91 2852 ·
98 2841 174 2863 altera
183 2848 235 2869 arx,
243 2847 290 2863 om.

1127 247 1237 283 CAP.
1265 246 1351 293 VII,
1382 245 1531 282 LECT.
1561 245 1650 282 XIV

2398 257 2474 293 417

363 341 398 366 2.
417 327 565 365 Deinde
595 339 682 363 cum
718 325 820 363 dicit:
853 325 986 362 Tribus
1018 330 1142 361 autem
1179 324 1362 360 existenti·
1417 323 1505 359 sitas
1534 331 1570 360 et
1597 324 1742 369 raritas;
1764 324 1852 373 quia
1872 331 1908 360 et
1927 336 2042 371 grave
2069 331 2105 360 et
2123 325 2219 370 leve,
2246 331 2282 360 et
2309 324 2421 359 molle
2443 330 2478 359 et

310 383 376 418 bus
405 387 486 427 etc.,
507 379 670 416 ostendit
687 377 944 427 propositum:
966 384 1002 414 et
1023 377 1148 426 primo
1167 389 1236 424 per
1255 376 1363 412 ratio-

310 445 394 479 nes;
416 432 583 469 secundo
603 444 671 481 per
690 431 931 478 antiquorum
952 429 1060 476 dicta,
1080 429 1147 465 ibi:
1173 429 1281 470 Quod
1298 440 1364 464 au-

311 491 383 522 tem
401 485 603 522 secundum
622 484 745 521 locum
764 482 918 519 mutatio
939 483 958 503 ’ἢ
984 489 1051 518 etc.
1074 481 1183 517 Circa
1197 481 1364 528 primum

312 538 389 574 duo
418 537 520 574 facit:
549 536 672 585 primo
693 535 855 572 ostendit
873 534 978 582 quod
1006 541 1132 570 motus
1160 532 1287 569 localis
1312 540 1367 568 est

310 590 471 638 primus;
501 589 669 626 secundo
706 588 790 635 quis
826 594 952 623 motus
984 585 1131 632 localis,
1159 584 1228 620 ibi:
1262 584 1367 626 Quae

311 648 436 680 autem
456 642 528 679 loci
544 641 698 679 mutatio
717 641 736 661 '¹‘
756 647 823 676 etc.
845 638 1015 675 Primum
1039 636 1202 673 ostendit
1219 636 1367 684 triplici-

312 701 383 731 ter:
412 694 537 743 primo
557 694 713 741 quidem
741 703 808 741 per
825 690 1071 739 proprietates
1099 696 1291 735 motuum3
1312 701 1367 724 se-

314 747 438 784 cundo
458 759 527 795 per
546 745 820 783 distinctionem
838 741 972 790 prioris
991 748 1027 777 et
1045 741 1273 789 posterioris,
1294 741 1365 777 ibi:

312 799 484 847 Amplius
502 804 539 835 et
562 798 648 834 hinc
675 794 1023 833 considerantibus*
1048 801 1135 839 etc.;
1165 793 1272 829 tertio
1300 805 1368 841 per

314 851 487 888 ordinem
515 849 734 895 mobilium,
763 847 831 883 ibi:
860 846 1036 883 Maxime
1058 851 1182 882 autem
1210 846 1316 882 mani
1332 858 1367 882 e-

311 909 408 939 stum
427 908 480 938 est
507 903 526 923 *
554 909 623 937 etc.

367 956 401 992 3.
419 954 528 990 Circa
541 953 708 1002 primum
727 951 834 1000 ponit
849 951 941 988 duas
960 950 1139 987 rationes:
1162 949 1258 985 circa
1277 961 1368 997 qua-

312 1019 397 1043 rum
425 1006 588 1055 primam
609 1005 661 1042 sic
679 1003 859 1053 procedit.
880 1003 1008 1039 Primo
1030 1001 1131 1039 enim
1154 1001 1333 1049 proponit
1350 1002 1370 1021 *ἱ*

313 1059 417 1107 quod
435 1058 608 1095 intendit:
629 1064 666 1093 et
693 1056 780 1094 dicit
798 1055 903 1105 quod
922 1067 1010 1092 cum
1035 1054 1106 1091 sint
1124 1060 1196 1090 tres
1226 1053 1369 1101 species

313 1118 460 1158 motus,
489 1123 587 1147 unus
614 1109 770 1158 quidem
799 1108 863 1157 qui
900 1115 954 1145 est
987 1106 1197 1144 secundum
1226 1105 1369 1154 quanti-

313 1170 440 1210 tatem,
461 1163 525 1211 qui
542 1169 700 1199 vocatur
718 1168 965 1209 augmentum
986 1167 1021 1196 et
1040 1157 1255 1203 diminutio;
1277 1157 1370 1194 alius

314 1222 442 1252 autem
461 1215 525 1263 qui
545 1222 599 1251 est
617 1214 826 1251 secundum
844 1212 1061 1262 passibilem
1085 1210 1313 1259 qualitatem,
1335 1217 1371 1246 et

312 1274 471 1304 vocatur
498 1267 681 1312 alteratio;
702 1266 829 1303 tertius
848 1273 975 1302 autem
994 1264 1058 1312 qui
1078 1270 1132 1300 est
1159 1263 1369 1300 secundum

312 1319 453 1367 locum,
470 1327 506 1356 et
523 1327 682 1356 vocatur
708 1319 780 1356 loci
804 1317 978 1354 mutatio:
999 1328 1153 1353 necesse
1184 1322 1237 1352 est
1265 1315 1370 1364 quod

312 1371 380 1408 iste
399 1371 446 1408 sit
463 1372 607 1420 primus
625 1372 719 1408 inter
739 1383 919 1407 omnes.-
935 1370 984 1406 Et
1002 1369 1076 1405 hoc
1095 1368 1263 1404 secundo
1282 1379 1370 1415 pro-

313 1424 377 1460 bat
404 1424 456 1460 sic
473 1423 508 1460 βε
538 1424 625 1472 quia
652 1422 883 1471 impossibile
912 1429 966 1458 est
994 1420 1096 1470 quod
1125 1427 1369 1467 augmentum

314 1477 360 1513 sit
385 1477 531 1525 primus
568 1483 706 1512 motus.
735 1477 995 1522 Augmentum
1033 1472 1133 1509 enim
1172 1485 1253 1509 esse
1291 1484 1369 1508 non

312 1537 437 1577 potest
472 1529 542 1566 nisi
571 1528 736 1565 alteratio
772 1527 1016 1576 praeexistat3
1045 1525 1133 1574 quia
1167 1525 1257 1561 illud
1291 1537 1367 1572 quo

314 1581 455 1630 aliquid
479 1587 750 1628 augmentatur,
772 1587 827 1616 est
845 1577 1132 1628 quodammodo
1153 1577 1330 1614 dissimile
1349 1578 1369 1598 '¹‘

316 1641 351 1671 et
369 1633 658 1682 quodammodo
679 1632 798 1669 simile
810 1633 842 1668 ²¹².
860 1631 976 1677 Quod
992 1630 1092 1666 enim
1112 1629 1158 1666 sit
1177 1629 1367 1677 dissimile,

313 1694 432 1735 patet;
451 1686 540 1734 quia
566 1685 657 1722 illud
676 1697 751 1733 quo
781 1684 919 1732 aliquid
943 1689 1203 1730 augmentatur
1232 1689 1286 1718 est
1305 1681 1367 1718 ali-

314 1746 496 1786 mentum,
513 1738 616 1786 quod
637 1745 692 1774 est
709 1737 747 1773 in
761 1735 944 1785 principio
965 1734 1191 1771 contrarium
1211 1734 1245 1769 ei
1265 1734 1368 1781 quod

313 1791 488 1838 nutritur,
517 1798 671 1838 propter
705 1788 959 1826 diversitatem
996 1785 1259 1835 dispositionis.
1291 1786 1367 1822 Sed

313 1843 465 1891 quando
485 1843 562 1879 iam
581 1841 730 1879 additur
747 1848 789 1877 ut
813 1846 1058 1888 augmentum
1078 1838 1198 1885 faciat,
1214 1850 1367 1874 necesse

313 1903 369 1932 est
395 1895 499 1943 quod
518 1894 564 1942 sit
586 1893 717 1931 simile.
738 1894 796 1930 De
817 1891 1114 1930 dissimilitudine
1143 1898 1270 1927 autem
1290 1903 1368 1927 non

311 1948 485 1985 transitur
513 1947 562 1984 ad
589 1945 880 1992 similitudinem,
905 1944 975 1981 nisi
1002 1956 1070 1993 per
1097 1943 1366 1980 alterationem.

313 2001 480 2037 Necesse
509 2006 564 2036 est
591 2011 679 2046 ergo
699 1997 804 2046 quod
831 2004 917 2034 ante
942 2003 1188 2044 augmentum
1215 2008 1368 2044 praece-

314 2052 377 2089 dat
404 2051 580 2097 alteratio,
608 2063 677 2099 per
704 2062 819 2098 quam
847 2049 1067 2086 alimentum
1100 2048 1147 2085 de
1174 2060 1251 2084 una
1280 2060 1368 2084 con-

313 2104 424 2142 traria
443 2103 685 2152 dispositione
708 2109 872 2139 mutetur
892 2102 930 2138 in
955 2101 1077 2137 aliam.
1090 2120 1114 2127 -
1129 2100 1258 2136 Tertio
1273 2112 1367 2136 vero

314 2157 476 2194 ostendit
502 2156 606 2204 quod
634 2162 718 2192 ante
747 2166 904 2191 omnem
932 2152 1189 2190 alterationem
1217 2164 1368 2200 praece-

315 2210 378 2247 dat
405 2216 531 2246 motus
568 2207 713 2245 localis:
743 2207 830 2255 quia
858 2207 888 2243 si
921 2204 1061 2254 aliquid
1089 2204 1273 2250 alteratur,
1302 2209 1368 2240 ne-

314 2273 417 2299 cesse
438 2269 493 2298 est
519 2261 622 2309 quod
643 2260 687 2296 sit
715 2259 855 2308 aliquid
879 2259 1049 2304 alterans,
1070 2256 1175 2305 quod
1201 2256 1369 2304 potentia

314 2314 477 2351 calidum
505 2313 613 2350 faciat
641 2324 721 2349 esse
751 2319 835 2348 actu
863 2310 1036 2347 calidum.
1068 2309 1108 2346 Si
1139 2316 1266 2345 autem
1294 2309 1369 2345 hoc

314 2368 472 2404 alterans
500 2377 649 2413 semper
677 2371 774 2401 esset
801 2363 938 2400 eodem
968 2361 1086 2399 modo
1113 2361 1369 2409 propinquum

313 2419 352 2456 in
380 2420 515 2456 eadem
543 2417 714 2455 distantia
740 2416 789 2453 ad
817 2417 1034 2461 alteratum,
1063 2426 1142 2450 non
1169 2413 1288 2460 magis
1317 2414 1369 2449 fa-

315 2479 415 2508 ceret
442 2470 605 2507 calidum
633 2481 734 2506 nunc
761 2481 876 2516 quam
904 2467 1022 2516 prius:
1044 2466 1285 2503 manifestum
1315 2473 1370 2502 est

315 2536 404 2571 ergo
433 2523 538 2571 quod
565 2534 726 2559 movens
754 2521 792 2557 in
819 2520 1035 2558 alteratione
1059 2520 1078 2540 ’¹‘
1097 2530 1175 2554 non
1203 2518 1369 2554 similiter

317 2576 425 2613 distat
452 2576 499 2612 ab
538 2587 583 2611 eo
621 2574 726 2622 quod
762 2574 954 2619 alteratur,
984 2572 1051 2608 sed
1079 2570 1280 2618 aliquando
1314 2577 1369 2606 est

315 2627 577 2677 propinquius,
607 2625 808 2674 aliquando
837 2625 1034 2670 remotius;
1063 2623 1167 2672 quod
1195 2634 1273 2659 non
1299 2635 1368 2671 po-

316 2687 388 2717 test
415 2679 628 2726 contingere
655 2678 735 2715 sine
762 2677 834 2714 loci
870 2676 1088 2714 mutatione.
1119 2675 1158 2711 Si
1187 2686 1276 2722 ergo
1304 2687 1368 2711 ne-

319 2745 421 2769 cesse
451 2739 505 2769 est
533 2738 681 2767 motum
717 2741 867 2778 semper
896 2741 997 2774 esse,
1027 2739 1180 2764 necesse
1215 2734 1270 2763 est
1296 2727 1368 2763 loci

318 2784 566 2822 mutationem
585 2795 736 2831 semper
756 2794 848 2829 esse,
865 2793 952 2818 cum
972 2781 1018 2817 sit
1034 2780 1157 2828 prima
1181 2786 1366 2815 motuum.

318 2838 366 2874 Et
394 2837 424 2873 si
451 2836 545 2873 inter
572 2836 644 2872 loci
673 2834 898 2871 mutationes
925 2845 1001 2870 una
1030 2840 1083 2868 est
1110 2831 1212 2880 prior
1240 2830 1310 2867 alia
1336 2832 1366 2877 *,

317 2901 471 2927 necesse
500 2895 565 2935 est,
586 2888 617 2924 si
643 2887 849 2936 praemissa
877 2892 962 2922 sunt
988 2897 1090 2932 vera,
1116 2883 1220 2932 quod
1247 2882 1369 2931 prima

319 2942 364 2979 sit
391 2941 629 2990 sempiterna.

369 3005 406 3040 4.
428 2994 642 3030 Secundam
671 2991 854 3028 rationem
881 2989 988 3038 ponit
1014 2988 1083 3025 ibi:
1111 2987 1283 3035 Amplius
1301 2999 1368 3023 au-

319 3051 389 3082 tem
419 3046 585 3082 omnium
614 3052 701 3081 etc.:
731 3055 828 3092 quae
855 3042 937 3079 talis
966 3049 1030 3078 est.
1060 3039 1251 3086 Alteratio,
1277 3039 1370 3076 sicut

318 3098 358 3135 in
377 3098 536 3146 septimo
553 3098 573 3119 ²¹⁶
586 3097 787 3145 probatum
803 3103 869 3142 est,
885 3095 927 3131 fit
949 3094 1159 3130 secundum
1173 3091 1368 3140 passiones

318 3150 380 3187 vel
398 3150 592 3197 passibiles
610 3148 819 3198 qualitates;
840 3148 933 3184 inter
952 3158 1057 3194 quas,
1074 3144 1282 3182 secundum
1302 3156 1366 3179 an-

319 3203 508 3251 tiquorum
528 3201 758 3249 opinionem,
778 3199 1002 3248 principium
1019 3210 1099 3234 esse
1113 3196 1260 3234 videtur
1280 3195 1368 3232 den-

373 3338 399 3372 β)
419 3339 456 3363 Et
473 3338 522 3363 hoc
539 3338 653 3363 secundo
667 3337 766 3368 probat
784 3336 829 3361 sic.
842 3349 861 3355 -—
874 3335 928 3360 Pab
946 3342 1000 3359 om.
1017 3334 1138 3363 secundo,
1154 3332 1224 3364 quod
1239 3339 1300 3355 sane
1319 3339 1370 3355 non

319 3375 350 3399 ad
364 3373 464 3406 probat
481 3373 569 3397 referri
583 3372 667 3401 debet,
681 3373 728 3396 sed
741 3372 773 3396 ad
792 3370 909 3402 superius
924 3370 1030 3394 dictum:
1045 3368 1116 3393 circa
1130 3374 1241 3399 quarum
1250 3366 1369 3397 primam

321 3410 358 3434 sic
372 3408 512 3440 procedit:
528 3408 619 3439 primo
638 3406 706 3431 enim
726 3406 856 3438 proponit
877 3410 924 3430 etc.
942 3403 1008 3428 infra
1026 3411 1073 3435 pro
1096 3402 1184 3427 Tertio
1203 3408 1265 3427 vero
1284 3404 1369 3426 osten—

319 3444 372 3471 dit.
393 3442 514 3468 Secundo
539 3449 600 3467 uero
625 3441 740 3466 ostendit
758 3440 826 3470 Pab5
845 3445 969 3472 expuncto
994 3438 1062 3462 enim
1080 3445 1157 3470 supra
1181 3436 1308 3466 secundo,
1328 3436 1368 3461 hic

322 3479 413 3503 Tertio
430 3485 483 3502 non
501 3476 606 3501 haberet
624 3484 738 3500 sensum.

370 3514 397 3546 γ)
416 3512 575 3545 aliqualiter.
586 3525 605 3529 —
618 3510 761 3544 aliquando
780 3510 872 3541 PlKQ,
890 3516 979 3541 margo
997 3509 1020 3534 H
1036 3513 1060 3533 et
1077 3515 1095 3532 a
1105 3508 1128 3533 b.
1140 3521 1159 3526 -
1172 3507 1222 3532 Pro
1235 3508 1368 3539 passioni-

318 3549 383 3578 bus,
398 3547 566 3580 passibilibus
585 3546 647 3570 Pab.

460 3601 528 3633 Opp.
547 3600 578 3625 D.
592 3600 704 3624 TnonAn
723 3599 754 3623 T.
774 3599 802 3624 ΙΙ.

1418 375 1564 422 durum,
1587 384 1623 412 et
1651 377 1815 413 calidum
1837 384 1871 413 et
1890 376 2065 424 frigidum
2094 377 2272 413 videntur
2297 375 2477 423 consequi

1421 440 1546 464 rarum
1576 436 1611 464 et
1640 430 1813 475 densum,
1844 436 1880 465 et
1907 429 2115 465 secundum
2146 441 2189 465 ea
2219 428 2392 476 distingui
2421 428 2478 474 (in

1421 480 1613 516 elementis
1643 481 1743 517 enim
1766 481 1884 518 densa
1902 481 2056 529 quidem
2087 481 2328 517 inveniuntur
2351 479 2478 528 gravia

1421 539 1482 581 eti„
1487 532 1629 580 frigida,
1651 545 1732 569 rara
1759 545 1851 569 vero
1882 533 1999 570 calida
2020 541 2055 569 et
2074 533 2201 578 levia).
2223 534 2271 569 Et
2298 534 2372 569 hoc
2399 532 2479 581 qui-

1422 585 1509 620 dem
1548 584 1752 632 aliqualiter
1779 590 1793 612 ⁷
1826 597 1961 622 verum
1992 593 2065 631 est,
2096 586 2125 621 si
2162 585 2200 621 in
2236 585 2476 634 passionibus

1421 638 1516 673 ordo
1537 637 1747 673 attendatur
1766 638 1975 675 secundum
1990 638 2309 686 propinquitatem
2329 638 2378 675 ad
2397 650 2478 674 ma-

1420 689 1548 725 teriale
1575 689 1822 737 principium:
1843 702 1934 726 nam
1955 702 2081 726 rarum
2108 698 2142 726 et
2171 691 2332 727 densum
2361 690 2477 726 maxi-

1422 753 1485 777 me
1504 741 1679 778 videntur
1697 743 1716 762 ³²
1736 742 1784 778 ad
1804 742 1999 779 materiam
2018 742 2216 790 pertinere,
2237 750 2278 779 ut
2304 749 2405 791 patet
2434 754 2478 778 ex

1422 793 1479 829 his
1508 805 1604 840 quae
1633 793 1671 830 in
1699 802 1832 842 quarto
1858 796 1878 815 ²³⁸
1906 802 1991 831 sunt
2020 795 2127 831 dicta.
2149 795 2323 831 Densitas
2352 803 2478 831 autem

1423 853 1460 881 et
1487 845 1615 882 raritas
1638 846 1814 883 videntur
1834 848 1852 867 '⁴‘
1873 859 1955 883 esse
1975 847 2164 895 quaedam
2186 847 2423 894 congregatio
2444 855 2480 883 et

1424 897 1663 944 disgregatim
1685 898 1894 936 secundum
1924 911 2027 947 quas,
2059 899 2195 935 scilicet
2224 900 2479 947 congregatio-

1424 961 1513 985 nem
1543 957 1578 986 et
1607 950 1932 998 disgregationem,
1954 951 2095 999 antiqui
2119 952 2334 1000 philosophi
2361 965 2479 1000 pone-

1424 1001 1514 1058 bant
1540 1002 1623 1038 fieri
1642 1003 1923 1049 generationem
1953 1011 1988 1040 et
2008 1004 2287 1053 corruptionem
2308 1005 2478 1041 substan-

1423 1059 1559 1089 tiarum
1588 1051 1612 1089 δ.
1643 1055 1730 1100 Qua
1767 1055 1920 1103 quidem
1950 1056 2127 1104 opinione
2156 1069 2256 1092 nunc
2296 1057 2410 1093 utitur
2441 1063 2482 1093 ut

1423 1105 1620 1152 probabili,
1638 1113 1840 1154 antequam
1858 1108 2055 1144 veritatem
2075 1109 2323 1155 generationis
2344 1117 2379 1146 et
2398 1122 2479 1146 cor-

1424 1157 1605 1205 ruptionis
1644 1159 1816 1195 ostendat
1848 1159 1885 1196 in
1912 1160 2007 1196 libro
2045 1162 2090 1197 de
2121 1162 2377 1198 Generatione.
2418 1162 2482 1198 Illa

1424 1216 1550 1246 autem
1570 1222 1668 1257 quae
1689 1219 1961 1259 congregantur
1990 1220 2026 1248 et
2054 1213 2320 1260 disgregantur,
2343 1226 2387 1250 ex
2405 1214 2479 1250 hoc

1423 1262 1505 1310 ipso
1536 1262 1746 1299 secundum
1766 1264 1893 1300 locum
1913 1264 2048 1300 mutari
2071 1265 2257 1302 videntur.
2279 1267 2371 1302 Loci
2392 1278 2480 1314 ergo

1424 1314 1580 1350 mutatio
1600 1315 1828 1364 principium
1858 1323 1912 1352 est
1932 1317 2169 1354 alterationis.
2192 1318 2269 1354 Sed
2289 1319 2481 1355 attenden-

1425 1367 1517 1403 dum
1546 1367 1650 1415 quod
1679 1368 1916 1416 congregatio
1953 1376 1988 1405 et
2024 1369 2244 1417 disgregatio
2279 1383 2482 1419 corporum

1425 1419 1660 1456 existentium
1679 1420 1718 1457 in
1733 1428 1818 1457 actu
1837 1421 1884 1458 ad
1899 1429 2047 1458 motum
2068 1423 2226 1458 localem
2245 1423 2430 1471 pertinent
2445 1425 2482 1459 ἐξε

1424 1472 1661 1519 congregatio
1689 1485 1783 1510 vero
1813 1481 1848 1510 et
1876 1473 2109 1522 disgregatio,
2140 1475 2351 1512 secundum
2379 1476 2484 1524 quod

1424 1524 1559 1560 eadem
1595 1525 1751 1562 materia
1788 1526 1999 1563 continetur
2026 1527 2095 1563 sub
2124 1527 2269 1574 magnis
2300 1529 2362 1564 vel
2395 1537 2482 1576 par-

1421 1576 1480 1613 vis
1509 1576 1817 1624 dimensionibus,
1839 1591 1917 1615 non
1936 1579 2122 1627 pertinent
2140 1581 2159 1600 '¹‘
2178 1580 2226 1616 ad
2253 1588 2400 1616 motum
2427 1581 2482 1617 lo-

1424 1629 1556 1676 calem,
1582 1629 1649 1666 sed
1677 1630 1726 1666 ad
1754 1638 1902 1667 motum
1931 1632 2168 1669 alterationis.
2195 1633 2244 1668 Et
2271 1633 2480 1670 secundum

1422 1681 1496 1717 hoc
1523 1681 1741 1718 Aristoteles
1760 1695 1873 1731 supra
1892 1685 1912 1704 '¹³
1929 1683 1967 1720 in
1987 1692 2120 1732 quarto
2139 1685 2180 1706 *ᾗ
2201 1685 2403 1732 assignavit
2426 1698 2481 1722 ra-

1422 1733 1565 1770 tionem
1586 1734 1658 1770 rari
1678 1742 1713 1771 et
1741 1735 1858 1772 densi.
1887 1736 1963 1773 Sed
1990 1736 2051 1773 hic
2070 1737 2234 1785 loquitur
2270 1739 2480 1775 secundum

1422 1785 1526 1833 quod
1551 1794 1628 1822 erat
1654 1787 1849 1834 probabile
1870 1800 1915 1824 ex
1934 1788 2112 1837 opinione
2134 1791 2152 1810 Ἐ
2173 1790 2334 1826 aliorum
2361 1790 2481 1838 philo-

1423 1838 1642 1886 sophorum.
1660 1859 1683 1866 -
1700 1839 1803 1875 Sicut
1830 1847 1957 1877 autem
1986 1849 2111 1878 motus
2139 1842 2265 1879 localis
2285 1842 2482 1890 requiritur

1423 1889 1470 1926 ad
1499 1890 1769 1939 alterationem,
1789 1892 1839 1928 ita
1868 1893 1979 1929 etiam
2008 1894 2205 1942 requiritur
2225 1894 2274 1931 ad
2302 1907 2480 1942 augmen-

1422 1949 1515 1978 tum.
1541 1943 1708 1980 Necesse
1739 1952 1793 1980 est
1821 1945 1922 1982 enim
1951 1947 2054 1994 quod
2083 1947 2161 1983 eius
2194 1947 2298 1995 quod
2327 1956 2482 1994 augetur

1424 2001 1459 2030 et
1478 1994 1666 2043 decrescit,
1683 1996 1902 2043 magnitudo
1924 2005 2088 2034 mutetur
2106 1999 2316 2036 secundum
2331 2001 2480 2046 locum;

1400 2046 1511 2094 =quia
1539 2048 1643 2096 quod
1672 2056 1826 2096 augetur
1855 2051 2033 2087 excrescit
2052 2051 2089 2087 in
2117 2052 2302 2088 maiorem
2331 2053 2477 2099 locum,

1423 2099 1529 2146 quod
1548 2105 1674 2136 autem
1695 2101 1875 2138 decrescit
1893 2102 1931 2139 in
1947 2103 2135 2140 minorem
2157 2104 2396 2141 contrahitur.
2419 2105 2480 2142 Sic

1424 2162 1511 2198 ergo
1539 2159 1641 2199 patet
1677 2153 1783 2200 quod
1819 2162 1945 2191 motus
1973 2156 2100 2192 localis
2131 2164 2185 2193 est
2218 2157 2432 2194 naturaliter
2461 2159 2480 2178 ‘²²

1421 2203 1525 2251 prior
1549 2210 1585 2239 et
1612 2204 1827 2242 alteratione
1858 2214 1894 2243 et
1921 2216 2135 2255 augmentO.

1480 2255 1680 2314 53Deinde
1710 2269 1797 2294 cum
1827 2258 1928 2295 dicit:
1948 2261 2120 2307 Amplius
2147 2266 2182 2297 et
2204 2262 2290 2298 hinc
2318 2262 2479 2298 conside-

1423 2308 1590 2365 rantibus
1619 2316 1708 2355 etc.,
1737 2310 1874 2358 probat
1900 2311 2023 2359 idem,
2052 2313 2313 2360 distinguendo
2341 2315 2480 2351 modos

1421 2360 1568 2418 prioris·
1585 2367 1620 2396 et
1646 2362 1874 2409 posterioris.
1896 2364 1945 2400 Et
1973 2364 2060 2401 dicit
2087 2366 2190 2413 quod
2220 2378 2264 2402 ex
2291 2367 2363 2403 hac
2391 2379 2479 2403 con-

1423 2411 1647 2469 31derat10ne
1671 2414 1912 2452 manifestum
1942 2416 2009 2453 erit
2035 2418 2139 2464 quod
2158 2418 2230 2454 loci
2249 2419 2405 2455 mutatio
2427 2426 2480 2456 est

1422 2476 1545 2522 prima
1561 2466 1580 2486 ²⁸
1595 2465 1690 2501 inter
1709 2474 1850 2513 motus;
1872 2468 1959 2516 quia
1978 2469 2071 2505 sicut
2090 2470 2127 2507 in
2152 2470 2230 2507 aliis
2250 2472 2361 2508 rebus
2375 2471 2477 2520 prius

1423 2517 1562 2574 aliquld
1581 2518 1697 2554 altero
1727 2519 1859 2556 dicitur
1877 2521 2138 2569 multipliciter,
2158 2522 2209 2559 ita
2238 2530 2273 2559 et
2291 2523 2329 2559 in
2357 2532 2476 2561 motu.

1423 2570 1566 2605 Dieitur
1594 2570 1694 2606 enim
1714 2583 1791 2608 uno
1821 2573 1938 2609 modo
1958 2573 2072 2621 prius,
2093 2587 2168 2623 quo
2189 2588 2267 2612 non
2287 2576 2476 2623 existente,

1423 2633 1502 2658 non
1529 2630 1638 2658 erunt
1665 2623 1745 2671 alia,
1767 2625 1833 2661 sed
1857 2625 1946 2662 illud
1964 2633 2088 2674 potest
2106 2639 2187 2663 esse
2208 2627 2286 2664 sine
2315 2628 2411 2665 aliis:
2432 2629 2478 2665 si-

1424 2680 1486 2709 cut
1512 2686 1633 2710 unum
1663 2683 1717 2712 est
1742 2676 1845 2724 prius
1874 2677 2038 2726 duobus,
2065 2679 2153 2726 quia
2182 2680 2257 2716 duo
2286 2693 2364 2717 non
2391 2693 2478 2729 pos-

1423 2733 1509 2783 sunt
1528 2738 1608 2762 esse
1638 2727 1707 2764 nisi
1735 2729 1780 2765 sit
1798 2741 1930 2777 unum,
1950 2743 2071 2767 unum
2095 2739 2221 2768 autem
2245 2740 2369 2781 potest
2397 2746 2477 2770 esse

1423 2790 1454 2813 Sl
1482 2790 1560 2815 non
1588 2779 1659 2816 sint
1678 2780 1697 2800 ²⁴
1717 2781 1806 2818 duo.
1838 2783 2014 2820 Secundo
2044 2784 2176 2820 dicitur
2203 2785 2343 2832 aliquid
2374 2786 2477 2834 prius

1423 2837 1615 2889 tempore:
1646 2833 1915 2880 quodscilicet
1948 2843 2002 2872 est
2029 2838 2209 2873 remotius
2242 2850 2264 2874 a
2290 2839 2477 2886 praesenti

1424 2894 1525 2940 nunc
1557 2895 1595 2919 in
1621 2886 1839 2933 praeterito,
1868 2888 1929 2924 vel
1957 2889 2204 2937 propinquius
2234 2890 2272 2926 in
2305 2891 2428 2927 futuro
2454 2897 2476 2937 ¹,

1423 2941 1528 2992 utin
1557 2944 1689 2984 quarto
1720 2939 1739 2958 '¹‘
1764 2938 1904 2975 dictum
1935 2948 1998 2978 est.
2020 2942 2150 2978 Tertio
2180 2942 2312 2980 dicitur
2340 2943 2477 2992 aliquid

1423 2998 1525 3035 prius
1553 2989 1763 3027 secundum
1801 2992 2067 3040 substantiam,
2092 2994 2186 3038 idest
2215 2996 2234 3015 ²¹*
2268 2997 2476 3033 secundum

1425 3039 1652 3098 substantiae
1673 3043 2013 3092 complementum3
2043 3046 2137 3083 sicut
2161 3054 2264 3083 actus
2294 3056 2348 3084 est
2373 3048 2476 3096 prior

1423 3098 1601 3139 potentia,
1623 3101 1659 3129 et
1685 3095 1893 3142 perfectum
1921 3097 2152 3145 imperfecto.

1478 3144 1513 3180 6.
1535 3145 1711 3182 Secundo
1746 3147 1814 3184 ibi:
1849 3149 1974 3190 Quare
2001 3151 2177 3197 quoniam
2215 3156 2354 3186 motum
2384 3158 2473 3198 etc.,

1423 3196 1558 3242 probat
1586 3205 1734 3235 motum
1762 3200 1921 3237 localem
1951 3213 2030 3237 esse
2052 3202 2218 3249 primum
2246 3202 2363 3238 tribus
2391 3215 2472 3239 mo-

1476 3331 1502 3365 δ)
1515 3335 1651 3364 ponebant
1665 3336 1731 3368 fieri
1747 3337 1943 3368 generationem
1966 3341 1992 3361 et
2009 3338 2204 3369 corruptionem
2221 3338 2438 3364 substantiarum.
2456 3352 2475 3358 -

1424 3366 1460 3391 Ita
1478 3367 1564 3399 DQT;
1584 3371 1765 3395 adnumerandi
1785 3376 1844 3395 sunt
1857 3372 2061 3402 ACIKMSVXY,
2077 3374 2121 3405 qui
2133 3373 2197 3406 fieri
2215 3379 2381 3405 corrumpunt
2394 3374 2419 3398 in
2433 3381 2472 3399 se-

1422 3403 1510 3427 cundo
1523 3404 1564 3428 vel
1582 3405 1723 3430 secundum
1731 3413 1740 3434 ,⁴
1758 3412 1804 3431 cer.
1819 3414 1870 3430 om.
1878 3407 1958 3438 ,ᾔει-Π
1975 3407 2044 3431 Pub.-
2052 3408 2189 3439 ponebant
2203 3411 2256 3432 tam
2275 3409 2472 3441 generationem

1421 3443 1500 3467 quam
1519 3441 1712 3471 corruptionem
1732 3441 1947 3466 substantiarum.

1473 3471 1496 3505 ξ)
1516 3475 1642 3499 remotius
1659 3484 1676 3501 α
1690 3476 1827 3507 praesenti
1845 3483 1912 3501 nunc
1931 3477 1956 3501 in
1972 3477 2127 3508 praeterito,
2142 3478 2184 3502 vel
2191 3478 2367 3510 propinquius
2386 3478 2411 3502 in
2423 3480 2473 3511 fu-

1421 3517 1490 3538 turo.
1504 3509 1571 3534 —Ita
1589 3519 1680 3535 omnes
1699 3511 1788 3541 codd.;
1806 3518 1823 3535 a
1842 3511 1983 3543 corrumpit
2007 3519 2076 3536 nunc
2093 3512 2119 3536 in
2137 3513 2219 3541 sicum
2237 3513 2300 3537 illud
2322 3513 2390 3538 sicut
2413 3514 2472 3538 reti-

1420 3553 1482 3572 nent
1500 3546 1543 3576 Pb,
1560 3548 1605 3571 sed
1619 3546 1722 3578 insuper
1741 3553 1787 3577 pro
1807 3546 1833 3570 in
1846 3547 1943 3578 futuro
1959 3546 2054 3571 habent
2065 3547 2133 3572 sicut
2145 3547 2170 3572 in
2183 3549 2289 3580 futuro.
2305 3547 2343 3572 Cf.
2356 3548 2404 3573 loc.
2419 3548 2459 3573 cit.

2263 3599 2293 3625 53

2508 751 2517 759 ⁶
2532 749 2624 771 videtur
2638 755 2675 770 zo.

2507 799 2515 807 ¹
2531 798 2594 819 Lect.
2606 804 2652 824 xiv,
2668 804 2689 819 n.
2700 804 2721 819 11

2507 830 2558 852 sqq.

2508 857 2516 864 ·
2532 854 2624 875 videtur
2637 860 2722 875 Aizi-cuc

2507 886 2656 906 uoanvxrz.

2510 1429 2519 1437 '¹
2532 1428 2636 1455 pertinet
2649 1435 2672 1450 u.

2509 1585 2518 1593 ²
2530 1584 2635 1611 pertinet
2650 1584 2720 1606 codd.

2509 1614 2530 1631 et
2545 1610 2585 1631 ab.

2508 1689 2517 1697 '¹
2527 1694 2599 1716 supra
2610 1695 2656 1710 om.
2666 1690 2718 1711 rab.

2507 1714 2530 1726 ⁰·
2543 1715 2606 1736 Loco
2621 1716 2698 1737 citato.

2509 1795 2518 1803 ²
2530 1793 2655 1824 *secundum
2668 1794 2719 1821 opi-

2509 1826 2599 1841 monem
2634 1826 2718 1846 oioqs,

2510 1852 2557 1867 om.
2564 1852 2718 1873 Aixnrvxvpc.

2508 2161 2517 2168 “
2539 2159 2682 2181 naturaliter

2508 2192 2555 2207 om.
2570 2192 2608 2207 no.

2506 2475 2515 2483 ‘¹
2527 2474 2598 2505 prior
2611 2481 2633 2501 1³,
2651 2474 2718 2502 prius

2506 2506 2528 2523 n.
2535 2506 2613 2527 primo
2622 2504 2718 2522 cet.exc.

2506 2532 2597 2548 Αεοικι,

2505 2794 2513 2802 ·
2529 2795 2581 2814 sunt
2604 2793 2714 2814 meruah.

2602 2900 2611 2916 Ε

2505 2952 2513 2961 ’
2525 2951 2586 2972 Lect.
2596 2956 2652 2976 xxn,
2662 2956 2684 2972 n.
2693 2956 2712 2977 5.

2504 3004 2512 3013 ⁸*
2528 3003 2614 3023 scilicet
2631 3007 2711 3024 ΡΛοικῑ.

2504 3029 2648 3054 uqsrvxrab.
