2898 3996
469 284 542 320 316

1085 272 1430 311 PHYSICORUM
1456 256 1805 308 ARISTOTELIS
1835 268 1930 303 LIB.
1959 266 2010 303 VI

1139 450 1437 525 LECTIO
1475 464 1956 521 DUODECIMA

643 615 913 650 IMPARTIBILE
937 613 1171 645 SECUNDUM
1195 609 1515 648 QUANTITATEM
1537 607 1628 638 NON
1651 607 1820 638 POTEST
1842 606 2009 638 MOVERI
2032 606 2112 637 NISI
2135 606 2218 636 PER
2240 605 2453 637 ACCIDENS

463 733 769 782 Ἀποδεδειγμὲνων
795 729 832 766 δὲ
857 732 1004 772 τούτων,
1021 729 1164 775 λέγομεν
1191 727 1302 760 ὅτιτὸ
1322 725 1438 771 ἀμερὲς
1464 725 1524 758 οὐκ

535 778 712 824 ἐνδέχεται
734 776 896 810 κινεῖσθαι
922 775 1009 812 πλην
1034 774 1130 805 κατά
1146 771 1368 816 συμβεβηκός,
1384 771 1455 823 οἷον
1478 781 1526 824 m:

534 826 691 867 νουμένου
724 823 785 856 τοῦ
818 820 975 863 σώματος
1005 817 1025 854 ἦ
1056 818 1118 849 τοῦ
1152 815 1308 862 μεγέθους
1340 826 1402 846 του
1436 826 1475 869 εν.
1502 827 1525 868 (ρ

536 869 693 914 ὑπάρχει,
717 865 869 908 καθάπερ
898 864 935 896 ἂν
961 864 989 895 εἰ
1006 862 1047 895 τὸ
1067 862 1098 892 ἐν
1118 862 1164 901 τῷ
1184 862 1286 911 πλοίῳ
1310 862 1438 913 κινοξτο
1460 869 1525 890 υπο

534 914 597 950 τῆς
622 913 684 945 τοῦ
710 913 826 943 πλοίου
858 908 958 951 φορᾶς
985 905 1005 944 ἦ
1031 905 1072 938 τὸ
1097 915 1193 948 μερος
1219 916 1263 946 τῃ
1290 914 1351 935 του
1378 904 1455 934 ολου
1478 913 1528 933 κι-

535 957 641 993 νήσει.
667 955 803 999 Ἀμερὲς
827 948 864 984 δὲ
887 951 975 997 λέγω
1001 950 1042 982 το“
1066 949 1162 980 κατά
1186 948 1290 980 ποσόν
1318 942 1523 989 ἀδιαίρετον·

535 1003 592 1032 καὶ
609 1000 673 1046 γάρ
693 1002 726 1031 αἱ
751 999 817 1030 τῶν
835 997 938 1041 μερῶν
963 994 1106 1031 κινήσεις
1126 993 1237 1037 ἐ’τεραί
1254 993 1316 1023 εἱσι
1332 991 1410 1023 κατ’
1434 989 1528 1023 αὐτά

536 1057 574 1077 τε
600 1045 647 1076 τοὶ
671 1043 750 1088 μέρη
782 1043 841 1073 καὶ
871 1040 967 1072 κατοὶ
990 1039 1053 1075 τήν
1080 1038 1142 1069 τοῦ
1169 1036 1245 1068 ὅλου
1274 1038 1414 1072 κίνησιν.
1441 1030 1527 1066 Ἴδοι

536 1085 565 1120 δ’
595 1088 632 1120 ἄν
658 1100 707 1124 τις
734 1087 788 1119 ἐπὶ
814 1086 875 1122 τῆς
904 1086 1046 1127 σφαίρας
1077 1082 1230 1126 μάλιστα
1260 1079 1323 1116 τήν
1348 1076 1524 1124 διαφοράν·

537 1132 574 1164 οὐ
600 1131 663 1178 γάρ
690 1129 819 1164 ταύτὸν
845 1128 951 1174 τάχος
978 1128 1076 1160 ἔσται
1099 1126 1166 1158 τῶν
1185 1137 1222 1157 τε
1241 1125 1321 1166 πρὸς
1339 1125 1386 1165 τῷ
1402 1123 1527 1166 κέντρῳ

535 1178 592 1207 καὶ
617 1177 682 1208 τῶν
709 1174 805 1211 ἐκτὸς
829 1175 887 1205 καὶ
912 1173 974 1209 τῆς
1001 1172 1092 1212 ὅλης,
1119 1171 1160 1206 ώς
1188 1170 1225 1200 οὐ
1250 1170 1327 1213 μιᾶς
1354 1168 1452 1205 οὔσης
1480 1179 1529 1199 κι-

536 1219 672 1257 νήσεως.
703 1217 864 1262 Καθάπερ
890 1215 946 1249 οὖν
973 1218 1122 1258 εἴπομεν,
1150 1212 1239 1246 οὕτω
1264 1213 1323 1257 μὲν
1349 1208 1527 1257 ἐνδέχεται

535 1264 695 1295 κινεῖσθαι
727 1262 768 1295 τό
803 1262 920 1306 ἀμερὲς
949 1261 990 1298 ὠς
1017 1261 1033 1292 ὁ
1060 1261 1092 1291 ὲν
1123 1259 1170 1298 τῷ
1204 1259 1307 1297 πλοίῳ
1339 1255 1526 1300 καθήμενος

536 1309 598 1341 τοῦ
624 1309 741 1340 πλοίου
766 1305 914 1348 θέοντος,
939 1304 1012 1337 καθ’
1041 1303 1127 1336 αὐτὸ
1153 1301 1181 1337 δ’
1208 1302 1266 1333 οὐκ
1292 1296 1480 1344 ἐνδέχεται.

470 1351 729 1392 Μεταβαλλέτω
754 1352 817 1397 γάρ
845 1351 880 1382 ἐκ
905 1350 967 1382 τοῦ
993 1350 1043 1380 AB
1068 1349 1111 1385 εἰς
1137 1345 1178 1382 τὸ
1202 1347 1265 1386 ΒΓ,
1291 1346 1351 1379 εἴτ’
1374 1347 1410 1377 ἑκ
1432 1342 1531 1389 μεγέ-

538 1396 611 1433 θους
643 1397 688 1434 εἰς
720 1395 859 1441 μέγεθος
891 1394 951 1426 εἴτ’
981 1393 1015 1433 ἐξ
1041 1392 1146 1430 εἴδους
1171 1390 1214 1427 εἰς
1240 1386 1325 1428 εἶδος
1351 1391 1420 1421 ε’ίτε
1444 1388 1524 1420 κατ’

540 1441 729 1485 ἀντίφασιν.
753 1442 789 1471 'O
807 1435 844 1470 δὲ
861 1438 977 1483 χρόνος
1004 1438 1089 1469 ἔστω
1117 1439 1148 1469 ἑν
1168 1434 1189 1478 ᾧ
1210 1434 1330 1478 πρώτῳ
1355 1431 1529 1477 μεταβάλ-

537 1487 587 1516 λει
612 1483 659 1528 ἐφ’
689 1484 726 1516 οὗ
751 1485 786 1516 Δ.
819 1483 945 1514 Οὐκοῦν
979 1481 1108 1526 ἀνάγκη
1144 1478 1232 1514 αὐτὸ
1260 1478 1334 1510 καθ’
1364 1478 1398 1509 ὃν
1424 1488 1529 1521 μετα-

539 1529 657 1570 βάλλει
680 1527 798 1573 χρόνον
823 1527 843 1563 ἦ
870 1527 902 1558 ἐν
929 1528 975 1567 τῷ
1002 1527 1051 1556 ΑΒ
1077 1523 1162 1557 εἶναι
1188 1521 1208 1562 ἦ
1235 1521 1266 1554 ἐν
1292 1523 1340 1564 τῷ
1364 1523 1426 1562 ΒΓ,
1446 1521 1467 1559 ἦ
1489 1520 1530 1553 τὸ

539 1572 596 1617 μέν
623 1584 656 1604 τι
683 1570 790 1604 αὐτοῦ
816 1572 848 1603 ἑν
876 1570 1000 1611 τούτῳ,
1029 1569 1069 1601 τὸ
1094 1566 1123 1600 δ’
1144 1570 1177 1602 ἐν
1203 1566 1346 1611 θατέρῳ·
1372 1567 1440 1599 πᾶν
1465 1564 1529 1612 γάρ

538 1617 580 1649 τὰ
605 1616 821 1660 μεταβάλλον
848 1613 952 1651 οὕτως
985 1611 1086 1657 εἶχεν.
1115 1615 1172 1645 Ἐν
1203 1612 1350 1656 ἑκατέρῳ
1380 1611 1440 1654 μὲν
1475 1607 1530 1642 οὖν

539 1659 598 1692 οὐκ
627 1661 725 1692 ἔσται
755 1671 788 1692 τι
822 1659 944 1691 αὐτοῦ·
978 1657 1133 1702 μεριστὸν
1165 1654 1229 1703 γάρ
1265 1654 1302 1687 ἂν
1332 1657 1393 1692 εἴη.
1425 1654 1533 1686 Ἀλλά

539 1705 604 1749 μην
631 1700 699 1736 οὐδ’
725 1705 757 1736 ἑν
783 1704 830 1744 τῷ
855 1705 916 1734 ΒΓ·
944 1703 1199 1745 μεταβεβληκὸς
1228 1699 1291 1745 γάρ
1318 1700 1429 1740 ἔσται,
1451 1697 1533 1731 ύπό-

537 1759 648 1781 κειται
673 1745 710 1780 δὲ
734 1747 975 1792 μεταβάλλειν.
1002 1747 1168 1778 Λείπεται
1193 1743 1237 1781 δή
1260 1744 1347 1777 αὐτὸ
1366 1744 1398 1776 ἐν
1416 1744 1464 1785 τῷ
1482 1744 1532 1775 ΑΒ

538 1791 636 1833 εἶναι,
653 1790 728 1824 καθ’
751 1793 785 1823 ὃν
807 1791 1018 1835 μεταβάλλει
1043 1790 1174 1836 χρόνον·
1202 1789 1360 1833 ηρεμῆσει
1387 1787 1464 1831 ἄρα’·
1492 1787 1533 1819 τὸ

538 1837 603 1883 γάρ
629 1837 662 1869 ἐν
687 1838 735 1878 τῷ
761 1836 854 1878 αὐτῷ
873 1833 958 1867 εἶναι
979 1834 1096 1879 χρόνον
1115 1835 1194 1867 τινοὶ
1211 1835 1343 1876 ἠρεμεῖν
1361 1830 1413 1870 ἦν.
1433 1830 1529 1863 ‘'Qu-‘r’

540 1882 599 1913 οὐκ
623 1876 800 1927 ἐνδέχεται
825 1881 866 1914 τὸ
893 1880 1009 1923 ἀμερὲς
1033 1879 1196 1911 κινεῖσθαι
1221 1877 1289 1911 οὐδ’
1321 1876 1402 1913 ὅλως
1428 1887 1533 1919 μετα-

541 1926 690 1966 βάλλειν·
717 1926 871 1970 μοναχῶς
895 1924 960 1970 γάρ
988 1922 1025 1956 ἂν
1053 1922 1157 1960 οὕτως
1184 1921 1223 1960 ἦν
1257 1922 1364 1954 αὐτοῦ
1393 1922 1532 1960 κίνησις,

541 1971 568 2001 εἰ
595 1972 610 2002 ὁ
634 1969 750 2015 χρόνος
776 1967 815 2007 ἦν
842 1968 878 2000 ἐκ
902 1970 967 2001 τῶν
993 1968 1062 1999 νῦν·
1092 1968 1141 2000 ἀεὶ
1167 1968 1230 2014 γάρ
1257 1967 1290 1998 ἑν
1316 1967 1362 2007 τῷ
1395 1965 1450 1996 νῦν
1482 1975 1536 1995 κε-

541 2015 715 2058 κινημένον
743 2012 780 2046 ἂν
807 2012 846 2050 ἦν
870 2014 927 2044 καὶ
953 2011 1221 2056 μεταβεβληκός·
1253 2010 1340 2042 ὥστε
1371 2007 1534 2040 κινεῖσθαι

542 2058 600 2103 μὲν
626 2054 813 2102 μηδέποτε,
831 2055 1026 2092 κεκινῆσθαι
1051 2051 1080 2086 δ’
1104 2057 1166 2088 ἀεί.
1194 2056 1303 2087 Τοῦτο
1329 2051 1356 2085 δ’
1383 2053 1436 2086 ὅτι
1456 2049 1535 2085 ἀδό-

542 2114 666 2143 νατον,
693 2097 866 2134 δέδεικται
890 2102 948 2132 καὶ
972 2098 1146 2145 πρότερον·
1175 2100 1254 2132 οὔτε
1287 2098 1350 2145 γάρ
1378 2099 1393 2129 ὁ
1417 2096 1534 2142 χρόνος

543 2148 580 2179 ἐκ
605 2147 670 2179 τῶν
695 2147 764 2188 νῦν,
792 2144 860 2178 οὔθ’
889 2146 909 2182 ἡ
933 2145 1073 2191 γραμμή
1100 2145 1134 2177 ἑκ
1160 2145 1322 2190 στιγμῶν,
1350 2142 1417 2174 οὔθ’
1444 2143 1464 2178 ἡ
1488 2143 1535 2172 κί-

543 2203 633 2228 νησις
659 2191 694 2223 ἐκ
718 2189 924 2235 κινημάτων·
953 2188 1045 2221 οὐθὲν
1071 2190 1134 2233 γάρ
1162 2189 1244 2221 ἄλλο
1274 2191 1361 2219 ποῖει
1388 2188 1403 2218 ὁ
1429 2186 1535 2218 τοῦτο

542 2235 650 2281 λέγων
675 2233 696 2271 ἦ
722 2237 785 2272 τήν
810 2236 936 2271 κίνησιν
962 2232 996 2274 ἐξ
1024 2233 1164 2278 ἀμερῶν,
1182 2231 1336 2273 καθάπερ
1361 2229 1398 2262 ἂν
1416 2231 1444 2261 εἰ
1461 2229 1539 2275 χρό-

544 2291 597 2311 νον
624 2280 659 2311 eu.
684 2279 749 2311 τῶν
775 2279 843 2319 νῦν,
871 2277 891 2314 ἦ
917 2277 958 2310 τὸ
983 2277 1120 2322 μέγεθος
1147 2278 1182 2310 ἐκ
1207 2276 1369 2321 στιγμῶν.

470 2319 549 2354 ’Έτι
574 2320 610 2355 δὲ
634 2325 691 2355 καὶ
716 2323 753 2355 ἐκ.
777 2318 883 2355 τῶνδε
915 2323 1053 2364 φανερὸν
1088 2321 1140 2354 ὅτι
1166 2321 1245 2353 οὔτε
1279 2318 1426 2373 στιγμήν
1460 2317 1532 2350 οὔτ’

547 2368 628 2400 ἄλλο
648 2363 840 2411 ἀδιαίρετον
859 2361 952 2398 οὐδὲν
972 2362 1151 2411 ἐνδέχεται
1168 2363 1341 2397 κινεῖσθαι·
1364 2362 1455 2395 άπαν
1473 2362 1537 2408 γάρ

546 2411 586 2444 τό
610 2412 802 2456 κινούμενον
833 2406 1002 2443 ἀδύνατον
1034 2410 1195 2454 πρότερον
1226 2409 1337 2452 μεῖζον
1362 2406 1539 2444 κινηθῆναι

547 2458 667 2497 αὐτοῦ,
688 2458 761 2501 πρὶν
789 2455 827 2487 ἂν
854 2454 874 2492 ἦ
898 2457 969 2486 ἴσον
992 2453 1012 2491 ἦ
1031 2455 1192 2487 ἔλαττον.
1221 2455 1257 2485 Εἰ
1277 2451 1320 2491 δη
1340 2453 1459 2492 τοῦτο7
1478 2463 1539 2496 φοι-

545 2501 634 2545 νερὸν
661 2499 714 2533 ὅτι
736 2502 793 2532 καὶ
820 2500 840 2536 ἡ
865 2499 993 2545 στιγμή
1020 2499 1166 2532 ἔλαττον
1192 2497 1213 2535 ἦ
1231 2501 1301 2531 ἰ’σον
1318 2495 1540 2533 κινηθήσεται

546 2546 690 2587 πρῶτον.
711 2545 807 2576 Ἐπεὶ
833 2542 861 2574 δ’
890 2540 1095 2586 ἀδιαίρετος,
1124 2538 1294 2575 ἀδύνατον
1322 2542 1468 2574 ἔλαττον
1493 2552 1542 2572 κι-

546 2588 686 2626 νηθῆναι
713 2587 886 2633 πρότερον·
919 2591 992 2624 ἴσην
1025 2588 1089 2632 ἄρα
1115 2588 1236 2630 ἑαυτῇ.
1266 2587 1369 2618 ’Ὠστε
1396 2585 1495 2618 ἔσται
1520 2584 1540 2621 ’ἡ

545 2633 684 2680 γραμμή
711 2634 746 2665 ἐκ
772 2633 934 2678 στιγμῶν·
956 2633 1007 2665 ἀεὶ
1024 2633 1088 2678 γάρ
1105 2634 1179 2669 ἴσην
1202 2630 1457 2675 κινουμένητὴν
1477 2629 1544 2661 πᾶ-

546 2689 608 2709 σαν
637 2677 795 2724 γραμμήν
830 2677 958 2723 στιγμὴ
989 2675 1259 2720 καταμετρησει.
1297 2677 1334 2706 Εἰ
1368 2671 1405 2706 δὲ
1435 2675 1541 2706 τοῦτο

549 2717 732 2763 ἀδύνατον,
751 2723 808 2753 καὶ
826 2721 867 2754 τὸ
883 2720 1044 2753 κινεῖσθαι
1071 2721 1111 2753 τό
1139 2716 1330 2765 ἀδιαίρετον
1355 2714 1539 2752 ἀδύνατον.

474 2804 552 2837 ’Έτι
576 2799 604 2835 δ’
627 2804 654 2835 εἰ
681 2803 771 2835 ἅπαν
798 2803 829 2834 ἒν
855 2803 959 2847 χρόνῳ
983 2807 1140 2844 κινεῖται,
1159 2804 1191 2835 ἐν
1209 2798 1247 2834 δὲ
1272 2804 1319 2844 τῷ
1344 2803 1399 2834 νῦν
1425 2800 1541 2847 μηθέν,

552 2847 640 2885 ἅπας
665 2844 702 2879 ’δὲ
725 2847 840 2892 χρόνος
865 2847 1053 2891 διαιρετός,
1080 2850 1128 2885 εἴη
1158 2848 1195 2880 ἄν
1222 2859 1272 2884 τις
1298 2846 1414 2893 χρόνος
1441 2845 1541 2879 ἐλάτ-

551 2904 617 2924 των
644 2892 768 2932 ὁτῳοῦν
788 2892 852 2924 τῶν
874 2892 1071 2936 κινουμένων
1092 2893 1124 2924 ὲν
1143 2892 1165 2933 qi
1183 2896 1327 2924 κινεῖται
1346 2891 1419 2924 ὅσον
1439 2889 1540 2923 αὑτό.

550 2936 656 2973 Οὗτος
681 2936 738 2980 μὲν
763 2936 827 2980 γάρ
854 2936 951 2968 ’ἐσται
981 2936 1097 2981 χρόνος
1123 2936 1155 2968 ἑν
1182 2936 1204 2978 ᾧ
1229 2940 1392 2978 κινεῖται,
1418 2931 1477 2968 διαὶ
1501 2935 1541 2966 τὸ

552 2981 619 3012 πᾶν
646 2978 678 3011 ἐν
702 2980 807 3024 χρόνῳ
831 2979 1004 3012 κινεῖσθαι·
1026 2981 1142 3025 χρόνος
1160 2977 1196 3012 δὲ
1216 2982 1282 3018 πᾶς
1303 2976 1471 3025 διαιρετὸς
1488 2974 1542 3011 δέ-

552 3020 683 3055 δεικται
709 3023 884 3068 πρότερον.
910 3026 945 3056 Ei.
971 3021 999 3055 δ’
1024 3026 1088 3069 ἄρα,
1113 3026 1239 3071 στιγμὴ
1264 3030 1423 3066 κινεῖται,
1442 3025 1542 3057 ἔσται

553 3079 603 3105 τις
626 3066 742 3111 χρόνος
775 3068 927 3101 ἐλάττων
955 3069 986 3100 ἐν
1014 3069 1036 3110 ᾧ
1063 3067 1153 3106 αυτ-ἠ
1184 3069 1331 3106 ἐκινήθη·
1360 3069 1433 3102 ἀλλ’
1465 3063 1542 3102 ἀδύ-

553 3122 671 3143 νατον·
698 3112 730 3143 ὲν
755 3113 802 3157 *soi
844 3114 891 3154 τῷ
917 3112 1077 3145 ἐλάττονι
1110 3114 1255 3146 ἔλαττον
1293 3113 1422 3160 ἀνάγκη
1448 3115 1544 3145 κινεῖ-

553 3155 642 3188 σθαι.
673 3155 766 3188 'ssav'
795 3169 894 3189 εσται
927 3153 1095 3201 διαιρετὸν
1129 3158 1169 3190 τὸ
1204 3154 1395 3203 ἀδιαίρετον
1426 3159 1469 3196 εἰς
1503 3156 1544 3189 τό

555 3200 715 3242 ἔλαττον,
735 3199 842 3244 ὥσπερ
867 3203 923 3233 καὶ
950 3203 965 3233 ὀ
990 3201 1106 3246 χρόνος
1131 3203 1175 3240 εἰς
1201 3203 1259 3235 τόν
1284 3202 1415 3247 χρόνον·
1442 3213 1546 3247 μονα-

553 3245 618 3288 χῶς
643 3245 706 3289 γάρ
734 3243 771 3277 ἂν
795 3250 922 3278 κινοῖτο
949 3246 989 3278 τὸ
1017 3246 1131 3290 ἀμερὲς
1156 3249 1214 3279 καὶ
1235 3242 1439 3291 ἀδιαίρετον,
1459 3247 1486 3278 εἰ
1503 3244 1543 3284 ἦν

556 3289 587 3319 ὲν
620 3290 667 3329 τῷ
697 3290 752 3320 νῦν
781 3289 941 3322 κινεῖσθαι
970 3285 1114 3323 δυνατόν
1148 3293 1195 3332 τῷ
1223 3291 1352 3335 ἀτόμω·
1386 3292 1447 3324 τοῦ
1479 3291 1543 3337 γάρ

557 3330 789 3406 αὐτοῦθλόγου
815 3334 847 3365 ἑν
874 3336 920 3375 τῷ
944 3335 999 3365 νῦν
1024 3334 1186 3367 κινεῖσθαι
1210 3337 1268 3367 καὶ
1295 3323 1488 3378 ἀδιαίρετόν
1511 3348 1544 3368 τι

556 3380 657 3407 κινεῖσ
681 3388 726 3408 αι.

1579 730 1596 749 *
1615 729 1757 761 ostensis
1780 736 1887 760 autem
1910 730 1969 769 his,
1994 730 2127 761 dicimus
2150 730 2238 771 quod
2261 729 2449 771 impartibile
2471 739 2538 760 non
2562 740 2637 761 con-

1648 773 1738 813 tingit
1753 773 1873 804 moveri
1896 773 1955 804 nisi
1977 774 2152 804 secundum
2171 774 2324 812 accidens,
2342 781 2378 805 ut
2396 784 2528 815 corpore
2546 781 2637 806 moto

1647 824 1702 848 aut
1732 817 1949 857 magnitudine
1971 817 2004 848 in
2028 828 2091 858 qua
2114 825 2176 857 est;
2200 818 2280 849 sicut
2303 818 2329 848 si
2351 818 2385 848 id
2407 818 2496 859 quod
2515 817 2548 848 in
2567 818 2640 849 navi

1649 868 1705 899 est,
1729 867 1894 891 moveatur
1916 861 2003 891 navis
2027 869 2138 901 motu,
2163 868 2217 892 aut
2240 872 2310 902 pars
2334 861 2431 893 totius
2450 869 2552 893 motu.
2578 862 2639 893 Im-

1648 905 1790 946 partibile
1807 911 1914 935 autem
1930 905 2000 935 dico
2016 905 2049 935 id
2067 906 2156 946 quod
2175 912 2220 936 est
2239 906 2415 936 secundum
2432 906 2641 947 quantitatem

1647 948 1844 980 indivisibile.
1879 948 2005 979 Etenim
2036 949 2174 989 partium
2205 956 2312 980 motus
2347 949 2400 980 alii
2428 957 2502 982 sunt
2531 960 2640 981 secun-

1650 994 1728 1024 dum
1751 993 1839 1034 quod
1862 992 2011 1032 partium,
2037 999 2068 1023 et
2090 994 2265 1024 secundum
2290 994 2378 1034 quod
2401 994 2498 1025 totius
2521 1000 2639 1025 motus.

1648 1037 1775 1068 Videbit
1790 1043 1897 1067 autem
1920 1036 1953 1066 in
1976 1036 2107 1077 sphaera
2130 1036 2242 1077 aliquis
2261 1037 2397 1067 maxime
2426 1037 2641 1069 differentiam.

1648 1082 1723 1112 Non
1747 1081 1832 1111 enim
1855 1081 1966 1111 eadem
1989 1080 2046 1111 erit
2067 1080 2215 1111 velocitas
2234 1091 2346 1111 eorum
2365 1091 2446 1122 quae
2468 1082 2554 1112 iuxta
2572 1091 2642 1112 cen-

1649 1133 1734 1156 trum
1758 1132 1841 1163 sunt,
1866 1131 1896 1155 et
1919 1134 2000 1166 quae
2024 1131 2118 1163 extra,
2134 1131 2165 1155 et
2180 1134 2261 1165 quae
2275 1125 2383 1163 totius,
2399 1125 2480 1156 sicut
2494 1135 2560 1156 non
2575 1135 2642 1156 uno

1651 1169 1798 1200 existente
1821 1175 1924 1199 motu.
1950 1168 2036 1199 Sicut
2058 1168 2152 1208 igitur
2176 1168 2329 1208 dicebam,
2353 1168 2396 1199 sic
2415 1169 2546 1210 quidem
2569 1178 2647 1200 con-

1650 1213 1742 1253 tingit
1774 1212 1895 1243 moveri
1925 1211 2133 1252 impartibile,
2162 1211 2242 1243 sicut
2272 1212 2305 1242 in
2337 1212 2409 1243 navi
2439 1213 2549 1244 sedens
2572 1211 2645 1244 navi

1651 1263 1764 1295 eunte;
1788 1265 1844 1296 per
1867 1266 1899 1287 se
1923 1263 2029 1287 autem
2052 1265 2118 1286 non
2142 1256 2303 1297 contingit.

1583 1352 1600 1371 *
1615 1352 1754 1383 Mutetur
1778 1351 1863 1382 enim
1886 1361 1923 1382 ex
1938 1351 1993 1382 AB
2012 1351 2045 1382 in
2060 1350 2126 1390 BC,
2143 1351 2207 1382 sive
2231 1361 2268 1382 ex
2286 1351 2502 1391 magnitudine
2524 1351 2557 1382 in
2580 1360 2646 1382 ma-

1651 1396 1860 1436 gnitudinem,
1881 1395 1945 1426 sive
1969 1405 2006 1426 ex
2029 1395 2130 1435 specie
2153 1395 2186 1425 in
2210 1395 2358 1436 speeiem,
2382 1395 2446 1426 sive
2470 1395 2647 1426 secundum

1652 1440 1949 1471 contradictionem:
1974 1446 2102 1480 tempus
2125 1445 2232 1470 autem
2254 1439 2294 1470 sit
2315 1439 2348 1469 in
2367 1449 2432 1480 quo
2448 1439 2552 1480 primo
2576 1449 2646 1470 mu—

1651 1491 1734 1515 tatur
1746 1484 1813 1514 ED.
1825 1482 1909 1524 Ergo
1922 1493 2048 1514 necesse
2062 1490 2108 1514 est
2123 1483 2230 1524 ipsum
2245 1483 2278 1513 in
2292 1490 2435 1523 tempore
2447 1483 2480 1514 in
2493 1493 2559 1525 quo
2575 1492 2647 1515 mu-

1653 1535 1746 1567 tatur,
1771 1534 1825 1558 aut
1848 1527 1881 1557 in
1903 1528 1959 1558 AB
1983 1537 2060 1566 esse,
2085 1533 2140 1558 aut
2161 1527 2195 1558 in
2217 1527 2283 1566 BC,
2301 1533 2355 1558 aut
2374 1527 2494 1568 aliquid
2516 1527 2648 1568 quidem

1652 1572 1748 1603 huius
1770 1572 1803 1602 in
1826 1571 1902 1610 hoc,
1927 1571 2013 1602 aliud
2034 1581 2110 1602 vero
2133 1571 2166 1602 in
2190 1571 2304 1602 altero:
2330 1581 2426 1602 omne
2451 1571 2537 1602 enim
2560 1570 2648 1613 quod

1654 1623 1804 1654 mutatur,
1822 1616 1864 1646 sic
1887 1626 1919 1646 se
1942 1615 2061 1646 habuit.
2087 1615 2122 1645 In
2145 1622 2282 1656 utroque
2306 1615 2400 1655 igitur
2422 1625 2489 1646 non
2512 1614 2570 1646 erit
2592 1614 2649 1646 ali-

1654 1661 1730 1701 quid
1753 1659 1868 1700 ipsius:
1893 1659 2035 1700 partibile
2057 1659 2142 1690 enim
2158 1659 2267 1700 utique
2283 1665 2372 1690 esset.
2396 1662 2440 1690 At
2453 1669 2528 1690 vero
2545 1668 2649 1700 neque

1654 1705 1688 1735 in
1711 1703 1783 1735 BC:
1807 1710 1966 1734 mutatum
1983 1703 2068 1733 enim
2093 1703 2165 1742 erit;
2189 1713 2376 1734 concessum
2392 1710 2439 1734 est
2453 1709 2559 1734 autem
2578 1713 2648 1734 mu-

1654 1749 1721 1779 tari.
1746 1747 1946 1788 Relinquitur
1969 1747 2063 1786 igitur
2086 1747 2193 1788 ipsum
2216 1747 2248 1778 in
2269 1748 2324 1778 AB
2343 1757 2421 1787 esse,
2441 1757 2479 1778 eo
2498 1756 2565 1789 quo
2579 1757 2649 1778 mu-

1655 1799 1737 1823 tatur
1756 1799 1908 1832 tempore.
1934 1791 2082 1829 Quiescet
2105 1799 2194 1831 ergo:
2218 1791 2251 1821 in
2267 1792 2381 1822 eodem
2405 1791 2490 1822 enim
2509 1801 2576 1822 esse
2594 1800 2651 1832 per

1655 1843 1781 1876 tempus
1805 1836 1982 1876 quoddam,
2008 1835 2166 1876 quiescere
2190 1842 2244 1866 est.
2269 1835 2286 1854 ’⁸‘
2311 1836 2416 1872 Quare
2439 1845 2505 1865 non
2529 1835 2650 1869 contin-

1654 1881 1699 1920 git
1722 1879 1910 1920 impartibile
1934 1879 2066 1917 moveri,
2095 1889 2198 1920 neque
2226 1879 2359 1910 omnino
2382 1879 2507 1910 mutari.
2537 1879 2651 1910 Solum

1656 1925 1741 1955 enim
1765 1924 1808 1954 sic
1832 1930 1912 1954 esset
1934 1923 2033 1963 ipsius
2060 1930 2186 1962 motus,
2210 1923 2236 1953 si
2258 1930 2384 1964 tempus
2413 1929 2494 1954 esset
2515 1933 2552 1954 ex
2574 1922 2651 1964 ipsis

1657 1978 1751 1999 nune.
1777 1968 1907 2008 Semper
1930 1967 2015 1997 enim
2038 1967 2070 1997 in
2093 1967 2163 2007 ipso
2187 1977 2272 1998 nunc
2290 1974 2418 1998 motum
2433 1973 2513 1998 esset
2531 1973 2563 1998 et
2579 1976 2651 2000 mu-

1657 2019 1775 2043 tatum:
1800 2022 1896 2052 quare
1919 2011 2040 2041 moveri
2064 2011 2194 2052 quidem
2217 2021 2420 2052 nequaquam
2443 2018 2499 2049 est,
2524 2018 2652 2042 motum

1657 2063 1764 2087 autem
1787 2066 1854 2086 esse
1878 2065 2011 2095 semper.
2042 2055 2114 2085 Hoc
2138 2062 2244 2086 autem
2267 2055 2356 2096 quod
2378 2054 2574 2096 impossibile
2597 2054 2652 2094 sit,

1658 2108 1822 2131 ostensum
1842 2106 1887 2129 est
1902 2099 1999 2139 prius.
2024 2100 2136 2140 Neque
2152 2099 2235 2129 enim
2253 2109 2289 2129 ex
2305 2099 2380 2139 ipsis
2395 2109 2480 2130 nunc
2505 2106 2652 2140 tempus,

1658 2154 1761 2184 neque
1777 2144 1858 2173 linea
1874 2154 1911 2173 ex
1926 2143 2002 2183 ipsis
2025 2143 2161 2183 punctis,
2182 2153 2285 2183 neque
2301 2150 2408 2174 motus
2429 2153 2466 2174 ex
2482 2141 2654 2174 momentis

1658 2195 1718 2218 est:
1741 2187 1819 2218 nihil
1835 2187 1921 2217 enim
1937 2187 2022 2217 aliud
2038 2187 2112 2218 facit
2127 2187 2189 2218 hoc
2208 2187 2324 2225 dicens,
2336 2194 2391 2218 aut
2405 2195 2533 2219 motum
2551 2197 2588 2218 ex
2604 2187 2653 2219 in-

1659 2231 1883 2270 divisibilibus,
1908 2231 1988 2262 sicut
2011 2231 2036 2261 si
2059 2238 2185 2271 tempus
2209 2242 2246 2262 ex
2267 2232 2344 2272 ipsis
2376 2242 2481 2271 nunc,
2505 2238 2560 2263 aut
2585 2241 2654 2263 ma-

1659 2276 1856 2316 gnitudinem
1881 2286 1917 2306 ex
1940 2275 2075 2316 punctis.

1591 2322 1608 2341 ’¹‘
1625 2320 1772 2361 Amplius
1796 2327 1902 2356 autem
1918 2329 1954 2349 ex
1976 2319 2024 2349 his
2040 2319 2244 2350 manifestum
2268 2326 2314 2350 est
2336 2320 2424 2361 quod
2446 2329 2550 2362 neque
2572 2329 2654 2361 pun-

1660 2372 1747 2396 ctum
1770 2374 1873 2405 neque
1897 2364 1983 2394 aliud
2005 2363 2191 2394 indivisibile
2215 2363 2318 2394 ullum
2341 2364 2495 2405 contingit
2520 2364 2653 2396 moveri.

1660 2409 1765 2440 Omne
1789 2408 1873 2438 enim
1897 2408 1987 2448 quod
2010 2414 2173 2446 movetur,
2199 2407 2396 2448 impossibile
2420 2415 2466 2439 est
2488 2408 2576 2448 prius
2598 2417 2656 2449 per

1661 2453 1763 2483 maius
1787 2452 1908 2482 moveri
1935 2451 2055 2492 seipso,
2079 2462 2177 2492 quam
2200 2459 2254 2482 aut
2277 2461 2333 2492 per
2362 2452 2492 2493 aequale
2522 2458 2578 2483 aut
2598 2462 2656 2494 per

1661 2497 1775 2528 minus.
1801 2496 1833 2527 Si
1856 2496 1950 2536 igitur
1972 2496 2044 2534 hoc,
2062 2496 2265 2526 manifestum
2288 2502 2335 2526 est
2357 2496 2432 2536 quia
2453 2503 2484 2526 et
2499 2502 2656 2536 punctum

1661 2551 1717 2583 per
1740 2541 1846 2571 minus
1877 2547 1931 2571 aut
1953 2540 2084 2581 aequale
2114 2540 2293 2571 movebitur
2315 2539 2466 2580 primum.
2492 2539 2656 2578 Quoniam

1663 2592 1769 2616 autem
1798 2584 1987 2615 indivisibile
2016 2591 2081 2622 est,
2112 2583 2307 2624 impossibile
2336 2590 2382 2614 est
2405 2583 2511 2615 minus
2534 2584 2656 2616 moveri

1662 2629 1758 2670 priuS.
1787 2629 1846 2659 Per
1871 2628 2000 2669 aequale
2025 2638 2099 2668 ergo
2127 2628 2193 2659 sibi'
2210 2628 2281 2669 ipsi.
2306 2628 2412 2666 Quare
2437 2628 2494 2659 erit
2513 2628 2595 2659 linea
2619 2638 2656 2660 ex

1662 2674 1804 2714 punctis:
1829 2682 1953 2713 semper
1968 2672 2052 2703 enim
2069 2683 2124 2713 per
2138 2672 2302 2713 aequalem
2317 2679 2454 2711 motum,
2474 2681 2605 2703 omnem
2619 2672 2656 2704 li·

1662 2728 1756 2748 neam
1779 2724 1935 2758 punctum
1958 2716 2162 2748 mensurabit.
2192 2717 2224 2747 Si
2247 2723 2354 2747 autern
2376 2716 2439 2747 hoc
2461 2716 2657 2758 impossibile

1663 2769 1719 2800 est,
1745 2769 1775 2793 et
1798 2761 1918 2792 moveri
1941 2761 2128 2791 indivisibile
2150 2760 2346 2801 impossibile
2369 2766 2425 2792 est.

1596 2807 1612 2827 *
1628 2806 1775 2847 Amplius
1799 2812 1923 2843 autern,
1947 2806 1972 2836 si
1997 2815 2092 2836 omne
2119 2805 2152 2835 in
2175 2812 2318 2846 tempore
2337 2811 2498 2843 movetur,
2522 2804 2565 2835 in*
2584 2804 2656 2846 ipso
2683 2810 2693 2820 ·

1663 2858 1770 2882 autem
1789 2860 1874 2880 nunc
1890 2849 1984 2888 nihil,
2010 2859 2106 2880 omne
2130 2856 2236 2880 autem
2258 2855 2384 2889 tempus
2408 2848 2576 2888 divisibile;
2599 2849 2659 2880 erit

1663 2895 1773 2936 utique
1792 2894 1923 2935 aliquod
1938 2900 2064 2934 tempus
2080 2893 2186 2924 minus
2202 2892 2344 2934 quolibet
2363 2902 2476 2923 eorum
2491 2902 2572 2934 quae
2586 2902 2657 2923 mo-

1661 2946 1784 2977 ventur,
1809 2938 1841 2968 in
1860 2948 1926 2979 quo
1941 2944 2088 2968 movetur
2110 2944 2266 2978 quantum
2287 2936 2394 2977 ipsum
2417 2942 2472 2967 est.
2496 2936 2569 2967 Hoc
2587 2935 2657 2978 qui-

1663 2984 1737 3014 dem
1765 2982 1851 3013 enim
1881 2982 1938 3012 erit
1965 2989 2091 3022 tempus
2121 2981 2154 3011 in
2184 2991 2250 3022 quo
2278 2987 2443 3019 movetur,
2474 2986 2602 3021 propter
2623 2980 2658 3011 id

1663 3027 1752 3068 quod
1775 3033 1922 3057 movetur
1944 3035 2040 3056 omne
2055 3025 2089 3056 in
2104 3031 2263 3065 tempore;
2282 3032 2408 3065 tempus
2431 3031 2538 3055 autem
2561 3033 2658 3056 omne

1664 3071 1817 3102 divisibile
1839 3080 1923 3109 esse,
1948 3077 2112 3100 ostensum
2135 3076 2182 3100 est
2205 3069 2301 3109 prius.
2331 3068 2364 3100 Si
2385 3068 2479 3109 igitur
2502 3075 2659 3109 punctum

1665 3122 1829 3153 movetur,
1858 3114 1915 3144 erit
1945 3113 2075 3155 aliquod
2102 3119 2229 3154 tempus
2259 3113 2365 3144 minus
2388 3113 2420 3143 in
2453 3122 2519 3154 quo
2550 3111 2659 3154 ipsum

1665 3166 1792 3190 motum
1817 3165 1871 3189 est.
1897 3158 1958 3189 Sed
1984 3157 2177 3198 impossibile
2196 3163 2263 3188 est:
2289 3157 2321 3187 in
2344 3156 2460 3187 minori
2489 3156 2574 3187 enim
2603 3166 2657 3187 ne-

1665 3214 1749 3235 cesse
1772 3203 1878 3233 minus
1902 3202 2038 3239 moveri;
2062 3211 2159 3243 quare
2175 3201 2231 3232 erit
2253 3200 2406 3232 divisibile
2421 3201 2454 3231 id
2469 3201 2557 3242 quod
2578 3199 2658 3231 indi-

1665 3247 1786 3278 visibile
1810 3254 1855 3277 est
1878 3246 1909 3277 in
1933 3246 2055 3284 minus,
2075 3245 2156 3276 sicut
2181 3252 2211 3276 et
2234 3252 2360 3285 tempus
2384 3244 2416 3275 in
2439 3252 2574 3286 tempus.
2600 3244 2660 3276 So-

1665 3291 1836 3323 lummodo
1860 3290 1945 3321 enim
1968 3289 2147 3321 movebitur
2169 3289 2357 3330 impartibile
2373 3296 2403 3320 et
2418 3288 2616 3327 indivisibile,
2633 3288 2659 3318 si

1670 3336 1727 3367 erit
1756 3335 1789 3366 in
1821 3335 1891 3376 ipso
1920 3345 2005 3366 nunc
2035 3333 2185 3375 possibile
2214 3333 2335 3364 moveri
2363 3340 2491 3364 atomo:
2516 3332 2659 3364 eiusdem

1668 3380 1752 3411 enim
1776 3379 1904 3411 rationis
1927 3386 1974 3410 est
1995 3378 2027 3409 in
2051 3378 2121 3419 ipso
2146 3387 2230 3408 nunc
2253 3377 2385 3417 moveri,
2405 3384 2436 3408 et
2458 3376 2659 3408 individuum

1667 3424 1797 3465 aliquod
1820 3423 1950 3455 moveri.

2673 1355 2683 1365 ²
2696 1353 2764 1377 Text.
2778 1353 2815 1382 87.

2676 1839 2687 1850 '
2700 1837 2768 1861 Tm.
2782 1837 2819 1861 88.

2680 2327 2691 2338 '
2704 2325 2773 2349 Ten·
2786 2325 2824 2356 ⁸⁹·

2707 2809 2775 2832 Text.
2789 2814 2828 2838 9⁰·

547 3514 692 3542 Smopsts.
715 3532 747 3536 —-
774 3525 796 3543 1.
826 3517 1034 3554 Argumentum
1062 3525 1089 3546 ct
1115 3519 1215 3547 divisio
1244 3526 1344 3547 textuS.
1374 3519 1545 3556 impartibile

495 3561 554 3579 non
576 3560 704 3596 movetur
732 3555 785 3582 nisi
807 3565 856 3591 per
878 3557 1016 3585 accidens.
1039 3573 1056 3578 -
1079 3566 1104 3585 2.
1128 3558 1275 3596 Contingit
1304 3558 1410 3595 aliquid
1438 3559 1545 3588 moveri

495 3600 546 3627 per
566 3593 695 3620 acc1dens
716 3602 765 3621 seu
789 3595 825 3622 ad
846 3602 957 3623 motum
979 3596 1101 3631 alterius,
1123 3604 1171 3625 aut
1186 3598 1258 3626 sicut
1279 3597 1307 3626 id
1330 3599 1409 3635 quod
1430 3608 1490 3627 non
1505 3605 1546 3627 est

1600 3529 1666 3556 pars
1688 3520 1757 3555 eius,
1779 3530 1805 3548 v.
1827 3530 1853 3557 g.
1876 3525 2043 3548 contentum
2062 3519 2107 3547 vel
2127 3517 2267 3553 accidens,
2289 3523 2338 3546 aut
2359 3517 2431 3546 sicut
2451 3525 2518 3554 pars
2537 3516 2575 3544 ad
2595 3523 2660 3543 mo-

1600 3567 1661 3588 tum
1690 3559 1777 3588 totius
1805 3565 1944 3587 movetur.
1968 3575 1986 3580 —
2011 3558 2183 3595 Impartibile
2211 3567 2277 3586 cum
2305 3556 2454 3594 dupliciter
2475 3555 2592 3590 dicatur,
2613 3554 2658 3582 vel

1601 3600 1758 3628 secundum
1781 3598 1980 3636 quantitatem,
1996 3597 2040 3626 vei
2053 3598 2211 3626 secundum
2234 3596 2367 3634 speciem,
2389 3595 2483 3633 primo
2504 3594 2593 3623 modo
2613 3593 2659 3622 hic
