2840 4004
2409 231 2458 256 XV

284 307 450 349 animos
484 302 768 358 perturbabat.
806 302 1001 355 Quorum
1035 300 1154 340 iustis
1188 298 1371 352 querelis
1404 298 1586 345 adducti,
1613 312 1700 338 non
1727 299 1818 338 sine
1856 300 2226 357 maximo-labore,
2250 307 2450 355 suscepto

283 368 401 423 operi
435 366 495 407 sic
529 378 704 419 operam
739 364 947 410 dedimus,
983 367 1028 402 ut
1060 361 1242 414 primum
1276 359 1438 399 collatis
1471 359 1668 399 fidelibus
1704 360 2016 413 exemplaribus
2050 367 2188 402 textus
2219 363 2453 417 corrigere-

281 441 397 476 mus,
434 433 475 468 et
508 426 661 479 cuique
696 429 939 465 commento
973 422 1193 476 proprium
1228 427 1269 461 et
1300 421 1522 473 antiquum
1570 421 1857 461 redderemus.
1894 422 2213 463 Commentaria
2260 423 2451 472 demum,

279 488 572 531 vetustissimo
607 501 656 527 ac
694 484 943 526 fidelissimo
978 495 1108 522 manu
1146 482 1303 535 scripto
1349 482 1578 535 exemplari
1619 482 1772 522 collato
1807 482 1861 522 ab
1901 483 2131 523 innumeris
2174 485 2454 539 purgavimus

281 551 507 593 erroribus.
555 549 700 588 Locos
733 547 834 585 item
876 544 1059 592 multos,
1105 557 1154 583 ac
1196 542 1426 583 sententias
1474 543 1702 596 integritati
1742 543 2022 592 restituimus,
2071 546 2203 585 multa
2241 547 2454 599 superflue

283 613 438 660 addita,
473 621 583 664 quae
616 607 759 661 potius
793 605 1095 645 obscuritatem
1129 617 1258 657 quam
1293 603 1522 644 claritatem
1555 604 1742 657 aliquam
1775 604 2004 652 faciebant,
2040 605 2289 646 ademimus.
2325 607 2453 648 Sum-

284 687 376 716 mas
409 672 534 713 etiam
567 667 746 709 Roberti
779 665 1077 716 Linconiensis
1112 666 1154 705 in
1188 665 1366 705 eosdem
1409 665 1568 712 libros,
1620 665 1738 704 omni
1779 665 1997 720 diligentia
2037 667 2352 721 castigavimus.
2397 669 2456 710 Ut

284 741 425 776 autem
457 729 654 771 libentius
699 734 740 768 et
785 727 1040 768 fructuosius
1082 727 1347 781 legerentur,
1388 726 1594 766 librorum
1641 726 1833 766 omnium
1880 740 1929 766 ac
1976 727 2279 769 lectionum
2318 730 2454 769 inten-

283 797 443 836 tionem
477 792 518 831 in
551 803 740 831 summas
775 789 831 828 ita
864 787 1139 843 collegimus,
1181 793 1227 827 ut
1258 787 1393 841 prima
1426 788 1566 827 statim
1609 787 1713 827 facie
1759 787 1891 827 lector
1922 788 2069 828 videat
2114 789 2216 842 quid
2256 790 2298 829 in
2346 804 2455 843 quo-

283 866 466 907 cumque
499 852 626 899 libro,
661 850 895 891 lectione..
930 849 1146 890 attendere
1181 848 1357 897 debeat,
1393 854 1434 888 et
1465 849 1564 888 inde
1598 848 1809 902 integrum
1857 862 2006 902 capere
2040 849 2220 890 fructum
2266 852 2453 904 possit...

283 915 522 970 Copiosum
564 925 739 966 quoque
781 924 830 951 ac
863 910 1180 951 refertissimum
1227 909 1410 949 indicem
1445 923 1469 949 a
1502 909 1628 949 nobis
1677 909 1965 963 excogitatum
2012 910 2108 950 huic
2156 912 2274 964 operi
2322 926 2457 966 nuper

281 976 525 1019 addidimus
559 986 647 1027 quo
681 972 822 1026 quivis
868 972 1062 1012 facillime
1095 971 1337 1012 Aristotelis
1383 970 1510 1018 dicta,
1561 976 1602 1010 et
1635 970 1779 1009 omnia
1812 971 1918 1010 scitu
1953 971 2084 1026 digna
2129 985 2239 1026 quae
2283 980 2382 1013 sunt
2414 975 2455 1014 in

283 1035 659 1079 Commentariis...
682 1034 871 1074 invenire
904 1033 1068 1087 poterit.
1094 1050 1108 1069 »
1147 1033 1232 1086 Ipsi
1255 1033 1401 1072 Iuntae
1424 1032 1532 1071 hanc
1566 1031 1797 1071 editionem
1821 1032 2161 1085 reproduxerunt
2182 1047 2295 1074 anno
2327 1034 2453 1075 1566.

282 1102 395 1141 Inter
427 1098 639 1138 novitates
670 1095 945 1136 recensionis
991 1094 1209 1134 Fabianae
1242 1093 1344 1133 illud
1392 1093 1571 1141 eminet,
1607 1092 1726 1146 quod
1760 1093 1801 1132 in
1835 1093 1975 1133 Libris
2009 1100 2158 1143 sexto,
2193 1096 2376 1149 septimo
2415 1102 2456 1136 et

284 1167 460 1207 octavo,
500 1158 855 1212 diagrammatum
895 1169 1006 1210 quae
1048 1155 1302 1196 Aristoteles
1347 1166 1423 1208 per
1461 1155 1618 1194 litteras
1662 1153 1880 1208 designat,
1926 1155 2096 1208 saepius
2143 1156 2273 1210 siglas
2317 1163 2455 1197 muta-

245 1249 248 1252 ·
282 1223 361 1270 vit3
396 1220 444 1260 cf.
478 1220 551 1268 VI,
585 1222 816 1272 11,β;111,δ;
841 1230 944 1270 v1,e,
969 1223 1103 1270 λ;ν11,
1135 1236 1172 1269 κς
1207 1217 1299 1264 VII,
1333 1229 1374 1264 11,
1408 1236 1443 1271 γ,
1465 1219 1501 1269 δ;
1522 1228 1584 1263 ΙΧ;
1618 1227 1720 1263 XVII,
1757 1235 1797 1258 a:
1830 1215 2060 1268 aliquando
2094 1222 2236 1257 tamen
2270 1218 2454 1272 signatio

283 1287 477 1323 servatur
509 1280 650 1335 graeci
672 1285 811 1320 textus
835 1286 876 1320 et
909 1278 1117 1319 codicum.
1141 1279 1243 1318 Non
1277 1277 1488 1318 credimus
1512 1276 1695 1316 Fabium
1720 1276 1798 1316 hac
1833 1277 1873 1316 in
1907 1289 1951 1316 re
1974 1283 2167 1318 secutum
2191 1291 2285 1318 esse
2310 1292 2454 1319 exem-

283 1345 374 1398 plar
400 1355 526 1383 suum
555 1340 893 1381 vetustissimum
927 1345 968 1380 et
1000 1339 1310 1387 fidelissimum,
1346 1352 1443 1379 cum
1476 1338 1579 1378 istae
1613 1338 1746 1392 siglae
1779 1338 1931 1391 partim
1965 1339 2327 1392 correspondeant
2359 1354 2455 1380 ver-

283 1404 395 1445 sioni
429 1402 718 1457 Argyropyli‚
753 1402 904 1455 partim
939 1401 1114 1441 omnino
1148 1400 1390 1441 arbitrariae
1429 1400 1530 1448 sint,
1566 1405 1606 1439 et
1639 1399 1766 1439 etiam
1809 1399 1978 1453 saepius
2012 1399 2298 1454 signationem
2331 1402 2455 1442 stulte

282 1465 540 1520 perturbent.
575 1463 636 1503 Cf.
660 1463 739 1510 VI,
763 1475 825 1510 1v,
856 1481 879 1516 γ
909 1461 1043 1514 (cuius
1075 1462 1222 1502 ultima
1254 1462 1364 1501 linea
1395 1461 1455 1501 sic
1488 1461 1670 1514 legatur:
1702 1477 1716 1495 «
1738 1461 1871 1500 Num.
1907 1470 1932 1511 7
1962 1463 2047 1514 pro
2078 1462 2165 1501 BE
2182 1463 2354 1515 prima,
2390 1477 2455 1503 se-

285 1526 442 1572 cunda,
483 1524 609 1564 tertia
647 1526 691 1562 et
723 1526 848 1562 sexta
880 1523 970 1562 vice
995 1523 1089 1569 BC,
1124 1523 1176 1562 de
1206 1526 1340 1563 cetero
1370 1523 1465 1562 ΒΚ.
1497 1540 1510 1558 »
1532 1522 1564 1575 );
1597 1521 1697 1561 ibid.
1728 1524 1764 1569 δ;
1794 1533 1853 1570 VI,
1883 1522 1921 1571 β;
1951 1534 2042 1571 vm,
2077 1524 2110 1572 β.
2145 1523 2278 1563 Piana
2309 1531 2454 1564 secuta

285 1592 350 1627 est
382 1585 565 1626 Fabium
605 1584 646 1623 in
678 1584 743 1623 his
781 1583 981 1632 omnibus
1013 1589 1179 1636 praeter
1210 1584 1328 1631 VIII,
1366 1595 1473 1631 xvn,
1515 1583 1588 1623 ubi
1627 1582 1724 1622 facit
1766 1595 1862 1622 cum
1902 1583 2122 1623 codicibus
2163 1590 2204 1624 et
2240 1585 2454 1638 prioribus

285 1646 556 1688 editionibus.

409 1707 548 1747 Annis
588 1704 714 1753 1552,
746 1703 852 1745 1561
889 1710 930 1744 et
973 1703 1086 1756 1564
1120 1704 1411 1758 Hieronymus
1447 1704 1604 1744 Scotus
1643 1703 1876 1743 editionem
1909 1705 2007 1744 anni
2048 1705 2156 1746 1551
2196 1707 2454 1760 reproduxit.

286 1769 617 1810 Abest'nomen
650 1766 825 1807 Romuli
848 1766 971 1806 Fabii
1006 1772 1046 1806 et
1080 1766 1259 1819 epistola
1296 1766 1386 1805 eius
1423 1765 1693 1805 dedicatoria.
1730 1765 1778 1804 In
1816 1765 1953 1805 indice
1987 1767 2150 1806 numeri
2184 1768 2384 1808 foliorum
2417 1774 2459 1808 et

287 1831 580 1870 columnarum
612 1828 703 1868 sine
738 1841 837 1868 cura
870 1832 911 1867 et
944 1827 1164 1882 diligentia
1188 1827 1414 1867 'reformati
1462 1832 1580 1875 sunt,
1615 1827 1684 1866 vel
1719 1826 1846 1866 etiam
1888 1826 2000 1867 nude
2034 1829 2288 1882 transcripti,
2324 1829 2380 1869 ita
2412 1835 2458 1869 ut

286 1890 549 1945 quandoque
582 1895 700 1930 extra
731 1889 826 1929 libri
859 1888 1015 1929 ducant
1047 1889 1284 1937 terminum,
1320 1901 1415 1928 cum
1450 1888 1569 1929 Scoti
1603 1887 1824 1937 editiones,
1856 1888 2041 1942 parviori
2075 1895 2178 1943 typo
2213 1890 2456 1943 impressae,

284 1943 556 2006 paucioribus
588 1951 700 1991 foliis
733 1950 1023 1991 absolvantur.

410 2075 563 2116 Utrum
596 2073 729 2113 Piana
760 2078 850 2113 tota
883 2077 1042 2125 quanta
1075 2078 1148 2122 est,
1173 2072 1228 2112 ad
1260 2072 1443 2126 aliquam
1468 2072 1656 2126 priorum
1688 2072 1922 2112 editionum
1956 2072 2198 2113 reducenda
2231 2073 2295 2122 sit,
2320 2074 2457 2114 nesci-

287 2148 401 2183 mus;
434 2141 577 2175 tamen
609 2139 697 2174 tam
729 2146 865 2186 pauca
896 2133 991 2173 loca
1023 2139 1122 2172 sunt
1155 2134 1197 2173 in
1230 2134 1386 2187 quibus
1407 2134 1541 2174 Piana
1575 2133 1796 2174 dissentire
1831 2133 2159 2187 deprehenditur
2181 2134 2234 2174 ab
2269 2134 2456 2176 editione

287 2195 422 2243 Fabii,
446 2201 493 2235 ut
524 2195 591 2235 hic
625 2194 706 2234 dici
739 2194 876 2247 possit
907 2194 1056 2234 fecisse
1089 2194 1265 2234 Pianam
1299 2195 1603 2235 recensionem.
1637 2195 1868 2247 Quaerenti
1892 2208 1995 2250 ergo
2020 2195 2073 2235 de
2096 2196 2343 2236 auctoritate
2365 2203 2458 2237 tex-

287 2262 356 2296 tus
389 2256 530 2304 Piani,
565 2254 851 2296 recedendum
885 2260 949 2294 est
981 2254 1035 2295 ad
1069 2255 1362 2295 recensionem
1394 2256 1539 2304 Fabii;
1573 2256 1640 2296 hic
1685 2262 1828 2296 tamen
1868 2270 1954 2296 non
1997 2256 2214 2297 standum:
2249 2257 2458 2312 quidquid

287 2316 401 2357 enim
434 2316 546 2356 dicat
578 2329 624 2356 se
657 2315 949 2356 vetustissimo
984 2321 1026 2355 et
1058 2314 1485 2356 fidelissimo'codice
1518 2330 1643 2356 usum
1678 2330 1784 2365 esse,
1809 2328 1957 2371 reapse
1990 2331 2068 2371 pro
2091 2324 2209 2372 parte
2232 2319 2323 2359 sine
2356 2333 2457 2373 pro-

285 2377 485 2431 portione
517 2377 667 2417 maiori
699 2377 796 2417 facit
829 2390 925 2417 cum
960 2376 1146 2417 editione
1180 2378 1278 2417 anni
1319 2376 1454 2428 1545,
1486 2378 1606 2422 cuius
1639 2391 1855 2431 anonyma
1887 2380 2078 2419 recensio
2112 2385 2153 2419 te
2187 2380 2361 2421 reducet
2403 2380 2457 2420 ad

287 2439 603 2492 Hieronymum
646 2437 699 2478 de
743 2437 940 2486 Oleariis,
976 2438 1049 2491 qui
1096 2451 1171 2492 per
1215 2439 1492 2479 Timotheum
1524 2439 1822 2479 Veronensem
1862 2440 1916 2479 ad
1956 2441 2243 2494 Theophilum
2278 2442 2457 2482 Cremo-

255 2494 258 2498 ⁴
287 2511 462 2541 nensem
497 2499 680 2540 recurrit.
703 2499 841 2553 Ipsius
874 2499 1101 2553 Theophili
1133 2499 1256 2540 labor
1278 2499 1560 2540 industriosus
1594 2513 1641 2540 se
1675 2500 1864 2540 extendit
1895 2501 1950 2541 ad
1974 2502 2274 2556 corrigendum
2306 2503 2458 2543 editio-

286 2574 386 2601 nem
420 2574 459 2602 a.
494 2561 648 2602 Utrum
681 2566 823 2600 autem
857 2573 990 2600 necne
1023 2561 1127 2601 haec
1161 2561 1403 2601 immediate
1437 2573 1491 2601 ex
1522 2562 1808 2615 manuscripto
1842 2563 2070 2615 exemplari
2100 2563 2352 2617 deprompta
2385 2564 2456 2612 sit,

289 2622 390 2674 quia
421 2621 584 2675 priores
618 2621 852 2662 editiones·
876 2622 1116 2662 consultare
1161 2636 1248 2662 non
1280 2622 1418 2671 licuit,
1457 2622 1736 2663 determinare
1770 2636 1857 2662 non
1890 2623 2119 2677 potuimus.
2159 2624 2240 2664 Hic
2274 2625 2457 2665 affirma-

290 2695 386 2722 mus
420 2681 526 2722 dua's
560 2681 776 2722 distinctas
811 2694 898 2722 res:
933 2683 1088 2736 primo,
1125 2683 1356 2723 editionem
1389 2697 1416 2724 a
1449 2684 1727 2737 sequentibus
1761 2684 2036 2725 fundamento
2070 2685 2214 2734 fuisse;
2253 2686 2456 2735 secundo,

292 2741 467 2782 editioni
500 2742 724 2795 posteriori
758 2743 1021 2796 cuicumque,
1047 2744 1278 2784 editionem
1309 2758 1420 2798 quae
1449 2744 1692 2785 immediate
1725 2746 2035 2799 praecessisset,
2060 2747 2356 2801 corrigendam
2389 2748 2459 2788 vel

290 2802 658 2857 reproducendam
692 2803 946 2844 inserviisse.
981 2805 1170 2845 Primum
1202 2819 1256 2845 an
1288 2819 1438 2846 verum
1472 2806 1536 2854 sit,
1571 2806 1778 2847 iudicabis
1822 2820 1875 2847 ex
1908 2807 2000 2855 hoc,
2037 2807 2154 2861 quod
2189 2822 2276 2848 non
2318 2809 2459 2849 solum

291 2870 431 2904 textus
463 2870 591 2918 prout
622 2878 650 2905 a
684 2878 782 2905 eum
825 2865 1020 2914 exhibet,
1055 2866 1097 2906 in
1145 2866 1471 2907 succedentibus
1505 2873 1759 2922 transparet;
1794 2868 1871 2908 sed
1909 2869 2035 2909 etiarn
2078 2882 2228 2910 omnes
2276 2870 2459 2910 eundem

292 2925 574 2965 characterem
608 2926 738 2980 idque
770 2926 979 2980 profunde
1012 2927 1265 2981 impressum
1299 2929 1488 2968 retinent.
1524 2929 1664 2969 Huius
1697 2935 1838 2970 autem
1871 2930 1954 2970 hoc
1987 2930 2158 2970 unicum
2197 2930 2340 2984 accipe
2379 2931 2459 2972 do·-

291 2992 554 3027 cumentum:
590 2987 1000 3041 quomodocumque
1044 2988 1253 3029 editiones
1290 2990 1397 3030 inter
1439 3003 1485 3030 se
1519 2990 1713 3030 differant
1742 2990 1970 3046 (differunt
2000 2997 2142 3032 autem
2175 2993 2459 3047 plurimum),

291 3047 483 3088 omnium
516 3047 788 3089 nihilominus
821 3054 1037 3103 respectus
1071 3050 1126 3090 ad
1159 3056 1330 3091 nostros
1365 3051 1535 3092 codices
1577 3051 1691 3092 idem
1731 3058 1796 3092 est
1837 3066 1885 3092 ac
1928 3053 2062 3093 solius
2095 3067 2152 3101 a‚·
2185 3053 2400 3094 discordet
2432 3068 2460 3094 a

290 3107 346 3147 ab
381 3108 591 3157 omnibus,
628 3110 916 3151 concordetve
949 3124 1046 3151 curn
1079 3111 1236 3165 paucis,
1261 3125 1357 3152 cum
1391 3113 1483 3166 ipsa
1514 3113 1767 3167 generaliter
1789 3119 1901 3153 stant
1933 3114 2141 3155 editiones
2176 3128 2286 3168 quae
2309 3121 2461 3169 postea

292 3175 510 3210 venerunt.
534 3170 605 3210 Ab
623 3171 822 3211 omnibus
838 3177 979 3212 autem
999 3172 1218 3213 codicibus
1235 3173 1394 3227 passim
1409 3187 1485 3227 per
1498 3180 1636 3214 totum
1655 3175 2021 3215 Commentarium
2038 3189 2066 3216 a
2085 3176 2258 3225 recedit;
2284 3175 2458 3229 quando

293 3241 398 3268 vero
422 3242 518 3270 cum
539 3231 684 3284 paucis
707 3232 813 3279 facit,
840 3232 1167 3286 deprehenditur
1189 3235 1418 3275 adhaerere
1441 3236 1688 3289 praesertim
1711 3236 1858 3284 tribus,
1883 3236 2041 3277 scilicet
2063 3238 2112 3285 E,
2137 3237 2178 3276 N
2201 3243 2243 3277 et
2264 3238 2293 3285 I,
2319 3243 2360 3277 et
2381 3237 2461 3277 hac

294 3288 469 3343 quidem
501 3291 790 3332 successione:
824 3293 918 3334 Lib.
942 3295 972 3342 I,
994 3307 1072 3343 1-x,
1107 3295 1172 3336 ed.
1201 3309 1230 3336 a
1262 3297 1453 3350 sequitur
1485 3298 1540 3345 E;
1561 3309 1700 3346 XI-XV,
1735 3298 1793 3346 N;
1817 3298 1865 3346 II,
1890 3298 1946 3337 III
1977 3303 2018 3337 et
2040 3298 2101 3337 IV
2123 3310 2246 3346 1-X1v,
2271 3298 2462 3352 sequitur

293 3351 333 3399 1;
365 3351 426 3390 IV
459 3363 647 3392 xv-Xxm
680 3358 722 3392 et
753 3353 805 3400 V,
841 3366 984 3394 rursus
1017 3355 1114 3395 facit
1147 3370 1243 3397 cum
1276 3358 1314 3397 E
1343 3357 1464 3411 (pE);
1494 3359 1572 3407 VI,
1607 3359 1698 3407 VII,
1730 3359 1829 3398 VIII
1862 3371 1975 3406 I-XX,
2011 3359 2235 3399 reassumit
2266 3360 2300 3408 Ι;
2338 3360 2459 3408 VIII,

293 3423 509 3460 XXI-xxm,
534 3413 707 3453 fluctuat
739 3413 846 3454 inter
879 3415 917 3454 E
946 3420 987 3454 et
1008 3416 1037 3456 Ι.
1062 3416 1287 3470 Theophili
1321 3425 1463 3459 autem
1491 3419 1793 3460 Cremonensis
1829 3418 1969 3467 editio,
1995 3420 2193 3473 quamvis
2220 3420 2461 3461 innumera-

293 3472 450 3514 bilibus
484 3474 526 3514 in
558 3474 674 3522 locis,
709 3475 946 3515 recensioni
977 3490 1006 3516 a
1040 3476 1140 3517 lima
1172 3479 1378 3531 apposita,
1412 3481 1507 3534 plus
1541 3480 1668 3521 distat
1705 3481 1759 3520 ab
1793 3493 1821 3520 a
1855 3493 1983 3533 quarn
2017 3494 2042 3520 a
2074 3482 2133 3530 P,
2168 3487 2311 3522 tamen
2357 3495 2461 3523 eun-

294 3533 394 3577 dem
434 3541 671 3589 respectum
705 3535 759 3576 ad
792 3542 963 3577 nostros
998 3537 1167 3579 codices
1201 3539 1350 3580 retinet
1376 3554 1504 3594 quem
1528 3555 1605 3595 pro
1629 3555 1656 3581 a
1679 3541 2077 3591 animadvertimus;
2102 3556 2179 3583 nec
2213 3543 2322 3584 inter
2354 3544 2461 3584 istos
