2774 4042
822 487 1940 600 PRAEFATIO

448 1325 543 1405 ῐι
578 1295 634 1393 Ὺ
593 1311 1438 1426 331³}AESZ‘Zsssdss'Stsffffinpv‘ffleefflss
1447 1307 1602 1409 <2535
1617 1307 2333 1422 ..3332ssssSsspssssfiffeetffinjihssffi
2360 1302 2490 1409 31³&ss

374 1407 407 1507 ᾇ
451 1404 619 1514 ⁸²¹7)st
632 1437 796 1490 logica,
831 1434 953 1475 tertia
985 1433 1134 1473 ethica.
1170 1432 1363 1484 Quarum
1397 1431 1571 1471 nomina
1603 1430 1732 1470 latina
1764 1430 1848 1470 iam
1871 1430 2101 1470 multorum
2123 1429 2270 1470 litteris
2297 1430 2489 1484 frequen-

551 1525 565 1530 »
623 1504 733 1537 tata
765 1502 874 1543 sunt,
909 1501 955 1535 ut
986 1494 1212 1540 naturalis,
1249 1492 1488 1539 ratzonalis,
1524 1492 1784 1544 moralisque
1811 1497 2066 1532 vocarentur
2090 1510 2101 1526 ι
2134 1491 2199 1544 (S.
2218 1492 2489 1547 Augustinus

313 1563 365 1603 de
401 1561 579 1602 Cz'vztate
610 1560 710 1605 Dei,
746 1558 842 1597 Lib.
865 1557 936 1603 XI,
972 1569 1061 1608 cap.
1085 1569 1184 1594 XXV.
1204 1578 1222 1584 -
1247 1555 1308 1594 Cf.
1333 1568 1365 1594 S.
1390 1554 1545 1593 Thom.
1570 1554 1661 1593 lect.
1685 1566 1699 1593 1
1732 1553 1773 1593 in
1806 1554 1824 1592 I
1856 1553 2144 1607 Ethz‘corum).

436 1624 543 1663 Post
575 1619 714 1661 editos
748 1631 852 1672 ergo
885 1616 1023 1670 primo
1058 1615 1277 1655 volumine
1311 1614 1434 1654 huius
1477 1615 1696 1654 Leoninae
1736 1614 1932 1654 editionis
1973 1615 2339 1663 Commentarios,
2376 1629 2487 1669 quos

314 1687 369 1727 D.
393 1684 585 1725 Thomas
620 1678 884 1722 elucubravit
915 1678 959 1718 iu
992 1677 1122 1717 libros
1154 1676 1311 1729 logicos
1343 1675 1607 1723 Aristotelis,
1642 1675 1724 1715 hoc
1768 1675 1900 1715 altero
1930 1674 2176 1724 'volumine,
2214 1677 2348 1717 secuti
2387 1691 2489 1718 ean-

316 1747 415 1787 dem
447 1743 698 1786 methodum
720 1740 995 1782 scientificam
1019 1738 1082 1792 (cf.
1106 1737 1277 1792 praefat.
1302 1737 1573 1805 generalem),
1599 1737 1919 1790 complectimur
1940 1738 2321 1790 praeclarissimam
2356 1751 2489 1793 expo-

315 1808 514 1848 sitionem
548 1805 680 1860 ipsius
713 1802 892 1871 angelici
926 1800 1130 1841 Doctoris
1163 1812 1291 1853 super
1322 1799 1505 1853 primurn
1538 1799 1691 1839 librum
1716 1798 2018 1852 phzlosophz'ae
2047 1799 2266 1839 naturalis
2298 1800 2490 1841 eiusdem

316 1867 570 1910 Aristotelis.
606 1866 727 1906 Licet
759 1865 872 1905 enim
904 1861 1121 1903 naturalis
1143 1861 1421 1915 phi'losophza
1443 1859 1583 1901 stricte
1618 1866 1801 1914 accepta,
1832 1866 1959 1914 prout
1981 1875 2006 1901 a
2029 1861 2319 1914 metaphysica
2341 1861 2490 1902 distin-

309 1931 468 1992 guitur,
503 1930 557 1970 sit
597 1927 783 1968 «ordine
817 1925 884 1966 sui
917 1923 1097 1978 quaesiti
1131 1929 1172 1963 et
1205 1922 1363 1963 scibilis
1396 1922 1563 1970 ultima;
1598 1921 1675 1962 sed
1709 1927 1850 1962 tamen
1884 1921 2033 1962 ordine
2067 1922 2284 1963 doctrinae
2314 1929 2378 1963 est
2400 1923 2492 1977 ipsa

315 1993 462 2047 prima
497 1989 705 2032 Doctrina
737 1988 850 2028 enim
883 1999 970 2026 non
1003 1998 1172 2038 semper
1205 1984 1349 2038 incipit
1381 1998 1406 2023 a
1439 1983 1567 2037 priori
1600 1983 1836 2023 secundum
1876 1996 1965 2024 rem
2000 1989 2041 2034 et
2073 1989 2288 2032 naturam,
2323 1984 2401 2025 sed
2434 1985 2488 2025 ab

317 2067 370 2094 eo
400 2067 425 2094 a
456 2067 543 2107 quo
576 2050 737 2091 facilior
770 2055 834 2089 est
867 2047 1068 2088 doctrina.
1105 2047 1286 2086 Constat
1318 2051 1460 2085 autem
1494 2045 1613 2098 quod
1646 2045 1857 2085 humanus
1892 2045 2138 2094 intellectus,
2162 2051 2335 2099 propter
2368 2047 2490 2087 refle-

316 2116 490 2155 xionem
524 2126 654 2167 quam
686 2111 815 2151 habet
847 2109 901 2149 ad
934 2122 1120 2156 sensum,
1155 2122 1180 2148 a
1212 2120 1341 2148 sensu
1375 2106 1535 2162 colligit
1568 2106 1804 2155 scientiam;
1840 2112 1881 2147 et
1902 2106 2000 2147 ideo
2024 2107 2184 2147 facilior
2214 2113 2278 2148 est
2300 2107 2492 2148 doctrina

318 2182 365 2215 ut
397 2175 618 2228 incipiatur
650 2172 704 2212 ab
739 2184 791 2211 eo
825 2169 945 2223 quod
977 2182 1208 2222 possumus
1241 2168 1431 2222 accipere
1465 2181 1595 2208 sensu
1628 2174 1670 2208 et
1701 2168 2006 2223 imaginatione
2041 2174 2082 2208 et
2115 2169 2326 2209 intellectu
2360 2170 2491 2223 (phy-

317 2236 446 2287 szca),
483 2247 613 2289 quam
646 2233 700 2273 ab
735 2245 787 2272 eo
822 2230 941 2284 quod
973 2242 1203 2283 possumus
1237 2229 1427 2282 accipere
1461 2229 1765 2283 imaginatione
1799 2235 1840 2269 et
1872 2230 2083 2270 intellectu
2117 2231 2489 2283 (mathematica),

318 2297 387 2336 vel
420 2297 475 2336 ab
520 2308 572 2335 eo
621 2293 740 2347 quod
787 2292 1016 2345 accipimus
1064 2290 1275 2330 intellectu
1313 2290 1458 2330 vsolum
1505 2291 1844 2344 (metaphysica)
1871 2309 1885 2327 >
1926 2291 2006 2344 (D.
2041 2292 2244 2332 Albertus
2292 2293 2490 2347 Magnus,

318 2357 413 2397 Lib.
443 2358 461 2397 Ι
493 2356 678 2408 Physz'c„
714 2355 852 2394 Tract.
876 2353 912 2400 I,
947 2357 980 2392 c'.
1003 2365 1028 2392 1.
1053 2375 1072 2381 -
1096 2352 1206 2405 Opp.
1239 2352 1289 2391 T.
1319 2352 1373 2399 II,
1407 2351 1547 2405 Lugd.
1585 2351 1727 2406 1651).
1770 2352 1936 2393 Primus
1970 2359 2112 2393 autem
2149 2353 2255 2393 liber
2293 2354 2493 2394 scientiae

319 2418 517 2458 naturalis
547 2435 561 2453 «
586 2422 650 2457 est
681 2415 816 2455 Liber
836 2414 1124 2468 physicorum,
1161 2412 1234 2466 qui
1264 2412 1390 2452 etiam
1413 2412 1563 2452 dicitur
1590 2412 1642 2452 de
1665 2413 1843 2466 physico
1863 2415 1952 2454 sive
1972 2414 2172 2455 naturali
2189 2415 2357 2463 auditu,
2394 2415 2494 2469 quia

318 2493 394 2534 per
426 2479 604 2519 modum
638 2476 855 2517 doctrinae
888 2475 943 2515 ad
975 2474 1196 2515 audientes
1229 2473 1406 2514 traditus
1439 2474 1525 2514 fuit.
1559 2491 1572 2510 »
1612 2475 1674 2514 Ita
1706 2474 1797 2528 ipse
1830 2475 1885 2515 D.
1909 2475 2101 2516 Thomas
2134 2476 2270 2529 (Lect.
2294 2490 2325 2525 1,
2361 2491 2399 2517 n.
2426 2477 2491 2531 4),

319 2541 392 2595 qui
433 2541 545 2581 lib.I
577 2539 630 2580 de
666 2538 791 2579 Caelo
829 2540 872 2577 et
900 2536 1086 2584 Mundo,
1125 2536 1217 2576 lect.
1247 2548 1340 2583 xx1,
1374 2535 1595 2590 vulgatam
1635 2535 1890 2576 divisionem
1927 2536 2132 2577 librorum
2169 2538 2412 2579 Aristotelis
2451 2538 2493 2578 in

319 2603 624 2644 exoterz‘cos.et
655 2599 965 2640 acroamatz'cos
997 2598 1061 2638 his
1094 2597 1238 2637 verbis
1272 2597 1473 2651 explicat:
1510 2614 1523 2632 α
1559 2597 1692 2650 Apud
1729 2597 2010 2651 philosophos
2051 2604 2168 2639 erant
2207 2599 2294 2639 duo
2333 2612 2493 2654 genera

321 2663 584 2717 dogmatum.
620 2660 845 2713 Quaedam
879 2660 991 2700 enim
1025 2664 1159 2707 erant,
1195 2672 1305 2712 quae
1327 2672 1353 2698 a
1374 2658 1579 2712 principio
1602 2658 1838 2699 secundum
1873 2659 2067 2700 ordinem
2102 2659 2319 2700 doctrinae
2352 2661 2493 2701 multi-

320 2723 456 2764 tudini
478 2723 817 2777 -apponebantur,
852 2734 963 2774 quae
996 2720 1171 2774 quidem
1203 2720 1470 2760 vocabantur
1491 2719 1755 2768 enchz'rz'dia,·
1789 2720 2001 2774 quaedam
2034 2727 2177 2762 autem
2205 2728 2323 2763 erant
2355 2722 2494 2777 magis

320 2785 506 2832 subtilia,
531 2796 641 2838 quae
663 2783 1013 2837 proponebantur
1045 2781 1310 2822 auditoribus
1343 2781 1427 2821 iam
1461 2781 1685 2835 provectis,
1722 2795 1832 2835 quae
1865 2783 2132 2823 vocabantur
2162 2785 2491 2836 syntagmatz'ca,

321 2846 432 2886 idest
465 2844 742 2892 coordinalia‚
775 2844 845 2884 vel
878 2843 1183 2890 acroamatz'ca,
1220 2842 1330 2883 idest
1361 2842 1646 2883 auditionalia.
1674 2861 1685 2878 ›
1716 2844 1763 2883 In
1796 2844 2020 2898 prooemio
2054 2850 2197 2885 autem
2230 2845 2350 2899 quod
2372 2858 2494 2899 prae-

321 2907 498 2948 mittitur
534 2907 589 2947 ad
623 2905 940 2951 commentaria.
959 2904 1184 2958 Simplicii,
1218 2904 1323 2944 haec
1357 2904 1410 2944 de
1443 2905 1565 2944 titulo
1598 2905 1723 2945 huius
1766 2906 1906 2959 operis
1939 2906 2168 2947 habentur:
2210 2924 2234 2963 «ὁ
2256 2907 2398 2947 Causa
2430 2907 2494 2947 in-

321 2968 561 3023 scriptionis
593 2972 729 3021 patet:
764 2980 874 3015 nam,
910 2980 1006 3007 cum
1040 2966 1194 3006 doceat
1226 2979 1276 3006 ea
1309 2979 1419 3019 quae
1453 2966 1735 3006 communiter
1768 2966 1950 3022 [insunt]
1986 2968 2186 3008 omnibus
2220 2969 2493 3017 naturalibus,

322 3035 532 3084 quatenus
565 3028 770 3069 naturalia
799 3034 916 3076 sunt,
947 3028 1098 3068 merito
1133 3041 1361 3068 commune
1394 3041 1552 3068 nomen
1585 3027 1737 3068 indidit
1773 3029 1810 3068 ei
1843 3028 1895 3069 de
1931 3029 2132 3070 naturali
2168 3029 2488 3070 auscultatione.

321 3091 595 3131 Auscultatz'o
627 3095 769 3130 autem
803 3089 953 3130 dicitur
973 3089 1028 3129 ad
1062 3102 1160 3129 eum
1193 3089 1371 3129 modurn
1406 3089 1643 3138 elaborata,
1681 3096 1727 3130 ut
1767 3090 1808 3130 in
1842 3091 2187 3145 praeceptionem
2220 3092 2493 3132 auscultatio-

323 3165 508 3205 nemque
541 3152 720 3192 aliorum
743 3152 797 3191 sit
817 3151 1049 3205 proposita.
1083 3151 1247 3191 Verum
1270 3150 1481 3191 Adrastus
1515 3151 1558 3190 in
1592 3152 1898 3192 commentario
1932 3166 2012 3193 suo
2036 3152 2090 3192 de
2123 3152 2272 3193 ordine
2307 3152 2493 3192 conscri-

322 3217 492 3265 ptorum
526 3213 785 3261 Aristotelis,
815 3218 955 3252 narrat
992 3226 1017 3252 a
1050 3212 1263 3252 nonnullis
1297 3212 1404 3252 hanc
1446 3212 1739 3254 tractationem
1778 3214 2022 3267 inscriptam
2058 3227 2153 3254 esse
2192 3213 2244 3253 de
2268 3213 2495 3268 przucipz'zs

323 3274 421 3325 (περὶ
451 3274 616 3325 ἀρχῶν),
653 3279 695 3313 et
726 3274 780 3314 ab
815 3274 905 3314 aliis
938 3273 990 3313 de
1020 3273 1219 3314 naturali
1242 3273 1551 3314 auscultatione
1587 3277 1753 3327 (φυσικῆς
1785 3276 2026 3326 ἀκροάσεως).
2063 3276 2309 3324 Praeterea,
2344 3274 2492 3329 inquit,

324 3334 553 3373 nonnullos
588 3334 777 3386 quinque
810 3335 945 3387 prima
976 3335 1197 3375 volumina
1229 3335 1493 3388 inscripsisse
1526 3335 1578 3375 de
1598 3336 1835 3389 przucz‘pz'z's‚
1861 3336 2023 3388 reliqua
2050 3349 2155 3375 vero
2189 3335 2267 3376 tria
2298 3335 2350 3376 de
2379 3339 2496 3376 motu

327 3396 422 3446 (περὶ
450 3395 664 3445 κινήσεως);
701 3407 788 3448 quo
832 3400 957 3448 pacto
1001 3395 1127 3435 etiarn
1159 3395 1327 3436 videtur
1360 3397 1614 3437 Aristoteles
1653 3397 1858 3444 sensisse,
1901 3396 2058 3450 quippe
2101 3396 2173 3450 qui
2216 3397 2408 3451 pluribus
2452 3398 2495 3437 in

325 3455 431 3495 locis
455 3455 507 3495 de
531 3455 633 3509 ipsis
657 3455 768 3495 hunc
795 3455 837 3495 in
861 3454 1038 3495 modum
1073 3455 1216 3496 fecerit
1248 3457 1509 3498 mentionem
1532 3476 1547 3494 »
1575 3456 1636 3512 (v.
1661 3457 1714 3498 de
1738 3458 1870 3497 Caelo
1894 3458 1928 3505 Ι,
1954 3470 1986 3497 c.
2010 3471 2056 3506 v,
2082 3472 2120 3498 n.
2146 3460 2192 3507 6;
2216 3471 2249 3498 c.
2273 3471 2328 3507 v1,
2353 3473 2391 3499 n.
2422 3472 2436 3499 1
2454 3469 2494 3506 1·;

324 3515 372 3556 cf.
390 3516 434 3557 S.
448 3517 527 3557 Th.
546 3516 646 3557 ibid.
665 3517 704 3556 ll.
723 3529 764 3565 x,
783 3517 882 3571 xm).
906 3516 1203 3565 Postmodum,
1228 3530 1361 3571 prope
1383 3519 1512 3559 finem
1534 3518 1754 3572 prooemii,
1779 3518 1965 3571 praefata
1987 3518 2200 3560 distinctio
2225 3533 2494 3560 commemo-

324 3583 448 3626 ratur,
473 3591 558 3632 qua
580 3578 822 3618 Aristotelis
856 3578 1010 3632 scripta
1031 3578 1222 3618 bifariam
1246 3578 1507 3620 dividuntur:
1534 3592 1687 3632 nempe
1717 3596 1730 3615 ι
1754 3579 1795 3618 in
1820 3592 1870 3620 ea
1892 3593 2003 3634 quae
2028 3583 2208 3622 externa
2232 3581 2495 3629 nominabat,
