<?xml version="1.0" encoding="UTF-8"?>
<!DOCTYPE html PUBLIC "-//W3C//DTD XHTML 1.0 Transitional//EN"
    "http://www.w3.org/TR/xhtml1/DTD/xhtml1-transitional.dtd">
<html xmlns="http://www.w3.org/1999/xhtml" xml:lang="en" lang="en">
 <head>
  <title>
</title>
<meta http-equiv="Content-Type" content="text/html;charset=utf-8" />
  <meta name='ocr-system' content='tesseract 3.04.00' />
  <meta name='ocr-capabilities' content='ocr_page ocr_carea ocr_par ocr_line ocrx_word'/>
</head>
<body>
  <div class='ocr_page' id='page_1' title='image "./operaomniaiussui02thom/operaomniaiussui02thom_0331.png"; bbox 0 0 2898 3996; ppageno 0'>
   <div class='ocr_carea' id='block_1_1' title="bbox 1117 292 1606 338">
    <p class='ocr_par' dir='ltr' id='par_1_1' title="bbox 1117 292 1606 338">
     <span class='ocr_line' id='line_1_1' title="bbox 1117 292 1606 338; baseline -0.002 -9"><span class='ocrx_word' id='word_1_1' title='bbox 1117 293 1227 329; x_wconf 90' lang='lat' dir='ltr'>CAP.</span> <span class='ocrx_word' id='word_1_2' title='bbox 1257 293 1342 338; x_wconf 91' lang='lat' dir='ltr'>VII,</span> <span class='ocrx_word' id='word_1_3' title='bbox 1373 292 1523 328; x_wconf 90' lang='lat' dir='ltr'>LECT.</span> <span class='ocrx_word' id='word_1_4' title='bbox 1555 293 1606 328; x_wconf 91' lang='lat' dir='ltr'>IX</span> 
     </span>
    </p>
   </div>
   <div class='ocr_carea' id='block_1_2' title="bbox 36 371 1331 432">
    <p class='ocr_par' dir='ltr' id='par_1_2' title="bbox 36 371 1331 432">
     <span class='ocr_line' id='line_1_2' title="bbox 36 371 1331 432; baseline -0.001 -24.998"><span class='ocrx_word' id='word_1_5' title='bbox 36 384 165 432; x_wconf 43' lang='grc' dir='ltr'>ἔξει-»ἔν</span> <span class='ocrx_word' id='word_1_6' title='bbox 178 380 245 403; x_wconf 80' lang='lat' dir='ltr'>codd</span> <span class='ocrx_word' id='word_1_7' title='bbox 272 371 453 408; x_wconf 88' lang='lat' dir='ltr'>velociter</span> <span class='ocrx_word' id='word_1_8' title='bbox 471 372 704 408; x_wconf 86' lang='lat' dir='ltr'>moveatur</span> <span class='ocrx_word' id='word_1_9' title='bbox 713 383 781 419; x_wconf 90' lang='lat' dir='ltr'>per</span> <span class='ocrx_word' id='word_1_10' title='bbox 799 379 918 408; x_wconf 88' lang='lat' dir='ltr'>totam</span> <span class='ocrx_word' id='word_1_11' title='bbox 939 371 1254 419; x_wconf 82' lang='lat' dir='ltr'>magnitudinem3</span> <span class='ocrx_word' id='word_1_12' title='bbox 1276 382 1331 406; x_wconf 90' lang='lat' dir='ltr'>se-</span> 
     </span>
    </p>
   </div>
   <div class='ocr_carea' id='block_1_3' title="bbox 42 3347 128 3630">
    <p class='ocr_par' dir='ltr' id='par_1_3' title="bbox 42 3347 128 3630">
     <span class='ocr_line' id='line_1_3' title="bbox 42 3347 128 3630; baseline 0 366"><span class='ocrx_word' id='word_1_13' title='bbox 42 3347 128 3630; x_wconf 95' lang='lat' dir='ltr'> </span> 
     </span>
    </p>
   </div>
   <div class='ocr_carea' id='block_1_4' title="bbox 0 587 256 3996">
    <p class='ocr_par' dir='ltr' id='par_1_4' title="bbox 0 587 256 3996">
     <span class='ocr_line' id='line_1_4' title="bbox 0 587 256 3996; baseline 0 0"><span class='ocrx_word' id='word_1_14' title='bbox 0 587 256 3996; x_wconf 95' lang='lat' dir='ltr'> </span> 
     </span>
    </p>
   </div>
   <div class='ocr_carea' id='block_1_5' title="bbox 274 423 1333 578">
    <p class='ocr_par' dir='ltr' id='par_1_5' title="bbox 274 423 1333 578">
     <span class='ocr_line' id='line_1_5' title="bbox 275 423 1330 471; baseline -0.002 -11"><span class='ocrx_word' id='word_1_15' title='bbox 275 424 399 460; x_wconf 90' lang='lat' dir='ltr'>cundo</span> <span class='ocrx_word' id='word_1_16' title='bbox 420 423 450 460; x_wconf 93' lang='lat' dir='ltr'>si</span> <span class='ocrx_word' id='word_1_17' title='bbox 469 436 548 460; x_wconf 92' lang='lat' dir='ltr'>non</span> <span class='ocrx_word' id='word_1_18' title='bbox 566 423 802 460; x_wconf 82' lang='lat' dir='ltr'>uniformiter</span> <span class='ocrx_word' id='word_1_19' title='bbox 826 432 862 460; x_wconf 92' lang='lat' dir='ltr'>et</span> <span class='ocrx_word' id='word_1_20' title='bbox 880 424 1097 471; x_wconf 84' lang='lat' dir='ltr'>regulariter</span> <span class='ocrx_word' id='word_1_21' title='bbox 1119 430 1330 467; x_wconf 87' lang='lat' dir='ltr'>moveatur,</span> 
     </span>
     <span class='ocr_line' id='line_1_6' title="bbox 274 451 1332 524; baseline -0.002 -12"><span class='ocrx_word' id='word_1_22' title='bbox 274 475 346 512; x_wconf 86' lang='lat' dir='ltr'>ibi:</span> <span class='ocrx_word' id='word_1_23' title='bbox 375 477 449 512; x_wconf 86' lang='lat' dir='ltr'>Sed</span> <span class='ocrx_word' id='word_1_24' title='bbox 473 476 507 513; x_wconf 86' lang='lat' dir='ltr'>si</span> <span class='ocrx_word' id='word_1_25' title='bbox 533 488 606 513; x_wconf 89' lang='lat' dir='ltr'>non</span> <span class='ocrx_word' id='word_1_26' title='bbox 635 477 680 512; x_wconf 85' lang='lat' dir='ltr'>szt</span> <span class='ocrx_word' id='word_1_27' title='bbox 695 478 714 497; x_wconf 49' lang='lat'>’&#39;³‘&#39;</span> <span class='ocrx_word' id='word_1_28' title='bbox 731 485 799 514; x_wconf 92' lang='lat' dir='ltr'>etc.</span> <span class='ocrx_word' id='word_1_29' title='bbox 829 477 927 513; x_wconf 86' lang='lat' dir='ltr'>Dicit</span> <span class='ocrx_word' id='word_1_30' title='bbox 951 489 1040 523; x_wconf 91' lang='lat' dir='ltr'>ergo</span> <span class='ocrx_word' id='word_1_31' title='bbox 1061 476 1197 524; x_wconf 87' lang='lat' dir='ltr'>prim0,</span> <span class='ocrx_word' id='word_1_32' title='bbox 1228 451 1332 522; x_wconf 84' lang='lat' dir='ltr'>quod</span> 
     </span>
     <span class='ocr_line' id='line_1_7' title="bbox 276 528 1333 578; baseline -0.003 -13"><span class='ocrx_word' id='word_1_33' title='bbox 276 528 306 565; x_wconf 91' lang='lat' dir='ltr'>si</span> <span class='ocrx_word' id='word_1_34' title='bbox 333 528 379 565; x_wconf 89' lang='lat' dir='ltr'>sit</span> <span class='ocrx_word' id='word_1_35' title='bbox 406 529 559 576; x_wconf 86' lang='lat' dir='ltr'>aliquod</span> <span class='ocrx_word' id='word_1_36' title='bbox 588 529 730 565; x_wconf 87' lang='lat' dir='ltr'>mobile</span> <span class='ocrx_word' id='word_1_37' title='bbox 758 529 863 578; x_wconf 91' lang='lat' dir='ltr'>quod</span> <span class='ocrx_word' id='word_1_38' title='bbox 891 541 1012 576; x_wconf 88' lang='lat' dir='ltr'>aeque</span> <span class='ocrx_word' id='word_1_39' title='bbox 1044 528 1224 564; x_wconf 88' lang='lat' dir='ltr'>velociter</span> <span class='ocrx_word' id='word_1_40' title='bbox 1251 539 1333 563; x_wconf 89' lang='lat' dir='ltr'>mo-</span> 
     </span>
    </p>
   </div>
   <div class='ocr_carea' id='block_1_6' title="bbox 241 579 1332 630">
    <p class='ocr_par' dir='ltr' id='par_1_6' title="bbox 241 579 1332 630">
     <span class='ocr_line' id='line_1_8' title="bbox 241 579 1332 630; baseline -0.003 -13"><span class='ocrx_word' id='word_1_41' title='bbox 241 603 247 609; x_wconf 89' lang='lat'><strong>·</strong></span> <span class='ocrx_word' id='word_1_42' title='bbox 275 589 409 617; x_wconf 90' lang='lat' dir='ltr'>veatur</span> <span class='ocrx_word' id='word_1_43' title='bbox 432 594 501 630; x_wconf 92' lang='lat' dir='ltr'>per</span> <span class='ocrx_word' id='word_1_44' title='bbox 525 588 659 627; x_wconf 89' lang='lat' dir='ltr'>totum,</span> <span class='ocrx_word' id='word_1_45' title='bbox 680 593 834 618; x_wconf 86' lang='lat' dir='ltr'>necesse</span> <span class='ocrx_word' id='word_1_46' title='bbox 864 589 918 617; x_wconf 92' lang='lat' dir='ltr'>est</span> <span class='ocrx_word' id='word_1_47' title='bbox 946 583 987 627; x_wconf 33' lang='grc' dir='ltr'>ξ’,</span> <span class='ocrx_word' id='word_1_48' title='bbox 1012 580 1042 616; x_wconf 87' lang='lat' dir='ltr'>si</span> <span class='ocrx_word' id='word_1_49' title='bbox 1065 579 1262 628; x_wconf 86' lang='lat' dir='ltr'>pertransit</span> <span class='ocrx_word' id='word_1_50' title='bbox 1289 579 1332 615; x_wconf 93' lang='lat' dir='ltr'>fi-</span> 
     </span>
    </p>
   </div>
   <div class='ocr_carea' id='block_1_7' title="bbox 274 632 1336 1101">
    <p class='ocr_par' dir='ltr' id='par_1_7' title="bbox 274 632 1336 1101">
     <span class='ocr_line' id='line_1_9' title="bbox 275 632 1332 682; baseline -0.004 -12"><span class='ocrx_word' id='word_1_51' title='bbox 275 633 394 670; x_wconf 91' lang='lat' dir='ltr'>nitam</span> <span class='ocrx_word' id='word_1_52' title='bbox 422 633 743 681; x_wconf 84' lang='lat' dir='ltr'>magnitudinem,</span> <span class='ocrx_word' id='word_1_53' title='bbox 782 633 885 682; x_wconf 92' lang='lat' dir='ltr'>quod</span> <span class='ocrx_word' id='word_1_54' title='bbox 914 634 988 669; x_wconf 94' lang='lat' dir='ltr'>hoc</span> <span class='ocrx_word' id='word_1_55' title='bbox 1016 632 1061 668; x_wconf 91' lang='lat' dir='ltr'>sit</span> <span class='ocrx_word' id='word_1_56' title='bbox 1094 632 1132 668; x_wconf 92' lang='lat' dir='ltr'>in</span> <span class='ocrx_word' id='word_1_57' title='bbox 1159 639 1332 679; x_wconf 91' lang='lat' dir='ltr'>tempore</span> 
     </span>
     <span class='ocr_line' id='line_1_10' title="bbox 275 684 1332 734; baseline -0.003 -11"><span class='ocrx_word' id='word_1_58' title='bbox 275 686 395 723; x_wconf 91' lang='lat' dir='ltr'>finito.</span> <span class='ocrx_word' id='word_1_59' title='bbox 425 686 638 734; x_wconf 88' lang='lat' dir='ltr'>Accipiatur</span> <span class='ocrx_word' id='word_1_60' title='bbox 675 687 776 722; x_wconf 90' lang='lat' dir='ltr'>enim</span> <span class='ocrx_word' id='word_1_61' title='bbox 813 697 890 721; x_wconf 90' lang='lat' dir='ltr'>una</span> <span class='ocrx_word' id='word_1_62' title='bbox 924 697 1011 733; x_wconf 92' lang='lat' dir='ltr'>pars</span> <span class='ocrx_word' id='word_1_63' title='bbox 1046 684 1332 731; x_wconf 85' lang='lat' dir='ltr'>magnitudinis,</span> 
     </span>
     <span class='ocr_line' id='line_1_11' title="bbox 276 737 1334 786; baseline -0.003 -11"><span class='ocrx_word' id='word_1_64' title='bbox 276 751 374 786; x_wconf 89' lang='lat' dir='ltr'>quae</span> <span class='ocrx_word' id='word_1_65' title='bbox 402 746 593 775; x_wconf 88' lang='lat' dir='ltr'>mensuret</span> <span class='ocrx_word' id='word_1_66' title='bbox 624 746 765 783; x_wconf 90' lang='lat' dir='ltr'>totum;</span> <span class='ocrx_word' id='word_1_67' title='bbox 793 744 886 786; x_wconf 92' lang='lat' dir='ltr'>puta</span> <span class='ocrx_word' id='word_1_68' title='bbox 905 737 950 774; x_wconf 90' lang='lat' dir='ltr'>sit</span> <span class='ocrx_word' id='word_1_69' title='bbox 963 738 982 758; x_wconf 76' lang='lat'>&#39;¹‘</span> <span class='ocrx_word' id='word_1_70' title='bbox 997 737 1103 773; x_wconf 91' lang='lat' dir='ltr'>tertia</span> <span class='ocrx_word' id='word_1_71' title='bbox 1121 738 1182 773; x_wconf 90' lang='lat' dir='ltr'>vel</span> <span class='ocrx_word' id='word_1_72' title='bbox 1203 744 1334 785; x_wconf 89' lang='lat' dir='ltr'>quarta</span> 
     </span>
     <span class='ocr_line' id='line_1_12' title="bbox 274 789 1335 839; baseline -0.003 -11"><span class='ocrx_word' id='word_1_73' title='bbox 274 803 362 839; x_wconf 91' lang='lat' dir='ltr'>pars</span> <span class='ocrx_word' id='word_1_74' title='bbox 391 790 667 838; x_wconf 86' lang='lat' dir='ltr'>magnitudinis.</span> <span class='ocrx_word' id='word_1_75' title='bbox 690 791 729 827; x_wconf 92' lang='lat' dir='ltr'>Si</span> <span class='ocrx_word' id='word_1_76' title='bbox 758 802 846 837; x_wconf 89' lang='lat' dir='ltr'>ergo</span> <span class='ocrx_word' id='word_1_77' title='bbox 876 790 1016 826; x_wconf 90' lang='lat' dir='ltr'>mobile</span> <span class='ocrx_word' id='word_1_78' title='bbox 1045 802 1164 837; x_wconf 88' lang='lat' dir='ltr'>aeque</span> <span class='ocrx_word' id='word_1_79' title='bbox 1196 789 1335 826; x_wconf 89' lang='lat' dir='ltr'>veloci-</span> 
     </span>
     <span class='ocr_line' id='line_1_13' title="bbox 274 842 1334 890; baseline -0.002 -10"><span class='ocrx_word' id='word_1_80' title='bbox 274 851 331 880; x_wconf 89' lang='lat' dir='ltr'>ter</span> <span class='ocrx_word' id='word_1_81' title='bbox 358 850 535 880; x_wconf 89' lang='lat' dir='ltr'>movetur</span> <span class='ocrx_word' id='word_1_82' title='bbox 560 855 630 890; x_wconf 92' lang='lat' dir='ltr'>per</span> <span class='ocrx_word' id='word_1_83' title='bbox 647 850 781 888; x_wconf 87' lang='lat' dir='ltr'>totum,</span> <span class='ocrx_word' id='word_1_84' title='bbox 804 849 840 878; x_wconf 89' lang='lat' dir='ltr'>et</span> <span class='ocrx_word' id='word_1_85' title='bbox 867 854 988 890; x_wconf 90' lang='lat' dir='ltr'>aeque</span> <span class='ocrx_word' id='word_1_86' title='bbox 1007 843 1120 878; x_wconf 83' lang='lat' dir='ltr'>velox</span> <span class='ocrx_word' id='word_1_87' title='bbox 1150 849 1204 878; x_wconf 88' lang='lat' dir='ltr'>est</span> <span class='ocrx_word' id='word_1_88' title='bbox 1232 842 1334 890; x_wconf 92' lang='lat' dir='ltr'>quod</span> 
     </span>
     <span class='ocr_line' id='line_1_14' title="bbox 275 894 1332 944; baseline -0.002 -12"><span class='ocrx_word' id='word_1_89' title='bbox 275 896 432 944; x_wconf 89' lang='lat' dir='ltr'>aequale</span> <span class='ocrx_word' id='word_1_90' title='bbox 460 894 623 943; x_wconf 86' lang='lat' dir='ltr'>spatium</span> <span class='ocrx_word' id='word_1_91' title='bbox 660 894 699 931; x_wconf 91' lang='lat' dir='ltr'>in</span> <span class='ocrx_word' id='word_1_92' title='bbox 728 894 876 942; x_wconf 92' lang='lat' dir='ltr'>aequali</span> <span class='ocrx_word' id='word_1_93' title='bbox 913 903 1085 943; x_wconf 89' lang='lat' dir='ltr'>tempore</span> <span class='ocrx_word' id='word_1_94' title='bbox 1114 895 1332 942; x_wconf 81' lang='lat' dir='ltr'>pertransit,</span> 
     </span>
     <span class='ocr_line' id='line_1_15' title="bbox 276 947 1336 995; baseline -0.001 -11"><span class='ocrx_word' id='word_1_95' title='bbox 276 948 443 995; x_wconf 88' lang='lat' dir='ltr'>sequitur</span> <span class='ocrx_word' id='word_1_96' title='bbox 470 947 574 995; x_wconf 92' lang='lat' dir='ltr'>quod</span> <span class='ocrx_word' id='word_1_97' title='bbox 610 947 649 983; x_wconf 90' lang='lat' dir='ltr'>in</span> <span class='ocrx_word' id='word_1_98' title='bbox 677 947 897 995; x_wconf 88' lang='lat' dir='ltr'>aequalibus</span> <span class='ocrx_word' id='word_1_99' title='bbox 934 947 1189 995; x_wconf 87' lang='lat' dir='ltr'>temporibus,</span> <span class='ocrx_word' id='word_1_100' title='bbox 1218 955 1254 983; x_wconf 90' lang='lat' dir='ltr'>et</span> <span class='ocrx_word' id='word_1_101' title='bbox 1281 954 1336 983; x_wconf 91' lang='lat' dir='ltr'>tot</span> 
     </span>
     <span class='ocr_line' id='line_1_16' title="bbox 275 999 1334 1048; baseline -0.001 -12"><span class='ocrx_word' id='word_1_102' title='bbox 275 1007 368 1048; x_wconf 90' lang='lat' dir='ltr'>quot</span> <span class='ocrx_word' id='word_1_103' title='bbox 395 1007 480 1036; x_wconf 90' lang='lat' dir='ltr'>sunt</span> <span class='ocrx_word' id='word_1_104' title='bbox 498 1007 622 1048; x_wconf 88' lang='lat' dir='ltr'>partes</span> <span class='ocrx_word' id='word_1_105' title='bbox 641 999 918 1047; x_wconf 86' lang='lat' dir='ltr'>magnitudinis,</span> <span class='ocrx_word' id='word_1_106' title='bbox 938 1007 1171 1048; x_wconf 86' lang='lat' dir='ltr'>pertranseat</span> <span class='ocrx_word' id='word_1_107' title='bbox 1195 999 1334 1035; x_wconf 90' lang='lat' dir='ltr'>mobile</span> 
     </span>
     <span class='ocr_line' id='line_1_17' title="bbox 274 1051 1335 1101; baseline 0 -13"><span class='ocrx_word' id='word_1_108' title='bbox 274 1059 393 1088; x_wconf 91' lang='lat' dir='ltr'>totam</span> <span class='ocrx_word' id='word_1_109' title='bbox 421 1051 742 1099; x_wconf 88' lang='lat' dir='ltr'>magnitudinem:</span> <span class='ocrx_word' id='word_1_110' title='bbox 771 1060 874 1101; x_wconf 88' lang='lat' dir='ltr'>puta,</span> <span class='ocrx_word' id='word_1_111' title='bbox 895 1052 925 1088; x_wconf 89' lang='lat' dir='ltr'>si</span> <span class='ocrx_word' id='word_1_112' title='bbox 949 1060 1103 1100; x_wconf 90' lang='lat' dir='ltr'>accepta</span> <span class='ocrx_word' id='word_1_113' title='bbox 1131 1052 1176 1088; x_wconf 91' lang='lat' dir='ltr'>sit</span> <span class='ocrx_word' id='word_1_114' title='bbox 1203 1059 1335 1099; x_wconf 90' lang='lat' dir='ltr'>quarta</span> 
     </span>
    </p>
   </div>
   <div class='ocr_carea' id='block_1_8' title="bbox 151 1104 1335 1206">
    <p class='ocr_par' dir='ltr' id='par_1_8' title="bbox 151 1104 1335 1206">
     <span class='ocr_line' id='line_1_18' title="bbox 151 1104 1334 1159; baseline -0.001 -18"><span class='ocrx_word' id='word_1_115' title='bbox 151 1118 164 1132; x_wconf 60' lang='grc' dir='ltr'><strong><em>ε</em></strong></span> <span class='ocrx_word' id='word_1_116' title='bbox 191 1118 247 1159; x_wconf 60' lang='lat' dir='ltr'>ero,</span> <span class='ocrx_word' id='word_1_117' title='bbox 274 1117 362 1153; x_wconf 92' lang='lat' dir='ltr'>pars</span> <span class='ocrx_word' id='word_1_118' title='bbox 377 1105 656 1152; x_wconf 86' lang='lat' dir='ltr'>magnitudinis,</span> <span class='ocrx_word' id='word_1_119' title='bbox 669 1117 754 1141; x_wconf 89' lang='lat' dir='ltr'>eam</span> <span class='ocrx_word' id='word_1_120' title='bbox 767 1105 1033 1154; x_wconf 64' lang='lat' dir='ltr'>pertransibit*</span> <span class='ocrx_word' id='word_1_121' title='bbox 1043 1105 1081 1140; x_wconf 91' lang='lat' dir='ltr'>in</span> <span class='ocrx_word' id='word_1_122' title='bbox 1096 1104 1221 1152; x_wconf 93' lang='lat' dir='ltr'>aliquo</span> <span class='ocrx_word' id='word_1_123' title='bbox 1241 1112 1334 1140; x_wconf 90' lang='lat' dir='ltr'>tem-</span> 
     </span>
     <span class='ocr_line' id='line_1_19' title="bbox 199 1157 1335 1206; baseline -0.001 -12"><span class='ocrx_word' id='word_1_124' title='bbox 199 1170 213 1185; x_wconf 93' lang='lat'><strong>0</strong></span> <span class='ocrx_word' id='word_1_125' title='bbox 241 1170 380 1206; x_wconf 91' lang='lat' dir='ltr'>·pore,</span> <span class='ocrx_word' id='word_1_126' title='bbox 402 1165 438 1194; x_wconf 91' lang='lat' dir='ltr'>et</span> <span class='ocrx_word' id='word_1_127' title='bbox 466 1158 577 1194; x_wconf 90' lang='lat' dir='ltr'>aliam</span> <span class='ocrx_word' id='word_1_128' title='bbox 606 1165 778 1206; x_wconf 88' lang='lat' dir='ltr'>quartam</span> <span class='ocrx_word' id='word_1_129' title='bbox 796 1159 814 1179; x_wconf 61' lang='lat'>’⁸</span> <span class='ocrx_word' id='word_1_130' title='bbox 830 1157 874 1195; x_wconf 92' lang='lat' dir='ltr'>in·</span> <span class='ocrx_word' id='word_1_131' title='bbox 887 1158 958 1194; x_wconf 91' lang='lat' dir='ltr'>alio</span> <span class='ocrx_word' id='word_1_132' title='bbox 979 1165 1151 1206; x_wconf 91' lang='lat' dir='ltr'>tempore</span> <span class='ocrx_word' id='word_1_133' title='bbox 1171 1157 1335 1204; x_wconf 89' lang='lat' dir='ltr'>aequali;</span> 
     </span>
    </p>
   </div>
   <div class='ocr_carea' id='block_1_9' title="bbox 276 1210 1337 1311">
    <p class='ocr_par' dir='ltr' id='par_1_9' title="bbox 276 1210 1337 1311">
     <span class='ocr_line' id='line_1_20' title="bbox 277 1210 1337 1259; baseline -0.001 -12"><span class='ocrx_word' id='word_1_134' title='bbox 277 1218 312 1247; x_wconf 92' lang='lat' dir='ltr'>et</span> <span class='ocrx_word' id='word_1_135' title='bbox 340 1210 392 1246; x_wconf 88' lang='lat' dir='ltr'>sic</span> <span class='ocrx_word' id='word_1_136' title='bbox 420 1218 539 1247; x_wconf 90' lang='lat' dir='ltr'>totam</span> <span class='ocrx_word' id='word_1_137' title='bbox 567 1210 865 1258; x_wconf 86' lang='lat' dir='ltr'>magnitudinem</span> <span class='ocrx_word' id='word_1_138' title='bbox 889 1210 1090 1259; x_wconf 87' lang='lat' dir='ltr'>pertransit</span> <span class='ocrx_word' id='word_1_139' title='bbox 1116 1210 1155 1247; x_wconf 91' lang='lat' dir='ltr'>in</span> <span class='ocrx_word' id='word_1_140' title='bbox 1175 1218 1337 1258; x_wconf 91' lang='lat' dir='ltr'>quatuor</span> 
     </span>
     <span class='ocr_line' id='line_1_21' title="bbox 276 1262 1336 1311; baseline 0 -12"><span class='ocrx_word' id='word_1_141' title='bbox 276 1263 496 1311; x_wconf 87' lang='lat' dir='ltr'>aequalibus</span> <span class='ocrx_word' id='word_1_142' title='bbox 525 1263 772 1311; x_wconf 88' lang='lat' dir='ltr'>temporibus.</span> <span class='ocrx_word' id='word_1_143' title='bbox 795 1263 894 1309; x_wconf 91' lang='lat' dir='ltr'>Quia</span> <span class='ocrx_word' id='word_1_144' title='bbox 923 1275 1012 1311; x_wconf 91' lang='lat' dir='ltr'>ergo</span> <span class='ocrx_word' id='word_1_145' title='bbox 1041 1271 1164 1311; x_wconf 89' lang='lat' dir='ltr'>partes</span> <span class='ocrx_word' id='word_1_146' title='bbox 1193 1262 1336 1310; x_wconf 89' lang='lat' dir='ltr'>magni-</span> 
     </span>
    </p>
   </div>
   <div class='ocr_carea' id='block_1_10' title="bbox 198 1315 1337 1365">
    <p class='ocr_par' dir='ltr' id='par_1_10' title="bbox 198 1315 1337 1365">
     <span class='ocr_line' id='line_1_22' title="bbox 198 1315 1337 1365; baseline -0.001 -12"><span class='ocrx_word' id='word_1_147' title='bbox 198 1327 235 1342; x_wconf 64' lang='lat'>20-</span> <span class='ocrx_word' id='word_1_148' title='bbox 276 1316 414 1353; x_wconf 83' lang='lat' dir='ltr'>tudinis</span> <span class='ocrx_word' id='word_1_149' title='bbox 433 1323 519 1352; x_wconf 91' lang='lat' dir='ltr'>sunt</span> <span class='ocrx_word' id='word_1_150' title='bbox 537 1316 664 1352; x_wconf 91' lang='lat' dir='ltr'>finitae</span> <span class='ocrx_word' id='word_1_151' title='bbox 683 1328 857 1362; x_wconf 91' lang='lat' dir='ltr'>numero,</span> <span class='ocrx_word' id='word_1_152' title='bbox 870 1323 906 1352; x_wconf 90' lang='lat' dir='ltr'>et</span> <span class='ocrx_word' id='word_1_153' title='bbox 922 1328 1174 1365; x_wconf 88' lang='lat' dir='ltr'>unaquaeque</span> <span class='ocrx_word' id='word_1_154' title='bbox 1191 1315 1302 1352; x_wconf 87' lang='lat' dir='ltr'>etiam</span> <span class='ocrx_word' id='word_1_155' title='bbox 1318 1316 1337 1336; x_wconf 38' lang='grc' dir='ltr'>’ᾗ</span> 
     </span>
    </p>
   </div>
   <div class='ocr_carea' id='block_1_11' title="bbox 276 1368 1339 1786">
    <p class='ocr_par' dir='ltr' id='par_1_11' title="bbox 276 1368 1339 1786">
     <span class='ocr_line' id='line_1_23' title="bbox 279 1368 1337 1417; baseline -0.001 -12"><span class='ocrx_word' id='word_1_156' title='bbox 279 1376 334 1405; x_wconf 90' lang='lat' dir='ltr'>est</span> <span class='ocrx_word' id='word_1_157' title='bbox 365 1368 470 1405; x_wconf 92' lang='lat' dir='ltr'>finita</span> <span class='ocrx_word' id='word_1_158' title='bbox 507 1369 716 1405; x_wconf 90' lang='lat' dir='ltr'>secundum</span> <span class='ocrx_word' id='word_1_159' title='bbox 754 1368 1020 1417; x_wconf 83' lang='lat' dir='ltr'>quantitatem,</span> <span class='ocrx_word' id='word_1_160' title='bbox 1061 1376 1096 1405; x_wconf 91' lang='lat' dir='ltr'>et</span> <span class='ocrx_word' id='word_1_161' title='bbox 1132 1374 1185 1405; x_wconf 89' lang='lat' dir='ltr'>tot</span> <span class='ocrx_word' id='word_1_162' title='bbox 1219 1368 1337 1405; x_wconf 84' lang='lat' dir='ltr'>modis</span> 
     </span>
     <span class='ocr_line' id='line_1_24' title="bbox 276 1421 1338 1470; baseline -0.001 -12"><span class='ocrx_word' id='word_1_163' title='bbox 276 1421 475 1470; x_wconf 87' lang='lat' dir='ltr'>pertransit</span> <span class='ocrx_word' id='word_1_164' title='bbox 502 1434 636 1458; x_wconf 89' lang='lat' dir='ltr'>omnes</span> <span class='ocrx_word' id='word_1_165' title='bbox 664 1429 800 1470; x_wconf 81' lang='lat' dir='ltr'>parteS,</span> <span class='ocrx_word' id='word_1_166' title='bbox 822 1421 916 1458; x_wconf 92' lang='lat' dir='ltr'>idest</span> <span class='ocrx_word' id='word_1_167' title='bbox 943 1421 981 1458; x_wconf 88' lang='lat' dir='ltr'>in</span> <span class='ocrx_word' id='word_1_168' title='bbox 1005 1421 1162 1458; x_wconf 91' lang='lat' dir='ltr'>totidem</span> <span class='ocrx_word' id='word_1_169' title='bbox 1191 1428 1338 1469; x_wconf 88' lang='lat' dir='ltr'>tempo-</span> 
     </span>
     <span class='ocr_line' id='line_1_25' title="bbox 277 1474 1337 1522; baseline 0 -12"><span class='ocrx_word' id='word_1_170' title='bbox 277 1474 378 1510; x_wconf 89' lang='lat' dir='ltr'>ribus</span> <span class='ocrx_word' id='word_1_171' title='bbox 416 1474 656 1522; x_wconf 81' lang='lat' dir='ltr'>aequalibus3</span> <span class='ocrx_word' id='word_1_172' title='bbox 692 1474 859 1522; x_wconf 88' lang='lat' dir='ltr'>sequitur</span> <span class='ocrx_word' id='word_1_173' title='bbox 893 1474 996 1522; x_wconf 91' lang='lat' dir='ltr'>quod</span> <span class='ocrx_word' id='word_1_174' title='bbox 1029 1481 1150 1510; x_wconf 90' lang='lat' dir='ltr'>totum</span> <span class='ocrx_word' id='word_1_175' title='bbox 1186 1481 1337 1522; x_wconf 91' lang='lat' dir='ltr'>tempus</span> 
     </span>
     <span class='ocr_line' id='line_1_26' title="bbox 276 1526 1338 1575; baseline 0 -12"><span class='ocrx_word' id='word_1_176' title='bbox 276 1526 315 1563; x_wconf 93' lang='lat' dir='ltr'>in</span> <span class='ocrx_word' id='word_1_177' title='bbox 343 1539 420 1575; x_wconf 93' lang='lat' dir='ltr'>quo</span> <span class='ocrx_word' id='word_1_178' title='bbox 450 1527 649 1575; x_wconf 88' lang='lat' dir='ltr'>pertransit</span> <span class='ocrx_word' id='word_1_179' title='bbox 684 1534 803 1563; x_wconf 92' lang='lat' dir='ltr'>totam</span> <span class='ocrx_word' id='word_1_180' title='bbox 832 1526 1153 1575; x_wconf 89' lang='lat' dir='ltr'>magnitudinem,</span> <span class='ocrx_word' id='word_1_181' title='bbox 1183 1526 1229 1563; x_wconf 89' lang='lat' dir='ltr'>sit</span> <span class='ocrx_word' id='word_1_182' title='bbox 1255 1527 1338 1563; x_wconf 90' lang='lat' dir='ltr'>fini-</span> 
     </span>
     <span class='ocr_line' id='line_1_27' title="bbox 276 1579 1337 1628; baseline 0.001 -13"><span class='ocrx_word' id='word_1_183' title='bbox 276 1587 369 1616; x_wconf 90' lang='lat' dir='ltr'>tum.</span> <span class='ocrx_word' id='word_1_184' title='bbox 391 1579 672 1616; x_wconf 89' lang='lat' dir='ltr'>Mensurabitur</span> <span class='ocrx_word' id='word_1_185' title='bbox 701 1579 803 1616; x_wconf 91' lang='lat' dir='ltr'>enim</span> <span class='ocrx_word' id='word_1_186' title='bbox 831 1592 853 1616; x_wconf 93' lang='lat' dir='ltr'>a</span> <span class='ocrx_word' id='word_1_187' title='bbox 881 1587 1053 1628; x_wconf 87' lang='lat' dir='ltr'>tempore</span> <span class='ocrx_word' id='word_1_188' title='bbox 1090 1579 1218 1616; x_wconf 90' lang='lat' dir='ltr'>finito:</span> <span class='ocrx_word' id='word_1_189' title='bbox 1248 1580 1337 1627; x_wconf 90' lang='lat' dir='ltr'>quia</span> 
     </span>
     <span class='ocr_line' id='line_1_28' title="bbox 278 1631 1337 1680; baseline 0 -12"><span class='ocrx_word' id='word_1_190' title='bbox 278 1632 345 1668; x_wconf 91' lang='lat' dir='ltr'>erit</span> <span class='ocrx_word' id='word_1_191' title='bbox 377 1631 486 1668; x_wconf 91' lang='lat' dir='ltr'>toties</span> <span class='ocrx_word' id='word_1_192' title='bbox 520 1640 666 1668; x_wconf 89' lang='lat' dir='ltr'>tantum</span> <span class='ocrx_word' id='word_1_193' title='bbox 699 1639 883 1680; x_wconf 91' lang='lat' dir='ltr'>quantum</span> <span class='ocrx_word' id='word_1_194' title='bbox 922 1640 976 1669; x_wconf 91' lang='lat' dir='ltr'>est</span> <span class='ocrx_word' id='word_1_195' title='bbox 1011 1640 1162 1680; x_wconf 89' lang='lat' dir='ltr'>tempus</span> <span class='ocrx_word' id='word_1_196' title='bbox 1194 1633 1232 1669; x_wconf 92' lang='lat' dir='ltr'>in</span> <span class='ocrx_word' id='word_1_197' title='bbox 1260 1645 1337 1680; x_wconf 92' lang='lat' dir='ltr'>quo</span> 
     </span>
     <span class='ocr_line' id='line_1_29' title="bbox 276 1685 1339 1733; baseline 0 -12"><span class='ocrx_word' id='word_1_198' title='bbox 276 1685 474 1733; x_wconf 87' lang='lat' dir='ltr'>pertransit</span> <span class='ocrx_word' id='word_1_199' title='bbox 487 1693 647 1733; x_wconf 90' lang='lat' dir='ltr'>partem,</span> <span class='ocrx_word' id='word_1_200' title='bbox 664 1685 810 1733; x_wconf 91' lang='lat' dir='ltr'>quoties</span> <span class='ocrx_word' id='word_1_201' title='bbox 830 1685 1050 1732; x_wconf 89' lang='lat' dir='ltr'>magnitudo</span> <span class='ocrx_word' id='word_1_202' title='bbox 1070 1693 1148 1721; x_wconf 90' lang='lat' dir='ltr'>tota</span> <span class='ocrx_word' id='word_1_203' title='bbox 1164 1693 1219 1722; x_wconf 91' lang='lat' dir='ltr'>est</span> <span class='ocrx_word' id='word_1_204' title='bbox 1237 1692 1339 1721; x_wconf 90' lang='lat' dir='ltr'>tanta</span> 
     </span>
     <span class='ocr_line' id='line_1_30' title="bbox 278 1738 1337 1786; baseline 0 -12"><span class='ocrx_word' id='word_1_205' title='bbox 278 1745 418 1786; x_wconf 91' lang='lat' dir='ltr'>quanta</span> <span class='ocrx_word' id='word_1_206' title='bbox 446 1745 501 1774; x_wconf 92' lang='lat' dir='ltr'>est</span> <span class='ocrx_word' id='word_1_207' title='bbox 527 1750 625 1786; x_wconf 91' lang='lat' dir='ltr'>pars.</span> <span class='ocrx_word' id='word_1_208' title='bbox 655 1739 704 1774; x_wconf 90' lang='lat' dir='ltr'>Et</span> <span class='ocrx_word' id='word_1_209' title='bbox 732 1738 784 1775; x_wconf 92' lang='lat' dir='ltr'>sic</span> <span class='ocrx_word' id='word_1_210' title='bbox 811 1745 932 1774; x_wconf 88' lang='lat' dir='ltr'>totum</span> <span class='ocrx_word' id='word_1_211' title='bbox 967 1745 1117 1785; x_wconf 84' lang='lat' dir='ltr'>tempus</span> <span class='ocrx_word' id='word_1_212' title='bbox 1147 1738 1214 1774; x_wconf 90' lang='lat' dir='ltr'>erit</span> <span class='ocrx_word' id='word_1_213' title='bbox 1242 1739 1337 1774; x_wconf 89' lang='lat' dir='ltr'>mul-</span> 
     </span>
    </p>
   </div>
   <div class='ocr_carea' id='block_1_12' title="bbox 237 1790 1335 1839">
    <p class='ocr_par' dir='ltr' id='par_1_12' title="bbox 237 1790 1335 1839">
     <span class='ocr_line' id='line_1_31' title="bbox 237 1790 1335 1839; baseline 0 -13"><span class='ocrx_word' id='word_1_214' title='bbox 237 1801 251 1816; x_wconf 79' lang='lat'>0</span> <span class='ocrx_word' id='word_1_215' title='bbox 277 1790 483 1838; x_wconf 88' lang='lat' dir='ltr'>tiplicatum</span> <span class='ocrx_word' id='word_1_216' title='bbox 512 1791 723 1827; x_wconf 92' lang='lat' dir='ltr'>secundum</span> <span class='ocrx_word' id='word_1_217' title='bbox 752 1790 1100 1839; x_wconf 88' lang='lat' dir='ltr'>multiplicationem</span> <span class='ocrx_word' id='word_1_218' title='bbox 1122 1790 1140 1810; x_wconf 68' lang='lat'>&#39;¹‘</span> <span class='ocrx_word' id='word_1_219' title='bbox 1160 1790 1335 1838; x_wconf 90' lang='lat' dir='ltr'>partium.</span> 
     </span>
    </p>
   </div>
   <div class='ocr_carea' id='block_1_13' title="bbox 276 1843 1339 2209">
    <p class='ocr_par' dir='ltr' id='par_1_13' title="bbox 276 1843 1339 2209">
     <span class='ocr_line' id='line_1_32' title="bbox 279 1843 1338 1892; baseline 0 -13"><span class='ocrx_word' id='word_1_220' title='bbox 279 1843 406 1880; x_wconf 91' lang='lat' dir='ltr'>Omne</span> <span class='ocrx_word' id='word_1_221' title='bbox 426 1850 554 1879; x_wconf 85' lang='lat' dir='ltr'>autem</span> <span class='ocrx_word' id='word_1_222' title='bbox 582 1843 871 1892; x_wconf 88' lang='lat' dir='ltr'>multiplicatum</span> <span class='ocrx_word' id='word_1_223' title='bbox 900 1850 1140 1879; x_wconf 88' lang='lat' dir='ltr'>mensuratur</span> <span class='ocrx_word' id='word_1_224' title='bbox 1167 1855 1190 1879; x_wconf 92' lang='lat' dir='ltr'>a</span> <span class='ocrx_word' id='word_1_225' title='bbox 1209 1844 1228 1864; x_wconf 81' lang='lat'>&#39;¹‘</span> <span class='ocrx_word' id='word_1_226' title='bbox 1249 1843 1338 1879; x_wconf 91' lang='lat' dir='ltr'>sub-</span> 
     </span>
     <span class='ocr_line' id='line_1_33' title="bbox 278 1895 1339 1945; baseline 0 -13"><span class='ocrx_word' id='word_1_227' title='bbox 278 1895 484 1944; x_wconf 83' lang='lat' dir='ltr'>multiplici,</span> <span class='ocrx_word' id='word_1_228' title='bbox 505 1895 599 1932; x_wconf 87' lang='lat' dir='ltr'>sicut</span> <span class='ocrx_word' id='word_1_229' title='bbox 628 1896 785 1945; x_wconf 90' lang='lat' dir='ltr'>duplum</span> <span class='ocrx_word' id='word_1_230' title='bbox 814 1909 836 1932; x_wconf 90' lang='lat' dir='ltr'>a</span> <span class='ocrx_word' id='word_1_231' title='bbox 865 1896 1042 1942; x_wconf 89' lang='lat' dir='ltr'>dimidio,</span> <span class='ocrx_word' id='word_1_232' title='bbox 1073 1903 1108 1932; x_wconf 92' lang='lat' dir='ltr'>et</span> <span class='ocrx_word' id='word_1_233' title='bbox 1135 1895 1287 1944; x_wconf 90' lang='lat' dir='ltr'>triplum</span> <span class='ocrx_word' id='word_1_234' title='bbox 1317 1908 1339 1932; x_wconf 91' lang='lat' dir='ltr'>a</span> 
     </span>
     <span class='ocr_line' id='line_1_34' title="bbox 277 1949 1338 1997; baseline 0 -12"><span class='ocrx_word' id='word_1_235' title='bbox 277 1949 460 1997; x_wconf 91' lang='lat' dir='ltr'>subtriplo</span> <span class='ocrx_word' id='word_1_236' title='bbox 492 1949 529 1994; x_wconf 66' lang='lat'>²¹²,</span> <span class='ocrx_word' id='word_1_237' title='bbox 561 1956 597 1985; x_wconf 90' lang='lat' dir='ltr'>et</span> <span class='ocrx_word' id='word_1_238' title='bbox 624 1949 677 1985; x_wconf 92' lang='lat' dir='ltr'>sic</span> <span class='ocrx_word' id='word_1_239' title='bbox 706 1949 753 1985; x_wconf 93' lang='lat' dir='ltr'>de</span> <span class='ocrx_word' id='word_1_240' title='bbox 781 1949 873 1986; x_wconf 90' lang='lat' dir='ltr'>aliis.</span> <span class='ocrx_word' id='word_1_241' title='bbox 903 1950 1076 1997; x_wconf 85' lang='lat' dir='ltr'>Tempus</span> <span class='ocrx_word' id='word_1_242' title='bbox 1105 1956 1232 1986; x_wconf 91' lang='lat' dir='ltr'>autem</span> <span class='ocrx_word' id='word_1_243' title='bbox 1262 1961 1338 1997; x_wconf 91' lang='lat' dir='ltr'>quo</span> 
     </span>
     <span class='ocr_line' id='line_1_35' title="bbox 276 2001 1338 2050; baseline 0 -12"><span class='ocrx_word' id='word_1_244' title='bbox 276 2001 475 2050; x_wconf 86' lang='lat' dir='ltr'>pertransit</span> <span class='ocrx_word' id='word_1_245' title='bbox 503 2009 649 2050; x_wconf 89' lang='lat' dir='ltr'>partem</span> <span class='ocrx_word' id='word_1_246' title='bbox 674 2010 728 2038; x_wconf 93' lang='lat' dir='ltr'>est</span> <span class='ocrx_word' id='word_1_247' title='bbox 746 2002 917 2039; x_wconf 90' lang='lat' dir='ltr'>finitum:</span> <span class='ocrx_word' id='word_1_248' title='bbox 947 2002 1035 2050; x_wconf 91' lang='lat' dir='ltr'>quia</span> <span class='ocrx_word' id='word_1_249' title='bbox 1054 2001 1084 2038; x_wconf 89' lang='lat' dir='ltr'>si</span> <span class='ocrx_word' id='word_1_250' title='bbox 1105 2001 1213 2038; x_wconf 89' lang='lat' dir='ltr'>detur</span> <span class='ocrx_word' id='word_1_251' title='bbox 1232 2002 1338 2050; x_wconf 92' lang='lat' dir='ltr'>quod</span> 
     </span>
     <span class='ocr_line' id='line_1_36' title="bbox 278 2053 1338 2103; baseline 0.001 -13"><span class='ocrx_word' id='word_1_252' title='bbox 278 2053 323 2090; x_wconf 93' lang='lat' dir='ltr'>sit</span> <span class='ocrx_word' id='word_1_253' title='bbox 350 2053 552 2102; x_wconf 89' lang='lat' dir='ltr'>infinitum,</span> <span class='ocrx_word' id='word_1_254' title='bbox 584 2062 761 2102; x_wconf 90' lang='lat' dir='ltr'>sequetur</span> <span class='ocrx_word' id='word_1_255' title='bbox 789 2054 894 2103; x_wconf 93' lang='lat' dir='ltr'>quod</span> <span class='ocrx_word' id='word_1_256' title='bbox 921 2054 959 2091; x_wconf 93' lang='lat' dir='ltr'>in</span> <span class='ocrx_word' id='word_1_257' title='bbox 988 2054 1134 2102; x_wconf 91' lang='lat' dir='ltr'>aequali</span> <span class='ocrx_word' id='word_1_258' title='bbox 1166 2062 1338 2102; x_wconf 89' lang='lat' dir='ltr'>tempore</span> 
     </span>
     <span class='ocr_line' id='line_1_37' title="bbox 276 2107 1339 2157; baseline 0.001 -14"><span class='ocrx_word' id='word_1_259' title='bbox 276 2115 510 2155; x_wconf 87' lang='lat' dir='ltr'>pertranseat</span> <span class='ocrx_word' id='word_1_260' title='bbox 537 2115 659 2144; x_wconf 91' lang='lat' dir='ltr'>totum</span> <span class='ocrx_word' id='word_1_261' title='bbox 680 2115 716 2143; x_wconf 91' lang='lat' dir='ltr'>et</span> <span class='ocrx_word' id='word_1_262' title='bbox 741 2115 906 2155; x_wconf 79' lang='lat' dir='ltr'>partem3</span> <span class='ocrx_word' id='word_1_263' title='bbox 936 2107 1040 2155; x_wconf 91' lang='lat' dir='ltr'>quod</span> <span class='ocrx_word' id='word_1_264' title='bbox 1053 2115 1124 2157; x_wconf 54' lang='lat' dir='ltr'>sest</span> <span class='ocrx_word' id='word_1_265' title='bbox 1153 2115 1282 2144; x_wconf 89' lang='lat' dir='ltr'>contra</span> <span class='ocrx_word' id='word_1_266' title='bbox 1301 2107 1339 2144; x_wconf 93' lang='lat' dir='ltr'>id</span> 
     </span>
     <span class='ocr_line' id='line_1_38' title="bbox 278 2159 1339 2209; baseline 0 -13"><span class='ocrx_word' id='word_1_267' title='bbox 278 2159 383 2207; x_wconf 93' lang='lat' dir='ltr'>quod</span> <span class='ocrx_word' id='word_1_268' title='bbox 412 2160 649 2208; x_wconf 89' lang='lat' dir='ltr'>suppositum</span> <span class='ocrx_word' id='word_1_269' title='bbox 679 2167 744 2197; x_wconf 90' lang='lat' dir='ltr'>est.</span> <span class='ocrx_word' id='word_1_270' title='bbox 766 2161 815 2196; x_wconf 85' lang='lat' dir='ltr'>Et</span> <span class='ocrx_word' id='word_1_271' title='bbox 842 2159 895 2196; x_wconf 90' lang='lat' dir='ltr'>sic</span> <span class='ocrx_word' id='word_1_272' title='bbox 913 2167 1062 2209; x_wconf 92' lang='lat' dir='ltr'>oportet</span> <span class='ocrx_word' id='word_1_273' title='bbox 1089 2161 1194 2208; x_wconf 91' lang='lat' dir='ltr'>quod</span> <span class='ocrx_word' id='word_1_274' title='bbox 1217 2167 1339 2196; x_wconf 89' lang='lat' dir='ltr'>totum</span> 
     </span>
    </p>
   </div>
   <div class='ocr_carea' id='block_1_14' title="bbox 278 2211 1353 2260">
    <p class='ocr_par' dir='ltr' id='par_1_14' title="bbox 278 2211 1353 2260">
     <span class='ocr_line' id='line_1_39' title="bbox 278 2211 1353 2260; baseline 0.001 -12"><span class='ocrx_word' id='word_1_275' title='bbox 278 2219 429 2260; x_wconf 89' lang='lat' dir='ltr'>tempus</span> <span class='ocrx_word' id='word_1_276' title='bbox 457 2212 503 2248; x_wconf 92' lang='lat' dir='ltr'>sit</span> <span class='ocrx_word' id='word_1_277' title='bbox 529 2212 696 2259; x_wconf 89' lang='lat' dir='ltr'>finitum;</span> <span class='ocrx_word' id='word_1_278' title='bbox 725 2212 814 2260; x_wconf 92' lang='lat' dir='ltr'>quia</span> <span class='ocrx_word' id='word_1_279' title='bbox 842 2213 987 2250; x_wconf 91' lang='lat' dir='ltr'>nullum</span> <span class='ocrx_word' id='word_1_280' title='bbox 1015 2212 1204 2249; x_wconf 89' lang='lat' dir='ltr'>infinitum</span> <span class='ocrx_word' id='word_1_281' title='bbox 1232 2211 1353 2249; x_wconf 73' lang='lat' dir='ltr'>men-&#39;</span> 
     </span>
    </p>
   </div>
   <div class='ocr_carea' id='block_1_15' title="bbox 277 2265 1341 3263">
    <p class='ocr_par' dir='ltr' id='par_1_15' title="bbox 279 2265 622 2302">
     <span class='ocr_line' id='line_1_40' title="bbox 279 2265 622 2302; baseline 0.003 -1"><span class='ocrx_word' id='word_1_282' title='bbox 279 2272 426 2301; x_wconf 92' lang='lat' dir='ltr'>suratur</span> <span class='ocrx_word' id='word_1_283' title='bbox 453 2277 475 2301; x_wconf 93' lang='lat' dir='ltr'>a</span> <span class='ocrx_word' id='word_1_284' title='bbox 502 2265 622 2302; x_wconf 90' lang='lat' dir='ltr'>finito.</span> 
     </span>
    </p>

    <p class='ocr_par' dir='ltr' id='par_1_16' title="bbox 277 2317 1340 2789">
     <span class='ocr_line' id='line_1_41' title="bbox 331 2317 1339 2367; baseline 0 -13"><span class='ocrx_word' id='word_1_285' title='bbox 331 2329 368 2364; x_wconf 86' lang='lat'>4.</span> <span class='ocrx_word' id='word_1_286' title='bbox 387 2317 464 2354; x_wconf 90' lang='lat' dir='ltr'>Sed</span> <span class='ocrx_word' id='word_1_287' title='bbox 482 2318 571 2367; x_wconf 91' lang='lat' dir='ltr'>quia</span> <span class='ocrx_word' id='word_1_288' title='bbox 585 2325 714 2366; x_wconf 90' lang='lat' dir='ltr'>posset</span> <span class='ocrx_word' id='word_1_289' title='bbox 728 2318 860 2366; x_wconf 90' lang='lat' dir='ltr'>aliquis</span> <span class='ocrx_word' id='word_1_290' title='bbox 881 2317 1015 2364; x_wconf 90' lang='lat' dir='ltr'>dicere,</span> <span class='ocrx_word' id='word_1_291' title='bbox 1033 2318 1137 2366; x_wconf 91' lang='lat' dir='ltr'>quod</span> <span class='ocrx_word' id='word_1_292' title='bbox 1156 2318 1241 2354; x_wconf 89' lang='lat' dir='ltr'>licet</span> <span class='ocrx_word' id='word_1_293' title='bbox 1254 2331 1339 2367; x_wconf 88' lang='lat' dir='ltr'>par-</span> 
     </span>
     <span class='ocr_line' id='line_1_42' title="bbox 278 2370 1338 2419; baseline 0.001 -13"><span class='ocrx_word' id='word_1_294' title='bbox 278 2377 334 2406; x_wconf 91' lang='lat' dir='ltr'>tes</span> <span class='ocrx_word' id='word_1_295' title='bbox 352 2370 617 2418; x_wconf 89' lang='lat' dir='ltr'>magnitudinis</span> <span class='ocrx_word' id='word_1_296' title='bbox 637 2370 709 2407; x_wconf 90' lang='lat' dir='ltr'>sint</span> <span class='ocrx_word' id='word_1_297' title='bbox 728 2371 915 2419; x_wconf 89' lang='lat' dir='ltr'>aequales,</span> <span class='ocrx_word' id='word_1_298' title='bbox 929 2379 965 2408; x_wconf 90' lang='lat' dir='ltr'>et</span> <span class='ocrx_word' id='word_1_299' title='bbox 982 2379 1200 2407; x_wconf 90' lang='lat' dir='ltr'>mensurent</span> <span class='ocrx_word' id='word_1_300' title='bbox 1219 2379 1338 2407; x_wconf 91' lang='lat' dir='ltr'>totam</span> 
     </span>
     <span class='ocr_line' id='line_1_43' title="bbox 277 2423 1339 2472; baseline 0.001 -13"><span class='ocrx_word' id='word_1_301' title='bbox 277 2423 583 2470; x_wconf 90' lang='lat' dir='ltr'>magnitudinem,</span> <span class='ocrx_word' id='word_1_302' title='bbox 604 2431 731 2460; x_wconf 91' lang='lat' dir='ltr'>tamen</span> <span class='ocrx_word' id='word_1_303' title='bbox 753 2431 877 2472; x_wconf 88' lang='lat' dir='ltr'>potest</span> <span class='ocrx_word' id='word_1_304' title='bbox 897 2424 1111 2471; x_wconf 88' lang='lat' dir='ltr'>contingere</span> <span class='ocrx_word' id='word_1_305' title='bbox 1131 2424 1236 2471; x_wconf 92' lang='lat' dir='ltr'>quod</span> <span class='ocrx_word' id='word_1_306' title='bbox 1254 2436 1339 2472; x_wconf 88' lang='lat' dir='ltr'>par-</span> 
     </span>
     <span class='ocr_line' id='line_1_44' title="bbox 277 2476 1339 2525; baseline 0.001 -13"><span class='ocrx_word' id='word_1_307' title='bbox 277 2483 333 2512; x_wconf 91' lang='lat' dir='ltr'>tes</span> <span class='ocrx_word' id='word_1_308' title='bbox 351 2476 530 2524; x_wconf 90' lang='lat' dir='ltr'>temporis</span> <span class='ocrx_word' id='word_1_309' title='bbox 549 2488 628 2512; x_wconf 91' lang='lat' dir='ltr'>non</span> <span class='ocrx_word' id='word_1_310' title='bbox 647 2484 732 2512; x_wconf 90' lang='lat' dir='ltr'>sunt</span> <span class='ocrx_word' id='word_1_311' title='bbox 752 2477 939 2525; x_wconf 86' lang='lat' dir='ltr'>aequales,</span> <span class='ocrx_word' id='word_1_312' title='bbox 961 2476 1053 2513; x_wconf 92' lang='lat' dir='ltr'>sicut</span> <span class='ocrx_word' id='word_1_313' title='bbox 1081 2477 1234 2525; x_wconf 89' lang='lat' dir='ltr'>quando</span> <span class='ocrx_word' id='word_1_314' title='bbox 1260 2489 1339 2513; x_wconf 93' lang='lat' dir='ltr'>non</span> 
     </span>
     <span class='ocr_line' id='line_1_45' title="bbox 279 2528 1338 2578; baseline 0.001 -13"><span class='ocrx_word' id='word_1_315' title='bbox 279 2536 333 2565; x_wconf 91' lang='lat' dir='ltr'>est</span> <span class='ocrx_word' id='word_1_316' title='bbox 361 2529 526 2577; x_wconf 89' lang='lat' dir='ltr'>aequalis</span> <span class='ocrx_word' id='word_1_317' title='bbox 552 2528 732 2566; x_wconf 89' lang='lat' dir='ltr'>velocitas</span> <span class='ocrx_word' id='word_1_318' title='bbox 750 2529 788 2566; x_wconf 93' lang='lat' dir='ltr'>in</span> <span class='ocrx_word' id='word_1_319' title='bbox 806 2537 886 2566; x_wconf 91' lang='lat' dir='ltr'>toto</span> <span class='ocrx_word' id='word_1_320' title='bbox 905 2537 1030 2574; x_wconf 84' lang='lat' dir='ltr'>motu3</span> <span class='ocrx_word' id='word_1_321' title='bbox 1062 2537 1097 2565; x_wconf 90' lang='lat' dir='ltr'>et</span> <span class='ocrx_word' id='word_1_322' title='bbox 1117 2529 1168 2566; x_wconf 87' lang='lat' dir='ltr'>sic</span> <span class='ocrx_word' id='word_1_323' title='bbox 1186 2537 1338 2578; x_wconf 90' lang='lat' dir='ltr'>tempus</span> 
     </span>
     <span class='ocr_line' id='line_1_46' title="bbox 279 2582 1340 2630; baseline 0 -12"><span class='ocrx_word' id='word_1_324' title='bbox 279 2593 355 2630; x_wconf 92' lang='lat' dir='ltr'>quo</span> <span class='ocrx_word' id='word_1_325' title='bbox 375 2589 556 2619; x_wconf 86' lang='lat' dir='ltr'>movetur</span> <span class='ocrx_word' id='word_1_326' title='bbox 578 2594 647 2630; x_wconf 92' lang='lat' dir='ltr'>per</span> <span class='ocrx_word' id='word_1_327' title='bbox 664 2589 820 2630; x_wconf 80' lang='lat' dir='ltr'>partem</span> <span class='ocrx_word' id='word_1_328' title='bbox 833 2582 1107 2630; x_wconf 86' lang='lat' dir='ltr'>magnitudinis,</span> <span class='ocrx_word' id='word_1_329' title='bbox 1129 2595 1207 2619; x_wconf 90' lang='lat' dir='ltr'>non</span> <span class='ocrx_word' id='word_1_330' title='bbox 1234 2595 1340 2618; x_wconf 89' lang='lat' dir='ltr'>men-</span> 
     </span>
     <span class='ocr_line' id='line_1_47' title="bbox 279 2634 1339 2683; baseline 0.001 -13"><span class='ocrx_word' id='word_1_331' title='bbox 279 2634 419 2671; x_wconf 88' lang='lat' dir='ltr'>surabit</span> <span class='ocrx_word' id='word_1_332' title='bbox 437 2642 586 2682; x_wconf 91' lang='lat' dir='ltr'>tempus</span> <span class='ocrx_word' id='word_1_333' title='bbox 605 2646 682 2682; x_wconf 92' lang='lat' dir='ltr'>quo</span> <span class='ocrx_word' id='word_1_334' title='bbox 705 2642 882 2671; x_wconf 88' lang='lat' dir='ltr'>movetur</span> <span class='ocrx_word' id='word_1_335' title='bbox 899 2647 968 2683; x_wconf 93' lang='lat' dir='ltr'>per</span> <span class='ocrx_word' id='word_1_336' title='bbox 986 2642 1121 2671; x_wconf 92' lang='lat' dir='ltr'>totam:</span> <span class='ocrx_word' id='word_1_337' title='bbox 1142 2635 1228 2672; x_wconf 91' lang='lat' dir='ltr'>ideo</span> <span class='ocrx_word' id='word_1_338' title='bbox 1250 2647 1339 2671; x_wconf 90' lang='lat' dir='ltr'>con-</span> 
     </span>
     <span class='ocr_line' id='line_1_48' title="bbox 279 2686 1340 2737; baseline 0.001 -14"><span class='ocrx_word' id='word_1_339' title='bbox 279 2694 481 2735; x_wconf 89' lang='lat' dir='ltr'>sequenter</span> <span class='ocrx_word' id='word_1_340' title='bbox 506 2686 572 2723; x_wconf 89' lang='lat' dir='ltr'>ibi:</span> <span class='ocrx_word' id='word_1_341' title='bbox 602 2687 676 2723; x_wconf 86' lang='lat' dir='ltr'>Sed</span> <span class='ocrx_word' id='word_1_342' title='bbox 696 2687 730 2723; x_wconf 84' lang='lat' dir='ltr'>si</span> <span class='ocrx_word' id='word_1_343' title='bbox 756 2699 830 2724; x_wconf 88' lang='lat' dir='ltr'>non</span> <span class='ocrx_word' id='word_1_344' title='bbox 857 2688 906 2724; x_wconf 82' lang='lat' dir='ltr'>sit</span> <span class='ocrx_word' id='word_1_345' title='bbox 931 2695 1013 2734; x_wconf 92' lang='lat' dir='ltr'>etc.,</span> <span class='ocrx_word' id='word_1_346' title='bbox 1044 2687 1207 2724; x_wconf 91' lang='lat' dir='ltr'>ostendit</span> <span class='ocrx_word' id='word_1_347' title='bbox 1234 2688 1340 2737; x_wconf 92' lang='lat' dir='ltr'>quod</span> 
     </span>
     <span class='ocr_line' id='line_1_49' title="bbox 279 2739 1191 2789; baseline 0.001 -14"><span class='ocrx_word' id='word_1_348' title='bbox 279 2740 354 2776; x_wconf 91' lang='lat' dir='ltr'>hoc</span> <span class='ocrx_word' id='word_1_349' title='bbox 382 2739 470 2776; x_wconf 90' lang='lat' dir='ltr'>nihil</span> <span class='ocrx_word' id='word_1_350' title='bbox 499 2739 621 2776; x_wconf 88' lang='lat' dir='ltr'>differt</span> <span class='ocrx_word' id='word_1_351' title='bbox 649 2747 833 2787; x_wconf 91' lang='lat' dir='ltr'>quantum</span> <span class='ocrx_word' id='word_1_352' title='bbox 861 2741 910 2777; x_wconf 90' lang='lat' dir='ltr'>ad</span> <span class='ocrx_word' id='word_1_353' title='bbox 941 2740 1191 2789; x_wconf 88' lang='lat' dir='ltr'>propositum.</span> 
     </span>
    </p>

    <p class='ocr_par' dir='ltr' id='par_1_17' title="bbox 278 2791 1341 3263">
     <span class='ocr_line' id='line_1_50' title="bbox 333 2791 1341 2841; baseline 0.001 -13"><span class='ocrx_word' id='word_1_354' title='bbox 333 2791 387 2829; x_wconf 91' lang='lat' dir='ltr'>Sit</span> <span class='ocrx_word' id='word_1_355' title='bbox 407 2791 506 2828; x_wconf 91' lang='lat' dir='ltr'>enim</span> <span class='ocrx_word' id='word_1_356' title='bbox 522 2792 541 2812; x_wconf 79' lang='lat'>*</span> <span class='ocrx_word' id='word_1_357' title='bbox 556 2793 622 2828; x_wconf 90' lang='lat' dir='ltr'>AB</span> <span class='ocrx_word' id='word_1_358' title='bbox 647 2791 807 2840; x_wconf 90' lang='lat' dir='ltr'>spatium</span> <span class='ocrx_word' id='word_1_359' title='bbox 829 2793 988 2839; x_wconf 89' lang='lat' dir='ltr'>finitum,</span> <span class='ocrx_word' id='word_1_360' title='bbox 1014 2793 1117 2841; x_wconf 93' lang='lat' dir='ltr'>quod</span> <span class='ocrx_word' id='word_1_361' title='bbox 1142 2793 1341 2841; x_wconf 88' lang='lat' dir='ltr'>pertransi-</span> 
     </span>
     <span class='ocr_line' id='line_1_51' title="bbox 278 2844 1340 2893; baseline 0 -11"><span class='ocrx_word' id='word_1_362' title='bbox 278 2852 359 2882; x_wconf 90' lang='lat' dir='ltr'>tum</span> <span class='ocrx_word' id='word_1_363' title='bbox 378 2844 422 2881; x_wconf 91' lang='lat' dir='ltr'>sit</span> <span class='ocrx_word' id='word_1_364' title='bbox 439 2844 477 2880; x_wconf 90' lang='lat' dir='ltr'>in</span> <span class='ocrx_word' id='word_1_365' title='bbox 494 2852 666 2892; x_wconf 88' lang='lat' dir='ltr'>tempore</span> <span class='ocrx_word' id='word_1_366' title='bbox 693 2844 837 2881; x_wconf 90' lang='lat' dir='ltr'>infinito</span> <span class='ocrx_word' id='word_1_367' title='bbox 866 2845 970 2893; x_wconf 90' lang='lat' dir='ltr'>quod</span> <span class='ocrx_word' id='word_1_368' title='bbox 990 2853 1044 2882; x_wconf 90' lang='lat' dir='ltr'>est</span> <span class='ocrx_word' id='word_1_369' title='bbox 1063 2846 1143 2882; x_wconf 91' lang='lat' dir='ltr'>CD.</span> <span class='ocrx_word' id='word_1_370' title='bbox 1173 2847 1340 2882; x_wconf 91' lang='lat' dir='ltr'>Necesse</span> 
     </span>
     <span class='ocr_line' id='line_1_52' title="bbox 280 2896 1340 2946; baseline 0 -11"><span class='ocrx_word' id='word_1_371' title='bbox 280 2905 336 2935; x_wconf 90' lang='lat' dir='ltr'>est</span> <span class='ocrx_word' id='word_1_372' title='bbox 354 2905 482 2934; x_wconf 89' lang='lat' dir='ltr'>autern</span> <span class='ocrx_word' id='word_1_373' title='bbox 499 2897 537 2934; x_wconf 93' lang='lat' dir='ltr'>in</span> <span class='ocrx_word' id='word_1_374' title='bbox 557 2896 660 2933; x_wconf 91' lang='lat' dir='ltr'>omni</span> <span class='ocrx_word' id='word_1_375' title='bbox 678 2905 796 2944; x_wconf 89' lang='lat' dir='ltr'>motu,</span> <span class='ocrx_word' id='word_1_376' title='bbox 818 2898 922 2946; x_wconf 93' lang='lat' dir='ltr'>quod</span> <span class='ocrx_word' id='word_1_377' title='bbox 941 2898 1042 2946; x_wconf 92' lang='lat' dir='ltr'>prius</span> <span class='ocrx_word' id='word_1_378' title='bbox 1061 2906 1340 2946; x_wconf 89' lang='lat' dir='ltr'>pertranseatur</span> 
     </span>
     <span class='ocr_line' id='line_1_53' title="bbox 279 2951 1337 2999; baseline 0.001 -12"><span class='ocrx_word' id='word_1_379' title='bbox 279 2962 356 2987; x_wconf 89' lang='lat' dir='ltr'>una</span> <span class='ocrx_word' id='word_1_380' title='bbox 369 2962 456 2999; x_wconf 90' lang='lat' dir='ltr'>pars</span> <span class='ocrx_word' id='word_1_381' title='bbox 471 2962 586 2998; x_wconf 91' lang='lat' dir='ltr'>quam</span> <span class='ocrx_word' id='word_1_382' title='bbox 601 2951 732 2986; x_wconf 86' lang='lat' dir='ltr'>altera:</span> <span class='ocrx_word' id='word_1_383' title='bbox 755 2957 790 2986; x_wconf 91' lang='lat' dir='ltr'>et</span> <span class='ocrx_word' id='word_1_384' title='bbox 802 2951 878 2987; x_wconf 92' lang='lat' dir='ltr'>hoc</span> <span class='ocrx_word' id='word_1_385' title='bbox 893 2951 1004 2987; x_wconf 91' lang='lat' dir='ltr'>etiam</span> <span class='ocrx_word' id='word_1_386' title='bbox 1017 2951 1256 2988; x_wconf 89' lang='lat' dir='ltr'>manifestum</span> <span class='ocrx_word' id='word_1_387' title='bbox 1271 2959 1337 2999; x_wconf 91' lang='lat' dir='ltr'>est,</span> 
     </span>
     <span class='ocr_line' id='line_1_54' title="bbox 281 3002 1340 3052; baseline 0.003 -14"><span class='ocrx_word' id='word_1_388' title='bbox 281 3003 385 3051; x_wconf 92' lang='lat' dir='ltr'>quod</span> <span class='ocrx_word' id='word_1_389' title='bbox 411 3002 449 3039; x_wconf 90' lang='lat' dir='ltr'>in</span> <span class='ocrx_word' id='word_1_390' title='bbox 476 3003 590 3051; x_wconf 91' lang='lat' dir='ltr'>priori</span> <span class='ocrx_word' id='word_1_391' title='bbox 607 3010 712 3051; x_wconf 90' lang='lat' dir='ltr'>parte</span> <span class='ocrx_word' id='word_1_392' title='bbox 739 3003 919 3051; x_wconf 91' lang='lat' dir='ltr'>temporis</span> <span class='ocrx_word' id='word_1_393' title='bbox 943 3011 979 3040; x_wconf 92' lang='lat' dir='ltr'>et</span> <span class='ocrx_word' id='word_1_394' title='bbox 998 3004 1203 3052; x_wconf 89' lang='lat' dir='ltr'>posteriori,</span> <span class='ocrx_word' id='word_1_395' title='bbox 1224 3005 1340 3041; x_wconf 88' lang='lat' dir='ltr'>altera</span> 
     </span>
     <span class='ocr_line' id='line_1_55' title="bbox 281 3055 1340 3105; baseline 0.003 -14"><span class='ocrx_word' id='word_1_396' title='bbox 281 3063 318 3092; x_wconf 90' lang='lat' dir='ltr'>et</span> <span class='ocrx_word' id='word_1_397' title='bbox 333 3056 447 3092; x_wconf 91' lang='lat' dir='ltr'>altera</span> <span class='ocrx_word' id='word_1_398' title='bbox 460 3067 546 3103; x_wconf 89' lang='lat' dir='ltr'>pars</span> <span class='ocrx_word' id='word_1_399' title='bbox 560 3055 822 3103; x_wconf 88' lang='lat' dir='ltr'>magnitudinis</span> <span class='ocrx_word' id='word_1_400' title='bbox 837 3057 1090 3105; x_wconf 90' lang='lat' dir='ltr'>pertransitur.</span> <span class='ocrx_word' id='word_1_401' title='bbox 1100 3058 1149 3093; x_wconf 92' lang='lat' dir='ltr'>Et</span> <span class='ocrx_word' id='word_1_402' title='bbox 1162 3057 1212 3093; x_wconf 92' lang='lat' dir='ltr'>ita</span> <span class='ocrx_word' id='word_1_403' title='bbox 1227 3070 1340 3105; x_wconf 92' lang='lat' dir='ltr'>opor-</span> 
     </span>
     <span class='ocr_line' id='line_1_56' title="bbox 280 3107 1339 3158; baseline 0.004 -15"><span class='ocrx_word' id='word_1_404' title='bbox 280 3114 332 3144; x_wconf 88' lang='lat' dir='ltr'>tet</span> <span class='ocrx_word' id='word_1_405' title='bbox 359 3107 464 3156; x_wconf 90' lang='lat' dir='ltr'>quod</span> <span class='ocrx_word' id='word_1_406' title='bbox 483 3120 606 3156; x_wconf 90' lang='lat' dir='ltr'>neque</span> <span class='ocrx_word' id='word_1_407' title='bbox 628 3107 725 3144; x_wconf 92' lang='lat' dir='ltr'>duae</span> <span class='ocrx_word' id='word_1_408' title='bbox 745 3116 869 3156; x_wconf 90' lang='lat' dir='ltr'>partes</span> <span class='ocrx_word' id='word_1_409' title='bbox 888 3109 1151 3157; x_wconf 86' lang='lat' dir='ltr'>magnitudinis</span> <span class='ocrx_word' id='word_1_410' title='bbox 1170 3117 1339 3158; x_wconf 89' lang='lat' dir='ltr'>pertran-</span> 
     </span>
     <span class='ocr_line' id='line_1_57' title="bbox 282 3160 1338 3212; baseline 0.003 -16"><span class='ocrx_word' id='word_1_411' title='bbox 282 3167 435 3196; x_wconf 90' lang='lat' dir='ltr'>seantur</span> <span class='ocrx_word' id='word_1_412' title='bbox 460 3160 498 3196; x_wconf 92' lang='lat' dir='ltr'>in</span> <span class='ocrx_word' id='word_1_413' title='bbox 525 3173 602 3197; x_wconf 90' lang='lat' dir='ltr'>una</span> <span class='ocrx_word' id='word_1_414' title='bbox 630 3168 666 3197; x_wconf 92' lang='lat' dir='ltr'>et</span> <span class='ocrx_word' id='word_1_415' title='bbox 694 3161 828 3198; x_wconf 90' lang='lat' dir='ltr'>eadem</span> <span class='ocrx_word' id='word_1_416' title='bbox 854 3170 960 3210; x_wconf 89' lang='lat' dir='ltr'>parte</span> <span class='ocrx_word' id='word_1_417' title='bbox 988 3163 1184 3211; x_wconf 87' lang='lat' dir='ltr'>temporis;</span> <span class='ocrx_word' id='word_1_418' title='bbox 1213 3175 1338 3212; x_wconf 90' lang='lat' dir='ltr'>neque</span> 
     </span>
     <span class='ocr_line' id='line_1_58' title="bbox 283 3212 1338 3263; baseline 0.004 -15"><span class='ocrx_word' id='word_1_419' title='bbox 283 3212 387 3261; x_wconf 92' lang='lat' dir='ltr'>quod</span> <span class='ocrx_word' id='word_1_420' title='bbox 414 3212 452 3249; x_wconf 92' lang='lat' dir='ltr'>in</span> <span class='ocrx_word' id='word_1_421' title='bbox 480 3212 627 3249; x_wconf 91' lang='lat' dir='ltr'>duabus</span> <span class='ocrx_word' id='word_1_422' title='bbox 653 3213 821 3261; x_wconf 89' lang='lat' dir='ltr'>partibus</span> <span class='ocrx_word' id='word_1_423' title='bbox 848 3215 1027 3263; x_wconf 89' lang='lat' dir='ltr'>temporis</span> <span class='ocrx_word' id='word_1_424' title='bbox 1060 3222 1338 3263; x_wconf 89' lang='lat' dir='ltr'>pertranseatur</span> 
     </span>
    </p>
   </div>
   <div class='ocr_carea' id='block_1_16' title="bbox 248 3265 1338 3316">
    <p class='ocr_par' dir='ltr' id='par_1_18' title="bbox 248 3265 1338 3316">
     <span class='ocr_line' id='line_1_59' title="bbox 248 3265 1338 3316; baseline 0.003 -15"><span class='ocrx_word' id='word_1_425' title='bbox 248 3288 254 3294; x_wconf 92' lang='lat'>-</span> <span class='ocrx_word' id='word_1_426' title='bbox 282 3277 359 3302; x_wconf 89' lang='lat' dir='ltr'>una</span> <span class='ocrx_word' id='word_1_427' title='bbox 379 3272 414 3301; x_wconf 92' lang='lat' dir='ltr'>et</span> <span class='ocrx_word' id='word_1_428' title='bbox 434 3265 568 3302; x_wconf 89' lang='lat' dir='ltr'>eadem</span> <span class='ocrx_word' id='word_1_429' title='bbox 586 3278 673 3313; x_wconf 91' lang='lat' dir='ltr'>pars</span> <span class='ocrx_word' id='word_1_430' title='bbox 702 3266 975 3313; x_wconf 88' lang='lat' dir='ltr'>magnitudinis.</span> <span class='ocrx_word' id='word_1_431' title='bbox 1001 3268 1049 3303; x_wconf 86' lang='lat' dir='ltr'>Et</span> <span class='ocrx_word' id='word_1_432' title='bbox 1068 3267 1119 3304; x_wconf 91' lang='lat' dir='ltr'>sic</span> <span class='ocrx_word' id='word_1_433' title='bbox 1138 3275 1286 3316; x_wconf 75' lang='lat' dir='ltr'>oportet</span> <span class='ocrx_word' id='word_1_434' title='bbox 1306 3269 1338 3314; x_wconf 70' lang='lat'>⁴⁵,</span> 
     </span>
    </p>
   </div>
   <div class='ocr_carea' id='block_1_17' title="bbox 282 3316 1340 3470">
    <p class='ocr_par' dir='ltr' id='par_1_19' title="bbox 282 3316 1340 3470">
     <span class='ocr_line' id='line_1_60' title="bbox 283 3316 1339 3368; baseline 0.003 -15"><span class='ocrx_word' id='word_1_435' title='bbox 283 3318 313 3354; x_wconf 89' lang='lat' dir='ltr'>si</span> <span class='ocrx_word' id='word_1_436' title='bbox 345 3318 382 3354; x_wconf 92' lang='lat' dir='ltr'>in</span> <span class='ocrx_word' id='word_1_437' title='bbox 410 3316 534 3365; x_wconf 89' lang='lat' dir='ltr'>aliquo</span> <span class='ocrx_word' id='word_1_438' title='bbox 566 3325 738 3366; x_wconf 89' lang='lat' dir='ltr'>tempore</span> <span class='ocrx_word' id='word_1_439' title='bbox 769 3318 990 3365; x_wconf 89' lang='lat' dir='ltr'>pertransita</span> <span class='ocrx_word' id='word_1_440' title='bbox 1019 3326 1074 3355; x_wconf 92' lang='lat' dir='ltr'>est</span> <span class='ocrx_word' id='word_1_441' title='bbox 1101 3319 1225 3368; x_wconf 88' lang='lat' dir='ltr'>aliqua</span> <span class='ocrx_word' id='word_1_442' title='bbox 1251 3332 1339 3368; x_wconf 90' lang='lat' dir='ltr'>pars</span> 
     </span>
     <span class='ocr_line' id='line_1_61' title="bbox 282 3369 1340 3419; baseline 0.002 -13"><span class='ocrx_word' id='word_1_443' title='bbox 282 3369 555 3417; x_wconf 85' lang='lat' dir='ltr'>magnitudinis,</span> <span class='ocrx_word' id='word_1_444' title='bbox 577 3369 680 3417; x_wconf 91' lang='lat' dir='ltr'>quod</span> <span class='ocrx_word' id='word_1_445' title='bbox 699 3370 736 3406; x_wconf 91' lang='lat' dir='ltr'>in</span> <span class='ocrx_word' id='word_1_446' title='bbox 754 3370 851 3418; x_wconf 92' lang='lat' dir='ltr'>pluri</span> <span class='ocrx_word' id='word_1_447' title='bbox 873 3378 1044 3418; x_wconf 87' lang='lat' dir='ltr'>ternpore</span> <span class='ocrx_word' id='word_1_448' title='bbox 1062 3379 1340 3419; x_wconf 87' lang='lat' dir='ltr'>pertranseatur</span> 
     </span>
     <span class='ocr_line' id='line_1_62' title="bbox 284 3421 1340 3470; baseline 0.001 -11"><span class='ocrx_word' id='word_1_449' title='bbox 284 3435 363 3459; x_wconf 91' lang='lat' dir='ltr'>non</span> <span class='ocrx_word' id='word_1_450' title='bbox 391 3422 515 3458; x_wconf 90' lang='lat' dir='ltr'>solum</span> <span class='ocrx_word' id='word_1_451' title='bbox 542 3421 600 3458; x_wconf 90' lang='lat' dir='ltr'>illa</span> <span class='ocrx_word' id='word_1_452' title='bbox 627 3434 714 3470; x_wconf 91' lang='lat' dir='ltr'>pars</span> <span class='ocrx_word' id='word_1_453' title='bbox 742 3422 1014 3469; x_wconf 85' lang='lat' dir='ltr'>magnitudinis,</span> <span class='ocrx_word' id='word_1_454' title='bbox 1036 3423 1103 3460; x_wconf 91' lang='lat' dir='ltr'>sed</span> <span class='ocrx_word' id='word_1_455' title='bbox 1123 3423 1233 3460; x_wconf 90' lang='lat' dir='ltr'>etiam</span> <span class='ocrx_word' id='word_1_456' title='bbox 1253 3437 1340 3461; x_wconf 94' lang='lat' dir='ltr'>cum</span> 
     </span>
    </p>
   </div>
   <div class='ocr_carea' id='block_1_18' title="bbox 219 3475 1339 3524">
    <p class='ocr_par' dir='ltr' id='par_1_20' title="bbox 219 3475 1339 3524">
     <span class='ocr_line' id='line_1_63' title="bbox 219 3475 1339 3524; baseline 0.003 -14"><span class='ocrx_word' id='word_1_457' title='bbox 219 3496 226 3503; x_wconf 93' lang='lat'><strong>·</strong></span> <span class='ocrx_word' id='word_1_458' title='bbox 250 3496 255 3502; x_wconf 92' lang='lat'>·</span> <span class='ocrx_word' id='word_1_459' title='bbox 283 3475 355 3511; x_wconf 90' lang='lat' dir='ltr'>hac</span> <span class='ocrx_word' id='word_1_460' title='bbox 388 3482 424 3511; x_wconf 91' lang='lat' dir='ltr'>et</span> <span class='ocrx_word' id='word_1_461' title='bbox 452 3475 587 3511; x_wconf 88' lang='lat' dir='ltr'>altera:</span> <span class='ocrx_word' id='word_1_462' title='bbox 617 3482 653 3510; x_wconf 89' lang='lat' dir='ltr'>et</span> <span class='ocrx_word' id='word_1_463' title='bbox 680 3475 755 3511; x_wconf 87' lang='lat' dir='ltr'>hoc</span> <span class='ocrx_word' id='word_1_464' title='bbox 783 3475 803 3495; x_wconf 64' lang='lat'>²⁸</span> <span class='ocrx_word' id='word_1_465' title='bbox 830 3475 1093 3522; x_wconf 87' lang='lat' dir='ltr'>indifferenter,</span> <span class='ocrx_word' id='word_1_466' title='bbox 1114 3475 1193 3512; x_wconf 92' lang='lat' dir='ltr'>sive</span> <span class='ocrx_word' id='word_1_467' title='bbox 1218 3487 1339 3524; x_wconf 91' lang='lat' dir='ltr'>aeque</span> 
     </span>
    </p>
   </div>
   <div class='ocr_carea' id='block_1_19' title="bbox 282 3527 1340 3629">
    <p class='ocr_par' dir='ltr' id='par_1_21' title="bbox 282 3527 1340 3629">
     <span class='ocr_line' id='line_1_64' title="bbox 282 3527 1340 3576; baseline 0.001 -12"><span class='ocrx_word' id='word_1_468' title='bbox 282 3527 461 3564; x_wconf 89' lang='lat' dir='ltr'>velociter</span> <span class='ocrx_word' id='word_1_469' title='bbox 479 3534 678 3563; x_wconf 89' lang='lat' dir='ltr'>moveatur</span> <span class='ocrx_word' id='word_1_470' title='bbox 696 3527 847 3573; x_wconf 87' lang='lat' dir='ltr'>mobile,</span> <span class='ocrx_word' id='word_1_471' title='bbox 869 3527 947 3564; x_wconf 90' lang='lat' dir='ltr'>sive</span> <span class='ocrx_word' id='word_1_472' title='bbox 966 3540 1061 3573; x_wconf 91' lang='lat' dir='ltr'>non;</span> <span class='ocrx_word' id='word_1_473' title='bbox 1090 3528 1152 3564; x_wconf 89' lang='lat' dir='ltr'>vel</span> <span class='ocrx_word' id='word_1_474' title='bbox 1179 3540 1248 3576; x_wconf 92' lang='lat' dir='ltr'>per</span> <span class='ocrx_word' id='word_1_475' title='bbox 1265 3529 1340 3565; x_wconf 93' lang='lat' dir='ltr'>hoc</span> 
     </span>
     <span class='ocr_line' id='line_1_65' title="bbox 285 3579 1338 3629; baseline 0 -12"><span class='ocrx_word' id='word_1_476' title='bbox 285 3580 388 3629; x_wconf 92' lang='lat' dir='ltr'>quod</span> <span class='ocrx_word' id='word_1_477' title='bbox 407 3579 586 3617; x_wconf 89' lang='lat' dir='ltr'>velocitas</span> <span class='ocrx_word' id='word_1_478' title='bbox 615 3591 764 3628; x_wconf 86' lang='lat' dir='ltr'>semper</span> <span class='ocrx_word' id='word_1_479' title='bbox 782 3579 900 3627; x_wconf 89' lang='lat' dir='ltr'>magis</span> <span class='ocrx_word' id='word_1_480' title='bbox 920 3592 964 3616; x_wconf 93' lang='lat' dir='ltr'>ac</span> <span class='ocrx_word' id='word_1_481' title='bbox 981 3580 1099 3628; x_wconf 87' lang='lat' dir='ltr'>magis</span> <span class='ocrx_word' id='word_1_482' title='bbox 1126 3580 1338 3628; x_wconf 90' lang='lat' dir='ltr'>intenditur,</span> 
     </span>
    </p>
   </div>
   <div class='ocr_carea' id='block_1_20' title="bbox 425 3658 764 3690">
    <p class='ocr_par' dir='ltr' id='par_1_22' title="bbox 425 3658 764 3690">
     <span class='ocr_line' id='line_1_66' title="bbox 425 3658 764 3690; baseline 0 -8"><span class='ocrx_word' id='word_1_483' title='bbox 425 3658 493 3690; x_wconf 86' lang='lat' dir='ltr'>Opp.</span> <span class='ocrx_word' id='word_1_484' title='bbox 513 3658 543 3682; x_wconf 93' lang='lat' dir='ltr'>D.</span> <span class='ocrx_word' id='word_1_485' title='bbox 558 3658 671 3682; x_wconf 67' lang='lat' dir='ltr'>Tnomn</span> <span class='ocrx_word' id='word_1_486' title='bbox 690 3658 721 3682; x_wconf 81' lang='lat' dir='ltr'>T.</span> <span class='ocrx_word' id='word_1_487' title='bbox 737 3658 764 3682; x_wconf 91' lang='lat' dir='ltr'>ll.</span> 
     </span>
    </p>
   </div>
   <div class='ocr_carea' id='block_1_21' title="bbox 2372 288 2443 324">
    <p class='ocr_par' dir='ltr' id='par_1_23' title="bbox 2372 288 2443 324">
     <span class='ocr_line' id='line_1_67' title="bbox 2372 288 2443 324; baseline -0.014 0"><span class='ocrx_word' id='word_1_488' title='bbox 2372 288 2443 324; x_wconf 79' lang='lat'>305</span> 
     </span>
    </p>
   </div>
   <div class='ocr_carea' id='block_1_22' title="bbox 1386 365 2452 838">
    <p class='ocr_par' dir='ltr' id='par_1_24' title="bbox 1386 365 2450 469">
     <span class='ocr_line' id='line_1_68' title="bbox 1386 365 2450 414; baseline -0.006 -8"><span class='ocrx_word' id='word_1_489' title='bbox 1386 369 1478 405; x_wconf 90' lang='lat' dir='ltr'>sicut</span> <span class='ocrx_word' id='word_1_490' title='bbox 1497 370 1534 406; x_wconf 93' lang='lat' dir='ltr'>in</span> <span class='ocrx_word' id='word_1_491' title='bbox 1554 369 1721 406; x_wconf 90' lang='lat' dir='ltr'>motibus</span> <span class='ocrx_word' id='word_1_492' title='bbox 1742 368 1983 414; x_wconf 83' lang='lat' dir='ltr'>naturalibus,</span> <span class='ocrx_word' id='word_1_493' title='bbox 1995 368 2056 404; x_wconf 87' lang='lat' dir='ltr'>vel</span> <span class='ocrx_word' id='word_1_494' title='bbox 2076 379 2144 414; x_wconf 89' lang='lat' dir='ltr'>per</span> <span class='ocrx_word' id='word_1_495' title='bbox 2158 367 2231 402; x_wconf 91' lang='lat' dir='ltr'>hoc</span> <span class='ocrx_word' id='word_1_496' title='bbox 2247 365 2351 414; x_wconf 92' lang='lat' dir='ltr'>quod</span> <span class='ocrx_word' id='word_1_497' title='bbox 2370 377 2450 401; x_wconf 90' lang='lat' dir='ltr'>ma-</span> 
     </span>
     <span class='ocr_line' id='line_1_69' title="bbox 1386 417 2446 469; baseline -0.006 -11"><span class='ocrx_word' id='word_1_498' title='bbox 1386 421 1439 469; x_wconf 89' lang='lat' dir='ltr'>gis</span> <span class='ocrx_word' id='word_1_499' title='bbox 1460 430 1494 458; x_wconf 91' lang='lat' dir='ltr'>et</span> <span class='ocrx_word' id='word_1_500' title='bbox 1513 422 1630 469; x_wconf 88' lang='lat' dir='ltr'>magis</span> <span class='ocrx_word' id='word_1_501' title='bbox 1655 421 1863 467; x_wconf 89' lang='lat' dir='ltr'>remittitur,</span> <span class='ocrx_word' id='word_1_502' title='bbox 1885 421 1976 456; x_wconf 91' lang='lat' dir='ltr'>sicut</span> <span class='ocrx_word' id='word_1_503' title='bbox 2003 420 2040 456; x_wconf 87' lang='lat' dir='ltr'>in</span> <span class='ocrx_word' id='word_1_504' title='bbox 2068 419 2233 455; x_wconf 87' lang='lat' dir='ltr'>motibus</span> <span class='ocrx_word' id='word_1_505' title='bbox 2260 417 2446 455; x_wconf 85' lang='lat' dir='ltr'>violentis.</span> 
     </span>
    </p>

    <p class='ocr_par' dir='ltr' id='par_1_25' title="bbox 1386 470 2452 838">
     <span class='ocr_line' id='line_1_70' title="bbox 1441 470 2451 522; baseline -0.005 -12"><span class='ocrx_word' id='word_1_506' title='bbox 1441 474 1508 510; x_wconf 92' lang='lat' dir='ltr'>His</span> <span class='ocrx_word' id='word_1_507' title='bbox 1523 474 1631 521; x_wconf 88' lang='lat' dir='ltr'>igitur</span> <span class='ocrx_word' id='word_1_508' title='bbox 1650 474 1861 522; x_wconf 88' lang='lat' dir='ltr'>suppositis,</span> <span class='ocrx_word' id='word_1_509' title='bbox 1880 472 2081 520; x_wconf 88' lang='lat' dir='ltr'>accipiatur</span> <span class='ocrx_word' id='word_1_510' title='bbox 2101 471 2223 519; x_wconf 89' lang='lat' dir='ltr'>aliqua</span> <span class='ocrx_word' id='word_1_511' title='bbox 2241 483 2328 519; x_wconf 91' lang='lat' dir='ltr'>pars</span> <span class='ocrx_word' id='word_1_512' title='bbox 2346 470 2451 517; x_wconf 90' lang='lat' dir='ltr'>spatii</span> 
     </span>
     <span class='ocr_line' id='line_1_71' title="bbox 1386 525 2450 575; baseline -0.005 -12"><span class='ocrx_word' id='word_1_513' title='bbox 1386 528 1465 572; x_wconf 87' lang='lat' dir='ltr'>AB,</span> <span class='ocrx_word' id='word_1_514' title='bbox 1487 539 1584 574; x_wconf 90' lang='lat' dir='ltr'>quae</span> <span class='ocrx_word' id='word_1_515' title='bbox 1605 527 1760 575; x_wconf 89' lang='lat' dir='ltr'>quidem</span> <span class='ocrx_word' id='word_1_516' title='bbox 1780 539 1866 574; x_wconf 91' lang='lat' dir='ltr'>pars</span> <span class='ocrx_word' id='word_1_517' title='bbox 1888 526 1939 561; x_wconf 34' lang='lat' dir='ltr'>*sit</span> <span class='ocrx_word' id='word_1_518' title='bbox 1958 525 2039 571; x_wconf 81' lang='lat' dir='ltr'>AE,</span> <span class='ocrx_word' id='word_1_519' title='bbox 2062 533 2096 560; x_wconf 92' lang='lat' dir='ltr'>et</span> <span class='ocrx_word' id='word_1_520' title='bbox 2118 530 2310 560; x_wconf 90' lang='lat' dir='ltr'>mensuret</span> <span class='ocrx_word' id='word_1_521' title='bbox 2329 530 2450 559; x_wconf 89' lang='lat' dir='ltr'>toturn</span> 
     </span>
     <span class='ocr_line' id='line_1_72' title="bbox 1387 575 2450 626; baseline -0.005 -11"><span class='ocrx_word' id='word_1_522' title='bbox 1387 580 1466 624; x_wconf 88' lang='lat' dir='ltr'>AB,</span> <span class='ocrx_word' id='word_1_523' title='bbox 1486 579 1535 615; x_wconf 89' lang='lat' dir='ltr'>ita</span> <span class='ocrx_word' id='word_1_524' title='bbox 1555 579 1689 615; x_wconf 90' lang='lat' dir='ltr'>scilicet</span> <span class='ocrx_word' id='word_1_525' title='bbox 1708 579 1812 626; x_wconf 90' lang='lat' dir='ltr'>quod</span> <span class='ocrx_word' id='word_1_526' title='bbox 1833 578 1875 614; x_wconf 91' lang='lat' dir='ltr'>sit</span> <span class='ocrx_word' id='word_1_527' title='bbox 1895 578 2059 626; x_wconf 90' lang='lat' dir='ltr'>aliquota</span> <span class='ocrx_word' id='word_1_528' title='bbox 2079 589 2165 625; x_wconf 88' lang='lat' dir='ltr'>pars</span> <span class='ocrx_word' id='word_1_529' title='bbox 2186 577 2276 622; x_wconf 88' lang='lat' dir='ltr'>eius,</span> <span class='ocrx_word' id='word_1_530' title='bbox 2296 575 2358 612; x_wconf 80' lang='lat' dir='ltr'>vel</span> <span class='ocrx_word' id='word_1_531' title='bbox 2377 583 2450 611; x_wconf 90' lang='lat' dir='ltr'>ter-</span> 
     </span>
     <span class='ocr_line' id='line_1_73' title="bbox 1387 627 2450 679; baseline -0.005 -11"><span class='ocrx_word' id='word_1_532' title='bbox 1387 632 1438 668; x_wconf 89' lang='lat' dir='ltr'>tia</span> <span class='ocrx_word' id='word_1_533' title='bbox 1460 632 1521 667; x_wconf 89' lang='lat' dir='ltr'>vel</span> <span class='ocrx_word' id='word_1_534' title='bbox 1541 639 1682 679; x_wconf 89' lang='lat' dir='ltr'>quarta.</span> <span class='ocrx_word' id='word_1_535' title='bbox 1711 632 1815 667; x_wconf 89' lang='lat' dir='ltr'>Haec</span> <span class='ocrx_word' id='word_1_536' title='bbox 1844 631 1951 677; x_wconf 88' lang='lat' dir='ltr'>igitur</span> <span class='ocrx_word' id='word_1_537' title='bbox 1978 642 2064 678; x_wconf 88' lang='lat' dir='ltr'>pars</span> <span class='ocrx_word' id='word_1_538' title='bbox 2098 629 2202 677; x_wconf 89' lang='lat' dir='ltr'>spatii</span> <span class='ocrx_word' id='word_1_539' title='bbox 2229 627 2450 676; x_wconf 89' lang='lat' dir='ltr'>pertransita</span> 
     </span>
     <span class='ocr_line' id='line_1_74' title="bbox 1389 679 2451 732; baseline -0.004 -12"><span class='ocrx_word' id='word_1_540' title='bbox 1389 692 1444 720; x_wconf 90' lang='lat' dir='ltr'>est</span> <span class='ocrx_word' id='word_1_541' title='bbox 1463 684 1500 720; x_wconf 91' lang='lat' dir='ltr'>in</span> <span class='ocrx_word' id='word_1_542' title='bbox 1520 684 1643 732; x_wconf 91' lang='lat' dir='ltr'>aliquo</span> <span class='ocrx_word' id='word_1_543' title='bbox 1663 692 1833 731; x_wconf 89' lang='lat' dir='ltr'>tempore</span> <span class='ocrx_word' id='word_1_544' title='bbox 1854 683 1973 719; x_wconf 83' lang='lat' dir='ltr'>finito.</span> <span class='ocrx_word' id='word_1_545' title='bbox 1999 683 2091 718; x_wconf 93' lang='lat' dir='ltr'>Non</span> <span class='ocrx_word' id='word_1_546' title='bbox 2112 682 2210 717; x_wconf 89' lang='lat' dir='ltr'>enirn</span> <span class='ocrx_word' id='word_1_547' title='bbox 2229 688 2352 729; x_wconf 92' lang='lat' dir='ltr'>potest</span> <span class='ocrx_word' id='word_1_548' title='bbox 2372 679 2451 716; x_wconf 87' lang='lat' dir='ltr'>dari</span> 
     </span>
     <span class='ocr_line' id='line_1_75' title="bbox 1389 733 2451 785; baseline -0.004 -13"><span class='ocrx_word' id='word_1_549' title='bbox 1389 736 1493 785; x_wconf 91' lang='lat' dir='ltr'>quod</span> <span class='ocrx_word' id='word_1_550' title='bbox 1508 737 1552 773; x_wconf 88' lang='lat' dir='ltr'>sit</span> <span class='ocrx_word' id='word_1_551' title='bbox 1566 736 1786 784; x_wconf 88' lang='lat' dir='ltr'>pertransita</span> <span class='ocrx_word' id='word_1_552' title='bbox 1800 736 1838 772; x_wconf 91' lang='lat' dir='ltr'>in</span> <span class='ocrx_word' id='word_1_553' title='bbox 1852 743 2024 783; x_wconf 89' lang='lat' dir='ltr'>tempore</span> <span class='ocrx_word' id='word_1_554' title='bbox 2046 734 2206 778; x_wconf 87' lang='lat' dir='ltr'>infinito;</span> <span class='ocrx_word' id='word_1_555' title='bbox 2228 733 2315 782; x_wconf 88' lang='lat' dir='ltr'>quia</span> <span class='ocrx_word' id='word_1_556' title='bbox 2330 741 2451 769; x_wconf 91' lang='lat' dir='ltr'>totum</span> 
     </span>
     <span class='ocr_line' id='line_1_76' title="bbox 1389 785 2452 838; baseline -0.004 -13"><span class='ocrx_word' id='word_1_557' title='bbox 1389 789 1550 838; x_wconf 90' lang='lat' dir='ltr'>spatium</span> <span class='ocrx_word' id='word_1_558' title='bbox 1578 789 1841 837; x_wconf 87' lang='lat' dir='ltr'>pertransitum</span> <span class='ocrx_word' id='word_1_559' title='bbox 1861 795 1915 824; x_wconf 88' lang='lat' dir='ltr'>est</span> <span class='ocrx_word' id='word_1_560' title='bbox 1934 788 1972 824; x_wconf 90' lang='lat' dir='ltr'>in</span> <span class='ocrx_word' id='word_1_561' title='bbox 1991 796 2161 836; x_wconf 90' lang='lat' dir='ltr'>tempore</span> <span class='ocrx_word' id='word_1_562' title='bbox 2182 786 2339 832; x_wconf 89' lang='lat' dir='ltr'>infinito,</span> <span class='ocrx_word' id='word_1_563' title='bbox 2361 793 2396 821; x_wconf 90' lang='lat' dir='ltr'>et</span> <span class='ocrx_word' id='word_1_564' title='bbox 2415 785 2452 821; x_wconf 92' lang='lat' dir='ltr'>in</span> 
     </span>
    </p>
   </div>
   <div class='ocr_carea' id='block_1_23' title="bbox 1388 838 2488 890">
    <p class='ocr_par' dir='ltr' id='par_1_26' title="bbox 1388 838 2488 890">
     <span class='ocr_line' id='line_1_77' title="bbox 1388 838 2488 890; baseline -0.004 -12"><span class='ocrx_word' id='word_1_565' title='bbox 1388 842 1524 878; x_wconf 90' lang='lat' dir='ltr'>minori</span> <span class='ocrx_word' id='word_1_566' title='bbox 1551 842 1794 890; x_wconf 85' lang='lat' dir='ltr'>pertransitur</span> <span class='ocrx_word' id='word_1_567' title='bbox 1820 853 1907 889; x_wconf 91' lang='lat' dir='ltr'>pars</span> <span class='ocrx_word' id='word_1_568' title='bbox 1936 853 2051 889; x_wconf 87' lang='lat' dir='ltr'>quam</span> <span class='ocrx_word' id='word_1_569' title='bbox 2077 847 2210 876; x_wconf 90' lang='lat' dir='ltr'>totum.</span> <span class='ocrx_word' id='word_1_570' title='bbox 2246 841 2340 875; x_wconf 91' lang='lat' dir='ltr'>Item</span> <span class='ocrx_word' id='word_1_571' title='bbox 2356 838 2375 858; x_wconf 75' lang='lat'>‘¹‘</span> <span class='ocrx_word' id='word_1_572' title='bbox 2392 850 2451 887; x_wconf 88' lang='lat' dir='ltr'>ac·</span> <span class='ocrx_word' id='word_1_573' title='bbox 2479 850 2488 857; x_wconf 65' lang='lat'><em>²</em></span> 
     </span>
    </p>
   </div>
   <div class='ocr_carea' id='block_1_24' title="bbox 1388 890 2453 1109">
    <p class='ocr_par' dir='ltr' id='par_1_27' title="bbox 1388 890 2453 1099">
     <span class='ocr_line' id='line_1_78' title="bbox 1390 890 2451 942; baseline -0.004 -12"><span class='ocrx_word' id='word_1_574' title='bbox 1390 894 1572 942; x_wconf 90' lang='lat' dir='ltr'>cipiamus</span> <span class='ocrx_word' id='word_1_575' title='bbox 1601 894 1712 930; x_wconf 89' lang='lat' dir='ltr'>aliam</span> <span class='ocrx_word' id='word_1_576' title='bbox 1748 901 1895 941; x_wconf 89' lang='lat' dir='ltr'>partem</span> <span class='ocrx_word' id='word_1_577' title='bbox 1932 893 2038 941; x_wconf 89' lang='lat' dir='ltr'>spatii</span> <span class='ocrx_word' id='word_1_578' title='bbox 2074 905 2170 940; x_wconf 91' lang='lat' dir='ltr'>quae</span> <span class='ocrx_word' id='word_1_579' title='bbox 2205 891 2249 928; x_wconf 90' lang='lat' dir='ltr'>sit</span> <span class='ocrx_word' id='word_1_580' title='bbox 2287 890 2451 939; x_wconf 91' lang='lat' dir='ltr'>aequalis</span> 
     </span>
     <span class='ocr_line' id='line_1_79' title="bbox 1389 944 2452 1002; baseline -0.004 -19"><span class='ocrx_word' id='word_1_581' title='bbox 1389 947 1483 994; x_wconf 92' lang='lat' dir='ltr'>parti</span> <span class='ocrx_word' id='word_1_582' title='bbox 1501 948 1583 992; x_wconf 89' lang='lat' dir='ltr'>AE,</span> <span class='ocrx_word' id='word_1_583' title='bbox 1606 954 1640 983; x_wconf 91' lang='lat' dir='ltr'>et</span> <span class='ocrx_word' id='word_1_584' title='bbox 1660 946 1795 983; x_wconf 90' lang='lat' dir='ltr'>eadem</span> <span class='ocrx_word' id='word_1_585' title='bbox 1823 946 1965 982; x_wconf 90' lang='lat' dir='ltr'>ratione</span> <span class='ocrx_word' id='word_1_586' title='bbox 1990 957 2143 982; x_wconf 89' lang='lat' dir='ltr'>necesse</span> <span class='ocrx_word' id='word_1_587' title='bbox 2165 951 2220 980; x_wconf 88' lang='lat' dir='ltr'>est</span> <span class='ocrx_word' id='word_1_588' title='bbox 2238 944 2343 1002; x_wconf 82' lang='lat' dir='ltr'>quod</span> <span class='ocrx_word' id='word_1_589' title='bbox 2358 944 2452 979; x_wconf 90' lang='lat' dir='ltr'>haec</span> 
     </span>
     <span class='ocr_line' id='line_1_80' title="bbox 1388 996 2451 1047; baseline -0.004 -12"><span class='ocrx_word' id='word_1_590' title='bbox 1388 1012 1475 1046; x_wconf 90' lang='lat' dir='ltr'>pars</span> <span class='ocrx_word' id='word_1_591' title='bbox 1502 1006 1782 1046; x_wconf 88' lang='lat' dir='ltr'>pertranseatur</span> <span class='ocrx_word' id='word_1_592' title='bbox 1800 998 1838 1034; x_wconf 93' lang='lat' dir='ltr'>in</span> <span class='ocrx_word' id='word_1_593' title='bbox 1866 1006 2038 1047; x_wconf 91' lang='lat' dir='ltr'>tempore</span> <span class='ocrx_word' id='word_1_594' title='bbox 2062 998 2185 1042; x_wconf 92' lang='lat' dir='ltr'>finito,</span> <span class='ocrx_word' id='word_1_595' title='bbox 2216 996 2302 1045; x_wconf 91' lang='lat' dir='ltr'>quia</span> <span class='ocrx_word' id='word_1_596' title='bbox 2329 1004 2451 1032; x_wconf 90' lang='lat' dir='ltr'>totum</span> 
     </span>
     <span class='ocr_line' id='line_1_81' title="bbox 1389 1048 2453 1109; baseline -0.003 -22"><span class='ocrx_word' id='word_1_597' title='bbox 1389 1051 1550 1099; x_wconf 89' lang='lat' dir='ltr'>spatium</span> <span class='ocrx_word' id='word_1_598' title='bbox 1587 1051 1829 1099; x_wconf 91' lang='lat' dir='ltr'>pertransitur</span> <span class='ocrx_word' id='word_1_599' title='bbox 1856 1051 1894 1087; x_wconf 92' lang='lat' dir='ltr'>in</span> <span class='ocrx_word' id='word_1_600' title='bbox 1931 1059 2102 1109; x_wconf 81' lang='lat' dir='ltr'>ternpore</span> <span class='ocrx_word' id='word_1_601' title='bbox 2130 1049 2285 1086; x_wconf 91' lang='lat' dir='ltr'>infinito.</span> <span class='ocrx_word' id='word_1_602' title='bbox 2321 1050 2369 1085; x_wconf 88' lang='lat' dir='ltr'>Et</span> <span class='ocrx_word' id='word_1_603' title='bbox 2402 1048 2453 1084; x_wconf 91' lang='lat' dir='ltr'>sic</span> 
     </span>
    </p>
   </div>
   <div class='ocr_carea' id='block_1_25' title="bbox 2480 907 2541 922">
    <p class='ocr_par' dir='ltr' id='par_1_28' title="bbox 2480 907 2541 922">
     <span class='ocr_line' id='line_1_82' title="bbox 2480 907 2541 922; baseline -0.016 0"><span class='ocrx_word' id='word_1_604' title='bbox 2480 907 2541 922; x_wconf 79' lang='lat' dir='ltr'>GGGGG</span> 
     </span>
    </p>
   </div>
   <div class='ocr_carea' id='block_1_26' title="bbox 1391 1101 2669 1152">
    <p class='ocr_par' dir='ltr' id='par_1_29' title="bbox 1391 1101 2669 1152">
     <span class='ocr_line' id='line_1_83' title="bbox 1391 1101 2669 1152; baseline -0.002 -13"><span class='ocrx_word' id='word_1_605' title='bbox 1391 1116 1543 1151; x_wconf 87' lang='lat' dir='ltr'>semper</span> <span class='ocrx_word' id='word_1_606' title='bbox 1565 1104 1584 1124; x_wconf 59' lang='lat'>‘³&#39;</span> <span class='ocrx_word' id='word_1_607' title='bbox 1609 1103 1838 1151; x_wconf 86' lang='lat' dir='ltr'>accipiendO,</span> <span class='ocrx_word' id='word_1_608' title='bbox 1869 1103 2049 1152; x_wconf 90' lang='lat' dir='ltr'>accipiam</span> <span class='ocrx_word' id='word_1_609' title='bbox 2067 1110 2123 1139; x_wconf 91' lang='lat' dir='ltr'>tot</span> <span class='ocrx_word' id='word_1_610' title='bbox 2142 1110 2315 1151; x_wconf 90' lang='lat' dir='ltr'>tempora</span> <span class='ocrx_word' id='word_1_611' title='bbox 2334 1101 2450 1147; x_wconf 84' lang='lat' dir='ltr'>finita,</span> <span class='ocrx_word' id='word_1_612' title='bbox 2480 1113 2545 1132; x_wconf 72' lang='lat' dir='ltr'>*sem</span> <span class='ocrx_word' id='word_1_613' title='bbox 2563 1117 2611 1132; x_wconf 83' lang='lat' dir='ltr'>ero</span> <span class='ocrx_word' id='word_1_614' title='bbox 2656 1117 2669 1132; x_wconf 69' lang='lat'>1³</span> 
     </span>
    </p>
   </div>
   <div class='ocr_carea' id='block_1_27' title="bbox 1390 1155 2456 2842">
    <p class='ocr_par' dir='ltr' id='par_1_30' title="bbox 1390 1155 2456 2576">
     <span class='ocr_line' id='line_1_84' title="bbox 1390 1155 2452 1204; baseline -0.002 -12"><span class='ocrx_word' id='word_1_615' title='bbox 1390 1164 1482 1204; x_wconf 92' lang='lat' dir='ltr'>quot</span> <span class='ocrx_word' id='word_1_616' title='bbox 1502 1163 1588 1192; x_wconf 89' lang='lat' dir='ltr'>sunt</span> <span class='ocrx_word' id='word_1_617' title='bbox 1615 1164 1739 1204; x_wconf 87' lang='lat' dir='ltr'>partes</span> <span class='ocrx_word' id='word_1_618' title='bbox 1769 1155 1891 1203; x_wconf 87' lang='lat' dir='ltr'>spatii;</span> <span class='ocrx_word' id='word_1_619' title='bbox 1914 1168 1958 1191; x_wconf 85' lang='lat' dir='ltr'>ex</span> <span class='ocrx_word' id='word_1_620' title='bbox 1978 1156 2114 1204; x_wconf 88' lang='lat' dir='ltr'>quibus</span> <span class='ocrx_word' id='word_1_621' title='bbox 2135 1155 2378 1192; x_wconf 88' lang='lat' dir='ltr'>constituetur</span> <span class='ocrx_word' id='word_1_622' title='bbox 2396 1162 2452 1190; x_wconf 90' lang='lat' dir='ltr'>to-</span> 
     </span>
     <span class='ocr_line' id='line_1_85' title="bbox 1390 1207 2450 1256; baseline -0.001 -12"><span class='ocrx_word' id='word_1_623' title='bbox 1390 1217 1471 1245; x_wconf 91' lang='lat' dir='ltr'>tum</span> <span class='ocrx_word' id='word_1_624' title='bbox 1490 1216 1652 1256; x_wconf 86' lang='lat' dir='ltr'>tempus,</span> <span class='ocrx_word' id='word_1_625' title='bbox 1673 1208 1711 1244; x_wconf 90' lang='lat' dir='ltr'>in</span> <span class='ocrx_word' id='word_1_626' title='bbox 1739 1220 1816 1256; x_wconf 91' lang='lat' dir='ltr'>quo</span> <span class='ocrx_word' id='word_1_627' title='bbox 1836 1215 2013 1244; x_wconf 89' lang='lat' dir='ltr'>movetur</span> <span class='ocrx_word' id='word_1_628' title='bbox 2040 1221 2108 1256; x_wconf 91' lang='lat' dir='ltr'>per</span> <span class='ocrx_word' id='word_1_629' title='bbox 2130 1215 2252 1244; x_wconf 88' lang='lat' dir='ltr'>totum</span> <span class='ocrx_word' id='word_1_630' title='bbox 2276 1207 2450 1255; x_wconf 87' lang='lat' dir='ltr'>spatium.</span> 
     </span>
     <span class='ocr_line' id='line_1_86' title="bbox 1392 1259 2453 1310; baseline -0.001 -13"><span class='ocrx_word' id='word_1_631' title='bbox 1392 1261 1624 1310; x_wconf 90' lang='lat' dir='ltr'>Impossibile</span> <span class='ocrx_word' id='word_1_632' title='bbox 1659 1268 1714 1297; x_wconf 87' lang='lat' dir='ltr'>est</span> <span class='ocrx_word' id='word_1_633' title='bbox 1746 1267 1874 1296; x_wconf 90' lang='lat' dir='ltr'>autem</span> <span class='ocrx_word' id='word_1_634' title='bbox 1908 1261 2011 1308; x_wconf 92' lang='lat' dir='ltr'>quod</span> <span class='ocrx_word' id='word_1_635' title='bbox 2045 1261 2167 1308; x_wconf 90' lang='lat' dir='ltr'>aliqua</span> <span class='ocrx_word' id='word_1_636' title='bbox 2200 1273 2286 1308; x_wconf 92' lang='lat' dir='ltr'>pars</span> <span class='ocrx_word' id='word_1_637' title='bbox 2323 1259 2453 1296; x_wconf 91' lang='lat' dir='ltr'>infiniti</span> 
     </span>
     <span class='ocr_line' id='line_1_87' title="bbox 1390 1313 2454 1361; baseline -0.002 -11"><span class='ocrx_word' id='word_1_638' title='bbox 1390 1321 1582 1350; x_wconf 88' lang='lat' dir='ltr'>mensuret</span> <span class='ocrx_word' id='word_1_639' title='bbox 1609 1321 1745 1360; x_wconf 91' lang='lat' dir='ltr'>totum,</span> <span class='ocrx_word' id='word_1_640' title='bbox 1771 1325 1894 1361; x_wconf 90' lang='lat' dir='ltr'>neque</span> <span class='ocrx_word' id='word_1_641' title='bbox 1920 1313 2130 1349; x_wconf 89' lang='lat' dir='ltr'>secundum</span> <span class='ocrx_word' id='word_1_642' title='bbox 2154 1313 2454 1360; x_wconf 88' lang='lat' dir='ltr'>magnitudinem</span> 
     </span>
     <span class='ocr_line' id='line_1_88' title="bbox 1392 1365 2453 1415; baseline -0.003 -12"><span class='ocrx_word' id='word_1_643' title='bbox 1392 1379 1514 1415; x_wconf 90' lang='lat' dir='ltr'>neque</span> <span class='ocrx_word' id='word_1_644' title='bbox 1539 1367 1750 1403; x_wconf 90' lang='lat' dir='ltr'>secundum</span> <span class='ocrx_word' id='word_1_645' title='bbox 1779 1366 2077 1402; x_wconf 84' lang='lat' dir='ltr'>multitudinem:</span> <span class='ocrx_word' id='word_1_646' title='bbox 2108 1365 2195 1414; x_wconf 91' lang='lat' dir='ltr'>quia</span> <span class='ocrx_word' id='word_1_647' title='bbox 2221 1365 2453 1414; x_wconf 90' lang='lat' dir='ltr'>impossibile</span> 
     </span>
     <span class='ocr_line' id='line_1_89' title="bbox 1392 1418 2452 1468; baseline -0.003 -12"><span class='ocrx_word' id='word_1_648' title='bbox 1392 1427 1447 1456; x_wconf 91' lang='lat' dir='ltr'>est</span> <span class='ocrx_word' id='word_1_649' title='bbox 1476 1419 1580 1468; x_wconf 91' lang='lat' dir='ltr'>quod</span> <span class='ocrx_word' id='word_1_650' title='bbox 1598 1419 1787 1456; x_wconf 91' lang='lat' dir='ltr'>infinitum</span> <span class='ocrx_word' id='word_1_651' title='bbox 1816 1426 1960 1455; x_wconf 89' lang='lat' dir='ltr'>constet</span> <span class='ocrx_word' id='word_1_652' title='bbox 1980 1431 2024 1455; x_wconf 87' lang='lat' dir='ltr'>ex</span> <span class='ocrx_word' id='word_1_653' title='bbox 2052 1418 2221 1466; x_wconf 90' lang='lat' dir='ltr'>partibus</span> <span class='ocrx_word' id='word_1_654' title='bbox 2246 1418 2356 1454; x_wconf 89' lang='lat' dir='ltr'>finitis</span> <span class='ocrx_word' id='word_1_655' title='bbox 2385 1430 2452 1453; x_wconf 90' lang='lat' dir='ltr'>nu-</span> 
     </span>
     <span class='ocr_line' id='line_1_90' title="bbox 1393 1471 2453 1521; baseline -0.003 -12"><span class='ocrx_word' id='word_1_656' title='bbox 1393 1485 1519 1519; x_wconf 90' lang='lat' dir='ltr'>mero,</span> <span class='ocrx_word' id='word_1_657' title='bbox 1549 1484 1710 1521; x_wconf 89' lang='lat' dir='ltr'>quarum</span> <span class='ocrx_word' id='word_1_658' title='bbox 1730 1472 1842 1508; x_wconf 89' lang='lat' dir='ltr'>etiarn</span> <span class='ocrx_word' id='word_1_659' title='bbox 1870 1483 2122 1519; x_wconf 90' lang='lat' dir='ltr'>unaquaeque</span> <span class='ocrx_word' id='word_1_660' title='bbox 2143 1471 2186 1507; x_wconf 92' lang='lat' dir='ltr'>sit</span> <span class='ocrx_word' id='word_1_661' title='bbox 2213 1471 2317 1507; x_wconf 88' lang='lat' dir='ltr'>finita</span> <span class='ocrx_word' id='word_1_662' title='bbox 2336 1483 2453 1518; x_wconf 84' lang='lat' dir='ltr'>quan-</span> 
     </span>
     <span class='ocr_line' id='line_1_91' title="bbox 1392 1523 2454 1572; baseline -0.003 -10"><span class='ocrx_word' id='word_1_663' title='bbox 1392 1526 1512 1571; x_wconf 89' lang='lat' dir='ltr'>titate,</span> <span class='ocrx_word' id='word_1_664' title='bbox 1542 1526 1620 1562; x_wconf 86' lang='lat' dir='ltr'>sive</span> <span class='ocrx_word' id='word_1_665' title='bbox 1651 1525 1792 1562; x_wconf 91' lang='lat' dir='ltr'>dicatur</span> <span class='ocrx_word' id='word_1_666' title='bbox 1820 1524 1924 1572; x_wconf 90' lang='lat' dir='ltr'>quod</span> <span class='ocrx_word' id='word_1_667' title='bbox 1951 1524 2034 1560; x_wconf 91' lang='lat' dir='ltr'>illae</span> <span class='ocrx_word' id='word_1_668' title='bbox 2057 1531 2183 1572; x_wconf 91' lang='lat' dir='ltr'>partes</span> <span class='ocrx_word' id='word_1_669' title='bbox 2217 1523 2287 1559; x_wconf 92' lang='lat' dir='ltr'>sint</span> <span class='ocrx_word' id='word_1_670' title='bbox 2316 1535 2454 1571; x_wconf 88' lang='lat' dir='ltr'>aequa-</span> 
     </span>
     <span class='ocr_line' id='line_1_92' title="bbox 1392 1577 2452 1627; baseline -0.004 -12"><span class='ocrx_word' id='word_1_671' title='bbox 1392 1579 1456 1624; x_wconf 89' lang='lat' dir='ltr'>les,</span> <span class='ocrx_word' id='word_1_672' title='bbox 1478 1579 1556 1615; x_wconf 90' lang='lat' dir='ltr'>sive</span> <span class='ocrx_word' id='word_1_673' title='bbox 1586 1579 1690 1627; x_wconf 90' lang='lat' dir='ltr'>quod</span> <span class='ocrx_word' id='word_1_674' title='bbox 1709 1577 1780 1614; x_wconf 89' lang='lat' dir='ltr'>sint</span> <span class='ocrx_word' id='word_1_675' title='bbox 1808 1577 2045 1626; x_wconf 90' lang='lat' dir='ltr'>inaequales;</span> <span class='ocrx_word' id='word_1_676' title='bbox 2073 1577 2159 1625; x_wconf 89' lang='lat' dir='ltr'>quia</span> <span class='ocrx_word' id='word_1_677' title='bbox 2187 1588 2452 1624; x_wconf 89' lang='lat' dir='ltr'>quaecumque</span> 
     </span>
     <span class='ocr_line' id='line_1_93' title="bbox 1392 1629 2453 1678; baseline -0.003 -10"><span class='ocrx_word' id='word_1_678' title='bbox 1392 1639 1658 1668; x_wconf 88' lang='lat' dir='ltr'>mensurantur</span> <span class='ocrx_word' id='word_1_679' title='bbox 1677 1643 1699 1667; x_wconf 90' lang='lat' dir='ltr'>a</span> <span class='ocrx_word' id='word_1_680' title='bbox 1718 1630 1887 1678; x_wconf 91' lang='lat' dir='ltr'>quodam</span> <span class='ocrx_word' id='word_1_681' title='bbox 1910 1642 2001 1676; x_wconf 89' lang='lat' dir='ltr'>uno,</span> <span class='ocrx_word' id='word_1_682' title='bbox 2023 1629 2102 1666; x_wconf 87' lang='lat' dir='ltr'>sive</span> <span class='ocrx_word' id='word_1_683' title='bbox 2127 1629 2336 1666; x_wconf 90' lang='lat' dir='ltr'>secundum</span> <span class='ocrx_word' id='word_1_684' title='bbox 2358 1629 2453 1665; x_wconf 92' lang='lat' dir='ltr'>mul-</span> 
     </span>
     <span class='ocr_line' id='line_1_94' title="bbox 1392 1682 2455 1730; baseline -0.003 -10"><span class='ocrx_word' id='word_1_685' title='bbox 1392 1684 1590 1721; x_wconf 89' lang='lat' dir='ltr'>titudinem</span> <span class='ocrx_word' id='word_1_686' title='bbox 1619 1684 1698 1720; x_wconf 84' lang='lat' dir='ltr'>sive</span> <span class='ocrx_word' id='word_1_687' title='bbox 1727 1683 1938 1720; x_wconf 91' lang='lat' dir='ltr'>secundum</span> <span class='ocrx_word' id='word_1_688' title='bbox 1970 1682 2280 1730; x_wconf 88' lang='lat' dir='ltr'>magnitudinem,</span> <span class='ocrx_word' id='word_1_689' title='bbox 2306 1689 2455 1730; x_wconf 90' lang='lat' dir='ltr'>oportet</span> 
     </span>
     <span class='ocr_line' id='line_1_95' title="bbox 1394 1735 2456 1773; baseline -0.003 0"><span class='ocrx_word' id='word_1_690' title='bbox 1394 1750 1437 1773; x_wconf 91' lang='lat' dir='ltr'>ea</span> <span class='ocrx_word' id='word_1_691' title='bbox 1467 1749 1547 1773; x_wconf 90' lang='lat' dir='ltr'>esse</span> <span class='ocrx_word' id='word_1_692' title='bbox 1576 1737 1691 1773; x_wconf 88' lang='lat' dir='ltr'>finita.</span> <span class='ocrx_word' id='word_1_693' title='bbox 1727 1736 1816 1772; x_wconf 91' lang='lat' dir='ltr'>Ideo</span> <span class='ocrx_word' id='word_1_694' title='bbox 1847 1744 1974 1772; x_wconf 90' lang='lat' dir='ltr'>autem</span> <span class='ocrx_word' id='word_1_695' title='bbox 2004 1736 2087 1772; x_wconf 92' lang='lat' dir='ltr'>dico</span> <span class='ocrx_word' id='word_1_696' title='bbox 2122 1735 2392 1772; x_wconf 84' lang='lat' dir='ltr'>multitudinem</span> <span class='ocrx_word' id='word_1_697' title='bbox 2420 1740 2456 1771; x_wconf 90' lang='lat' dir='ltr'>et</span> 
     </span>
     <span class='ocr_line' id='line_1_96' title="bbox 1393 1787 2454 1838; baseline -0.002 -13"><span class='ocrx_word' id='word_1_698' title='bbox 1393 1789 1710 1838; x_wconf 81' lang='lat' dir='ltr'>magnitudinem,</span> <span class='ocrx_word' id='word_1_699' title='bbox 1738 1789 1824 1837; x_wconf 90' lang='lat' dir='ltr'>quia</span> <span class='ocrx_word' id='word_1_700' title='bbox 1851 1788 1940 1825; x_wconf 92' lang='lat' dir='ltr'>nihil</span> <span class='ocrx_word' id='word_1_701' title='bbox 1969 1788 2092 1824; x_wconf 89' lang='lat' dir='ltr'>minus</span> <span class='ocrx_word' id='word_1_702' title='bbox 2121 1795 2359 1824; x_wconf 89' lang='lat' dir='ltr'>mensuratur</span> <span class='ocrx_word' id='word_1_703' title='bbox 2391 1787 2454 1823; x_wconf 93' lang='lat' dir='ltr'>ali-</span> 
     </span>
     <span class='ocr_line' id='line_1_97' title="bbox 1393 1841 2452 1890; baseline -0.002 -12"><span class='ocrx_word' id='word_1_704' title='bbox 1393 1842 1481 1890; x_wconf 90' lang='lat' dir='ltr'>quid</span> <span class='ocrx_word' id='word_1_705' title='bbox 1509 1854 1578 1890; x_wconf 90' lang='lat' dir='ltr'>per</span> <span class='ocrx_word' id='word_1_706' title='bbox 1599 1842 1674 1878; x_wconf 91' lang='lat' dir='ltr'>hoc</span> <span class='ocrx_word' id='word_1_707' title='bbox 1702 1841 1807 1889; x_wconf 92' lang='lat' dir='ltr'>quod</span> <span class='ocrx_word' id='word_1_708' title='bbox 1826 1842 1941 1878; x_wconf 91' lang='lat' dir='ltr'>habet</span> <span class='ocrx_word' id='word_1_709' title='bbox 1968 1841 2114 1877; x_wconf 91' lang='lat' dir='ltr'>finitam</span> <span class='ocrx_word' id='word_1_710' title='bbox 2142 1841 2452 1888; x_wconf 90' lang='lat' dir='ltr'>magnitudinem,</span> 
     </span>
     <span class='ocr_line' id='line_1_98' title="bbox 1393 1893 2453 1943; baseline -0.002 -12"><span class='ocrx_word' id='word_1_711' title='bbox 1393 1895 1471 1931; x_wconf 88' lang='lat' dir='ltr'>sive</span> <span class='ocrx_word' id='word_1_712' title='bbox 1499 1902 1624 1943; x_wconf 89' lang='lat' dir='ltr'>partes</span> <span class='ocrx_word' id='word_1_713' title='bbox 1653 1902 1915 1931; x_wconf 89' lang='lat' dir='ltr'>mensurantes</span> <span class='ocrx_word' id='word_1_714' title='bbox 1942 1894 2013 1930; x_wconf 92' lang='lat' dir='ltr'>sint</span> <span class='ocrx_word' id='word_1_715' title='bbox 2042 1894 2216 1942; x_wconf 91' lang='lat' dir='ltr'>aequales</span> <span class='ocrx_word' id='word_1_716' title='bbox 2246 1893 2324 1930; x_wconf 87' lang='lat' dir='ltr'>sive</span> <span class='ocrx_word' id='word_1_717' title='bbox 2353 1893 2453 1929; x_wconf 90' lang='lat' dir='ltr'>inae-</span> 
     </span>
     <span class='ocr_line' id='line_1_99' title="bbox 1393 1947 2454 1996; baseline -0.002 -12"><span class='ocrx_word' id='word_1_718' title='bbox 1393 1949 1535 1996; x_wconf 90' lang='lat' dir='ltr'>quales.</span> <span class='ocrx_word' id='word_1_719' title='bbox 1566 1947 1732 1994; x_wconf 86' lang='lat' dir='ltr'>Quando</span> <span class='ocrx_word' id='word_1_720' title='bbox 1772 1947 1871 1983; x_wconf 89' lang='lat' dir='ltr'>enim</span> <span class='ocrx_word' id='word_1_721' title='bbox 1909 1954 1995 1983; x_wconf 89' lang='lat' dir='ltr'>sunt</span> <span class='ocrx_word' id='word_1_722' title='bbox 2024 1947 2221 1994; x_wconf 90' lang='lat' dir='ltr'>aequales,</span> <span class='ocrx_word' id='word_1_723' title='bbox 2251 1954 2340 1983; x_wconf 92' lang='lat' dir='ltr'>tunc</span> <span class='ocrx_word' id='word_1_724' title='bbox 2367 1958 2454 1994; x_wconf 91' lang='lat' dir='ltr'>pars</span> 
     </span>
     <span class='ocr_line' id='line_1_100' title="bbox 1393 1999 2453 2046; baseline -0.002 -9"><span class='ocrx_word' id='word_1_725' title='bbox 1393 2008 1587 2037; x_wconf 89' lang='lat' dir='ltr'>mensurat</span> <span class='ocrx_word' id='word_1_726' title='bbox 1622 2008 1745 2036; x_wconf 89' lang='lat' dir='ltr'>totum</span> <span class='ocrx_word' id='word_1_727' title='bbox 1780 2008 1816 2036; x_wconf 91' lang='lat' dir='ltr'>et</span> <span class='ocrx_word' id='word_1_728' title='bbox 1844 1999 2080 2036; x_wconf 90' lang='lat' dir='ltr'>multitudine</span> <span class='ocrx_word' id='word_1_729' title='bbox 2116 2007 2151 2036; x_wconf 91' lang='lat' dir='ltr'>et</span> <span class='ocrx_word' id='word_1_730' title='bbox 2177 1999 2453 2046; x_wconf 89' lang='lat' dir='ltr'>magnitudine;</span> 
     </span>
     <span class='ocr_line' id='line_1_101' title="bbox 1393 2052 2455 2102; baseline -0.002 -12"><span class='ocrx_word' id='word_1_731' title='bbox 1393 2054 1548 2102; x_wconf 91' lang='lat' dir='ltr'>quando</span> <span class='ocrx_word' id='word_1_732' title='bbox 1576 2065 1670 2090; x_wconf 86' lang='lat' dir='ltr'>vero</span> <span class='ocrx_word' id='word_1_733' title='bbox 1699 2061 1784 2090; x_wconf 91' lang='lat' dir='ltr'>sunt</span> <span class='ocrx_word' id='word_1_734' title='bbox 1811 2053 2038 2101; x_wconf 83' lang='lat' dir='ltr'>inaequales,</span> <span class='ocrx_word' id='word_1_735' title='bbox 2068 2060 2263 2088; x_wconf 90' lang='lat' dir='ltr'>mensurat</span> <span class='ocrx_word' id='word_1_736' title='bbox 2290 2052 2455 2088; x_wconf 90' lang='lat' dir='ltr'>multitu-</span> 
     </span>
     <span class='ocr_line' id='line_1_102' title="bbox 1393 2105 2455 2153; baseline -0.002 -10"><span class='ocrx_word' id='word_1_737' title='bbox 1393 2107 1491 2153; x_wconf 89' lang='lat' dir='ltr'>dine,</span> <span class='ocrx_word' id='word_1_738' title='bbox 1514 2107 1581 2144; x_wconf 94' lang='lat' dir='ltr'>sed</span> <span class='ocrx_word' id='word_1_739' title='bbox 1609 2118 1687 2142; x_wconf 91' lang='lat' dir='ltr'>non</span> <span class='ocrx_word' id='word_1_740' title='bbox 1706 2106 1975 2153; x_wconf 88' lang='lat' dir='ltr'>magnitudine.</span> <span class='ocrx_word' id='word_1_741' title='bbox 2012 2105 2072 2141; x_wconf 89' lang='lat' dir='ltr'>Sic</span> <span class='ocrx_word' id='word_1_742' title='bbox 2102 2117 2190 2153; x_wconf 89' lang='lat' dir='ltr'>ergo</span> <span class='ocrx_word' id='word_1_743' title='bbox 2218 2112 2321 2153; x_wconf 90' lang='lat' dir='ltr'>patet</span> <span class='ocrx_word' id='word_1_744' title='bbox 2350 2105 2455 2153; x_wconf 92' lang='lat' dir='ltr'>quod</span> 
     </span>
     <span class='ocr_line' id='line_1_103' title="bbox 1393 2158 2454 2207; baseline -0.002 -11"><span class='ocrx_word' id='word_1_745' title='bbox 1393 2171 1509 2196; x_wconf 91' lang='lat' dir='ltr'>omne</span> <span class='ocrx_word' id='word_1_746' title='bbox 1537 2167 1688 2207; x_wconf 89' lang='lat' dir='ltr'>tempus</span> <span class='ocrx_word' id='word_1_747' title='bbox 1713 2159 1817 2207; x_wconf 91' lang='lat' dir='ltr'>quod</span> <span class='ocrx_word' id='word_1_748' title='bbox 1844 2159 1959 2195; x_wconf 91' lang='lat' dir='ltr'>habet</span> <span class='ocrx_word' id='word_1_749' title='bbox 1986 2166 2112 2206; x_wconf 91' lang='lat' dir='ltr'>partes</span> <span class='ocrx_word' id='word_1_750' title='bbox 2140 2158 2264 2194; x_wconf 90' lang='lat' dir='ltr'>finitas</span> <span class='ocrx_word' id='word_1_751' title='bbox 2292 2170 2454 2194; x_wconf 90' lang='lat' dir='ltr'>numero</span> 
     </span>
     <span class='ocr_line' id='line_1_104' title="bbox 1394 2211 2454 2260; baseline -0.001 -12"><span class='ocrx_word' id='word_1_752' title='bbox 1394 2220 1430 2249; x_wconf 91' lang='lat' dir='ltr'>et</span> <span class='ocrx_word' id='word_1_753' title='bbox 1457 2211 1674 2260; x_wconf 89' lang='lat' dir='ltr'>quantitate,</span> <span class='ocrx_word' id='word_1_754' title='bbox 1696 2212 1775 2248; x_wconf 86' lang='lat' dir='ltr'>sive</span> <span class='ocrx_word' id='word_1_755' title='bbox 1804 2212 1875 2248; x_wconf 90' lang='lat' dir='ltr'>sint</span> <span class='ocrx_word' id='word_1_756' title='bbox 1903 2211 2078 2260; x_wconf 91' lang='lat' dir='ltr'>aequales</span> <span class='ocrx_word' id='word_1_757' title='bbox 2111 2211 2189 2247; x_wconf 90' lang='lat' dir='ltr'>sive</span> <span class='ocrx_word' id='word_1_758' title='bbox 2218 2211 2454 2259; x_wconf 90' lang='lat' dir='ltr'>inaequales,</span> 
     </span>
     <span class='ocr_line' id='line_1_105' title="bbox 1394 2264 2456 2313; baseline -0.001 -12"><span class='ocrx_word' id='word_1_759' title='bbox 1394 2272 1449 2301; x_wconf 90' lang='lat' dir='ltr'>est</span> <span class='ocrx_word' id='word_1_760' title='bbox 1477 2265 1638 2301; x_wconf 91' lang='lat' dir='ltr'>finitum.</span> <span class='ocrx_word' id='word_1_761' title='bbox 1660 2265 1737 2301; x_wconf 89' lang='lat' dir='ltr'>Sed</span> <span class='ocrx_word' id='word_1_762' title='bbox 1765 2265 1928 2313; x_wconf 91' lang='lat' dir='ltr'>spatium</span> <span class='ocrx_word' id='word_1_763' title='bbox 1947 2264 2096 2300; x_wconf 91' lang='lat' dir='ltr'>finitum</span> <span class='ocrx_word' id='word_1_764' title='bbox 2126 2272 2366 2300; x_wconf 90' lang='lat' dir='ltr'>mensuratur</span> <span class='ocrx_word' id='word_1_765' title='bbox 2393 2264 2456 2300; x_wconf 90' lang='lat' dir='ltr'>ali-</span> 
     </span>
     <span class='ocr_line' id='line_1_106' title="bbox 1394 2316 2453 2366; baseline -0.002 -12"><span class='ocrx_word' id='word_1_766' title='bbox 1394 2317 1530 2366; x_wconf 90' lang='lat' dir='ltr'>quibus</span> <span class='ocrx_word' id='word_1_767' title='bbox 1557 2317 1681 2363; x_wconf 92' lang='lat' dir='ltr'>finitis,</span> <span class='ocrx_word' id='word_1_768' title='bbox 1704 2329 1748 2353; x_wconf 86' lang='lat' dir='ltr'>ex</span> <span class='ocrx_word' id='word_1_769' title='bbox 1777 2317 1926 2365; x_wconf 90' lang='lat' dir='ltr'>quantis</span> <span class='ocrx_word' id='word_1_770' title='bbox 1956 2316 2132 2364; x_wconf 89' lang='lat' dir='ltr'>contingit</span> <span class='ocrx_word' id='word_1_771' title='bbox 2161 2316 2341 2365; x_wconf 90' lang='lat' dir='ltr'>componi</span> <span class='ocrx_word' id='word_1_772' title='bbox 2368 2318 2453 2362; x_wconf 91' lang='lat' dir='ltr'>AB;</span> 
     </span>
     <span class='ocr_line' id='line_1_107' title="bbox 1394 2369 2455 2419; baseline -0.001 -12"><span class='ocrx_word' id='word_1_773' title='bbox 1394 2378 1430 2407; x_wconf 89' lang='lat' dir='ltr'>et</span> <span class='ocrx_word' id='word_1_774' title='bbox 1459 2377 1608 2419; x_wconf 91' lang='lat' dir='ltr'>oportet</span> <span class='ocrx_word' id='word_1_775' title='bbox 1636 2382 1718 2406; x_wconf 89' lang='lat' dir='ltr'>esse</span> <span class='ocrx_word' id='word_1_776' title='bbox 1742 2370 1918 2418; x_wconf 89' lang='lat' dir='ltr'>aequales</span> <span class='ocrx_word' id='word_1_777' title='bbox 1938 2381 2098 2406; x_wconf 91' lang='lat' dir='ltr'>numero</span> <span class='ocrx_word' id='word_1_778' title='bbox 2126 2377 2251 2418; x_wconf 86' lang='lat' dir='ltr'>partes</span> <span class='ocrx_word' id='word_1_779' title='bbox 2275 2369 2455 2418; x_wconf 89' lang='lat' dir='ltr'>temporis</span> 
     </span>
     <span class='ocr_line' id='line_1_108' title="bbox 1394 2422 2455 2471; baseline -0.002 -11"><span class='ocrx_word' id='word_1_780' title='bbox 1394 2431 1430 2460; x_wconf 89' lang='lat' dir='ltr'>et</span> <span class='ocrx_word' id='word_1_781' title='bbox 1456 2430 1581 2471; x_wconf 88' lang='lat' dir='ltr'>partes</span> <span class='ocrx_word' id='word_1_782' title='bbox 1618 2422 1902 2470; x_wconf 88' lang='lat' dir='ltr'>magnitudinis,</span> <span class='ocrx_word' id='word_1_783' title='bbox 1933 2430 1968 2458; x_wconf 94' lang='lat' dir='ltr'>et</span> <span class='ocrx_word' id='word_1_784' title='bbox 1996 2422 2179 2470; x_wconf 85' lang='lat' dir='ltr'>quaslibet</span> <span class='ocrx_word' id='word_1_785' title='bbox 2214 2435 2296 2459; x_wconf 90' lang='lat' dir='ltr'>esse</span> <span class='ocrx_word' id='word_1_786' title='bbox 2333 2423 2455 2459; x_wconf 89' lang='lat' dir='ltr'>finitas</span> 
     </span>
     <span class='ocr_line' id='line_1_109' title="bbox 1394 2475 2455 2524; baseline -0.001 -12"><span class='ocrx_word' id='word_1_787' title='bbox 1394 2476 1614 2524; x_wconf 87' lang='lat' dir='ltr'>quantitate:</span> <span class='ocrx_word' id='word_1_788' title='bbox 1645 2488 1734 2523; x_wconf 90' lang='lat' dir='ltr'>ergo</span> <span class='ocrx_word' id='word_1_789' title='bbox 1756 2475 1972 2524; x_wconf 90' lang='lat' dir='ltr'>relinquitur</span> <span class='ocrx_word' id='word_1_790' title='bbox 2000 2475 2104 2522; x_wconf 91' lang='lat' dir='ltr'>quod</span> <span class='ocrx_word' id='word_1_791' title='bbox 2130 2487 2200 2523; x_wconf 93' lang='lat' dir='ltr'>per</span> <span class='ocrx_word' id='word_1_792' title='bbox 2222 2483 2343 2512; x_wconf 91' lang='lat' dir='ltr'>totum</span> <span class='ocrx_word' id='word_1_793' title='bbox 2372 2488 2455 2524; x_wconf 92' lang='lat' dir='ltr'>spa-</span> 
     </span>
     <span class='ocr_line' id='line_1_110' title="bbox 1393 2527 2127 2576; baseline -0.003 -11"><span class='ocrx_word' id='word_1_794' title='bbox 1393 2530 1485 2565; x_wconf 89' lang='lat' dir='ltr'>tium</span> <span class='ocrx_word' id='word_1_795' title='bbox 1513 2536 1715 2565; x_wconf 89' lang='lat' dir='ltr'>moveatur</span> <span class='ocrx_word' id='word_1_796' title='bbox 1742 2528 1779 2564; x_wconf 92' lang='lat' dir='ltr'>in</span> <span class='ocrx_word' id='word_1_797' title='bbox 1808 2535 1980 2576; x_wconf 91' lang='lat' dir='ltr'>tempore</span> <span class='ocrx_word' id='word_1_798' title='bbox 2008 2527 2127 2564; x_wconf 89' lang='lat' dir='ltr'>finito.</span> 
     </span>
    </p>

    <p class='ocr_par' dir='ltr' id='par_1_31' title="bbox 1394 2580 2456 2842">
     <span class='ocr_line' id='line_1_111' title="bbox 1451 2580 2454 2628; baseline -0.002 -10"><span class='ocrx_word' id='word_1_799' title='bbox 1451 2583 1482 2618; x_wconf 88' lang='lat'>5.</span> <span class='ocrx_word' id='word_1_800' title='bbox 1503 2581 1650 2618; x_wconf 92' lang='lat' dir='ltr'>Deinde</span> <span class='ocrx_word' id='word_1_801' title='bbox 1667 2594 1755 2618; x_wconf 91' lang='lat' dir='ltr'>cum</span> <span class='ocrx_word' id='word_1_802' title='bbox 1772 2581 1877 2617; x_wconf 91' lang='lat' dir='ltr'>dicit:</span> <span class='ocrx_word' id='word_1_803' title='bbox 1893 2580 2037 2616; x_wconf 88' lang='lat' dir='ltr'>Eadem</span> <span class='ocrx_word' id='word_1_804' title='bbox 2053 2586 2177 2616; x_wconf 88' lang='lat' dir='ltr'>autem</span> <span class='ocrx_word' id='word_1_805' title='bbox 2193 2581 2289 2616; x_wconf 88' lang='lat' dir='ltr'>ratio</span> <span class='ocrx_word' id='word_1_806' title='bbox 2305 2586 2359 2616; x_wconf 85' lang='lat' dir='ltr'>est</span> <span class='ocrx_word' id='word_1_807' title='bbox 2373 2588 2454 2628; x_wconf 89' lang='lat' dir='ltr'>etc.,</span> 
     </span>
     <span class='ocr_line' id='line_1_112' title="bbox 1394 2633 2454 2682; baseline -0.002 -11"><span class='ocrx_word' id='word_1_808' title='bbox 1394 2635 1555 2671; x_wconf 89' lang='lat' dir='ltr'>ostendit</span> <span class='ocrx_word' id='word_1_809' title='bbox 1583 2634 1688 2682; x_wconf 92' lang='lat' dir='ltr'>quod</span> <span class='ocrx_word' id='word_1_810' title='bbox 1708 2646 1727 2670; x_wconf 93' lang='lat' dir='ltr'>e</span> <span class='ocrx_word' id='word_1_811' title='bbox 1758 2646 1956 2680; x_wconf 87' lang='lat' dir='ltr'>converSO,</span> <span class='ocrx_word' id='word_1_812' title='bbox 1978 2633 2007 2669; x_wconf 92' lang='lat' dir='ltr'>si</span> <span class='ocrx_word' id='word_1_813' title='bbox 2031 2640 2182 2681; x_wconf 91' lang='lat' dir='ltr'>tempus</span> <span class='ocrx_word' id='word_1_814' title='bbox 2211 2640 2267 2669; x_wconf 90' lang='lat' dir='ltr'>est</span> <span class='ocrx_word' id='word_1_815' title='bbox 2293 2633 2454 2680; x_wconf 84' lang='lat' dir='ltr'>finitum,</span> 
     </span>
     <span class='ocr_line' id='line_1_113' title="bbox 1395 2686 2455 2735; baseline -0.001 -11"><span class='ocrx_word' id='word_1_816' title='bbox 1395 2695 1431 2724; x_wconf 91' lang='lat' dir='ltr'>et</span> <span class='ocrx_word' id='word_1_817' title='bbox 1450 2687 1669 2735; x_wconf 90' lang='lat' dir='ltr'>magnitudo</span> <span class='ocrx_word' id='word_1_818' title='bbox 1691 2694 1746 2723; x_wconf 91' lang='lat' dir='ltr'>est</span> <span class='ocrx_word' id='word_1_819' title='bbox 1764 2686 1880 2723; x_wconf 91' lang='lat' dir='ltr'>finita.</span> <span class='ocrx_word' id='word_1_820' title='bbox 1907 2687 1956 2722; x_wconf 94' lang='lat' dir='ltr'>Et</span> <span class='ocrx_word' id='word_1_821' title='bbox 1979 2686 2064 2722; x_wconf 88' lang='lat' dir='ltr'>dicit</span> <span class='ocrx_word' id='word_1_822' title='bbox 2083 2686 2187 2734; x_wconf 92' lang='lat' dir='ltr'>quod</span> <span class='ocrx_word' id='word_1_823' title='bbox 2205 2698 2273 2734; x_wconf 93' lang='lat' dir='ltr'>per</span> <span class='ocrx_word' id='word_1_824' title='bbox 2292 2687 2455 2724; x_wconf 90' lang='lat' dir='ltr'>eandem</span> 
     </span>
     <span class='ocr_line' id='line_1_114' title="bbox 1394 2738 2455 2789; baseline -0.002 -12"><span class='ocrx_word' id='word_1_825' title='bbox 1394 2740 1578 2777; x_wconf 89' lang='lat' dir='ltr'>rationem</span> <span class='ocrx_word' id='word_1_826' title='bbox 1607 2747 1732 2789; x_wconf 91' lang='lat' dir='ltr'>potest</span> <span class='ocrx_word' id='word_1_827' title='bbox 1759 2739 1919 2785; x_wconf 91' lang='lat' dir='ltr'>ostendi,</span> <span class='ocrx_word' id='word_1_828' title='bbox 1946 2738 2051 2788; x_wconf 92' lang='lat' dir='ltr'>quod</span> <span class='ocrx_word' id='word_1_829' title='bbox 2078 2739 2265 2775; x_wconf 90' lang='lat' dir='ltr'>infinitum</span> <span class='ocrx_word' id='word_1_830' title='bbox 2293 2739 2455 2788; x_wconf 90' lang='lat' dir='ltr'>spatium</span> 
     </span>
     <span class='ocr_line' id='line_1_115' title="bbox 1394 2792 2456 2842; baseline -0.002 -12"><span class='ocrx_word' id='word_1_831' title='bbox 1394 2806 1472 2830; x_wconf 93' lang='lat' dir='ltr'>non</span> <span class='ocrx_word' id='word_1_832' title='bbox 1499 2801 1623 2842; x_wconf 89' lang='lat' dir='ltr'>potest</span> <span class='ocrx_word' id='word_1_833' title='bbox 1650 2792 1865 2842; x_wconf 90' lang='lat' dir='ltr'>pertransiri</span> <span class='ocrx_word' id='word_1_834' title='bbox 1898 2792 1936 2828; x_wconf 93' lang='lat' dir='ltr'>in</span> <span class='ocrx_word' id='word_1_835' title='bbox 1964 2800 2136 2840; x_wconf 91' lang='lat' dir='ltr'>tempore</span> <span class='ocrx_word' id='word_1_836' title='bbox 2174 2792 2301 2828; x_wconf 90' lang='lat' dir='ltr'>finito:</span> <span class='ocrx_word' id='word_1_837' title='bbox 2331 2804 2456 2841; x_wconf 89' lang='lat' dir='ltr'>neque</span> 
     </span>
    </p>
   </div>
   <div class='ocr_carea' id='block_1_28' title="bbox 1394 2845 2622 2895">
    <p class='ocr_par' dir='ltr' id='par_1_32' title="bbox 1394 2845 2622 2895">
     <span class='ocr_line' id='line_1_116' title="bbox 1394 2845 2622 2895; baseline -0.002 -13"><span class='ocrx_word' id='word_1_838' title='bbox 1394 2846 1529 2883; x_wconf 91' lang='lat' dir='ltr'>iterum</span> <span class='ocrx_word' id='word_1_839' title='bbox 1547 2854 1672 2895; x_wconf 89' lang='lat' dir='ltr'>potest</span> <span class='ocrx_word' id='word_1_840' title='bbox 1690 2846 1794 2894; x_wconf 92' lang='lat' dir='ltr'>quies</span> <span class='ocrx_word' id='word_1_841' title='bbox 1811 2857 1892 2882; x_wconf 90' lang='lat' dir='ltr'>esse</span> <span class='ocrx_word' id='word_1_842' title='bbox 1908 2845 2051 2881; x_wconf 92' lang='lat' dir='ltr'>infinita</span> <span class='ocrx_word' id='word_1_843' title='bbox 2070 2845 2138 2881; x_wconf 66' lang='lat' dir='ltr'>in*</span> <span class='ocrx_word' id='word_1_844' title='bbox 2148 2848 2320 2893; x_wconf 88' lang='lat' dir='ltr'>tempore</span> <span class='ocrx_word' id='word_1_845' title='bbox 2336 2845 2455 2882; x_wconf 89' lang='lat' dir='ltr'>finito:</span> <span class='ocrx_word' id='word_1_846' title='bbox 2484 2859 2492 2868; x_wconf 85' lang='lat'>-</span> <span class='ocrx_word' id='word_1_847' title='bbox 2507 2864 2532 2879; x_wconf 78' lang='lat' dir='ltr'><em>m</em></span> <span class='ocrx_word' id='word_1_848' title='bbox 2546 2864 2560 2879; x_wconf 89' lang='lat'><strong>0</strong></span> <span class='ocrx_word' id='word_1_849' title='bbox 2608 2864 2622 2879; x_wconf 79' lang='lat' dir='ltr'>P</span> 
     </span>
    </p>
   </div>
   <div class='ocr_carea' id='block_1_29' title="bbox 1391 2898 2456 3370">
    <p class='ocr_par' dir='ltr' id='par_1_33' title="bbox 1391 2898 2456 3370">
     <span class='ocr_line' id='line_1_117' title="bbox 1395 2898 2456 2948; baseline -0.001 -13"><span class='ocrx_word' id='word_1_850' title='bbox 1395 2906 1430 2935; x_wconf 90' lang='lat' dir='ltr'>et</span> <span class='ocrx_word' id='word_1_851' title='bbox 1458 2899 1532 2936; x_wconf 90' lang='lat' dir='ltr'>hoc</span> <span class='ocrx_word' id='word_1_852' title='bbox 1560 2899 1826 2945; x_wconf 85' lang='lat' dir='ltr'>indifferenter,</span> <span class='ocrx_word' id='word_1_853' title='bbox 1853 2898 1932 2935; x_wconf 90' lang='lat' dir='ltr'>sive</span> <span class='ocrx_word' id='word_1_854' title='bbox 1956 2905 2157 2934; x_wconf 85' lang='lat' dir='ltr'>moveatur</span> <span class='ocrx_word' id='word_1_855' title='bbox 2184 2898 2321 2946; x_wconf 91' lang='lat' dir='ltr'>aliquid</span> <span class='ocrx_word' id='word_1_856' title='bbox 2345 2910 2456 2948; x_wconf 81' lang='lat' dir='ltr'>regu-</span> 
     </span>
     <span class='ocr_line' id='line_1_118' title="bbox 1393 2951 2455 3000; baseline 0 -12"><span class='ocrx_word' id='word_1_857' title='bbox 1393 2952 1533 2998; x_wconf 85' lang='lat' dir='ltr'>lariter,</span> <span class='ocrx_word' id='word_1_858' title='bbox 1553 2952 1648 2989; x_wconf 91' lang='lat' dir='ltr'>idest</span> <span class='ocrx_word' id='word_1_859' title='bbox 1667 2964 1789 3000; x_wconf 89' lang='lat' dir='ltr'>aeque</span> <span class='ocrx_word' id='word_1_860' title='bbox 1807 2951 1997 2997; x_wconf 88' lang='lat' dir='ltr'>velociter,</span> <span class='ocrx_word' id='word_1_861' title='bbox 2019 2951 2096 2987; x_wconf 91' lang='lat' dir='ltr'>sive</span> <span class='ocrx_word' id='word_1_862' title='bbox 2123 2963 2200 2988; x_wconf 92' lang='lat' dir='ltr'>non</span> <span class='ocrx_word' id='word_1_863' title='bbox 2228 2951 2455 2998; x_wconf 82' lang='lat' dir='ltr'>regulariter.</span> 
     </span>
     <span class='ocr_line' id='line_1_119' title="bbox 1395 3004 2456 3063; baseline -0.001 -22"><span class='ocrx_word' id='word_1_864' title='bbox 1395 3005 1494 3051; x_wconf 88' lang='lat' dir='ltr'>Quia</span> <span class='ocrx_word' id='word_1_865' title='bbox 1523 3017 1568 3041; x_wconf 88' lang='lat' dir='ltr'>ex</span> <span class='ocrx_word' id='word_1_866' title='bbox 1595 3017 1672 3054; x_wconf 89' lang='lat' dir='ltr'>quo</span> <span class='ocrx_word' id='word_1_867' title='bbox 1701 3012 1852 3063; x_wconf 83' lang='lat' dir='ltr'>tempus</span> <span class='ocrx_word' id='word_1_868' title='bbox 1879 3004 2035 3052; x_wconf 91' lang='lat' dir='ltr'>ponitur</span> <span class='ocrx_word' id='word_1_869' title='bbox 2062 3004 2222 3050; x_wconf 88' lang='lat' dir='ltr'>finitum,</span> <span class='ocrx_word' id='word_1_870' title='bbox 2257 3004 2456 3052; x_wconf 87' lang='lat' dir='ltr'>accipiatur</span> 
     </span>
     <span class='ocr_line' id='line_1_120' title="bbox 1394 3057 2455 3106; baseline -0.001 -12"><span class='ocrx_word' id='word_1_871' title='bbox 1394 3058 1518 3106; x_wconf 90' lang='lat' dir='ltr'>aliqua</span> <span class='ocrx_word' id='word_1_872' title='bbox 1544 3071 1632 3106; x_wconf 90' lang='lat' dir='ltr'>pars</span> <span class='ocrx_word' id='word_1_873' title='bbox 1660 3057 1843 3105; x_wconf 89' lang='lat' dir='ltr'>temporis</span> <span class='ocrx_word' id='word_1_874' title='bbox 1872 3069 1969 3105; x_wconf 92' lang='lat' dir='ltr'>quae</span> <span class='ocrx_word' id='word_1_875' title='bbox 1989 3065 2182 3094; x_wconf 89' lang='lat' dir='ltr'>mensuret</span> <span class='ocrx_word' id='word_1_876' title='bbox 2209 3065 2332 3094; x_wconf 89' lang='lat' dir='ltr'>totum</span> <span class='ocrx_word' id='word_1_877' title='bbox 2361 3064 2455 3093; x_wconf 90' lang='lat' dir='ltr'>tem-</span> 
     </span>
     <span class='ocr_line' id='line_1_121' title="bbox 1392 3110 2454 3159; baseline -0.002 -12"><span class='ocrx_word' id='word_1_878' title='bbox 1392 3123 1475 3159; x_wconf 92' lang='lat' dir='ltr'>pus,</span> <span class='ocrx_word' id='word_1_879' title='bbox 1496 3110 1535 3147; x_wconf 90' lang='lat' dir='ltr'>in</span> <span class='ocrx_word' id='word_1_880' title='bbox 1556 3123 1631 3159; x_wconf 91' lang='lat' dir='ltr'>qua</span> <span class='ocrx_word' id='word_1_881' title='bbox 1650 3110 1792 3147; x_wconf 92' lang='lat' dir='ltr'>mobile</span> <span class='ocrx_word' id='word_1_882' title='bbox 1812 3110 2009 3159; x_wconf 90' lang='lat' dir='ltr'>pertransit</span> <span class='ocrx_word' id='word_1_883' title='bbox 2023 3110 2190 3158; x_wconf 90' lang='lat' dir='ltr'>aliquam</span> <span class='ocrx_word' id='word_1_884' title='bbox 2208 3117 2355 3157; x_wconf 89' lang='lat' dir='ltr'>partem</span> <span class='ocrx_word' id='word_1_885' title='bbox 2375 3121 2454 3145; x_wconf 91' lang='lat' dir='ltr'>ma-</span> 
     </span>
     <span class='ocr_line' id='line_1_122' title="bbox 1393 3161 2456 3211; baseline -0.003 -11"><span class='ocrx_word' id='word_1_886' title='bbox 1393 3163 1594 3211; x_wconf 88' lang='lat' dir='ltr'>gnitudinis</span> <span class='ocrx_word' id='word_1_887' title='bbox 1609 3166 1702 3210; x_wconf 86' lang='lat' dir='ltr'>(non</span> <span class='ocrx_word' id='word_1_888' title='bbox 1721 3170 1849 3199; x_wconf 90' lang='lat' dir='ltr'>autem</span> <span class='ocrx_word' id='word_1_889' title='bbox 1868 3170 1999 3209; x_wconf 90' lang='lat' dir='ltr'>totam,</span> <span class='ocrx_word' id='word_1_890' title='bbox 2015 3163 2103 3210; x_wconf 91' lang='lat' dir='ltr'>quia</span> <span class='ocrx_word' id='word_1_891' title='bbox 2121 3167 2239 3198; x_wconf 83' lang='lat' dir='ltr'>totam</span> <span class='ocrx_word' id='word_1_892' title='bbox 2258 3161 2456 3209; x_wconf 91' lang='lat' dir='ltr'>pertransit</span> 
     </span>
     <span class='ocr_line' id='line_1_123' title="bbox 1393 3213 2454 3264; baseline -0.004 -11"><span class='ocrx_word' id='word_1_893' title='bbox 1393 3216 1430 3253; x_wconf 90' lang='lat' dir='ltr'>in</span> <span class='ocrx_word' id='word_1_894' title='bbox 1454 3223 1533 3252; x_wconf 91' lang='lat' dir='ltr'>toto</span> <span class='ocrx_word' id='word_1_895' title='bbox 1562 3218 1773 3264; x_wconf 88' lang='lat' dir='ltr'>tempore);</span> <span class='ocrx_word' id='word_1_896' title='bbox 1809 3223 1844 3252; x_wconf 92' lang='lat' dir='ltr'>et</span> <span class='ocrx_word' id='word_1_897' title='bbox 1872 3215 2007 3251; x_wconf 91' lang='lat' dir='ltr'>iterum</span> <span class='ocrx_word' id='word_1_898' title='bbox 2040 3214 2078 3251; x_wconf 93' lang='lat' dir='ltr'>in</span> <span class='ocrx_word' id='word_1_899' title='bbox 2102 3213 2249 3261; x_wconf 88' lang='lat' dir='ltr'>aequali</span> <span class='ocrx_word' id='word_1_900' title='bbox 2281 3221 2454 3261; x_wconf 88' lang='lat' dir='ltr'>tempore</span> 
     </span>
     <span class='ocr_line' id='line_1_124' title="bbox 1391 3266 2455 3317; baseline -0.003 -12"><span class='ocrx_word' id='word_1_901' title='bbox 1391 3269 1591 3317; x_wconf 90' lang='lat' dir='ltr'>pertransit</span> <span class='ocrx_word' id='word_1_902' title='bbox 1618 3269 1731 3305; x_wconf 84' lang='lat' dir='ltr'>aliam</span> <span class='ocrx_word' id='word_1_903' title='bbox 1754 3275 1902 3316; x_wconf 89' lang='lat' dir='ltr'>partem</span> <span class='ocrx_word' id='word_1_904' title='bbox 1922 3266 2198 3313; x_wconf 89' lang='lat' dir='ltr'>magnitudinis.</span> <span class='ocrx_word' id='word_1_905' title='bbox 2220 3267 2269 3302; x_wconf 90' lang='lat' dir='ltr'>Et</span> <span class='ocrx_word' id='word_1_906' title='bbox 2287 3266 2455 3302; x_wconf 91' lang='lat' dir='ltr'>similiter</span> 
     </span>
     <span class='ocr_line' id='line_1_125' title="bbox 1392 3318 2454 3370; baseline -0.004 -12"><span class='ocrx_word' id='word_1_907' title='bbox 1392 3333 1462 3369; x_wconf 92' lang='lat' dir='ltr'>pro</span> <span class='ocrx_word' id='word_1_908' title='bbox 1481 3334 1711 3370; x_wconf 90' lang='lat' dir='ltr'>unaquaque</span> <span class='ocrx_word' id='word_1_909' title='bbox 1739 3327 1844 3369; x_wconf 92' lang='lat' dir='ltr'>parte</span> <span class='ocrx_word' id='word_1_910' title='bbox 1871 3319 2052 3366; x_wconf 88' lang='lat' dir='ltr'>temporis</span> <span class='ocrx_word' id='word_1_911' title='bbox 2076 3318 2312 3366; x_wconf 78' lang='lat' dir='ltr'>accipietur*</span> <span class='ocrx_word' id='word_1_912' title='bbox 2331 3318 2454 3366; x_wconf 91' lang='lat' dir='ltr'>aliqua</span> 
     </span>
    </p>
   </div>
   <div class='ocr_carea' id='block_1_30' title="bbox 1392 3371 2529 3422">
    <p class='ocr_par' dir='ltr' id='par_1_34' title="bbox 1392 3371 2529 3422">
     <span class='ocr_line' id='line_1_126' title="bbox 1392 3371 2529 3422; baseline -0.005 -11"><span class='ocrx_word' id='word_1_913' title='bbox 1392 3386 1479 3422; x_wconf 90' lang='lat' dir='ltr'>pars</span> <span class='ocrx_word' id='word_1_914' title='bbox 1507 3373 1793 3421; x_wconf 87' lang='lat' dir='ltr'>magnitudinis:</span> <span class='ocrx_word' id='word_1_915' title='bbox 1816 3379 1851 3408; x_wconf 92' lang='lat' dir='ltr'>et</span> <span class='ocrx_word' id='word_1_916' title='bbox 1869 3372 1943 3407; x_wconf 91' lang='lat' dir='ltr'>hoc</span> <span class='ocrx_word' id='word_1_917' title='bbox 1971 3371 2238 3417; x_wconf 86' lang='lat' dir='ltr'>indifferenter,</span> <span class='ocrx_word' id='word_1_918' title='bbox 2260 3371 2339 3407; x_wconf 87' lang='lat' dir='ltr'>sive</span> <span class='ocrx_word' id='word_1_919' title='bbox 2366 3383 2453 3419; x_wconf 92' lang='lat' dir='ltr'>pars</span> <span class='ocrx_word' id='word_1_920' title='bbox 2482 3385 2529 3405; x_wconf 57' lang='grc' dir='ltr'>ηις</span> 
     </span>
    </p>
   </div>
   <div class='ocr_carea' id='block_1_31' title="bbox 1392 3423 2453 3526">
    <p class='ocr_par' dir='ltr' id='par_1_35' title="bbox 1392 3423 2453 3526">
     <span class='ocr_line' id='line_1_127' title="bbox 1393 3423 2453 3473; baseline -0.002 -10"><span class='ocrx_word' id='word_1_921' title='bbox 1393 3426 1657 3473; x_wconf 88' lang='lat' dir='ltr'>magnitudinis</span> <span class='ocrx_word' id='word_1_922' title='bbox 1677 3424 1844 3462; x_wconf 89' lang='lat' dir='ltr'>secundo</span> <span class='ocrx_word' id='word_1_923' title='bbox 1865 3431 2030 3472; x_wconf 86' lang='lat' dir='ltr'>accepta,</span> <span class='ocrx_word' id='word_1_924' title='bbox 2052 3423 2096 3459; x_wconf 90' lang='lat' dir='ltr'>sit</span> <span class='ocrx_word' id='word_1_925' title='bbox 2124 3423 2289 3471; x_wconf 90' lang='lat' dir='ltr'>aequalis</span> <span class='ocrx_word' id='word_1_926' title='bbox 2308 3424 2453 3472; x_wconf 91' lang='lat' dir='ltr'>primae</span> 
     </span>
     <span class='ocr_line' id='line_1_128' title="bbox 1392 3476 2452 3526; baseline -0.002 -11"><span class='ocrx_word' id='word_1_927' title='bbox 1392 3478 1487 3526; x_wconf 88' lang='lat' dir='ltr'>parti</span> <span class='ocrx_word' id='word_1_928' title='bbox 1506 3479 1625 3526; x_wconf 89' lang='lat' dir='ltr'>(quod</span> <span class='ocrx_word' id='word_1_929' title='bbox 1645 3476 1821 3524; x_wconf 89' lang='lat' dir='ltr'>contingit</span> <span class='ocrx_word' id='word_1_930' title='bbox 1839 3476 1991 3524; x_wconf 90' lang='lat' dir='ltr'>quando</span> <span class='ocrx_word' id='word_1_931' title='bbox 2022 3488 2143 3524; x_wconf 91' lang='lat' dir='ltr'>aeque</span> <span class='ocrx_word' id='word_1_932' title='bbox 2166 3477 2347 3513; x_wconf 85' lang='lat' dir='ltr'>velociter</span> <span class='ocrx_word' id='word_1_933' title='bbox 2370 3489 2452 3514; x_wconf 90' lang='lat' dir='ltr'>mo-</span> 
     </span>
    </p>
   </div>
   <div class='ocr_carea' id='block_1_32' title="bbox 1391 3529 2463 3578">
    <p class='ocr_par' dir='ltr' id='par_1_36' title="bbox 1391 3529 2463 3578">
     <span class='ocr_line' id='line_1_129' title="bbox 1391 3529 2463 3578; baseline 0 -12"><span class='ocrx_word' id='word_1_934' title='bbox 1391 3532 1527 3577; x_wconf 87' lang='lat' dir='ltr'>vetur),</span> <span class='ocrx_word' id='word_1_935' title='bbox 1549 3531 1627 3567; x_wconf 91' lang='lat' dir='ltr'>sive</span> <span class='ocrx_word' id='word_1_936' title='bbox 1656 3530 1701 3566; x_wconf 87' lang='lat' dir='ltr'>sit</span> <span class='ocrx_word' id='word_1_937' title='bbox 1720 3529 1924 3576; x_wconf 87' lang='lat' dir='ltr'>inaequalis</span> <span class='ocrx_word' id='word_1_938' title='bbox 1953 3529 2073 3576; x_wconf 87' lang='lat' dir='ltr'>(quod</span> <span class='ocrx_word' id='word_1_939' title='bbox 2094 3529 2271 3577; x_wconf 88' lang='lat' dir='ltr'>contingit</span> <span class='ocrx_word' id='word_1_940' title='bbox 2299 3530 2463 3578; x_wconf 72' lang='lat' dir='ltr'>quandov</span> 
     </span>
    </p>
   </div>
   <div class='ocr_carea' id='block_1_33' title="bbox 1393 3581 2453 3631">
    <p class='ocr_par' dir='ltr' id='par_1_37' title="bbox 1393 3581 2453 3631">
     <span class='ocr_line' id='line_1_130' title="bbox 1393 3581 2453 3631; baseline 0 -12"><span class='ocrx_word' id='word_1_941' title='bbox 1393 3594 1471 3619; x_wconf 92' lang='lat' dir='ltr'>non</span> <span class='ocrx_word' id='word_1_942' title='bbox 1508 3595 1629 3631; x_wconf 89' lang='lat' dir='ltr'>aeque</span> <span class='ocrx_word' id='word_1_943' title='bbox 1657 3581 1835 3619; x_wconf 83' lang='lat' dir='ltr'>velociter</span> <span class='ocrx_word' id='word_1_944' title='bbox 1862 3583 2074 3628; x_wconf 84' lang='lat' dir='ltr'>movetur).</span> <span class='ocrx_word' id='word_1_945' title='bbox 2112 3583 2198 3618; x_wconf 92' lang='lat' dir='ltr'>Hoc</span> <span class='ocrx_word' id='word_1_946' title='bbox 2227 3582 2327 3619; x_wconf 92' lang='lat' dir='ltr'>enim</span> <span class='ocrx_word' id='word_1_947' title='bbox 2365 3583 2453 3620; x_wconf 93' lang='lat' dir='ltr'>nihil</span> 
     </span>
    </p>
   </div>
   <div class='ocr_carea' id='block_1_34' title="bbox 2280 3661 2311 3694">
    <p class='ocr_par' dir='ltr' id='par_1_38' title="bbox 2280 3661 2311 3694">
     <span class='ocr_line' id='line_1_131' title="bbox 2280 3661 2311 3694; baseline 0 0"><span class='ocrx_word' id='word_1_948' title='bbox 2280 3661 2311 3694; x_wconf 82' lang='lat'>39</span> 
     </span>
    </p>
   </div>
   <div class='ocr_carea' id='block_1_35' title="bbox 2531 3383 2692 3411">
    <p class='ocr_par' dir='ltr' id='par_1_39' title="bbox 2531 3383 2692 3411">
     <span class='ocr_line' id='line_1_132' title="bbox 2531 3383 2692 3411; baseline 0.006 -6"><span class='ocrx_word' id='word_1_949' title='bbox 2531 3383 2633 3411; x_wconf 75' lang='lat' dir='ltr'>cr‘piatur</span> <span class='ocrx_word' id='word_1_950' title='bbox 2639 3390 2692 3406; x_wconf 69' lang='lat' dir='ltr'>tou.</span> 
     </span>
    </p>
   </div>
  </div>
 </body>
</html>
