2982 4022
317 727 468 773 Λέγεται
492 722 530 758 δὲ
552 728 611 758 καὶ
635 726 656 763 γ’)
682 725 769 770 τύχη
794 726 852 756 καὶ
877 725 918 757 το
936 723 1136 768 αὐτόματον
1154 725 1220 756 τῶν
1239 725 1370 765 αἰτίων,

382 774 440 802 καὶ
461 770 574 802 πολλοὶ
586 772 645 801 καὶ
662 767 747 801 εἶναι
771 770 829 800 καὶ
845 767 1018 815 γίγνεσθαι
1034 765 1094 800 διά
1109 767 1216 814 τύχην
1237 770 1294 799 καὶ
1315 764 1374 800 διοί

384 815 425 848 τό
451 813 663 858 αὐτόματον.
691 815 773 844 Τίνα
791 811 847 845 οὐν
866 812 990 857 τρόπον
1007 813 1040 844 ἐν
1058 811 1194 850 τούτοις
1213 812 1284 844 ἐστὶ
1303 817 1373 849 τοῖς

384 859 505 895 αἰτίοις
531 859 552 894 ἡ
579 857 667 903 τύχη
691 858 750 889 καὶ
773 858 814 890 τὸ
840 856 1054 901 αὐτόματον,
1079 859 1137 888 καὶ
1163 856 1305 900 πότερον
1332 857 1373 889 τό

385 902 472 934 αὐτὸ
497 902 518 938 ἣ
544 901 632 947 τύχη
657 904 714 933 καὶ
741 900 782 933 τὰ
807 900 1007 945 αὐτόματον
1034 899 1054 937 ἦ
1073 900 1199 945 ἕτερον,
1216 902 1273 932 καὶ
1292 899 1374 938 ὅλως

383 948 416 978 τί
443 946 533 978 ἐστιν
556 947 577 982 ἡ
601 945 690 990 τύχη
715 948 772 977 καὶ
791 946 831 978 το
853 945 1068 988 αὐτόματον,
1091 944 1327 977 ἐπισκεπτέον.

310 989 415 1022 Ἔνιοι
439 990 503 1036 γάρ
527 992 585 1022 καὶ
609 991 637 1022 εἱ
663 990 753 1023 ἔστιν
775 989 795 1026 ἦ
813 989 875 1033 μή,
903 990 1096 1034 ἀποροῦσιν·
1125 986 1219 1042 οὐδὲν
1245 989 1310 1034 γάρ
1326 991 1375 1034 γί-

385 1089 456 1110 τιον
482 1078 674 1123 ὠρισμένον,
702 1079 765 1111 ὅσα
787 1078 929 1124 λέγομεν
957 1078 1014 1110 ἀπ’
1042 1077 1244 1122 αὐτομάτου
1269 1080 1379 1123 γίγνε-

385 1121 461 1153 σθαι
487 1121 508 1159 ἦ
534 1121 660 1167 τύχης,
691 1123 759 1154 οἷον
785 1125 846 1154 τοῦ
879 1121 984 1154 ἐλθεῖν
1011 1122 1079 1154 ἀπὸ
1110 1121 1216 1166 τύχης
1241 1122 1286 1158 εἰς
1311 1121 1375 1157 την

387 1167 409 1198 ἀ.
435 1165 527 1210 οράν,
543 1169 601 1198 καὶ
626 1166 838 1207 καταλαβεῖν
864 1167 898 1199 ὃν
923 1166 1084 1206 ἐβούλετο
1109 1165 1182 1207 μέν,
1206 1167 1265 1197 οὐκ
1292 1165 1375 1206 ᾤετο

384 1206 442 1251 δε,
470 1212 579 1242 αἴτιον
606 1211 647 1242 τὸ
673 1210 852 1251 βούλεσθαι
878 1210 1045 1257 ἀγοράσαι
1071 1209 1230 1243 ἐλθόντα·
1257 1211 1377 1252 ὁμοίως

384 1250 423 1286 δέ
446 1257 503 1286 καὶ
530 1255 585 1287 ἐπὶ
616 1256 683 1286 τῶν
715 1255 823 1287 ἄλλων
855 1256 920 1286 τῶν
954 1254 1022 1287 ἀπὸ
1054 1254 1160 1299 τύχης
1189 1252 1376 1299 λεγομένων

387 1299 438 1331 ἀεί
464 1310 498 1330 τι
523 1296 607 1330 εἶναι
631 1299 747 1340 λαβεῖν
773 1299 813 1332 το
840 1301 964 1340 αἴτιον,
993 1299 1063 1331 ἀλλ’
1093 1299 1130 1331 οὐ
1151 1297 1270 1343 τύχην·

320 1342 392 1375 ἐπεὶ
418 1345 447 1374 εἴ
470 1342 509 1388 γέ
534 1354 568 1375 τι
593 1340 632 1380 ἦν
651 1344 671 1380 ἡ
689 1343 791 1388 τύχη,
812 1342 940 1376 ἄτοπον
969 1341 1008 1375 ἂν
1033 1345 1150 1385 φανείη
1172 1344 1213 1380 ὠς
1234 1340 1376 1380 ἀληθῶς,

380 1389 439 1418 καὶ
466 1386 665 1431 ἀπορήσειεν
697 1387 735 1419 α”ν
761 1399 810 1425 τις
836 1383 895 1419 διά
918 1389 951 1420 τί
976 1387 1054 1419 ποτ’
1084 1383 1190 1423 οὐδεὶς
1225 1387 1291 1418 τῶν
1325 1386 1378 1430 ἀρ-

386 1433 492 1475 χαίων
518 1432 625 1475 σοφῶν
652 1432 699 1463 τοὶ
724 1434 820 1464 αἴτια
845 1432 919 1474 περὶ
935 1430 1093 1477 γενέσεως
1108 1433 1165 1463 καὶ
1183 1429 1304 1475 φθορᾶς
1322 1429 1379 1461 λε’-

385 1486 466 1520 γων,
486 1477 558 1519 περὶ
577 1475 683 1529 τύχης
705 1471 800 1507 οὐδὲν
818 1470 979 1518 διώρισεν,
997 1475 1063 1507 ἀλλ’
1084 1477 1126 1513 ὠς
1145 1475 1262 1515 ἔοικεν,
1282 1469 1377 1506 οὐδὲν

386 1519 494 1560 ᾤοντο
521 1515 589 1551 οὐδ’
618 1524 738 1551 εκεῖνοι
764 1517 850 1551 εἶναι
877 1519 945 1551 ἀπὸ
970 1519 1089 1563 τύχης.

313 1605 423 1638 Ἀλλά
445 1607 504 1637 καὶ
529 1606 635 1638 τοῦτο
661 1604 873 1650 θαυμαστόν’
899 1605 1014 1637 πολλοὶ
1042 1605 1105 1651 γαρ
1134 1606 1192 1636 καὶ
1225 1607 1380 1650 γίγνεται

5 1659 17 1687 ²4
385 1651 443 1681 καὶ
469 1650 561 1681 ἔστιν
589 1649 656 1682 ἀπὸ
682 1649 789 1695 τύχης
817 1650 875 1681 καὶ
902 1649 971 1681 ἀπὸ
1004 1648 1251 1693 ταύτομάτου,
1280 1649 1302 1680 οἳ
1322 1649 1380 1680 οὐκ

4 1697 25 1738 ί
387 1694 588 1739 ἀγνοοῦντες
622 1693 675 1725 ὅτι
700 1694 790 1727 ἔστιν
826 1694 1057 1738 ἐπανενεγκεῖν
1087 1692 1231 1725 ἕκαστον
1263 1693 1317 1724 ἐπί
1348 1704 1382 1723 τι

386 1741 496 1770 αἴτιον
527 1739 593 1769 τῶν
623 1738 849 1784 γιγνομένων,
881 1737 1035 1779 καθάπερ
1062 1738 1077 1768 ὀ
1104 1737 1249 1774 παλαιὸς
1281 1735 1381 1782 λόγος

385 1779 476 1814 εἶπεν
504 1783 520 1814 ὁ
547 1780 691 1826 ἀναιρῶν
721 1783 784 1819 τήν
815 1783 942 1826 τύχην,
971 1780 1057 1824 ὅμως
1090 1780 1222 1813 τούτων
1255 1781 1303 1812 τά
1322 1780 1381 1823 μὲν

386 1823 471 1858 εἷναί
496 1837 576 1868 φασι
602 1826 729 1865 πάντες
754 1827 822 1860 ἀπο
840 1827 961 1872 τύχης,
981 1825 1028 1857 τοὶ
1043 1821 1073 1856 δ’
1096 1823 1153 1857 οὐκ
1173 1824 1241 1857 ἀπὸ
1259 1825 1380 1868 τύχης.

386 1870 442 1901 Διό
459 1872 516 1901 καὶ
532 1871 738 1916 ἀμωσγέπως
757 1868 796 1908 ἦν
815 1870 975 1908 ποιητέον
991 1869 1108 1907 αὐτοῖς
1123 1872 1252 1912 μνείαν.
1274 1870 1382 1901 Ἀλλά

386 1914 452 1959 μην
477 1909 548 1946 οὐδ’
571 1915 702 1948 ἐκείνων
727 1915 767 1962 γέ
792 1927 825 1947 τι
851 1917 956 1957 ᾤοντο
983 1910 1067 1945 εἶναι
1086 1914 1148 1950 την
1170 1912 1293 1958 τύχην,
1314 1914 1380 1945 οἷον

385 1959 496 2002 φιλίαν
522 1957 542 1995 ἢ
567 1963 671 1997 νεῖκος
698 1958 718 1996 ἦ
734 1959 810 1992 νοῦν
836 1959 857 1996 ἦ
883 1960 946 2001 πῦρ
968 1957 988 1994 ἦ
1008 1958 1089 1990 ἄλλο
1107 1957 1147 2004 γέ
1167 1969 1201 1990 τι
1229 1958 1294 1989 τῶν
1312 1970 1381 1997 τοι-

417 2002 425 2012 Ι

387 2014 507 2036 ουτων.

314 2046 462 2079 Ἀτοπον
495 2045 551 2079 οὖν
583 2048 652 2079 εἴτε
677 2048 724 2089 μή
755 2046 995 2090 ὑπελάμβανον
1025 2042 1110 2077 εἶναι
1135 2047 1203 2078 εἴτε
1237 2045 1382 2089 οἰόμενοι

389 2090 607 2133 παρέλειπον,
632 2093 690 2122 καὶ
715 2092 818 2123 ταῦτ’
845 2092 951 2122 ἐνίοτε
975 2088 1150 2134 χρώμενοι,
1173 2089 1282 2132 ὥσπερ
1301 2090 1379 2133 Ἐμ-

390 2130 557 2171 πεδοκλῆς
584 2135 642 2166 οὐκ
669 2136 720 2167 ἀεὶ
746 2135 803 2167 τὸν
832 2134 915 2178 ἀέρα
946 2132 1113 2165 ἀνωτάτω
1145 2133 1380 2178 ἀποκρίνεσθαί

388 2188 507 2221 φησιν,
535 2179 603 2210 ἀλλ’
633 2178 721 2216 ὅπως
754 2178 791 2210 ἀν
818 2178 919 2223 τύχῃ.
957 2177 1057 2222 Λέγει
1081 2177 1161 2223 γοῦν
1191 2177 1223 2209 ἐν
1257 2178 1302 2220 τῇ
1327 2188 1382 2208 κο-

388 2225 571 2266 σμοποιίᾳ,
1340 2219 1342 2223 ’

431 2267 484 2304 Ὠς
510 2265 598 2298 οὕτω
623 2265 796 2309 συνέκυρσε
820 2264 901 2297 θέων
927 2263 1023 2305 τότε,
1043 2263 1189 2296 πολλάκι
1206 2261 1234 2295 δ’
1259 2265 1378 2301 ἄλλως·

387 2313 444 2341 καὶ
479 2310 527 2342 τά
558 2309 659 2353 μόρια
690 2311 756 2341 τῶν
787 2309 878 2352 ζῴων
913 2309 982 2340 ἀπὸ
1013 2308 1117 2353 τύχης
1150 2307 1307 2354 γενέσθαι
1331 2309 1380 2340 τά

390 2355 538 2386 πλεῖστα
563 2356 670 2398 φησίν.

321 2397 394 2429 Εἰσὶ
418 2393 456 2430 δέ
482 2409 570 2434 τινες
596 2401 625 2429 οἳ
649 2399 705 2428 καὶ
731 2397 793 2429 τοῦ
819 2397 961 2441 οὐρανοῦ
987 2391 1088 2428 τοῦδε
1109 2398 1167 2428 καὶ
1186 2397 1250 2428 τῶν
1267 2408 1382 2440 κοσμι-

387 2442 453 2473 κῶν
479 2440 616 2474 πάντων
644 2442 823 2481 αἰτιῶνται
849 2441 890 2473 τὸ
916 2439 1130 2484 αὐτόματον·
1161 2440 1229 2473 ἀπὸ
1255 2440 1381 2473 ταύτο-

417 2485 501 2518 άτου
525 2482 600 2531 γοὲρΙ
615 2484 787 2531 γίγνεσθαι
813 2485 876 2522 την
902 2479 994 2522 δίνην
1011 2487 1068 2516 καὶ
1086 2484 1149 2520 τήν
1169 2487 1295 2521 κίνησιν
1318 2484 1380 2520 τήν

388 2497 606 2574 ςιακρίνασαν
631 2531 688 2561 καὶ
712 2529 988 2566 καταστήσασαν
1013 2530 1057 2566 εἰς
1083 2528 1215 2566 ταύτην
1238 2529 1302 2565 τήν
1320 2527 1384 2561 τά-

389 2574 438 2616 ξιν
463 2574 504 2606 ‘td
529 2574 609 2606 πᾶν.

324 2619 389 2650 Καὶ
415 2617 509 2663 μάλα
533 2618 639 2649 τοῦτο
665 2615 837 2662 θαυμάσαι
863 2617 969 2657 ἀξιον·
986 2616 1151 2662 λέγοντας
1177 2617 1240 2662 γάρ
1260 2617 1307 2649 τοὶ
1323 2615 1381 2660 μὲν

389 2663 462 2704 ζῷα
484 2662 543 2692 καὶ
568 2661 616 2693 τοὶ
640 2662 730 2704 φυτά
756 2662 824 2693 ἀπὸ
850 2661 955 2707 τύχης
983 2660 1071 2704 μήτε
1104 2657 1189 2692 εἶναι
1218 2660 1308 2704 μήτε
1333 2662 1382 2706 γί-

390 2704 539 2751 γνεσθαι,
559 2702 626 2737 ἀλλ’
647 2704 725 2741 ἤτοι
750 2704 843 2748 φύσιν
861 2704 882 2741 ἢ
900 2706 976 2736 νοῦν
995 2705 1016 2741 ἦ
1037 2716 1070 2736 τι
1088 2705 1246 2736 τοιοῦτον
1270 2704 1381 2747 ἕτερον

391 2747 477 2781 εἶναι
502 2749 543 2780 τό
569 2751 677 2780 αἴτιον
707 2749 768 2790 (οὐ
793 2748 856 2794 γάρ
884 2748 899 2779 ὅ
926 2750 959 2779 τι
984 2748 1102 2793 ἔτυχεν
1132 2747 1168 2780 ἐκ
1194 2750 1256 2780 τοῦ
1287 2748 1350 2781 σπέ
1372 2768 1383 2773 -

391 2805 500 2837 ματος
531 2792 676 2824 ἑκάστου
707 2794 882 2838 γίγνεται,
915 2793 984 2825 ἀλλ’
1014 2793 1049 2824 ὲκ
1074 2793 1132 2835 μὲν
1165 2793 1227 2824 τοῦ
1253 2795 1383 2825 τοιουὸὶ

391 2839 505 2877 ἐλαία,
525 2835 560 2868 ὲκ
584 2836 621 2868 δὲ
647 2837 708 2868 τοῦ
735 2832 863 2868 τοιουδὶ
889 2836 1090 2880 ἄνθρωπος),
1115 2837 1172 2869 τον
1190 2831 1221 2867 δ’
1243 2837 1382 2881 οὐρανὸν

390 2883 448 2913 καὶ
475 2881 522 2912 τά
547 2879 715 2912 θειότατα
739 2882 804 2913 τῶν
830 2882 975 2924 φανερῶν
1003 2881 1070 2913 ἀπὸ
1095 2881 1158 2913 τοῦ
1181 2881 1382 2924 αὐτομάτου

391 2923 567 2972 γενέσθαι,
598 2924 764 2962 τοιαύτην
790 2920 819 2955 δ’
850 2925 965 2957 αἰτίαν
990 2920 1156 2968 μηδεμίαν
1191 2922 1275 2957 εἶναι
1308 2925 1381 2958 οἵαν

393 2970 459 3001 τῶν
484 2967 575 3011 ζῴων
604 2971 660 3000 καὶ
692 2969 758 3000 τῶν
790 2970 911 3013 φυτῶν.
950 2970 1071 3001 Καίτοι
1100 2970 1127 3000 εἰ
1153 2968 1259 3007 οὕτως
1290 2969 1381 3014 ἔχει,

393 3013 488 3045 τοῦτ’
512 3013 599 3045 αὐτὸ
626 3012 717 3053 ἀξιον
736 3012 957 3054 ἐπιστάσεως,
975 3015 1033 3044 καὶ
1049 3014 1158 3050 καλῶς
1178 3013 1245 3059 ἔχει
1262 3014 1384 3059 λεχθῆ-

393 3059 447 3088 ναί
472 3057 505 3088 τὶ
530 3058 603 3099 περὶ
630 3057 751 3088 αὐτοῦ.
1054 3055 1057 3058 ’

325 3099 495 3146 Πρόςιγάρ
521 3102 568 3142 τῷ
592 3103 649 3132 καὶ
678 3100 784 3138 ἄλλως
804 3100 932 3133 ἀτοπον
952 3097 1037 3136 εἶναι
1057 3101 1099 3133 τό
1116 3099 1310 3147 λεγόμενον,
1330 3101 1383 3134 ἔτι

396 3142 611 3188 ἀτοπώτερον
638 3144 677 3176 τό
701 3145 809 3190 λέγειν
842 3146 979 3186 ταῦτα,
1007 3145 1152 3187 ὁρῶντας
1186 3146 1218 3177 ἑν
1250 3145 1309 3189 μὲν
1336 3147 1383 3187 τῷ

395 3188 522 3232 οὐρανῷ
541 3183 636 3220 οὐδὲν
656 3186 724 3221 ἀπὸ
742 3188 968 3232 ταύτομάτου
985 3187 1192 3234 γιγνόμενον,
1209 3190 1241 3220 ἐν
1259 3184 1296 3221 δέ
1313 3194 1384 3227 τοῖς

397 3232 455 3263 οὐκ
482 3231 549 3264 ἀπὸ
567 3232 673 3276 τύχης
696 3233 808 3265 πολλοὶ
824 3232 1055 3274 συμβαίνοντα
1074 3232 1141 3264 ἀπο
1159 3232 1278 3278 τύχης.
1304 3235 1387 3265 Καί-

396 3287 450 3308 τοι
475 3274 560 3312 εἰκός
584 3288 622 3321 γε
648 3274 687 3312 ἦν
714 3276 912 3308 τούναντίον
938 3275 1125 3321 γίγνεσθαι.

329 3319 400 3350 Εἰσὶ
425 3315 462 3351 δέ
488 3331 573 3356 τινες
599 3320 645 3356 οἷς
670 3314 764 3350 δοκεῖ
786 3317 870 3350 εἶναι
896 3320 992 3351 αἰτία
1017 3319 1075 3362 μέν
1097 3321 1117 3356 ἡ
1136 3319 1239 3363 τύχη,
1260 3315 1384 3357 ἄδηλος

396 3359 433 3394 δὲ
460 3362 646 3407 ἀνθρωπίνῃ
671 3357 818 3402 διανοίᾳ,
839 3364 881 3399 ὠς
906 3361 992 3394 θεῖόν
1019 3375 1052 3396 τι
1073 3361 1158 3394 οὖσα
1182 3365 1240 3394 καὶ
1264 3359 1385 3406 δαιμο-

396 3406 563 3450 νιώτερον.
595 3406 697 3438 ’Ὠστε
727 3405 891 3438 σκεπτέον
922 3408 979 3437 καὶ
1005 3409 1037 3438 τί
1063 3405 1243 3449 ἑκάτερον,
1275 3409 1332 3439 καὶ
1357 3409 1384 3438 εἰ

398 3449 527 3483 ταύτόν
554 3449 574 3487 ἦ
602 3450 714 3494 ἕτερον
739 3450 780 3483 τό
805 3462 842 3481 τε
869 3449 1068 3494 αὐτόματον
1085 3451 1143 3482 καὶ
1163 3450 1183 3486 ή
1202 3450 1304 3495 τύχη,
1326 3453 1384 3482 καὶ

399 3496 466 3533 πῶς
492 3495 535 3532 εἱς
562 3494 609 3526 τοὶ
632 3490 832 3539 διωρισμένα
859 3495 956 3526 αἴτια
982 3494 1198 3538 ἐμπίπτουσι.

12 2725 31 2803 ι’,ξζῐ-ῑι·

10 2907 26 2946 ›
12 2818 33 2895 ,φρ-,μ
18 2806 25 2811 2

1154 231 1264 268 CAP.
1295 229 1362 277 lv,
1393 229 1543 265 LECT.
1572 229 1641 265 vn

383 1033 521 1080 γνεσθαι
547 1034 615 1066 ἀπὸ
640 1034 747 1088 τύχης
771 1036 882 1077 φασίν,
903 1034 993 1066 ἀλλα
1010 1033 1148 1066 πάντων
1169 1036 1253 1064 ειναί
1275 1045 1309 1064 τι
1326 1035 1383 1075 αι’-7

1047 443 1346 500 LECTIO
1385 442 1752 499 SEPTIMA

786 598 844 629 DE
867 597 1056 628 DIVERSIS
1080 596 1351 627 OPINIONIBUS
1375 595 1506 627 CIRCA
1528 595 1772 626 FORTUNAM
1795 595 1852 625 ET
1877 595 2022 625 CASUM

1427 727 1444 745 *
1459 726 1581 757 Dicitur
1605 734 1711 757 autem
1736 734 1765 757 et
1789 726 1915 757 fortuna
1931 734 1961 757 et
1977 737 2066 757 casus
2091 735 2271 766 causarum;
2296 734 2325 758 et
2346 727 2445 757 multa
2461 733 2491 757 et

1496 781 1562 801 esse
1587 778 1616 801 et
1639 771 1705 801 fieri
1730 778 1858 811 propter
1882 771 2044 801 fortunam
2068 778 2098 801 et
2121 778 2249 811 propter
2273 782 2390 802 casum.
2414 771 2488 807 Quo

1494 814 1588 854 igitur
1608 815 1705 844 modo
1725 815 1758 844 in
1776 815 1824 844 his
1841 815 1940 845 causis
1960 822 2006 845 est
2025 815 2150 845 fortuna
2169 821 2199 845 et
2215 823 2318 853 casus;
2335 822 2364 846 et
2383 821 2491 845 utrum

1495 859 1580 888 idem
1600 859 1639 889 sit
1663 858 1788 889 fortuna
1816 865 1846 889 et
1870 869 1958 889 casus
1983 865 2037 889 aut
2062 859 2174 896 altera3
2205 866 2235 890 et
2258 859 2390 889 omnino
2414 858 2492 898 quid

1497 902 1536 932 sit
1558 902 1685 933 fortuna
1704 909 1734 932 et
1757 912 1856 940 casus,
1877 902 2140 933 considerandum
2163 909 2218 933 est.

1430 990 1447 1008 *
1463 990 1604 1026 Quidam
1620 990 1705 1020 enim
1721 990 1746 1020 si
1767 990 1828 1020 sint
1845 1000 1883 1020 an
1908 1000 1984 1028 non,
2007 990 2160 1021 dubitant.
2184 990 2271 1020 Nihil
2288 990 2372 1020 enim
2389 989 2454 1020 fieri
2475 1000 2492 1020 a

1498 1033 1626 1064 fortuna
1650 1034 1772 1072 dicunt;
1797 1034 1851 1063 sed
1874 1034 2020 1063 omnium
2039 1044 2105 1064 esse
2129 1034 2267 1075 aliquam
2292 1044 2418 1065 causam
2439 1034 2492 1064 de-

1498 1077 1707 1115 terminatam,
1728 1087 1947 1118 quaecumque
1966 1088 2025 1107 nos
2042 1077 2175 1108 dicimus
2191 1089 2209 1108 a
2225 1088 2298 1108 casu
2321 1077 2386 1108 fieri
2406 1084 2460 1108 aut
2475 1089 2493 1108 a

1499 1121 1643 1151 fortuna:
1668 1128 1703 1151 ut
1725 1121 1870 1151 veniendi
1891 1132 1909 1151 a
1931 1121 2059 1151 fortuna
2082 1121 2113 1151 in
2138 1121 2244 1152 forum
2268 1129 2297 1152 et
2320 1122 2506 1162 reperiendi,

1499 1175 1595 1205 quem
1618 1165 1754 1202 volebat,
1770 1175 1867 1206 quem
1893 1175 1958 1195 non
1983 1172 2029 1195 est
2054 1165 2201 1205 opinatus
2225 1173 2307 1203 ante,
2332 1176 2425 1196 causa
2448 1172 2494 1196 est

1498 1209 1676 1240 venientem
1699 1209 1778 1239 velle
1801 1219 1913 1239 emere.
1934 1209 2081 1239 Similiter
2095 1216 2202 1240 autem
2227 1217 2257 1240 et
2273 1210 2304 1239 in
2328 1209 2395 1239 aliis
2413 1219 2494 1249 quae

1500 1264 1518 1283 a
1542 1253 1670 1284 fortuna
1697 1253 1858 1290 dicuntur,
1887 1263 2010 1293 semper
2031 1259 2076 1283 est
2099 1253 2238 1294 aliquam
2261 1254 2398 1293 accipere
2423 1264 2493 1284 cau-

1500 1308 1578 1336 sam,
1603 1298 1657 1327 sed
1681 1307 1745 1327 non
1770 1296 1941 1327 fortunam.

1432 1341 1450 1360 '¹‘
1466 1341 1629 1378 Quoniam
1648 1341 1673 1371 si
1690 1341 1808 1381 aliquid
1825 1347 1904 1371 esset
1923 1340 2060 1384 fortupa,
2079 1340 2303 1371 inconveniens
2326 1342 2435 1382 utique
2451 1341 2493 1371 vi-

1501 1386 1638 1424 debitur,
1663 1385 1743 1415 sicut
1773 1391 1803 1415 et
1827 1394 1899 1415 vere
1923 1391 1985 1422 est,
2010 1391 2040 1414 et
2063 1384 2216 1415 dubitabit
2245 1385 2355 1425 utique
2383 1385 2495 1426 aliquis

1501 1435 1630 1469 propter
1653 1429 1731 1470 quid
1754 1428 1859 1459 nullus
1883 1428 2089 1468 antiquorum
2113 1428 2301 1468 sapientum,
2325 1439 2433 1459 causas
2457 1429 2495 1459 de

1501 1473 1700 1513 generatione
1725 1479 1755 1503 et
1778 1472 1980 1512 corruptione
1999 1472 2115 1510 dicens,
2141 1473 2179 1502 de
2199 1472 2326 1503 fortuna
2345 1473 2422 1503 nihil
2442 1474 2494 1503 de-

1501 1517 1694 1555 terminavit;
1712 1517 1778 1554 sed,
1792 1516 1872 1547 sicut
1886 1516 1991 1546 visum
2007 1522 2063 1555 est,
2074 1516 2152 1546 nihil
2168 1517 2379 1556 opinabantur
2393 1527 2495 1558 neque

1500 1561 1544 1591 illi
1569 1571 1634 1591 esse
1657 1571 1675 1590 a
1698 1560 1832 1591 fortuna.

1435 1605 1451 1623 *
1468 1605 1529 1635 Sed
1553 1611 1583 1635 et
1605 1605 1667 1635 hoc
1686 1604 1826 1634 mirabile
1840 1603 2005 1642 videbitur,
2031 1603 2111 1634 sicut
2125 1614 2196 1634 vere
2213 1611 2267 1635 est.
2291 1606 2391 1636 Multa
2411 1605 2496 1635 enim

1503 1655 1533 1678 et
1556 1655 1630 1678 sunt
1653 1654 1683 1678 et
1705 1647 1786 1678 fiunt
1808 1658 1826 1677 a
1850 1647 1976 1677 fortuna
2000 1654 2030 1678 et
2052 1657 2070 1677 a
2094 1657 2185 1686 casu,
2211 1658 2292 1688 quae
2315 1659 2381 1679 non
2405 1649 2494 1689 igno-

1503 1699 1604 1722 rantes
1628 1692 1783 1732 quoniam
1806 1698 1852 1722 est
1874 1691 1986 1721 inferre
2016 1692 2271 1732 unumquodque
2300 1693 2332 1722 in
2357 1693 2495 1734 aliquam

1467 1763 1472 1768 .
1504 1746 1630 1766 causam
1647 1745 1758 1766 eorum
1778 1745 1858 1775 quae
1882 1734 1972 1773 fiunt,
1998 1735 2078 1765 sicut
2101 1735 2228 1775 antiqua
2246 1737 2325 1767 ratio
2350 1737 2426 1767 dixit
2444 1737 2495 1767 de-

1504 1786 1626 1810 struens
1650 1779 1811 1809 fortunam
1827 1786 1857 1809 et
1877 1789 1996 1817 casum,
2020 1785 2124 1808 tamen
2144 1779 2261 1810 horum
2284 1781 2343 1810 alia
2366 1781 2496 1821 quidem

1504 1824 1611 1854 dicunt
1638 1833 1703 1853 esse
1720 1833 1831 1853 omnes
1848 1832 1865 1852 a
1883 1822 2019 1860 fortuna,
2043 1822 2102 1852 alia
2125 1833 2189 1852 non
2209 1834 2226 1853 a
2247 1823 2382 1855 fortuna.
2399 1825 2416 1843 *
2431 1826 2495 1856 Un-

1459 1880 1473 1891 ·
1504 1868 1542 1898 de
1567 1874 1597 1898 et
1625 1866 1866 1908 quodammodo
1899 1873 1962 1896 erat
1989 1866 2064 1906 ipsis
2091 1866 2232 1897 facienda
2260 1869 2423 1899 memoria.
2454 1871 2497 1899 At

1502 1921 1577 1942 vero
1601 1921 1704 1952 neque
1720 1911 1848 1941 illorum
1872 1909 1991 1951 aliquid
2015 1910 2225 1950 opinabantur
2242 1921 2307 1941 esse
2325 1911 2496 1950 fortunam,

1502 1962 1539 1986 ut
1562 1955 1731 1986 amicitiam
1760 1961 1814 1985 aut
1833 1953 1921 1984 litem
1944 1960 1998 1984 aut
2015 1954 2122 1993 ignem
2145 1961 2199 1985 aut
2217 1955 2420 1996 intellectum,
2444 1963 2498 1987 aut

1502 2000 1620 2040 aliquid
1639 1999 1769 2030 talium:
2103 2035 2106 2039 .

1437 2044 1663 2074 inconveniens
1687 2043 1781 2082 igitur
1805 2048 1860 2080 est,
1885 2043 1948 2072 sive
1972 2052 2037 2072 non
2053 2048 2242 2081 putaverunt
2267 2053 2332 2073 esse
2353 2044 2416 2074 sive
2439 2055 2496 2084 pu-

1501 2094 1601 2118 tantes
1624 2087 1828 2128 reliquerunt,
1844 2093 1873 2117 et
1897 2086 1955 2116 hac
1978 2086 2147 2126 aliquando
2167 2093 2304 2126 utentes;
2328 2088 2408 2118 sicut
2423 2089 2497 2118 Em-

1503 2131 1649 2172 pedocles
1674 2141 1738 2161 non
1763 2140 1885 2170 semper
1910 2140 2013 2160 aerem
2037 2131 2216 2170 congregari
2241 2131 2383 2171 superius
2408 2132 2496 2170 dicit,

1502 2175 1557 2205 sed
1580 2181 1616 2205 ut
1639 2174 1801 2214 contingit.
1826 2174 1909 2204 Dicit
1933 2174 2018 2204 enirn
2040 2173 2073 2203 in
2093 2174 2204 2204 mundi
2225 2175 2391 2213 creatione,
2408 2177 2495 2216 quod

1502 2219 1582 2249 sicut
1605 2218 1718 2249 collisit
1736 2228 1768 2248 se
1792 2228 1917 2248 currens
1940 2224 2026 2256 tunc,
2043 2218 2204 2248 multoties
2227 2226 2334 2249 autem
2349 2219 2452 2250 aliter:
2469 2226 2498 2250 et

1502 2269 1604 2302 partes
1628 2262 1814 2292 animalium
1833 2262 1875 2292 ait
1898 2272 1916 2292 a
1939 2262 2065 2292 fortuna
2088 2261 2153 2292 fieri
2178 2263 2342 2302 plurimas.

1436 2394 1452 2412 *
1476 2393 1556 2424 Sunt
1584 2400 1690 2424 autem
1720 2393 1849 2434 quidam
1884 2393 1940 2433 qui
1972 2393 2047 2423 caeli
2078 2393 2173 2423 huius
2203 2401 2234 2425 et
2261 2395 2497 2426 mundanorum

1503 2437 1648 2468 omnium
1665 2447 1791 2468 causam
1816 2447 1880 2467 esse
1904 2443 2030 2476 ponunt
2054 2445 2178 2468 casum:
2199 2448 2216 2468 a
2241 2449 2313 2469 casu
2331 2439 2416 2469 enim
2430 2439 2495 2469 fieri

1503 2482 1750 2519 volutationem,
1782 2488 1811 2511 et
1842 2487 1967 2511 motum
1997 2481 2222 2512 discernentem
2253 2489 2283 2513 et
2309 2489 2497 2513 statuentem

1504 2525 1536 2555 in
1560 2525 1644 2555 hunc
1668 2525 1813 2555 ordinem
1835 2535 1942 2555 omne.

1437 2621 1453 2640 *
1468 2621 1509 2651 Et
1522 2621 1661 2651 multum
1679 2621 1741 2651 hoc
1757 2620 1964 2650 admiratione
1979 2620 2111 2660 dignum
2127 2626 2183 2657 est,
2200 2620 2336 2650 dicentes
2351 2620 2497 2651 animalia

1504 2664 1633 2705 quidem
1649 2671 1679 2695 et
1695 2665 1816 2704 plantas
1831 2675 1848 2694 a
1865 2664 1991 2694 fortuna
2015 2674 2071 2694 nec
2095 2674 2161 2694 esse
2185 2674 2241 2694 nec
2265 2663 2348 2702 fieri,
2370 2665 2425 2694 sed
2443 2671 2497 2695 aut

1504 2715 1649 2739 naturam
1677 2715 1731 2739 aut
1766 2708 1960 2739 intellectum
1984 2718 2049 2738 esse
2074 2715 2127 2738 aut
2155 2707 2339 2738 huiusmodi
2368 2709 2497 2738 alteram

1505 2763 1632 2782 causam
1656 2751 1734 2794 (non
1759 2752 1844 2782 enim
1867 2762 1903 2782 ex
1927 2752 2044 2782 semine
2068 2761 2265 2792 unoquoque
2288 2752 2422 2791 quodvis
2446 2751 2496 2790 fit,

1505 2797 1560 2826 sed
1576 2806 1612 2826 ex
1631 2796 1684 2827 tali
1706 2796 1836 2837 quidem
1852 2796 1945 2833 oliva,
1963 2806 1999 2826 ex
2022 2796 2075 2826 tali
2091 2802 2197 2826 autem
2220 2794 2350 2837 homo);
2375 2796 2498 2826 caelum

1505 2847 1612 2871 autem
1636 2847 1665 2870 et
1689 2840 1841 2870 diviniora
1870 2840 2109 2870 manifestorum
2133 2850 2151 2869 a
2174 2850 2250 2881 casu¹
2275 2839 2358 2878 fieri,
2389 2840 2498 2870 huius-

1506 2885 1594 2914 modi
1609 2891 1716 2914 autem
1731 2894 1857 2915 causam
1873 2884 1993 2914 nullam
2022 2884 2149 2924 qualem
2164 2883 2348 2914 animalium
2362 2891 2392 2914 et
2410 2884 2498 2923 plan-

1506 2935 1619 2969 tarum.
1635 2928 1705 2959 *Et
1720 2928 1824 2968 igitur,
1849 2928 1874 2958 si
1894 2928 1937 2958 sic
1961 2938 1992 2958 se
2009 2928 2120 2958 habeat
2143 2928 2204 2958 hoc
2226 2927 2343 2967 ipsum,
2368 2927 2499 2967 dignum

1506 2979 1551 3002 est
1582 2972 1741 3010 insistere,
1767 2979 1796 3003 et
1828 2972 1907 3002 bene
1937 2982 2003 3002 sese
2026 2972 2118 3002 habet
2142 2971 2259 3012 aliquid
2284 2971 2343 3002 dici
2371 2972 2409 3002 de
2436 2972 2498 3002 hoc

1505 3026 1586 3056 1pso.

1440 3103 1616 3140 Quomodo
1637 3100 1742 3132 enim?
1762 3112 1800 3132 eo
1824 3102 1912 3142 quod
1936 3102 2022 3132 aliter
2038 3102 2261 3132 inconveniens
2277 3108 2322 3132 est
2345 3101 2433 3141 quod
2453 3101 2496 3130 di-

1507 3147 1596 3184 citur,
1622 3146 1723 3176 adhuc
1747 3146 2018 3176 inconvenientius
2043 3153 2088 3176 est
2111 3146 2211 3176 dicere
2241 3145 2333 3182 haec,
2358 3145 2496 3174 videntes

1508 3190 1637 3231 quidem
1660 3190 1692 3219 in
1717 3190 1803 3220 caelo
1821 3190 1898 3219 nihil
1915 3200 1986 3220 casu
2006 3189 2087 3227 fieri;
2107 3189 2139 3219 in
2159 3189 2195 3219 iis
2212 3195 2317 3218 autem
2334 3198 2414 3228 quae
2430 3198 2496 3217 non

1508 3241 1580 3264 sunt
1597 3244 1614 3263 a
1630 3234 1767 3271 fortuna,
1792 3234 1892 3264 multa
1909 3233 2087 3273 contingere
2107 3243 2124 3262 a
2143 3232 2285 3262 fortuna:
2306 3238 2336 3261 et
2351 3238 2415 3262 erat
2430 3241 2495 3261 me-

1507 3278 1566 3308 rito
1591 3287 1607 3307 e
1631 3277 1786 3307 contrario
1809 3277 1886 3307 fieri.

1440 3323 1456 3341 *
1472 3322 1552 3352 Sunt
1566 3328 1673 3351 autem
1688 3321 1818 3361 quidam
1830 3320 1944 3360 quibus
1961 3320 2083 3349 videtur
2102 3329 2166 3349 esse
2179 3318 2308 3358 quidem
2328 3329 2420 3349 causa
2436 3319 2496 3349 for-

1507 3372 1594 3402 tuna,
1619 3364 1828 3394 immanifesta
1851 3370 1957 3393 autem
1976 3363 2116 3393 humano
2140 3363 2320 3400 intellectui,
2344 3369 2496 3403 tanquam

1510 3409 1654 3438 divinum
1670 3408 1832 3448 quoddam
1852 3417 1906 3436 ens
1922 3414 1952 3437 et
1966 3406 2094 3448 felicius.
2113 3407 2218 3443 Quare
2234 3406 2496 3437 considerandum

1508 3459 1553 3482 est
1577 3452 1654 3492 quid
1677 3452 1716 3481 sit
1739 3457 1929 3490 utrumque;
1954 3456 1983 3480 et
2007 3450 2032 3480 si
2056 3450 2140 3480 idern
2168 3457 2222 3481 aut
2249 3451 2381 3481 alterum
2405 3451 2444 3481 sit
2466 3459 2496 3482 et

1509 3506 1597 3526 casus
1621 3501 1651 3525 et
1675 3494 1817 3533 fortuna;
1848 3500 1877 3524 et
1900 3494 2066 3534 quomodo
2090 3493 2121 3524 in
2147 3494 2364 3526 determinatas
2388 3505 2495 3525 causas

1507 3539 1658 3569 incidunt.

2517 734 2527 744 ⁴
2543 733 2600 761 Cap.
2617 739 2647 756 w.
2663 733 2719 761 Seq.

2517 764 2571 781 text.
2586 766 2622 787 39.

2519 1001 2528 1010 ⁸
2543 1000 2612 1021 Text.
2627 1006 2666 1026 40.

2521 1347 2529 1357 ⁸
2544 1345 2610 1367 Text.
2625 1353 2659 1372 4¹—

2524 1611 2532 1618 “
2547 1609 2613 1631 Text.
2629 1615 2665 1636 42.

2523 1827 2533 1837 *
2547 1826 2613 1847 Text.
2627 1833 2663 1854 4¹3.

2525 2405 2535 2415 ⁸
2550 2404 2617 2427 Text.
2635 2412 2674 2431 44.

2523 2629 2534 2638 ⁸
2549 2627 2615 2649 Text.
2631 2633 2666 2654 45.

2525 2935 2535 2944 '⁶
2550 2934 2616 2956 Text.
2629 2934 2669 2960 46.

2523 3327 2532 3337 ⁸
2547 3326 2612 3348 Text.
2627 3333 2669 3354 47.
