2898 3996
47 419 154 440 non,

50 741 52 744 ἱ
76 752 124 774 'n'l
131 751 199 774 codd.
207 758 256 773 exc.
263 758 286 773 x.

46 982 48 986 y
76 957 156 980 'Lech
171 963 209 985 vn,
225 963 248 979 n.
263 964 284 985 7.

73 1325 197 1347 ‘addatur
208 1332 229 1352 ν,
239 1326 282 1348 lac.

16 1371 17 1374 ,
72 1342 236 1377 «ιλ-5121531.

36 1535 280 1565 .'Lect.x,n.9.

45 2120 47 2122 '
63 2121 75 2132 '
92 2122 168 2142 motus
185 2127 233 2143 om.
247 2127 276 2142 η

14 2396 31 2425 :1
59 2387 272 2435 1111101111ῡί

15 2496 18 2498 ’
37 2478 40 2483 .
60 2497 72 2507 '
85 2497 156 2518 totum
174 2496 226 2518 add.
245 2503 273 2518 re

57 2522 113 2545 dab.

56 2758 72 2770 ‘
82 2759 216 2788 ponebatur
227 2765 270 2781 put

2 2789 11 2793 ·
55 2785 154 2833 mh,
163 2786 271 2808 moveba-

79 333 290 382 {2233ssssss
269 340 290 360 ε
318 338 437 362 unum
467 333 522 363 est
549 326 588 364 id
616 328 756 375 quod
756 330 769 349 ”·
798 337 995 376 movetur,
1025 330 1126 367 aliud
1165 338 1220 367 est
1252 330 1378 379 ipsum

43 378 48 390 ’·
81 386 231 434 ’κενοιιεεῖοῐιξι
240 392 290 440 ²5²5.
318 390 496 426 movens,
526 379 676 417 tertium
706 389 834 418 autem
853 383 872 403 ’¹‘
901 390 956 418 est
983 390 1135 431 tempus
1164 383 1202 419 in
1230 395 1307 430 quo
1336 384 1379 420 fit

318 438 456 468 motus.
488 432 649 480 Oportet
677 442 805 471 autem
834 435 939 483 quod
967 443 1031 471 aut
1059 435 1190 472 omnia
1217 435 1287 472 ista
1306 435 1378 472 sint

317 482 479 531 infinita,
500 493 565 521 aut
583 486 713 522 omnia
740 487 813 524 sint
835 487 956 531 finita,
981 495 1044 523 aut
1063 488 1168 536 quod
1188 488 1376 536 quaedam

316 535 390 573 sint
402 537 508 574 finita
524 545 560 574 et
573 539 763 586 quaedam
782 539 966 585 infinita&
982 541 1044 576 vel
1061 540 1137 576 duo
1153 548 1300 576 tantum
1315 542 1376 577 vel

315 600 448 626 unum.
478 590 648 627 Ponatur
675 603 764 639 ergo
792 592 916 640 primo
937 592 1043 640 quod
1062 594 1096 628 A
1116 592 1162 629 sit
1189 605 1374 640 movens,

316 648 352 677 et
370 642 401 677 B
422 642 467 678 sit
485 643 644 689 mobile,
666 650 702 680 et
720 652 870 692 tempus
888 644 1078 680 infinitum
1098 644 1143 681 sit
1169 645 1211 681 C.
1232 646 1282 681 Et
1307 658 1376 694 po-

314 701 425 730 natur
461 695 566 743 quod
603 696 727 743 aliqua
762 709 850 744 pars
878 696 995 745 ipsius
1021 699 1077 744 A,
1109 709 1207 744 quae
1236 705 1292 734 est
1318 700 1374 746 D,

314 755 470 784 moveat
497 748 663 795 aliquam
682 756 828 796 partem
848 750 891 795 B,
912 760 1010 796 quae
1026 757 1082 786 est
1100 751 1120 768 ⁴‘
1141 751 1186 787 E.
1203 751 1270 787 His
1287 763 1375 799 ergo

312 799 561 847 positionibus
581 801 695 847 factis,
719 801 891 843 concludi
910 809 1035 849 potest
1059 803 1164 850 quod
1183 804 1217 839 D
1245 812 1376 840 movet

314 852 347 887 E
367 852 596 910 intempore
624 865 703 889 non
722 853 870 901 aequali
898 854 967 912 ipsi
988 855 1039 901 C,
1066 855 1105 892 in
1125 868 1201 904 quo
1230 858 1264 892 A
1292 869 1374 893 mo-

312 904 480 951 vebatB,
493 904 583 978 sed
574 917 612 941 111
627 912 799 954 15111Ρο15
815 906 964 943 minori.
976 907 1186 944 Probatum
1202 916 1256 944 est
1272 909 1373 946 enim

312 955 351 992 in
370 962 516 993 sexto
504 958 646 1004 *quod
674 966 795 995 totum
821 959 991 996 mobile
983 972 1020 996 111
1040 960 1175 996 11131011
1201 968 1373 1009 tempore

311 1009 510 1057 pertransit
538 1010 698 1058 aliquod
713 1011 875 1059 signum,
905 1024 1022 1059 quam
1041 1024 1128 1061 pars
1158 1013 1249 1050 eius.
1272 1015 1372 1051 Cum

312 1073 402 1109 ergo
426 1069 577 1111 tempus
605 1064 711 1111 quod
740 1072 794 1101 est
814 1065 845 1101 C
866 1064 911 1101 sit
930 1064 1132 1111 infinitum,
1154 1066 1374 1114 relinquitur

313 1114 417 1162 quod
437 1123 588 1164 tempus
616 1116 655 1152 in
683 1128 759 1165 quo
788 1118 823 1154 D
852 1125 985 1154 movet
1012 1119 1061 1165 E,
1087 1131 1166 1155 non
1194 1118 1262 1155 erit
1289 1119 1372 1156 infi-

311 1167 450 1214 nitum,
472 1168 539 1205 sed
557 1169 719 1206 finitum.
741 1171 789 1206 Et
808 1169 854 1206 sit
872 1170 961 1207 illud
980 1178 1131 1219 tempus
1150 1172 1199 1217 Z,
1191 1184 1199 1191 ·
1220 1179 1261 1208 ut
1278 1171 1373 1208 sicut

310 1221 345 1255 A
365 1228 498 1257 111ον51
515 1221 574 1257 Β
566 1233 605 1258 in
624 1229 796 1271 tempore
818 1223 848 1259 C
868 1222 1028 1270 infinito,
1049 1224 1099 1260 ita
1113 1225 1147 1260 D
1163 1232 1319 1261 moveat
1338 1226 1371 1261 E

311 1271 350 1309 in
367 1280 541 1322 tempore
560 1275 590 1310 Z
609 1275 729 1312 finito.
753 1276 853 1312 Cum
873 1283 1000 1313 autem
1019 1253 1055 1313 D
1076 1276 1122 1313 sit
1139 1289 1227 1325 pars
1254 1277 1371 1326 ipsius

310 1327 357 1372 A,
377 1325 408 1362 si
428 1327 684 1365 subtrahendo
714 1329 762 1364 ab
790 1330 824 1364 A
844 1329 1020 1365 addam*
1036 1329 1106 1377 ipsi
1134 1330 1186 1376 D,
1212 1330 1371 1367 totaliter

310 1378 436 1426 ipsum
463 1381 499 1415 A
526 1380 715 1417 auferetur
741 1382 803 1417 vel
824 1389 1079 1428 consumetur,
1102 1358 1189 1419 cuni
1218 1382 1263 1419 sit
1286 1383 1370 1420 fini-

309 1438 408 1467 tum:
436 1443 551 1468 omne
581 1434 682 1469 enim
702 1433 852 1470 finitum
882 1435 1117 1471 consumitur
1134 1447 1204 1484 per
1225 1436 1370 1472 subtra-

310 1483 488 1530 ctionem,
501 1485 530 1520 si
547 1486 682 1523 eadem
677 1486 889 1538 quantitas
909 1499 1061 1536 semper
1080 1495 1260 1534 sumatur,
1275 1496 1318 1525 ut
1331 1489 1369 1526 in

307 1536 416 1573 tertio
431 1537 452 1556 '⁸
466 1513 609 1574 dictum
630 1546 709 1575 551.
725 1540 774 1575 Ε1
793 1539 961 1576 51111111151·
980 1549 1225 1578 consumetur
1243 1541 1368 1590 ipsum

307 1589 351 1636 B,
372 1589 403 1626 si
432 1590 608 1642 continue
628 1592 867 1629 subtrahatur
893 1593 1033 1641 aliquid
1056 1594 1104 1630 ab
1132 1593 1215 1642 ipso
1245 1601 1281 1630 et
1303 1607 1368 1643 ap—

306 1649 470 1701 ponatur
496 1643 567 1692 ipsi
596 1645 646 1690 Ε;
668 1645 756 1692 quia
784 1646 814 1681 B
840 1645 953 1682 etiam
972 1647 1186 1694 ponebatur
1214 1659 1296 1684 esse
1324 1648 1367 1685 fi-

306 1694 439 1732 nitum.
461 1696 538 1733 Sed
565 1705 917 1747 quantumcumque
942 1699 1112 1736 auferam
1126 1698 1144 1728 β
1159 1712 1180 1736 3
1195 1707 1367 1748 tempore

306 1748 412 1796 quod
440 1756 495 1785 est
523 1749 570 1795 C,
602 1750 714 1794 etiam
743 1751 954 1788 secundum
992 1751 1155 1788 eandem
1184 1753 1367 1812 quantita-

305 1807 382 1836 tem
411 1778 639 1849 aufererido,
666 1815 745 1839 non
774 1811 1018 1840 consumetur
1045 1811 1167 1841 totum
1197 1805 1248 1851 C;
1279 1806 1367 1854 quia

302 1853 457 1901 ponitur
486 1867 568 1890 esse
595 1831 841 1892 in⁷finitum.-
858 1857 914 1893 Ex
942 1857 1016 1893 1105
1045 1858 1236 1895 concludit
1263 1859 1366 1907 quod

303 1913 426 1942 toturn
454 1908 488 1943 A
516 1916 648 1944 movet
675 1915 798 1945 totum
835 1910 865 1945 B
900 1909 939 1946 in
966 1917 1138 1959 tempore
1167 1911 1293 1960 aliquo
1321 1912 1365 1948 fi-

303 1958 395 2006 nito,
424 1960 530 2008 quod
567 1967 623 1997 est
649 1974 747 2021 pars
765 1961 881 2010 ipsius
910 1963 953 1999 C.
984 1963 1099 2009 Quod
1129 1964 1284 2013 quidem
1313 1965 1365 2001 sic

303 2011 471 2060 sequitur
490 2025 535 2049 ex
553 2014 780 2061 praemissis,
802 2015 891 2063 quia
914 2015 1126 2053 secundum
1153 2018 1366 2066 proportio-

302 2076 392 2100 nem
421 2077 497 2114 qua
524 2066 674 2104 additur
696 2067 746 2104 ad
773 2068 915 2104 mobile
944 2075 981 2104 et
1003 2069 1051 2106 ad
1075 2077 1277 2117 motorem,
1299 2071 1363 2107 ad-

290 2116 402 2154 ditur
425 2118 539 2155 etiam
568 2119 616 2156 ad
643 2128 795 2168 tempus
823 2125 990 2157 motus*
993 2122 1128 2158 ‚Cum
1157 2134 1247 2170 ergo
1276 2124 1363 2160 sub—

301 2170 487 2208 trahendo
508 2184 530 2207 a
549 2179 628 2209 toto
657 2173 788 2209 mobili
818 2181 854 2209 et
880 2150 1041 2220 motore,
1064 2182 1099 2211 et
1118 2175 1294 2212 addendo
1314 2176 1362 2214 ad

299 2230 424 2271 partes
461 2224 653 2272 ipsorum,
690 2234 936 2262 consumatur
973 2227 1202 2276 quandoque
1239 2235 1361 2265 totum

300 2276 443 2313 mobile
472 2284 508 2313 et
535 2285 656 2315 toturn
685 2290 865 2326 movens,
898 2279 947 2315 ita
976 2280 1080 2328 quod
1108 2287 1229 2317 totum
1258 2282 1362 2329 quod

301 2336 380 2366 erat
397 2330 437 2366 in
455 2337 535 2366 toto
555 2331 715 2368 addetur
736 2331 848 2379 parti;
870 2340 1048 2380 sequetur
1075 2333 1180 2381 quod
1200 2345 1360 2382 propor—

299 2381 517 2419 tionaliter*
535 2384 711 2421 addendo
739 2385 789 2421 ad
816 2391 979 2433 tempus,
1000 2386 1191 2422 resultabit
1210 2394 1360 2435 tempus

268 2440 273 2442 ‘
299 2435 469 2483 finitum,
503 2437 541 2474 in
578 2449 654 2485 quo
689 2444 810 2473 totum
844 2450 1007 2474 movens
1035 2439 1207 2475 movebit
1238 2447 1359 2476 toturn

299 2465 469 2525 mobile.y
491 2490 630 2526 Etesic
666 2497 816 2539 oportet
850 2490 956 2539 quod
993 2491 1023 2527 si
1053 2492 1071 2512 ’¹‘
1106 2504 1268 2529 movens
1306 2500 1361 2529 est

298 2540 447 2577 finitum
478 2550 514 2578 et
541 2542 681 2585 mobile
710 2543 998 2591 finitum,'quod
1025 2551 1176 2592 tempus
1205 2545 1250 2581 sit
1277 2545 1360 2582 fini-

298 2601 392 2630 tum.
414 2594 477 2630 Sic
496 2607 584 2642 ergo
605 2607 683 2631 non
703 2603 759 2632 est
776 2595 955 2643 possibile
975 2597 1080 2645 quod
1100 2609 1122 2634 a
1150 2597 1256 2634 finito
1277 2611 1359 2635 mo-

297 2653 410 2683 vente
439 2654 640 2684 moveatur
659 2648 799 2696 aliquid
820 2656 927 2685 motu
955 2649 1114 2696 infinito,
1136 2650 1274 2687 scilicet
1302 2664 1358 2688 se-

299 2698 467 2735 cundum
482 2708 633 2748 tempus
648 2700 848 2737 infinitum.
866 2702 915 2738 Et
929 2702 981 2738 sic
995 2710 1098 2750 patet
1116 2704 1220 2751 quod
1233 2703 1358 2752 primo

296 2754 582 2800 proponebatur
602 2754 633 2798 ᾖ,
655 2754 759 2801 quocl
778 2765 857 2790 non
878 2754 1057 2802 contingit
1075 2756 1181 2803 quod
1208 2756 1357 2793 finitum

298 2816 461 2841 movens
489 2814 645 2843 moveat
672 2806 709 2842 in
737 2813 909 2854 tempore
934 2807 1091 2844 infinito.

351 2858 386 2894 3.
417 2859 552 2895 Μον51
579 2866 708 2895 31115111
736 2858 933 2895 Avicenna
962 2859 1235 2897 dubitationem
1261 2861 1357 2898 circa

295 2910 395 2946 hanc
422 2911 630 2948 Aristotelis
659 2911 1033 2949 demonstrationem.
1069 2912 1227 2950 Videtur
1256 2914 1357 2951 enim

295 2975 374 2999 non
397 2964 488 3001 'esse
526 2964 769 3001 universalis:
804 2973 858 3001 est
890 2965 992 3002 enim
1026 2965 1179 3014 aliquod
1207 2966 1356 3003 finitum

296 3027 459 3052 movens
497 3024 533 3053 et
569 3017 731 3064 mobile,
771 3030 793 3053 a
827 3030 904 3066 quo
942 3030 1019 3054 non
1056 3026 1181 3067 potest
1217 3019 1356 3067 aliquid

297 3068 465 3105 subtrahi
500 3071 563 3111 vel
600 3070 748 3118 auferri,
783 3070 877 3106 sicut
909 3079 965 3107 est
1002 3083 1139 3119 corpus
1177 3073 1355 3118 caeleste;

296 3121 401 3169 quod
428 3129 556 3159 tamen
589 3123 628 3159 in
655 3124 727 3159 hac
756 3123 1077 3160 demonstratione
1110 3136 1188 3161 non
1222 3125 1356 3173 excipi-

296 3181 356 3210 tur
382 3179 407 3210 7.
446 3175 556 3211 Unde
593 3175 743 3212 videtur
776 3175 881 3223 quod
913 3177 974 3213 vel
1013 3176 1284 3213 demonstratio
1313 3178 1358 3214 sit

295 3226 543 3274 particularis,
563 3229 625 3264 vel
643 3228 825 3276 procedat
853 3240 897 3264 ex
925 3229 1017 3265 falsa
1044 3229 1314 3277 suppositione.
1331 3251 1355 3257 -

349 3355 376 3390 α)
397 3357 526 3388 quaedam
541 3357 595 3381 sint
605 3357 688 3390 finita
701 3361 727 3382 et
745 3358 874 3389 quaedam
891 3358 1003 3391 infinita.
1017 3372 1035 3377 —-
1049 3359 1099 3382 Pro
1111 3362 1137 3383 et
1153 3359 1291 3391 quaedam,
1305 3363 1353 3384 aut

295 3392 329 3421 H,
344 3392 385 3416 ve!
402 3397 450 3416 cet.
463 3399 516 3416 exc.
532 3392 557 3422 Q
570 3397 596 3416 et
614 3393 635 3416 E
654 3393 697 3424 qui
713 3392 789 3417 habet
808 3393 854 3417 lac.
868 3406 887 3411 -
900 3394 950 3417 Pro
964 3396 990 3418 et
1005 3394 1029 3418 B
1041 3394 1078 3418 sit
1090 3394 1191 3423 mobiIe,
1207 3397 1232 3418 et
1251 3398 1353 3426 tempus

296 3427 426 3459 infinitum
441 3427 476 3451 sit
492 3427 582 3451 Ccod.
593 3427 615 3451 R
634 3427 707 3458 legit:
726 3431 752 3452 et
768 3428 791 3452 C
801 3428 837 3452 sit
855 3431 957 3459 tempus
972 3428 1101 3461 infinitum
1115 3429 1141 3453 in
1155 3436 1207 3461 quo
1224 3430 1247 3453 A
1267 3433 1354 3454 movet

296 3462 328 3490 Β;
338 3462 477 3486 editiones.
492 3462 517 3486 B
529 3462 600 3494 quod
613 3466 740 3492 movetur,
755 3466 856 3494 tempus
870 3470 932 3488 vero
947 3463 973 3487 in
986 3471 1037 3495 quo
1043 3464 1080 3496 fit
1095 3467 1180 3489 motus
1189 3464 1224 3488 sit
1241 3465 1275 3492 C,·
1285 3461 1311 3489 G
1325 3470 1354 3489 ut

295 3496 429 3527 editiones,
448 3498 493 3521 sed
513 3497 644 3530 infinitum
670 3497 784 3530 margine
809 3499 919 3527 additur
940 3503 966 3522 et
983 3506 1030 3530 pro
1042 3499 1079 3532 fit
1098 3499 1157 3530 legit
1175 3499 1225 3529 sit;
1242 3499 1351 3540 EFNpH

295 3532 342 3556 lac.
355 3532 443 3556 Lectio
462 3540 492 3556 ex
510 3532 640 3557 codicibus
659 3533 779 3565 adoptata
797 3533 888 3558 melior
907 3538 954 3562 est,
968 3534 1008 3558 vel
1025 3534 1083 3558 ideo
1101 3534 1160 3566 quia
1179 3534 1297 3566 exprimit
1315 3534 1352 3559 in-

294 3565 417 3591 finitatem
436 3568 559 3600 temporis
579 3568 613 3596 C:
633 3567 663 3592 cf.
683 3568 823 3600 sequentia.

1301 253 1351 299 x,
1382 253 1532 290 LECT.
1562 255 1650 290 xxi

2417 261 2492 305 445

1434 331 1532 367 Huic
1573 340 1699 369 autem
1747 333 1949 370 obiectioni
1991 335 2194 382 respondet
2232 337 2422 373 Averroes
2457 337 2495 374 in

1434 384 1688 432 Commento,
1722 386 1827 434 quod
1855 386 2031 434 quamvis
2065 399 2086 423 a
2115 388 2219 425 caelo
2253 388 2343 425 nihil
2366 398 2496 437 posset

1433 437 1620 483 subtrahi,
1650 438 1745 474 11355
1773 446 1900 475 13111511
1937 439 2197 477 conditionalis
2235 449 2291 477 est
2317 453 2429 479 vera:
2464 442 2494 479 si

1432 501 1455 525 a
1475 490 1578 526 caelo
1599 490 1723 538 aliqua
1749 504 1836 539 pars
1856 492 2046 528 auferatur
2067 493 2104 539 ²²²,
2133 505 2221 541 pars
2240 493 2302 530 illa
2320 495 2493 531 movebit

1432 549 1497 578 aut
1523 543 1741 579 movebitur
1767 543 1805 580 in
1834 544 1971 581 minori
2008 553 2181 593 tempore
2211 558 2327 594 quam
2356 554 2490 584 totum.

1432 594 1534 630 Nihil
1565 595 1667 632 enim
1694 596 1870 643 prohibet
1904 597 2197 634 conditionalem
2227 611 2307 635 esse
2335 611 2490 646 veram,

1432 647 1537 683 cuius
1565 649 1792 685 antecedens
1814 655 1885 685 'est
1920 649 2174 698 impossibile;
2203 650 2298 687 sicut
2324 659 2426 699 patet
2453 652 2492 688 in

1430 700 1502 736 hac
1522 700 1782 737 conditionali:
1804 701 1833 738 si
1853 703 1972 738 homo
1992 703 2107 749 volat,
2128 703 2243 739 habet
2261 704 2350 741 alas.
2372 703 2491 751 Quid-

1431 752 1521 800 quid
1549 760 1677 790 autem
1705 754 1798 790 tollit
1834 754 2031 792 veritatem
2069 755 2331 793 conditionalis
2361 769 2488 804 verae,

1430 813 1486 841 est
1513 806 1668 853 falsum,
1697 806 1781 843 licet
1809 808 2035 844 antecedens
2064 808 2324 845 conditionalis
2353 809 2398 846 sit
2426 810 2490 846 fal-

1429 870 1526 895 sum.
1547 858 1694 895 Veritas
1723 867 1850 896 autem
1879 860 2092 908 praedictae
2121 861 2383 898 conditionalis
2411 874 2490 899 non

1427 918 1552 958 potest
1579 918 1675 948 stare
1697 924 1784 948 cum
1813 913 1887 948 hoc
1915 913 2019 961 quod
2037 913 2187 950 finitum
2217 921 2372 950 moveat
2394 922 2489 951 tern-

1427 975 1521 1011 pore
1548 963 1707 1010 infinito,
1727 972 1769 1000 ut
1795 972 1897 1012 patet
1924 977 1993 1013 per
2013 965 2280 1002 deductionem
2308 967 2488 1003 Aristote-

1427 1015 1482 1052 lis.
1505 1016 1567 1052 Sic
1594 1016 1703 1063 igitur
1723 1029 1767 1053 ex
1789 1018 1945 1058 veritate
1964 1018 2194 1066 praemissae
2215 1019 2487 1066 conditionalis,

1428 1068 1617 1104 concludit
1648 1069 1867 1106 Aristoteles
1899 1070 2131 1118 impossibile
2161 1084 2244 1108 esse
2273 1072 2377 1119 quod
2405 1073 2488 1109 fini-

1426 1126 1508 1156 tum
1537 1129 1693 1157 moveat
1720 1129 1892 1169 tempore
1921 1123 2079 1160 infinito.

1479 1174 1608 1210 Potest
1645 1181 1772 1210 autem
1814 1175 1965 1212 brevius
2007 1176 2097 1223 dici,
2134 1176 2238 1224 quod
2269 1176 2487 1213 Aristoteles

1426 1226 1579 1274 quando
1606 1226 1645 1262 in
1666 1226 2050 1264 demonstrationibus
2074 1228 2149 1265 suis
2168 1229 2281 1265 utitur
2299 1229 2487 1266 ablatione

1425 1279 1487 1315 vel
1507 1279 1773 1325 subtractione,
1794 1292 1872 1316 non
1892 1292 2043 1329 semper
2061 1294 2129 1329 per
2153 1282 2381 1318 ablationem
2399 1283 2418 1303 ἢ
2433 1282 2487 1318 111-

1425 1331 1624 1379 telligenda
1652 1340 1708 1368 est
1727 1332 1863 1368 solutio
1884 1333 2146 1381 continuitatis,
2167 1347 2284 1381 quam
2313 1335 2487 1383 impossi-

1425 1384 1497 1420 bile
1518 1392 1573 1420 551
1592 1397 1674 1421 5555
1702 1384 1740 1421 111
1761 1397 1919 1433 corpore
1945 1386 2115 1431 caelesti;
2135 1388 2203 1423 sed
2227 1387 2364 1423 ablatio
2384 1387 2487 1424 intel-

1423 1436 1485 1484 ligi
1498 1444 1623 1485 potest
1642 1438 1854 1475 secundum
1874 1451 2158 1488 quamcumque
2174 1439 2484 1487 designationem.

1425 1490 1528 1526 Sicut
1562 1490 1600 1526 in
1629 1490 1729 1537 ligno
1768 1491 1947 1527 continuo
1980 1499 2156 1528 manente
2194 1504 2353 1540 possum
2391 1493 2486 1530 desi-

1423 1554 1537 1589 gnare
1560 1543 1622 1579 vel
1640 1550 1741 1579 tactu
1768 1544 1830 1580 vel
1858 1544 2082 1591 cogitatione
2111 1544 2265 1593 aliquod
2287 1553 2484 1593 punctum,

1424 1595 1531 1643 quasi
1550 1595 1723 1632 dividens
1742 1603 1881 1642 totum;
1904 1605 1939 1633 et
1952 1609 2021 1645 per
2034 1598 2136 1634 hunc
2155 1597 2318 1634 modum
2338 1598 2485 1635 auferre

1423 1648 1588 1696 aliquam
1611 1657 1760 1696 partem
1782 1662 1803 1686 a
1822 1657 1913 1696 tot0,
1935 1657 1971 1686 et
2001 1650 2124 1687 dicere
2154 1650 2258 1699 quod
2285 1650 2411 1687 minor
2435 1651 2485 1687 31-

1423 1701 1523 1737 bedo
1544 1708 1600 1737 est
1613 1701 1651 1738 in
1664 1709 1770 1750 parte
1790 1714 1906 1750 quam
1926 1702 1964 1739 in
1983 1710 2074 1739 toto.
2096 1704 2145 1739 Et
2163 1716 2231 1751 per
2249 1704 2351 1740 hune
2370 1703 2483 1742 etiam

1422 1754 1583 1790 modum
1611 1762 1736 1802 potest
1764 1754 1836 1791 dici
1869 1755 1973 1803 quod
2006 1755 2131 1792 minor
2161 1757 2180 1777 '³‘
2206 1755 2324 1792 virtus
2353 1763 2407 1792 est
2435 1757 2483 1793 ad

1420 1807 1659 1843 movendum
1678 1807 1715 1843 in
1733 1815 1838 1855 parte
1858 1808 2026 1856 corporis
2047 1808 2214 1846 caelestis
2228 1821 2297 1857 per
2312 1808 2337 1846 d
2349 1809 2483 1856 :signa-

1421 1858 1564 1897 tionem
1584 1860 1708 1896 ablata
1729 1862 1759 1907 ⁷³²,
1781 1873 1897 1909 quam
1925 1861 1964 1897 in
1991 1869 2083 1898 toto.

1472 1924 1509 1959 4.
1539 1912 1623 1948 Alia
1653 1914 1672 1933 ’³
1700 1920 1828 1950 autem
1862 1913 2043 1950 dubitatio
2074 1921 2128 1950 551
2161 1914 2357 1951 difficilior.
2392 1915 2483 1951 Non

1420 1963 1521 2001 enim
1549 1965 1699 2002 videtur
1727 1978 1807 2003 esse
1837 1974 1967 2003 contra
2000 1966 2185 2003 rationem
2219 1967 2408 2004 moventis
2438 1968 2481 2004 fi-

1419 2018 1496 2064 niti,
1517 2018 1622 2067 quod
1650 2026 1806 2055 moveat
1834 2026 2006 2068 tempore
2034 2019 2203 2056 infinito:
2233 2020 2322 2068 quia
2341 2020 2370 2057 si
2389 2020 2481 2057 illud

1418 2071 1568 2107 finitum
1596 2071 1642 2107 sit
1669 2071 1949 2120 incorruptibile
1977 2073 2039 2109 vel
2057 2073 2075 2094 ’¹‘
2091 2072 2318 2121 impassibile
2347 2085 2479 2110 secun-

1419 2123 1512 2159 dum
1531 2135 1641 2160 suam
1660 2132 1846 2171 naturam,
1875 2132 1910 2161 et
1933 2137 2011 2162 non
2039 2126 2221 2164 recedens
2245 2138 2267 2161 a
2286 2137 2354 2162 sua
2373 2133 2479 2162 natu-

1417 2188 1470 2222 ra,
1491 2188 1643 2224 semper
1664 2177 1802 2214 eodem
1821 2178 1940 2214 modo
1960 2190 2000 2214 se
2019 2179 2134 2215 habet
2153 2178 2202 2215 ad
2220 2178 2476 2222 movendum;

1416 2228 1504 2276 quia
1524 2228 1626 2267 idem
1646 2229 1666 2249 ’¹‘
1687 2229 1824 2266 eodem
1844 2231 1962 2268 modo
1982 2243 2023 2267 se
2046 2231 2203 2277 habens,
2224 2243 2376 2279 semper
2394 2231 2479 2268 facit

1416 2280 1530 2317 idem.
1561 2281 1671 2318 Unde
1691 2294 1769 2319 non
1798 2290 1852 2318 est
1880 2283 1999 2330 magis
2028 2283 2121 2320 ratio
2146 2296 2263 2332 quare
2284 2296 2362 2321 non
2389 2296 2476 2332 pos-

1416 2333 1462 2369 sit
1480 2334 1499 2354 *
1519 2346 1677 2370 movere
1700 2342 1798 2383 post,
1824 2347 1940 2383 quam
1969 2343 2065 2372 ante.
2087 2337 2136 2372 Et
2162 2337 2237 2372 hoc
2256 2336 2477 2373 sensibiliter

1416 2393 1587 2435 apparet:
1613 2387 1788 2424 videmus
1809 2388 1911 2424 enim
1931 2389 2035 2436 quod
2055 2389 2111 2425 sol
2129 2396 2254 2438 potest
2271 2389 2310 2425 in
2328 2389 2475 2426 infinito

1415 2446 1586 2487 tempore
1615 2452 1772 2477 movere
1802 2452 1963 2489 corpora
1990 2441 2176 2478 inferiora.

1467 2492 1529 2528 Ad
1564 2492 1676 2529 huius
1713 2500 1840 2530 autem
1869 2493 2110 2530 dubitationis
2148 2494 2391 2541 solutionem,
2421 2495 2474 2532 in-

1413 2545 1656 2592 vestigandus
1690 2553 1745 2582 est
1768 2558 1973 2594 processus
2002 2546 2333 2584 demonstrationis
2365 2547 2473 2585 indu·
2502 2551 2505 2555 '

1414 2605 1506 2634 ctae.
1529 2598 1685 2634 Certum
1714 2598 1815 2634 enim
1854 2598 1966 2635 debet
1995 2611 2096 2646 esse,
2119 2600 2230 2647 quod
2258 2599 2311 2636 sic
2342 2600 2473 2636 intelli-

1414 2650 1537 2697 genda
1561 2658 1616 2687 est
1635 2651 1838 2697 conclusio,
1860 2651 2189 2700 quemadmodum
2206 2653 2225 2674 *
2241 2652 2408 2701 sequitur
2428 2665 2472 2689 ex

1411 2703 1639 2751 praemissis.
1663 2704 1992 2741 Considerandum
2021 2712 2077 2741 est
2109 2704 2218 2752 igitur
2245 2705 2350 2752 quod
2377 2712 2471 2741 tem-

1411 2768 1484 2803 pus
1512 2763 1638 2792 motus
1665 2764 1790 2804 potest
1817 2757 1935 2805 accipi
1963 2757 2173 2805 dupliciter,
2202 2758 2405 2806 praecipue
2433 2758 2472 2795 in

1413 2816 1521 2845 motu
1549 2809 1674 2846 locali:
1699 2822 1776 2846 uno
1806 2810 1923 2846 modo
1953 2811 2163 2847 secundum
2195 2818 2319 2858 partes
2348 2810 2470 2847 mobi-

1412 2861 1473 2906 lis;
1503 2861 1576 2897 alio
1598 2862 1716 2899 modo
1746 2862 1954 2899 secundum
1974 2871 2099 2911 partes
2123 2863 2390 2910 magnitudinis
2410 2876 2470 2900 su-

1411 2926 1480 2963 pra
1508 2926 1623 2962 quam
1660 2915 1789 2952 transit
1825 2923 1961 2952 motus.
1997 2916 2240 2953 Manifestum
2278 2923 2333 2952 est
2369 2916 2469 2953 enim

1410 2966 1516 3015 quod
1553 2967 1655 3015 prius
1683 2980 1759 3004 una
1787 2981 1873 3016 pars
1910 2968 2059 3005 mobilis
2086 2969 2284 3017 pertransit
2317 2969 2470 3016 aliquod

1411 3019 1561 3066 signum
1589 3021 1868 3068 magnitudinis,
1889 3033 2005 3069 quam
2033 3029 2154 3058 toturn
2183 3021 2341 3062 mobile:
2367 3022 2469 3058 simi-

1410 3071 1492 3108 liter
1519 3073 1633 3109 etiam
1670 3081 1791 3110 totum
1820 3074 1961 3110 mobile
1997 3074 2100 3122 prius
2127 3074 2324 3122 pertransit
2350 3086 2466 3110 unam

1409 3132 1556 3172 partem
1576 3126 1853 3174 magnitudinis,
1871 3139 1987 3174 quam
2007 3134 2136 3164 totam.
2157 3129 2325 3175 Apparet
2339 3134 2466 3162 autem

1410 3177 1607 3214 manifeste
1628 3191 1673 3214 ex
1701 3191 1882 3227 processu
1901 3179 2120 3225 Aristotelis,
2142 3178 2245 3226 quod
2264 3178 2325 3214 hic
2347 3179 2465 3226 loqui-

1409 3237 1468 3266 tur
1496 3230 1542 3267 de
1570 3239 1742 3279 tempore
1771 3239 1916 3277 motus,
1945 3231 2155 3268 secundum
2184 3231 2287 3279 quod
2315 3238 2464 3279 ternpus

1461 3359 1486 3394 β)
1506 3361 1562 3386 Sed
1583 3365 1821 3394 quantumcumque
1842 3362 1972 3394 auferam.
1990 3374 2009 3380 -
2022 3364 2047 3385 et
2069 3364 2306 3394 quantumcumque
2324 3363 2465 3396 auferatur

1407 3395 1499 3424 PEatm
1517 3404 1565 3428 pro
1583 3397 1637 3425 sed,
1652 3400 1699 3420 aut
1718 3396 1778 3426 DH;
1797 3397 1937 3428 auferatur
1956 3396 2031 3420 etiam
2051 3396 2108 3426 FG,
2128 3396 2246 3429 auserem
2266 3398 2296 3421 L.
2316 3411 2335 3415 -
2353 3398 2415 3421 Post
2435 3397 2463 3422 li-

1407 3438 1482 3455 neam
1501 3439 1548 3463 pro
1567 3434 1747 3461 consumetur,
1768 3431 1931 3455 consumitur
1949 3430 2043 3455 habent
2061 3430 2175 3460 PEGab,·
2193 3439 2240 3463 pro
2258 3432 2321 3464 quia
2335 3432 2461 3464 ponitur,

1407 3465 1478 3497 quod
1492 3467 1605 3497 ponitur
1623 3466 1723 3490 codices
1737 3466 1971 3495 ABCIKMTVXY,
1984 3466 2127 3490 secundum
2145 3466 2217 3498 quod
2229 3467 2343 3498 ponitur
2361 3467 2462 3492 codices

1407 3501 1455 3530 LS,
1468 3498 1636 3532 componitur
1655 3501 1733 3525 codex
1752 3500 1783 3530 Q.

1460 3536 1486 3568 γ)
1506 3543 1557 3560 non
1577 3536 1719 3567 excipitur.
1733 3550 1751 3554 -
1764 3535 1910 3560 PBLSsGH
1924 3541 1949 3560 et
1962 3543 1979 3560 a
1989 3536 2003 3560 b
2010 3543 2019 3564 ;
2038 3543 2088 3561 non
2103 3536 2233 3568 accipitur
2246 3536 2462 3568 AIKMQTVXY,

1406 3571 1537 3602 accipitur
1556 3570 1815 3603 CDEFNORZpGH.

2522 501 2531 508 ⁶
2552 500 2662 527 aufertur
2679 507 2731 524 Anci

2520 532 2685 552 xnuoqrvxrz.

2516 1287 2701 1308 'alterationem
2711 1294 2726 1309 Α

2514 1319 2725 1343 nrxusrvxvchQ,

2514 1339 2655 1360 albationem
2669 1347 2690 1361 n.

2511 1759 2520 1768 ·
2539 1759 2616 1780 minor
2636 1766 2723 1782 mmm:

2510 1791 2664 1807 mruusrvxa.

2510 1863 2519 1872 ⁶
2534 1863 2611 1884 minor
2620 1863 2672 1886 add.
2683 1870 2720 1886 ια.

2510 1921 2519 1930 ”
2534 1920 2629 1942 Numm.
2644 1929 2666 1948 4,
2682 1929 2692 1950 5

2510 1953 2558 1968 om.
2573 1953 2598 1973 Q.

2508 2080 2516 2088 ·
2537 2082 2561 2100 et
2584 2080 2652 2101 codd.
2670 2087 2719 2102 exc.

2505 2237 2514 2245 ⁶
2529 2243 2619 2264 semper
2636 2237 2689 2259 add.

2504 2342 2512 2350 ·
2524 2343 2604 2368 potest
2617 2342 2668 2368 rzb,

2501 2370 2583 2394 posset
2594 2374 2636 2390 ua.

2500 2656 2509 2664 ·
2524 2661 2568 2682 quo
2583 2655 2650 2676 modo
2672 2662 2710 2678 Aer

2498 2687 2656 2709 xznsrvxvpo.
