2898 3996
180 1583 190 1591 ⁶
198 1584 221 1603 et
226 1586 391 1608 uxusrvxvpc.

180 2209 191 2219 ⁴
205 2208 274 2230 Num.
288 2215 311 2235 4.

183 2324 191 2333 '
198 2328 270 2350 posse
283 2328 331 2344 om.
340 2328 392 2345 nm.

181 2376 191 2385 ⁸
203 2381 266 2396 suum
281 2381 328 2396 om.
338 2381 392 2397 1³⁸0.

183 2402 204 2412 ‘⁸
220 2401 289 2423 Num.
304 2408 352 2430 seq.

183 2478 191 2486 '
207 2476 275 2497 Num.
290 2481 310 2503 3.

188 2531 195 2537 ”
211 2528 272 2550 Lect.
281 2534 287 2550 ι
299 2534 361 2556 seqq.

187 2639 194 2645 '
210 2636 263 2658 Lcct
277 2643 317 2659 vu.

187 2692 195 2699 ·
211 2689 272 2711 Lect.
288 2695 318 2711 ix.

187 2852 196 2861 ⁸
218 2851 340 2878 dereliquit
363 2857 394 2878 ir,

187 2877 296 2908 relinquit
306 2884 343 2902 Βκ,
357 2883 395 2898 re-

184 2903 295 2930 linquunt·
308 2909 347 2924 un.

187 2932 194 2938 '
212 2929 274 2951 Lect.
289 2935 362 2957 praec.

281 3061 297 3077 α

419 246 496 292 408

476 324 624 351 SYNopsts.
642 338 676 342 —
697 331 719 349 1.
741 322 951 358 Argumentum
973 326 999 348 et
1020 319 1120 347 divisio
1141 325 1241 346 textus.
1254 319 1477 346 -Reassumun-

421 370 467 391 tur
489 371 562 399 quae
584 367 697 390 ostensa
718 367 784 388 sunt
805 360 834 388 in
854 359 1088 396 praecedentibus
1113 357 1290 386 lectionibus.
1308 373 1327 378 -
1349 364 1375 384 2.
1391 357 1475 383 Prae-

420 401 584 430 termittitur
599 400 698 436 opinio
719 399 889 436 ponentium
910 399 989 435 quod
1011 397 1109 426 omnia
1129 396 1267 432 principia
1288 395 1432 423 moventia
1446 394 1476 422 in

420 442 464 470 his
479 450 552 477 quae
567 446 683 467 movent
696 436 797 475 seipsa,
813 438 868 466 sint
882 444 1030 474 perpetua:
1046 446 1113 464 nam
1129 435 1214 463 etiarn
1228 435 1284 463 hoc
1293 443 1354 462 non
1368 443 1475 470 suppo-

421 480 485 515 sito,
501 481 620 507 habetur
641 478 755 506 aliunde
776 477 955 514 propositum
971 482 1109 512 quantum
1124 475 1160 503 ad
1175 475 1231 502 hoc
1249 474 1329 510 quod
1349 473 1475 516 primum

421 528 542 547 movens
563 518 598 546 sit
618 524 824 554 perpetuum-
839 516 863 544 3.
880 515 994 543 Thesis:
1014 517 1134 542 Necesse
1153 519 1196 541 est
1209 521 1270 541 esse
1284 512 1402 549 aliquod
1416 520 1476 548 pri-

421 568 501 587 mum
522 566 641 585 movens
656 563 825 592 perpetuum
847 561 874 583 et
892 554 1004 591 penitus
1026 552 1181 587 immobile,
1197 552 1277 588 quod
1297 560 1401 587 nempe
1422 559 1475 579 nec

420 607 472 634 per
485 606 515 625 se
529 606 582 624 nec
596 605 647 632 per
661 595 792 623 accidens
807 601 945 622 movetur.
958 610 977 614 —
991 594 1045 620 Per
1059 594 1116 620 hoc
1132 599 1229 620 tamen
1243 600 1303 619 non
1317 590 1475 618 excluditur

421 646 438 665 a
452 636 545 672 primo
560 641 693 663 movente
708 641 813 669 motus,
828 642 878 661 seu
893 631 1031 669 operatio,
1046 641 1119 668 quae
1138 637 1180 659 est
1194 631 1224 658 in
1238 630 1302 667 ipso
1322 636 1473 666 operante,

420 681 506 712 prout
526 674 680 710 intelligere
707 673 809 701 dicitur
829 678 941 707 motus,
963 678 991 699 et
1010 677 1097 708 prout
1117 670 1259 706 appetitus
1286 675 1417 697 movetur
1437 669 1473 697 ab

421 714 574 751 appetibili.
589 730 608 735 -
628 722 656 748 4.
678 711 840 741 Subdivisio
862 717 962 739 textus.
983 726 1002 731 -
1026 711 1052 738 5.
1075 711 1175 738 Posset
1195 715 1292 737 autem
1312 708 1414 745 aliquis
1435 708 1474 736 ad

420 754 600 791 probandam
622 751 724 780 thesim
750 752 803 779 hac
831 750 941 778 ratione
962 749 1028 784 niti,
1053 758 1173 785 nempe:
1196 748 1275 785 quod
1297 757 1358 776 non
1378 753 1474 783 potest

421 793 596 829 quandoque
624 800 684 819 esse
710 797 737 819 et
758 791 932 827 quandoque
960 798 1019 816 non
1046 797 1120 823 esse,
1143 794 1185 816 est
1205 793 1393 824 perpetuum;
1415 787 1473 821 tale

420 838 516 860 autem
538 837 580 859 est
600 830 725 867 primum
754 838 887 863 movens;
909 837 976 856 nam
1000 828 1023 855 si
1044 833 1142 864 posset
1166 827 1341 863 quandoque
1363 835 1424 854 esse
1446 832 1474 854 et

421 871 595 908 quandoque
612 879 671 897 non
693 878 763 904 esse,
778 874 874 905 posset
888 867 1016 904 generari
1038 873 1065 895 et
1079 865 1234 902 corrumpi,
1250 875 1300 893 seu
1321 875 1382 893 non
1400 871 1475 893 esset

420 910 542 946 amplius
557 908 713 943 immobile,
733 908 805 936 sicut
819 907 997 943 supponitur.
1014 907 1070 934 Sed
1091 905 1324 942 praetermittitur
1344 905 1415 933 haec
1428 914 1474 932 ra-

419 949 476 985 tio;
498 949 565 986 quia
579 954 675 985 posset
696 947 797 983 aliquis
818 946 911 974 dicere
932 946 1011 982 quod
1032 945 1136 982 aliqua,
1156 954 1259 981 nempe
1280 943 1472 981 impartibilia,

419 988 558 1026 contingit
579 988 752 1024 quandoque
782 994 843 1014 esse
865 992 892 1014 et
913 985 1088 1022 quandoque
1115 994 1175 1013 non
1197 993 1267 1019 esse,
1288 985 1396 1021 absque
1417 984 1473 1011 hoc

419 1029 500 1065 quod
519 1033 689 1064 generentur
709 1032 758 1054 aut
779 1031 999 1061 corrumpantur
1019 1033 1070 1061 per
1090 1033 1128 1059 se,
1145 1024 1195 1052 sed
1209 1024 1305 1052 solum
1326 1033 1377 1060 per
1398 1022 1471 1051 acci-

419 1068 498 1102 dens,
512 1066 652 1103 generatis
673 1074 776 1101 nempe
797 1064 840 1092 vel
862 1064 1002 1100 corruptis
1024 1063 1094 1092 aliis.
1111 1064 1199 1098 Quod
1218 1073 1287 1100 ergo
1308 1071 1402 1100 neque
1422 1071 1473 1099 per

418 1116 448 1135 se
468 1115 562 1142 neque
582 1114 634 1142 per
654 1104 784 1133 accidens
805 1109 949 1138 movetur,
971 1104 1027 1132 hoc
1047 1109 1089 1131 est
1109 1109 1296 1140 perpetuum;
1318 1109 1346 1131 et
1366 1111 1382 1130 e
1403 1111 1473 1130 con-

417 1155 499 1174 verso
514 1145 593 1181 quod
608 1151 649 1172 est
662 1150 845 1180 perpetuum,
860 1151 954 1179 neque
968 1152 1020 1179 per
1033 1152 1064 1171 se
1084 1151 1177 1179 neque
1190 1152 1242 1179 per
1255 1141 1387 1171 accidens
1408 1151 1471 1170 mo-

417 1191 506 1220 vetur,
521 1184 692 1220 inquantum
707 1189 749 1211 est
762 1189 940 1219 perpetuum.
956 1183 1013 1210 Sed
1027 1182 1078 1210 etsi
1100 1183 1275 1211 concedatur
1290 1182 1370 1219 quod
1384 1190 1472 1218 quae-

418 1225 485 1252 dam
506 1223 645 1260 principia
664 1222 818 1257 moventia,
834 1231 908 1259 quae
930 1221 986 1250 sint
1006 1221 1045 1250 ita
1070 1221 1230 1250 immobilia
1251 1222 1331 1258 quod
1352 1226 1472 1258 possunt

417 1273 513 1293 tamen
534 1262 644 1291 moveri
664 1271 715 1299 per
735 1261 876 1297 accidens,
893 1262 1068 1299 quandoque
1090 1261 1146 1289 sint
1166 1267 1194 1289 et
1215 1261 1390 1298 quandoque
1411 1269 1472 1289 non

561 1390 572 1401 ,
621 1382 653 1399 ὁ.
682 1370 857 1410 ostquam
890 1362 1143 1410 Philosophus
1175 1360 1338 1398 ostendit
1369 1360 1475 1409 quod

626 1472 630 1476 ⁴
653 1468 887 1518 procedere
920 1467 958 1503 in
989 1466 1198 1513 infinitum,
1233 1465 1300 1503 sed
1330 1474 1385 1503 est
1412 1467 1475 1504 de-

495 1556 502 1559 „
555 1517 574 1564 ἆ,
681 1520 809 1558 venire
830 1519 878 1557 ad
898 1519 1051 1567 aliquod
1078 1519 1258 1568 primum,
1288 1519 1394 1566 quod
1412 1520 1474 1556 vel

419 1582 474 1612 est
501 1574 695 1612 immobile
728 1574 789 1610 vel
815 1573 834 1593 ’¹‘
862 1580 995 1610 movet
1026 1572 1214 1621 seipsum:
1245 1579 1280 1609 et
1312 1571 1476 1609 ostendit

416 1628 569 1664 ulterius
608 1626 712 1675 quod
749 1625 937 1662 moventis
976 1625 1143 1674 seipsum
1180 1637 1258 1662 una
1293 1637 1382 1673 pars
1420 1632 1476 1662 est

418 1693 579 1717 movens
606 1678 814 1726 immobile,
845 1686 881 1714 et
899 1678 951 1714 sic
978 1678 1179 1726 utrobique
1208 1677 1342 1715 accidit
1369 1677 1474 1726 quod

415 1733 582 1783 primum
619 1743 780 1768 movens
817 1730 862 1767 sit
899 1730 1118 1777 immobile;
1155 1731 1244 1779 quia
1279 1738 1408 1767 tamen
1436 1730 1475 1767 in

417 1785 658 1823 moventibus
686 1797 725 1820 se
754 1796 853 1832 quae
881 1791 968 1821 sunt
995 1783 1097 1832 apud
1125 1795 1212 1830 nos,
1242 1783 1379 1820 scilicet
1397 1784 1474 1820 ani-

417 1838 578 1875 malibus
606 1836 919 1885 corruptibilibus,
949 1836 1129 1884 contingit
1157 1837 1262 1884 quod
1284 1849 1372 1885 pars
1392 1848 1474 1872 mo-

416 1903 510 1928 vens
529 1891 566 1927 in
586 1897 765 1927 movente
789 1889 956 1938 seipsum
986 1896 1040 1926 est
1069 1889 1318 1938 corruptibilis
1337 1897 1374 1926 et
1392 1901 1475 1926 mo-

415 1951 525 1981 vetur
542 1955 611 1992 per
629 1942 814 1989 accidens,
844 1942 983 1979 scilicet
1001 1941 1144 1979 anima:
1172 1942 1254 1979 vult
1271 1942 1332 1979 hic
1351 1949 1475 1979 osten-

418 1996 506 2034 dere
539 1995 644 2044 quod
680 1995 848 2044 primum
885 2006 1047 2032 movens
1085 2002 1141 2032 est
1176 1994 1474 2043 incorruptibile,

418 2056 453 2086 et
480 2062 558 2086 non
586 2055 763 2086 movetur
799 2060 869 2084 nec
906 2060 975 2096 per
1007 2059 1048 2084 se
1085 2059 1156 2084 nec
1187 2059 1256 2096 per
1289 2047 1473 2085 accidens.

417 2103 466 2139 Et
485 2102 582 2139 circa
609 2102 684 2138 hoc
713 2100 789 2138 duo
809 2100 914 2137 facit:
944 2099 1069 2149 primo
1097 2099 1276 2149 proponit
1299 2101 1403 2148 quod
1422 2101 1476 2137 in-

417 2155 550 2200 tendit;
581 2154 748 2191 secundo
775 2154 927 2202 probat,
956 2153 1025 2189 ibi:
1055 2153 1111 2189 Sit
1135 2158 1259 2190 autem
1284 2153 1317 2190 si
1342 2153 1476 2202 aliquis

417 2208 504 2245 velit
520 2209 540 2227 ⁴*
561 2214 629 2244 etc.
651 2205 760 2243 Circa
777 2206 944 2255 primum
964 2205 1032 2242 tria
1051 2205 1155 2242 facit:
1176 2205 1300 2254 primo
1321 2206 1476 2243 resumit

419 2273 463 2297 ea
491 2273 588 2309 quae
626 2272 739 2308 supra
775 2266 925 2296 ostensa
962 2265 1068 2305 sunt;
1107 2258 1275 2295 secundo
1312 2266 1476 2307 praeter-

418 2313 527 2350 mittit
554 2313 750 2360 quoddam
770 2311 874 2361 quod
892 2311 1091 2348 videbatur
1108 2324 1221 2360 posse
1238 2312 1257 2332 ‘³‘
1280 2312 1407 2349 valere
1427 2313 1476 2349 ad

419 2378 529 2402 suum
539 2366 559 2387 *
566 2365 816 2414 propositum,
828 2364 891 2402 ibi:
913 2365 1210 2413 Unumquodque
1224 2364 1340 2414 igitur
1346 2365 1385 2386 ³¹²*
1392 2372 1474 2411 etc.;

418 2419 525 2455 tertio
546 2418 698 2467 exponit
717 2430 828 2454 suum
849 2417 1099 2466 propositum,
1111 2417 1178 2454 ibi:
1204 2418 1389 2459 Quoniam
1409 2430 1475 2454 au-

419 2477 490 2508 tem
520 2471 768 2508 necessarium
797 2476 849 2507 est
876 2482 952 2507 esse
972 2471 992 2491 *
1014 2477 1081 2507 etc.

472 2523 570 2561 Dicit
598 2536 684 2572 ergo
713 2523 850 2572 primo,
880 2523 984 2571 quod
1013 2535 1126 2572 supra
1148 2523 1168 2544 '¹‘
1197 2530 1392 2561 ostensum
1421 2530 1477 2560 est

420 2578 524 2624 quod
552 2584 677 2614 motus
706 2588 857 2625 semper
884 2583 939 2613 est
974 2583 1009 2613 et
1036 2588 1233 2624 nunquam
1266 2576 1409 2613 deficit:
1440 2583 1476 2613 et

421 2630 508 2677 quia
528 2629 651 2666 omnis
670 2637 796 2666 motus
812 2636 866 2666 est
880 2629 928 2666 ab
944 2629 1069 2678 aliquo
1089 2636 1269 2666 movente
1285 2630 1317 2676 *,
1334 2629 1372 2666 in
1392 2641 1474 2665 mo-

419 2682 593 2719 ventibus
613 2690 740 2719 autem
764 2694 841 2719 non
866 2690 920 2718 est
942 2681 1149 2731 procedere
1172 2682 1212 2719 in
1235 2682 1423 2719 infinitum
1442 2683 1472 2729 ²¹⁶,

421 2747 573 2771 necesse
593 2743 648 2771 est
668 2747 747 2772 esse
769 2734 921 2784 aliquod
939 2734 1104 2784 primurn
1125 2747 1298 2772 movens.
1319 2735 1368 2771 Et
1387 2734 1474 2783 quia

421 2788 591 2824 nondum
618 2789 821 2836 probatum
842 2795 896 2824 est
924 2787 1028 2836 quod
1046 2787 1214 2836 primurn
1243 2800 1405 2825 movens
1429 2787 1475 2824 sit

420 2852 551 2886 unum,
563 2840 648 2877 ideo
665 2842 733 2877 sub
753 2840 869 2877 dubio
886 2840 1109 2889 derelinquit
1121 2842 1277 2878 *utrum
1293 2840 1338 2878 sit
1351 2853 1472 2878 unum

419 2893 481 2929 vel
500 2893 618 2940 plura.
644 2893 692 2929 Et
709 2893 862 2929 ulterius
877 2900 1070 2930 ostensum
1088 2901 1143 2930 est
1155 2894 1175 2914 *
1190 2893 1294 2942 quod
1308 2894 1473 2942 primum

421 2957 581 2981 movens
601 2952 655 2981 est
675 2945 881 2992 immobile,
911 2946 990 2982 sive
1018 2946 1141 2983 statim
1165 2946 1406 2983 ascendendo
1428 2947 1473 2984 de

420 2996 531 3033 mbtis
559 2997 606 3034 ad
636 2997 826 3034 moventia
854 2998 1094 3046 perveniatur
1129 2999 1177 3036 ad
1207 2999 1376 3048 primum
1404 2999 1473 3036 im-

422 3049 573 3097 mobile,
594 3049 673 3086 sive
692 3050 932 3099 perveniatur
951 3052 999 3088 ad
1017 3051 1184 3100 primurn
1200 3065 1363 3089 movens
1382 3058 1399 3073 '³‘
1419 3064 1474 3089 se-

420 3102 556 3150 ipsum,
587 3102 692 3139 cuius
720 3115 795 3139 una
823 3115 908 3151 pars
938 3111 992 3140 est
1019 3116 1180 3142 movens
1209 3105 1417 3142 immobile.

474 3276 500 3307 α)
515 3276 632 3308 primum
652 3277 812 3302 immobile...
822 3277 939 3309 primum
960 3285 1072 3303 movens.
1084 3291 1102 3297 -
1115 3278 1158 3302 Bis
1177 3285 1224 3310 pro
1244 3278 1376 3310 primum,
1397 3278 1475 3310 prin-

420 3309 515 3341 utpium
535 3311 593 3335 cdd.
610 3312 666 3340 ab,
692 3312 782 3336 Venct.
800 3311 862 3343 1545
889 3317 914 3337 et
933 3313 1005 3337 codd.
1025 3321 1077 3337 exc.
1101 3313 1294 3344 DEGLNRsQ5
1320 3313 1403 3346 prima
1420 3314 1475 3338 vice

420 3349 517 3369 tantum
537 3346 595 3374 Lu,
619 3347 695 3371 alteru
714 3351 810 3371 tantum
830 3347 919 3372 Venet.
943 3347 1016 3379 1504.

475 3379 499 3411 β)
516 3381 613 3411 positio
627 3381 698 3413 quod
711 3382 800 3406 omnia
809 3382 1029 3415 principia—pro
1034 3382 1142 3415 positio,
1157 3382 1267 3408 intentio
1286 3382 1343 3414 Do,
1356 3383 1426 3408 ratio
1439 3383 1474 3414 N;

422 3422 468 3446 pro
487 3415 574 3439 omnia
597 3416 741 3448 principia,
767 3417 837 3448 quod
855 3425 907 3441 om.
927 3418 964 3446 O,
984 3417 1071 3443 omnia
1091 3417 1277 3450 principaliter
1296 3418 1374 3442 ΒΗΝ.
1388 3431 1407 3436 -
1425 3418 1475 3442 Pro

419 3449 508 3479 posuit
523 3450 590 3474 enim
605 3450 688 3478 Plato,
704 3452 773 3483 quod
789 3451 846 3475 hab.
862 3451 902 3475 PF
917 3457 942 3476 et
952 3453 1042 3477 Venet.
1054 3452 1127 3481 1551,
1138 3454 1286 3484 posuerunt
1298 3452 1366 3477 enim
1381 3453 1474 3483 BDLS,

419 3483 496 3514 ponit
515 3485 581 3508 enim
598 3485 635 3515 Η,
651 3486 740 3516 posuit
759 3485 827 3510 enim
847 3491 902 3516 cet..
922 3487 980 3511 cdd.
994 3487 1047 3515 ab,
1068 3486 1334 3519 Venet.1504‚1545.

475 3519 501 3550 γ)
521 3519 623 3543 dicem:
646 3520 850 3552 Unumquodque
869 3521 952 3553 igitur
970 3525 1018 3546 etc.
1039 3522 1073 3546 Et
1087 3522 1150 3547 dicit
1169 3522 1240 3553 quod
1258 3522 1294 3547 ad
1313 3522 1475 3547 rationem.—

424 3552 457 3577 lta
477 3553 495 3576 Ρ
515 3558 538 3577 ct
558 3554 647 3578 Vcnct.
671 3554 748 3585 1545;
773 3556 846 3579 codd.
865 3561 889 3580 ct
908 3557 1006 3588 priores
1025 3557 1160 3582 editiones:
1180 3557 1269 3582 dicens
1287 3557 1358 3590 quod
1375 3557 1413 3582 ad
1430 3564 1474 3582 ra-

1026 241 1370 279 PHYSICORUM
1395 239 1742 277 ARISTOTELIS
1771 239 1864 275 LIB.
1894 239 1980 276 VIll

1529 316 1600 350 sint;
1622 325 1682 343 non
1703 321 1801 343 tamen
1821 315 1959 352 possibile
1980 321 2023 343 est
2044 315 2143 344 omnia
2163 316 2303 353 principia
2322 318 2468 346 moventia
2488 325 2516 347 et
2537 318 2590 347 im-

1529 354 1647 382 mobilia
1667 354 1734 382 talia
1755 363 1825 389 esse,
1848 361 1880 382 ut
1901 355 2077 391 quandoque
2098 355 2154 383 sint
2175 361 2203 383 et
2223 357 2399 394 quandoque
2418 367 2479 386 non
2500 357 2592 386 sint.-

1529 395 1556 421 6.
1569 395 1633 422 Hoc
1647 402 1715 430 ergo
1729 403 1788 421 una
1802 403 1868 422 cum
1884 393 1957 421 thesi
1972 394 2065 430 posita
2080 396 2171 430 (num.
2183 395 2220 430 3),
2235 397 2373 432 probatur
2388 406 2439 433 per
2452 397 2515 434 ipsa
2528 407 2593 426 mo-

1528 433 1622 461 ventia
1643 442 1682 468 se,
1703 442 1777 470 quae
1799 433 1975 470 quandoque
1995 439 2062 461 sunt
2083 440 2111 462 et
2131 435 2307 472 quandoque
2324 444 2384 464 non
2405 443 2480 465 sunt.
2496 437 2592 474 Opor-

1528 478 1568 500 tet
1588 481 1650 500 esse
1664 472 1791 509 aliquam
1805 481 1922 500 causam
1942 478 2005 500 tum
2025 473 2219 510 generationis
2233 480 2261 502 et
2275 474 2469 511 corruptionis
2489 485 2592 504 eorum

1528 521 1602 548 quae
1623 517 1740 540 movent
1761 511 1864 548 seipsa,
1879 517 1908 540 et
1928 512 2104 549 quandoque
2125 519 2205 548 sunt,
2228 514 2403 551 quandoque
2424 523 2485 543 non
2506 522 2590 551 sunt;

1527 556 1588 579 tum
1611 550 1695 579 huius
1717 551 1797 588 quod
1818 560 1920 579 eorum
1941 551 2088 588 generatio
2117 558 2145 580 et
2165 552 2312 589 corruptio
2337 560 2477 590 perpetuo
2498 554 2591 583 conti-

1527 597 1640 619 nuatur.
1661 591 1718 618 Sed
1738 590 1823 618 huius
1844 597 1998 627 perpetuae
2029 591 2221 628 generationis
2243 598 2271 620 et
2292 592 2484 629 corruptionis
2505 602 2592 622 causa

1527 638 1587 658 non
1608 636 1704 666 potest
1724 639 1786 658 esse
1806 639 1901 667 neque
1922 639 2024 664 unum,
2039 639 2134 668 neque
2154 631 2254 660 omnia
2272 631 2358 660 simul
2378 631 2426 660 illa
2446 632 2592 662 moventia

1526 668 1697 704 immobilia,
1713 678 1787 706 quae
1807 678 1869 698 non
1890 678 2004 706 semper
2024 676 2105 698 sunt:
2127 679 2197 699 nam
2218 670 2335 700 effectus
2355 677 2510 708 perpetuus
2531 681 2592 701 non

1526 714 1621 744 potest
1641 717 1703 736 esse
1730 708 1785 737 nisi
1805 718 1824 737 a
1844 718 1930 738 causa
1957 715 2107 746 perpetua.
2127 711 2205 748 Ergo
2232 719 2349 739 necesse
2370 717 2412 739 est
2433 711 2514 748 quod
2533 712 2592 748 pri-

1527 757 1607 775 mum
1623 756 1751 784 movens,
1764 747 1822 776 sive
1837 747 1873 776 sit
1886 758 1977 777 unum
1992 749 2050 777 sive
2065 749 2222 786 multiplex,
2233 749 2269 778 sit
2283 756 2468 787 perpetuum;
2480 756 2508 778 et
2522 759 2592 780 con-

1526 793 1678 824 sequenter
1699 788 1779 823 quod
1799 796 1894 824 neque
1916 797 1968 824 per
1995 797 2025 816 se
2046 798 2141 826 neque
2168 798 2220 826 per
2248 790 2381 818 accidens
2402 796 2592 819 moveatur.-

1527 835 1553 862 7.
1575 826 1673 854 Altera
1692 826 1795 854 thesis:
1818 827 1909 864 Magis
1930 834 1972 855 est
1993 829 2162 864 ponendum
2183 838 2275 857 unum
2295 829 2469 866 principium
2489 838 2591 866 perpe-

1526 871 1608 893 tuum
1623 874 1711 902 quam
1726 866 1824 894 multa.
1837 867 1989 894 Probatur.
2000 868 2032 895 In
2046 867 2091 896 his
2105 877 2179 905 quae
2193 875 2260 897 sunt
2273 869 2433 897 secundum
2447 874 2590 904 naturam,

1526 914 1639 941 semper
1653 911 1695 933 est
1708 905 1907 942 accipiendum
1929 906 1998 934 illud
2012 908 2092 943 quod
2111 914 2154 936 est
2167 908 2279 944 melius,
2294 908 2318 937 si
2332 907 2367 936 sit
2381 908 2525 945 possibile.
2541 910 2592 937 Fst

1526 950 1621 972 autem
1637 944 1739 972 melius
1752 954 1844 973 unum
1858 945 2031 982 principium
2045 955 2134 983 quam
2149 947 2249 983 multa,
2259 953 2286 976 et
2300 946 2405 976 sufficit
2419 948 2457 976 ad
2471 956 2591 976 causan-

1525 984 1593 1012 dam
1608 983 1826 1020 perpetuitatem
1847 990 1944 1013 motus
1958 994 2050 1013 unum
2064 985 2191 1022 primum
2205 986 2378 1023 principium
2393 985 2551 1022 immobile,
2566 987 2591 1016 si

1525 1023 1561 1051 sit
1575 1029 1759 1060 perpetuum:
1782 1033 1843 1052 non
1864 1033 1933 1062 ergo
1948 1031 2014 1052 sunt
2027 1026 2164 1061 ponenda
2177 1026 2260 1062 plura
2273 1025 2422 1062 principia.
2433 1041 2453 1046 -
2468 1027 2496 1054 8.
2504 1027 2591 1061 >Con-

1525 1062 1648 1091 cluditur
1663 1063 1743 1100 quod
1757 1072 1873 1092 necesse
1887 1070 1930 1092 est
1948 1073 2010 1092 esse
2023 1073 2116 1092 unum
2130 1064 2256 1101 primum
2276 1074 2396 1093 movens
2409 1071 2590 1102 perpetuum,

1526 1102 1605 1139 quod
1620 1102 1655 1130 sit
1669 1102 1791 1131 omnino
1805 1102 1955 1131 immobile
1976 1109 2004 1131 et
2020 1112 2072 1140 per
2085 1112 2116 1132 se
2130 1110 2158 1132 et
2171 1113 2223 1140 per
2236 1103 2382 1140 accidens3
2403 1111 2432 1132 et
2446 1105 2483 1133 ad
2497 1105 2591 1133 exclu-

1525 1141 1637 1170 sionem
1659 1142 1809 1170 cavillosae
1830 1141 1981 1171 instantiae
2002 1142 2117 1171 additur
2138 1143 2219 1180 quod
2239 1143 2337 1172 motus
2357 1142 2407 1182 qui
2428 1149 2471 1172 est
2490 1152 2509 1173 a
2526 1144 2591 1181 plu·

1526 1181 1603 1209 ribus
1634 1181 1834 1217 moventibus,
1862 1191 1988 1218 quorum
2016 1182 2160 1219 quaedam
2187 1189 2359 1220 generantur
2388 1189 2416 1211 et
2446 1184 2591 1220 quaedam

1525 1227 1757 1257 corrumpuntur,
1779 1230 1840 1249 non
1854 1227 1949 1258 potest
1970 1230 2031 1250 esse
2051 1231 2127 1250 unus
2148 1228 2176 1250 et
2196 1222 2359 1259 continuus,
2380 1231 2435 1252 nec
2454 1231 2506 1260 per
2520 1230 2591 1253 con·

1526 1269 1649 1298 sequens
1669 1266 1832 1297 perpetuus.

1586 1372 1620 1397 2.
1651 1360 1738 1397 Fuit
1756 1368 1883 1398 autem
1903 1362 2146 1412 quorundam
2164 1362 2314 1411 positio,
2336 1362 2440 1412 quod
2461 1362 2598 1416 omnia*

1527 1412 1753 1462 principiam
1763 1413 1782 1442 β
1791 1414 1944 1451 oventia
1958 1414 1996 1452 in
2010 1414 2054 1452 iis
2069 1427 2166 1464 quae
2181 1423 2340 1452 movent
2359 1415 2494 1464 seipsa,
2505 1422 2592 1453 sunt

1527 1473 1728 1515 perpetua:
1757 1466 1884 1516 posuit
1912 1467 2014 1504 enim
2038 1468 2145 1505 Plato
2174 1479 2310 1505 omnes
2338 1467 2485 1506 animas
2513 1467 2590 1505 ani-

1528 1519 1685 1556 malium
1713 1526 1926 1569 perpetuas.
1956 1521 2006 1557 Et
2023 1519 2054 1557 si
2081 1533 2175 1558 vera
2197 1528 2296 1558 esset
2322 1522 2418 1558 haec
2446 1520 2588 1571 opinio,

1527 1570 1604 1608 iam
1624 1571 1748 1609 statim
1776 1572 1996 1610 Aristoteles
2023 1573 2179 1625 haberet
2204 1573 2443 1623 propositum
2471 1585 2590 1623 quan·
2635 1590 2639 1594 ·

1527 1631 1609 1661 turn
1629 1624 1678 1662 ad
1696 1625 1771 1662 hoc
1790 1625 1895 1674 quod
1913 1626 2082 1675 primum
2101 1638 2264 1663 movens
2283 1626 2329 1663 sit
2346 1633 2588 1676 perpetuum.

1529 1676 1606 1714 Sed
1634 1677 1762 1726 opinio
1791 1678 2000 1715 Aristotelis
2021 1686 2087 1726 est,
2107 1679 2212 1728 quod
2240 1679 2291 1728 de
2315 1678 2486 1728 partibus
2511 1678 2590 1716 ani-

1529 1742 1615 1767 mae
1635 1731 1738 1767 solus
1764 1730 1971 1768 intellectus
2000 1739 2055 1768 est
2082 1731 2394 1780 incorruptibilis3
2424 1743 2511 1769 cum
2537 1738 2590 1768 ta—

1529 1794 1619 1819 men
1648 1782 1760 1820 etiam
1789 1783 1882 1820 aliae
1909 1790 2035 1832 partes
2064 1784 2215 1821 animae
2242 1784 2314 1822 sint
2341 1791 2554 1822 moventes.

1582 1835 1632 1872 Et
1654 1835 1741 1872 ideo
1760 1836 1835 1872 hoc
1854 1843 2130 1884 consequenter
2146 1836 2416 1886 praetermittit,
2431 1836 2589 1878 dicens:

1535 1888 1833 1937 Unumquodque
1860 1889 1976 1938 igitur
2004 1897 2072 1926 etc.
2102 1890 2151 1926 Et
2179 1889 2266 1926 dicit
2285 1889 2391 1938 quod
2411 1890 2460 1926 ad
2479 1889 2590 1926 ratio—

1530 1952 1619 1978 nem
1638 1945 1653 1967 ⁷
1673 1953 1769 1990 quae
1797 1953 1889 1990 prae
1918 1941 2094 1978 manibus
2122 1942 2294 1989 habetur,
2319 1941 2410 1979 nihil
2429 1941 2591 1990 pertinet

1530 2005 1579 2030 an
1605 1994 1908 2043 unumquodque
1938 1994 2211 2043 principiorum
2239 2006 2338 2043 quae
2366 2001 2527 2031 movent
2553 2001 2591 2031 et

1530 2054 1617 2083 sunt
1634 2046 1862 2095 immobilia,
1892 2047 1939 2084 sit
1956 2054 2201 2096 perpetuum,
2231 2046 2408 2095 quamvis
2431 2047 2506 2084 hoc
2525 2045 2590 2084 ali-

1530 2099 1595 2147 qui
1623 2106 1843 2147 posuerunt,
1863 2107 2050 2148 ponentes
2083 2111 2218 2136 omnes
2247 2099 2394 2137 animas
2421 2099 2590 2136 incorru—

1529 2151 1688 2200 ptibiles.
1728 2153 1778 2189 Et
1813 2152 1901 2189 dicit
1931 2153 2006 2189 hoc
2040 2165 2119 2190 non
2153 2165 2236 2189 esse
2269 2152 2318 2190 ad
2348 2159 2590 2201 praesentem

1530 2204 1732 2253 rationem,
1754 2205 1842 2254 quia
1861 2207 1880 2225 ⁴⁹
1900 2205 1975 2242 hoc
1994 2217 2072 2243 non
2092 2205 2301 2254 supposito,
2327 2204 2482 2242 habebit
2502 2217 2590 2254 pro-
2616 2211 2629 2223 ·

1529 2264 1708 2306 pos1tum.

1585 2311 1619 2348 3.
1649 2310 1797 2348 Deinde
1831 2323 1919 2348 cum
1953 2310 2060 2348 dicit:
2094 2311 2280 2354 Quoniam
2309 2316 2435 2348 autem
2467 2321 2591 2348 neces·

1528 2363 1672 2400 sarium
1701 2371 1791 2411 etc.,
1821 2363 1975 2412 exponit
2002 2363 2093 2412 quid
2121 2363 2280 2401 intendit
2304 2363 2467 2412 probare
2487 2360 2512 2400 ⁸.
2542 2363 2592 2400 Et

1530 2415 1618 2453 dicit
1637 2416 1742 2465 quod
1761 2416 2036 2456 considerando
2066 2428 2111 2453 ea
2138 2428 2236 2465 quae
2259 2423 2479 2465 sequuntur,
2508 2427 2590 2453 ma-

1530 2468 1706 2506 nifestum
1724 2476 1850 2518 potest
1869 2481 1950 2506 esse
1970 2469 2086 2518 quod,
2108 2469 2176 2506 etsi
2194 2481 2273 2506 non
2292 2481 2407 2506 omne
2426 2480 2591 2506 movens

1529 2522 1725 2559 immobile
1754 2522 1800 2558 sit
1819 2529 2061 2571 perpetuum,
2091 2534 2246 2559 necesse
2275 2529 2332 2558 est
2357 2529 2488 2558 tamen
2507 2532 2590 2558 esse

1530 2574 1670 2623 aliquid
1689 2574 1897 2622 immobile,
1926 2574 1976 2612 ita
2000 2574 2105 2623 quod
2124 2575 2227 2612 nullo
2247 2573 2366 2611 modo
2387 2574 2435 2611 ab
2456 2573 2590 2611 extrin-

1529 2640 1617 2665 seco
1638 2635 1849 2674 moveatur,
1875 2640 1946 2664 nec
1973 2624 2189 2677 simpliciter
2216 2640 2288 2664 nec
2306 2640 2375 2676 per
2393 2626 2589 2674 accidens,

1530 2688 1566 2717 et
1593 2687 1720 2718 tamen
1754 2680 1801 2717 sit
1833 2680 2023 2718 motivum
2056 2680 2218 2718 alterius.
2256 2680 2355 2718 Dicit
2380 2686 2515 2717 autem
2541 2679 2592 2717 ab

1529 2734 1634 2770 omni
1650 2734 1812 2770 exterius
1831 2734 2045 2780 mutatione,
2070 2745 2149 2770 non
2167 2733 2368 2770 intendens
2392 2731 2591 2770 excludere

1529 2794 1688 2834 motum,
1718 2786 1813 2823 idest
1836 2786 2107 2835 operationem,
2137 2798 2236 2837 quae
2257 2793 2312 2823 est
2338 2785 2377 2822 in
2396 2792 2589 2834 operante,

1526 2847 1640 2889 prout
1657 2839 1861 2887 intelligere
1891 2839 2024 2876 dicitur
2051 2846 2189 2886 motus,
2219 2846 2255 2876 et
2273 2845 2386 2888 prout
2404 2837 2593 2888 appen'tus

1526 2899 1704 2930 movetur
1740 2893 1787 2929 ab
1817 2891 2018 2942 appetibili.
2058 2891 2288 2929 Huiusmodi
2326 2890 2427 2928 enim
2463 2897 2591 2928 motus

1528 2958 1607 2982 non
1627 2945 1834 2982 excluditur
1852 2957 1875 2982 a
1892 2945 2017 2994 primo
2037 2951 2217 2982 movente
2237 2944 2286 2982 de
2305 2955 2381 2993 quo
2400 2943 2570 2980 intendit.

1580 3009 1618 3046 4.
1647 2997 1796 3035 Deinde
1824 3010 1911 3034 cum
1930 2997 2017 3035 dicit
2031 3003 2057 3034 ‘z
2078 2998 2132 3034 Sit
2150 3002 2275 3034 autem
2292 2997 2327 3034 si
2342 2996 2477 3044 aliquis
2504 3003 2588 3043 etc.,

1527 3051 1664 3100 probat
1682 3050 1787 3099 quod
1807 3050 1948 3088 dixerat
1964 3051 1995 3097 ¹⁹²,
2012 3049 2151 3087 scilicet
2169 3049 2274 3098 quod
2289 3049 2334 3086 sit
2349 3048 2502 3098 aliquod
2515 3048 2589 3098 pri-

1527 3115 1634 3140 mum
1663 3115 1826 3141 movens
1857 3109 2086 3152 perpetuum
2124 3109 2160 3140 et
2195 3101 2345 3151 penitus
2378 3101 2587 3139 immobile.

1528 3278 1635 3304 ttonem.
1653 3277 1692 3304 Cf.
1710 3277 1760 3303 hoc
1779 3278 1849 3303 libro*
1862 3278 1920 3303 lect.
1935 3285 1989 3309 vm,
2009 3282 2062 3302 not.
2080 3284 2105 3302 a.
2127 3277 2204 3303 Certo
2222 3284 2269 3310 pro
2289 3276 2378 3302 dicens
2398 3281 2519 3302 consueta
2537 3276 2589 3302 for-

1529 3314 1599 3338 mula
1617 3319 1687 3338 esset
1706 3313 1749 3339 ibi.

1581 3347 1606 3382 ὃ)
1619 3348 1731 3381 exponit
1744 3348 1808 3381 quid
1822 3348 1936 3374 intendit
1944 3348 2096 3381 probara-
2106 3348 2141 3372 lta
2155 3347 2244 3380 legunt
2256 3347 2502 3372 PBEGORsCMNZ
2521 3352 2547 3372 et
2564 3347 2589 3378 b;

1527 3383 1639 3416 exponit
1651 3384 1716 3416 quid
1728 3383 1842 3409 intendit
1854 3384 1896 3409 hic
1910 3383 2027 3416 probare
2042 3383 2072 3414 D,
2082 3383 2195 3415 exponit
2208 3382 2344 3415 (epricat
2353 3383 2390 3413 Η,
2405 3382 2536 3414 exprirnit
2548 3382 2587 3414 Ν)

1528 3419 1593 3451 quid
1611 3419 1697 3452 (quod
1715 3419 1750 3452 F)
1776 3418 1889 3444 intendit
1908 3419 2057 3451 improbare
2082 3418 2157 3443 ceteri
2181 3422 2206 3443 et
2231 3417 2308 3442 editio
2325 3425 2353 3443 a.
2369 3431 2388 3436 —
2407 3417 2443 3442 lbi
2468 3417 2518 3442 etsi
2536 3424 2587 3442 non

1529 3461 1612 3483 omne,
1631 3453 1711 3479 etiam
1730 3454 1754 3478 si
1776 3461 1827 3478 non
1847 3461 1923 3479 omne
1941 3454 1976 3485 D,
2002 3452 2026 3478 si
2044 3460 2096 3479 non
2115 3460 2191 3478 omne
2210 3453 2286 3478 editio
2304 3460 2322 3478 a
2341 3457 2367 3478 et
2385 3452 2461 3478 ceteri
2486 3452 2588 3477 codices

1529 3489 1639 3521 exceptis
1662 3489 1806 3513 EFGLOZ.
1891 3519 1893 3521 Ι
2448 3501 2450 3503 -

1582 3525 1603 3555 ε)
1625 3523 1727 3548 Deinde
1745 3531 1803 3548 cum
1823 3523 1924 3549 dicia·
1938 3524 2010 3549 Hane
2028 3523 2167 3548 formulam
2182 3531 2212 3548 ex
2225 3523 2348 3548 omnibus
2367 3522 2442 3547 codd.
2455 3527 2481 3547 et
2499 3527 2529 3547 ex
2547 3520 2587 3546 ab

1529 3558 1703 3590 sumpsimus;
1722 3558 1847 3583 omittitur
1865 3565 1880 3582 a
1898 3558 1989 3583 Venet.
2008 3558 2074 3589 1504
2092 3563 2116 3583 et
2135 3557 2303 3591 sequentibus
2322 3557 2484 3582 editionibus.

2618 3061 2626 3071 ¹
2640 3059 2712 3083 Num.
2725 3065 2803 3089 praee.
