2950 4004
258 397 339 418 ‘sim

259 548 267 556 ·
281 548 369 569 transit
382 548 416 570 Pb.

256 1124 267 1135 ⁶
281 1124 352 1145 Num.
366 1129 379 1151 3
394 1130 447 1152 sqq.

255 1231 265 1239 ·
280 1229 349 1251 Num.
366 1235 440 1257 praec.

254 1553 265 1563 ¹*
280 1553 352 1574 Num.
363 1559 386 1579 4.

251 1657 261 1667 ⁸
277 1662 313 1703 epzi
307 1657 355 1684 iglo
341 1657 419 1678 wando
438 1662 467 1677 m

253 1689 295 1703 nav

254 1709 349 1730 Nu.m
365 1715 440 1736 praem

254 1866 424 1894 *Nu.mm89

256 1893 339 1914 omiutt
341 1897 381 1914 ntu
368 1872 467 1914 ura9co-

255 1919 306 1940 dice
322 1926 347 1945 Q.

254 1976 263 1986 “
280 1975 343 2003 quod
360 1975 412 1997 add.
432 1976 468 1997 ab

254 2005 276 2022 et
291 2002 360 2023 codd.
371 2008 420 2023 exc.
430 2009 466 2023 131..

256 3235 266 3243 ¹·
286 3233 391 3254 tardatio
410 3239 446 3253 m.

506 308 576 344 186

499 385 605 433 quod
634 393 688 422 est
706 398 886 433 vacuum,
915 385 954 422 in
982 393 1154 434 tempore
1179 387 1210 432 Ι;
1233 394 1268 423 et
1295 387 1348 423 sic
1368 387 1388 408 *
1409 399 1497 424 cum
1525 388 1563 424 in

499 445 672 486 ternpore
693 440 706 474 I
727 446 890 475 transeat
908 438 1011 475 idem
1031 438 1207 486 spatium,
1225 451 1313 476 cum
1333 447 1389 476 est
1406 440 1563 488 plenum

499 490 741 527 subtilissimo
758 503 929 540 corpore,
951 491 1118 539 sequitur
1136 492 1241 539 quod
1255 491 1294 528 in
1309 492 1449 529 eodem
1469 500 1562 529 tem-

498 555 593 591 pore
618 543 787 579 transibit
806 544 826 563 *
845 543 948 580 idem
977 543 1119 580 mobile
1142 555 1264 580 unum
1294 551 1329 581 et
1355 544 1459 581 idem
1478 557 1561 594 spa-

497 595 603 642 tium,
626 608 713 632 cum
734 602 790 632 est
807 607 974 632 vacuum
1004 603 1040 632 et
1059 608 1147 632 cum
1167 603 1223 633 est
1245 597 1413 645 plenum.
1439 597 1562 634 Mani-

498 649 636 684 festum
661 655 716 684 est
744 660 846 695 ergo,
875 648 980 696 quod
1009 648 1039 685 si
1067 648 1176 685 fuerit
1203 649 1357 698 aliquod
1384 657 1559 698 tempus,

498 701 537 737 in
565 713 641 749 quo
671 701 813 737 mobile
834 701 972 738 feratur
998 713 1068 749 per
1095 701 1369 750 quodcumque
1397 702 1562 751 spatium

497 765 677 800 vacuum,
708 761 887 802 sequetur
913 754 987 790 hoc
1014 753 1266 802 impossibile,
1301 755 1407 802 quod
1434 755 1472 791 in
1501 767 1562 791 ae-

498 805 598 854 quali
626 813 799 855 tempore
827 806 996 843 transibit
1014 806 1172 855 plenum
1201 814 1237 843 et
1263 819 1451 844 vacuum:
1473 807 1561 855 quia

498 858 566 894 erit
585 858 756 908 accipere
776 858 930 907 aliquod
951 871 1088 908 corpus
1103 859 1209 907 quod
1227 859 1383 896 habebit
1400 871 1560 908 propor-

496 910 641 948 tionem
661 912 710 949 ad
730 911 830 948 aliud
851 924 999 960 corpus,
1020 911 1116 948 sicut
1138 912 1253 949 habet
1270 912 1559 961 proportionem

497 970 648 1012 tempus
676 964 725 1001 ad
753 972 916 1012 tempus.

551 1028 587 1063 7.
618 1017 766 1053 Deinde
797 1029 882 1053 cum
915 1016 1022 1054 dicit:
1052 1017 1127 1054 Sed
1150 1017 1247 1053 sicut
1272 1017 1309 1054 in
1330 1017 1490 1065 capitulo
1509 1024 1563 1056 est

496 1068 619 1105 dicere
638 1077 721 1117 etc.,
750 1069 970 1106 summatim
991 1069 1128 1117 colligit
1147 1081 1203 1116 ea,
1228 1069 1267 1106 in
1286 1069 1424 1118 quibus
1441 1071 1560 1108 virtus

497 1121 664 1158 consistit
682 1122 913 1170 praemissae
933 1123 952 1141 '⁵
972 1121 1137 1158 rationis.
1159 1122 1208 1159 Et
1226 1122 1314 1159 dicit
1342 1124 1446 1170 quod
1466 1124 1560 1160 sicut

497 1174 675 1221 contingit
694 1174 976 1223 recapitulando
997 1175 1134 1221 dicere,
1150 1174 1349 1211 manifesta
1364 1183 1419 1212 est
1433 1189 1558 1224 causa,

496 1239 612 1275 quare
630 1227 867 1275 praedictum
885 1227 1192 1264 *inconveniens
1207 1227 1366 1264 accidat:
1387 1228 1477 1276 quia
1491 1229 1559 1265 sci-

495 1280 580 1316 licet
599 1279 755 1327 quilibet
769 1287 897 1316 motus
913 1287 969 1316 est
982 1279 1291 1329 proportionatus
1311 1280 1462 1318 cuilibet
1476 1293 1560 1317 mo-

495 1332 548 1369 tui
568 1332 780 1369 secundum
807 1332 1069 1370 velocitatem:
1100 1332 1189 1380 quia
1208 1331 1332 1369 omnis
1357 1340 1484 1370 motus
1505 1341 1560 1370 est

495 1385 534 1422 in
562 1392 756 1433 tempore,
795 1392 830 1422 et
857 1385 1046 1434 quaelibet
1084 1385 1160 1421 duo
1195 1392 1389 1433 tempora,
1429 1385 1460 1422 si
1487 1386 1560 1423 sint

495 1437 612 1484 finita,
633 1438 774 1474 habent
800 1437 1088 1487 proportionem
1117 1437 1166 1474 ad
1185 1437 1361 1474 invicem.
1397 1437 1475 1474 Sed
1492 1450 1559 1475 va-

497 1491 556 1527 cui
584 1490 632 1527 ad
660 1492 816 1539 plenum
845 1503 924 1527 non
957 1498 1012 1527 est
1037 1489 1251 1539 proportio,
1284 1497 1327 1526 ut
1353 1491 1558 1539 probatum

498 1551 552 1580 est
572 1544 603 1580 ³².
634 1543 744 1580 Unde
773 1543 803 1580 si
830 1550 993 1592 ponatur
1021 1550 1148 1579 motus
1175 1541 1258 1579 fieri
1281 1554 1350 1590 per
1375 1555 1557 1591 vacuum,

496 1608 650 1633 necesse
680 1603 736 1632 est
764 1596 868 1644 quod
897 1602 1075 1643 sequatur
1102 1595 1386 1632 inconveniens.

549 1649 689 1685 Ultimo
711 1657 838 1685 autern
859 1648 1052 1697 epilogans
1072 1648 1091 1669 *
1112 1647 1311 1694 concludit,
1333 1648 1436 1696 quod
1451 1660 1558 1697 prae·

497 1701 594 1739 dicta
621 1702 640 1722 ²¹²
659 1701 964 1738 inconvenientia
984 1700 1170 1746 accidunt,
1192 1700 1222 1737 si
1251 1700 1481 1749 accipiantur
1505 1701 1559 1738 di-

495 1767 630 1791 versae
643 1754 862 1791 velocitates
882 1761 1058 1790 motuum
1078 1753 1290 1790 secundum
1307 1753 1558 1790 differentiam

496 1807 724 1844 mediorum.

551 1861 585 1896 8.
609 1859 686 1896 Sed
702 1861 721 1880 ’¹⁸
738 1866 868 1896 contra
887 1859 987 1895 hanc
1007 1858 1192 1895 rationem
1212 1857 1420 1895 Aristotelis
1439 1858 1558 1895 insur—

496 1920 587 1960 gunt
614 1913 740 1960 plures
770 1911 1016 1948 difficultates.
1046 1912 1219 1958 Quarum
1254 1910 1409 1959 quidem
1436 1911 1560 1959 prima

497 1973 561 2012 est,
584 1965 689 2014 quod
716 1977 795 2001 non
822 1964 972 2000 videtur
997 1964 1103 2012 sequi
1124 1965 1155 2011 ²¹³,
1177 1963 1207 2000 si
1235 1964 1300 2000 fiat
1332 1971 1459 2001 motus
1491 1976 1559 2012 per

495 2030 674 2064 vacuum,
696 2017 801 2066 quod
829 2016 1065 2053 non‘habeat
1083 2016 1372 2065 proportionem
1397 2017 1435 2053 in
1453 2018 1558 2053 velo-

496 2071 605 2108 citate
633 2070 681 2107 ad
716 2077 866 2107 motum
904 2069 968 2118 qui
1004 2070 1048 2106 fit
1079 2082 1148 2118 per
1184 2071 1352 2118 plenum.
1393 2069 1559 2116 Quilibet

497 2124 598 2160 enim
627 2130 755 2160 motus
783 2123 899 2159 habet
927 2122 1216 2159 determinatam
1243 2122 1484 2159 velocitatem
1514 2134 1559 2158 ex

494 2175 741 2225 proportione
769 2175 959 2224 potentiae
989 2175 1147 2212 motoris
1176 2175 1225 2212 ad
1253 2174 1415 2221 mobile,
1446 2174 1558 2220 etiam

495 2230 526 2266 si
555 2230 700 2266 nullum
729 2228 775 2265 sit
801 2227 1132 2276 impedimentum.
1172 2228 1221 2264 Et
1253 2228 1328 2264 hoc
1361 2234 1464 2275 patet
1490 2239 1559 2275 per

496 2282 714 2330 exemplum
744 2289 780 2317 et
807 2293 874 2329 per
902 2280 1100 2317 rationem.
1130 2281 1204 2316 Per
1232 2281 1451 2328 exemplum
1477 2280 1558 2327 qui-

495 2336 584 2372 dem
613 2334 651 2370 in
680 2334 902 2382 corporibus
932 2333 1166 2380 caelestibus,
1188 2345 1352 2380 quorum
1381 2340 1509 2369 motus
1537 2345 1560 2370 a

495 2388 596 2423 nullo
616 2387 840 2435 impeditur:
871 2394 906 2423 et
933 2393 1062 2422 tamen
1083 2397 1216 2422 eorum
1237 2393 1292 2422 est
1312 2385 1559 2422 determinata

493 2440 691 2486 velocitas,
721 2439 932 2476 secundum
962 2438 1255 2475 determinatum
1287 2445 1450 2486 tempus.
1485 2439 1559 2474 Per

495 2492 681 2529 rationem
710 2500 849 2538 autem,
880 2491 967 2540 quia
996 2504 1041 2528 ex
1069 2492 1144 2528 hoc
1172 2491 1254 2540 ipso
1283 2491 1388 2539 quod
1415 2491 1454 2527 in
1478 2503 1558 2528 ma—

494 2545 705 2592 gnitudine,
734 2558 803 2594 per
830 2557 946 2593 quam
975 2544 1104 2581 transit
1132 2551 1274 2590 motus,
1306 2550 1360 2580 est
1387 2543 1557 2592 accipere

493 2598 597 2647 prius
626 2606 662 2634 et
689 2598 886 2646 posterius,
908 2597 1087 2645 contingit
1115 2597 1230 2633 etiam
1258 2596 1428 2644 accipere
1455 2596 1559 2644 prius

496 2659 531 2687 et
558 2651 745 2699 posterius
773 2656 787 2674 η
815 2651 854 2687 in
882 2658 1006 2696 motu;
1037 2662 1083 2686 ex
1111 2662 1188 2697 quo
1218 2649 1386 2697 sequitur
1409 2656 1557 2685 motum

496 2716 577 2740 esse
597 2704 635 2740 in
655 2703 904 2740 determinato
924 2710 1109 2751 tempore.
1132 2701 1209 2738 Sed
1227 2713 1364 2737 verum
1385 2708 1441 2737 est
1455 2701 1559 2749 quod

494 2756 581 2792 huic
609 2756 797 2792 velocitati
829 2762 952 2804 potest
984 2754 1123 2803 aliquid
1156 2753 1324 2790 subtrahi
1354 2765 1398 2789 ex
1431 2753 1556 2801 aliquo

495 2809 737 2857 impediente.
777 2809 868 2844 Non
903 2807 1011 2854 igitur
1044 2814 1192 2855 oportet
1226 2805 1331 2854 quod
1361 2806 1557 2854 proportio

496 2869 622 2898 motus
643 2862 690 2897 ad
710 2868 858 2897 motum
887 2860 925 2896 in
944 2859 1156 2905 velocitate,
1186 2858 1231 2895 sit
1250 2859 1344 2895 sicut
1362 2859 1557 2907 proportio

495 2913 757 2962 impedimenti
786 2913 836 2949 ad
864 2912 1193 2960 impedimentum,
1224 2911 1273 2948 ita
1302 2911 1406 2959 quod
1431 2911 1460 2948 si
1480 2924 1559 2948 non

497 2966 541 3002 sit
570 2966 723 3014 aliquod
755 2965 1093 3013 impedimentum,
1129 2963 1234 3012 quod
1267 2971 1393 3000 motus
1426 2964 1493 3000 fiat
1519 2964 1558 3000 in

495 3031 574 3054 non
602 3027 795 3066 tempore:
826 3017 891 3054 sed
921 3025 1070 3065 oportet
1098 3016 1203 3065 quod
1231 3016 1441 3053 secundum
1470 3029 1557 3064 pro-

495 3070 711 3120 portionem
750 3069 1010 3118 impedimenti
1048 3069 1095 3106 ad
1133 3069 1474 3116 impedimentum,
1513 3069 1558 3106 sit

494 3123 691 3173 proportio
727 3122 986 3159 retardationis
1020 3122 1068 3159 ad
1103 3121 1407 3158 retardationem.
1446 3121 1557 3158 Unde

495 3176 619 3225 posito
640 3175 744 3224 quod
765 3182 890 3211 motus
910 3175 954 3211 sit
972 3187 1041 3223 per
1058 3185 1237 3220 vacuum,
1268 3174 1434 3222 sequitur
1453 3174 1555 3222 quod

496 3230 596 3266 nulla
625 3228 824 3265 retardatio
844 3229 863 3248 '¹‘
882 3227 1026 3264 accidat
1053 3239 1167 3275 supra
1189 3226 1430 3263 velocitatem
1450 3235 1555 3263 natu-

497 3283 631 3326 ralem3
663 3289 698 3317 et
726 3293 803 3317 non
832 3280 1000 3329 sequitur
1028 3279 1131 3328 quod
1160 3287 1286 3316 motus
1315 3279 1378 3328 qui
1407 3287 1463 3315 est
1488 3291 1557 3328 per

496 3346 684 3381 vacuum,
724 3346 801 3370 non
835 3334 973 3370 habeat
1004 3332 1292 3381 proportionem
1330 3332 1378 3369 ad
1407 3339 1555 3368 motum

498 3387 561 3434 qui
591 3387 632 3422 fit
659 3399 727 3434 per
754 3387 921 3435 plenum.

551 3524 577 3554 η)
596 3523 726 3555 contingit
745 3524 823 3548 etiam
839 3524 958 3555 accipere
968 3524 1046 3555 prius
1064 3527 1089 3549 et
1105 3524 1248 3555 posterius.
1260 3523 1350 3547 —Hoc
1365 3523 1560 3547 homoteleuton

1129 309 1473 347 PHYSICORUM
1501 309 1849 347 ARISTOTELIS
1879 311 1972 347 LIB.
2003 310 2055 348 IV

1672 401 1707 436 9.
1738 388 1838 424 Huic
1866 389 2034 425 autem*
2061 388 2263 426 obiectioni
2290 391 2481 428 Averroes
2509 391 2547 428 in
2575 403 2680 429 com-

1618 447 1748 478 mento
1783 453 1853 478 suo
1888 441 2059 478 resistere
2094 449 2261 478 conatur.
2292 443 2341 479 Et
2366 443 2490 491 primo
2523 444 2679 493 quidem

1619 500 1777 530 conatur
1796 493 1994 531 ostendere
2013 494 2113 530 hanc
2132 494 2386 532 obiectionem
2406 507 2452 532 ex
2470 496 2594 533 falsa'
2585 508 2679 534 1ma-

1618 545 1806 593 ginatione
1842 546 2062 595 procedere.
2101 546 2200 584 Dicit
2228 547 2328 584 enim
2364 548 2468 596 quod
2493 557 2680 598 ponentes

1617 598 1850 646 praedictam
1879 598 2132 636 obiectionem
2165 599 2419 647 imaginantur
2445 600 2679 639 additionem

1617 650 1655 687 in
1683 651 1853 688 tarditate
1877 659 2004 688 motus
2024 652 2119 699 fieri,
2139 652 2235 689 sicut
2252 653 2296 689 fit
2314 652 2456 690 additio
2479 653 2518 690 in
2536 654 2680 702 magni-

1616 703 1744 740 tudine
1773 703 1914 751 lineae,
1944 705 2048 764 quod
2074 717 2163 753 pars
2199 705 2326 742 addita
2354 705 2400 742 sit
2425 705 2497 742 alia
2525 718 2547 742 a
2573 713 2679 754 parte

1618 755 1677 791 cui
1705 755 1865 793 additur.
1897 758 1950 793 Ita
1978 757 2080 794 enim
2113 757 2264 795 videtur
2295 757 2488 807 praedicta
2515 758 2678 796 obiectio

1615 808 1845 856 procedere,
1877 821 1923 846 ac
1958 809 1988 846 si
2015 810 2173 847 tardatio
2208 812 2228 832 '¹‘
2256 811 2323 847 fiat
2353 823 2422 870 per
2449 811 2544 859 hoc,
2574 811 2717 860 quod

1617 860 1750 909 aliquis
1777 869 1904 898 motus
1932 861 2092 899 addatur
2119 863 2224 900 alteri
2243 863 2375 910 motui,
2395 863 2446 900 ita
2465 863 2571 912 quod
2589 864 2680 901 sub-

1616 920 1734 950 tracto
1772 913 1835 950 illo
1869 921 1978 951 motu
2015 915 2143 952 addito
2176 927 2245 964 per
2271 915 2591 964 impedimentum
2619 928 2676 953 re-

1616 966 1767 1003 tardans
1787 995 1796 1014 ,
1840 975 2035 1004 remaneat
2078 967 2264 1016 quantitas
2310 975 2437 1005 motus
2487 968 2676 1006 naturalis.

1617 1018 1695 1055 Sed
1722 1019 1796 1055 hoc
1824 1018 1912 1056 dicit
1939 1031 2017 1056 non
2046 1032 2128 1057 esse
2156 1020 2297 1057 simile:
2331 1020 2419 1069 quia
2448 1033 2536 1058 cum
2564 1028 2677 1058 retar-

1617 1071 1726 1108 datur
1753 1079 1899 1118 motus,
1939 1072 2128 1120 quaelibet
2159 1085 2247 1120 pars
2279 1079 2406 1109 motus
2439 1073 2483 1109 fit
2513 1073 2676 1120 tardior3

1616 1136 1694 1160 non
1713 1131 1840 1160 autem
1861 1124 2049 1172 quaelibet
2066 1137 2154 1173 pars
2173 1124 2294 1161 lineae
2313 1125 2357 1161 fit
2374 1125 2507 1161 maior.

1668 1176 1817 1213 Deinde
1837 1177 2036 1213 ostendere
2056 1177 2194 1223 nititur,
2210 1177 2410 1225 quomodo
2425 1177 2518 1213 ratio
2530 1177 2679 1214 Aristo-

1615 1228 1696 1265 telis
1724 1228 1986 1265 necessitatem
2005 1229 2154 1265 habeat.
2184 1229 2234 1265 Et
2262 1228 2350 1266 dicit
2373 1229 2478 1278 quod
2496 1229 2677 1267 velocitas

1614 1281 1675 1317 vel
1702 1281 1854 1317 tarditas
1882 1288 2010 1318 motus
2039 1281 2230 1329 consurgit
2256 1281 2413 1330 quidem
2442 1293 2488 1318 ex
2514 1294 2676 1331 propor-

1615 1333 1716 1369 tione
1736 1332 1894 1369 motoris
1913 1334 1962 1370 ad
1980 1333 2138 1380 mobile;
2168 1333 2235 1371 sed
2260 1341 2409 1382 oportet
2431 1334 2572 1371 mobile
2592 1346 2676 1372 esse

1615 1385 1742 1434 aliquo
1770 1385 1890 1422 modo
1915 1385 2090 1422 resistens
2118 1385 2269 1433 motori,
2290 1386 2386 1423 sicut
2407 1386 2552 1435 patiens
2581 1399 2675 1436 quo-

1616 1437 1827 1475 dammodo
1865 1445 1921 1474 est
1949 1438 2179 1475 contrarium
2208 1439 2342 1486 agenti.
2377 1439 2488 1486 Quae
2519 1439 2676 1488 quidem

1615 1490 1822 1527 resistentia
1839 1497 1964 1539 potest
1983 1503 2064 1527 esse
2085 1503 2130 1527 ex
2148 1490 2277 1528 tribus.
2303 1491 2433 1528 Primo
2453 1492 2610 1540 quidem
2630 1504 2675 1530 ex

1614 1542 1697 1591 ipso
1717 1542 1789 1580 situ
1809 1542 1976 1580 mobilis:
2006 1555 2052 1580 ex
2070 1543 2145 1580 hoc
2165 1543 2266 1581 enim
2286 1544 2369 1593 ipso
2390 1544 2493 1594 quod
2512 1556 2675 1582 movens

1613 1595 1771 1632 intendit
1797 1595 1998 1632 transferre
2017 1596 2161 1633 mobile
2188 1597 2237 1634 ad
2265 1597 2420 1646 aliquod
2438 1597 2517 1644 ubi,
2545 1597 2674 1646 ipsum

1614 1648 1756 1685 mobile
1784 1648 1823 1685 in
1855 1647 1927 1685 alio
1959 1648 2026 1685 ubi
2061 1649 2222 1686 existens
2255 1657 2441 1698 repugnat
2475 1649 2674 1687 intentioni

1614 1701 1788 1747 motoris3
1814 1701 1982 1738 secundo
2004 1713 2049 1738 ex
2067 1709 2201 1739 natura
2220 1702 2382 1750 mobilis,
2403 1702 2498 1739 sicut
2516 1709 2674 1751 apparet

1613 1754 1651 1790 in
1670 1753 1837 1790 motibus
1854 1753 2042 1801 violentis,
2070 1761 2112 1791 ut
2140 1766 2229 1791 cum
2248 1767 2363 1802 grave
2381 1754 2575 1803 proiicitur
2593 1766 2673 1792 sur-

1613 1819 1720 1852 sum;
1748 1805 1856 1842 tertio
1886 1818 1931 1842 ex
1958 1814 2064 1855 parte
2092 1807 2220 1844 medii.
2246 1807 2388 1844 Omnia
2417 1807 2518 1844 enim
2539 1809 2559 1829 ³
2577 1807 2673 1844 haec

1612 1860 1681 1896 tria
1700 1858 1920 1907 accipienda
1948 1867 2034 1896 sunt
2061 1859 2173 1896 simul
2200 1866 2241 1896 ut
2267 1872 2386 1896 unum
2413 1859 2600 1908 resistens,
2621 1858 2676 1897 ad,

1613 1913 1686 1948 hoc
1715 1911 1820 1960 quod
1849 1919 2022 1948 causetur
2048 1924 2126 1948 una
2146 1924 2259 1948 causa
2285 1912 2466 1949 tarditatis
2483 1912 2522 1949 in
2550 1919 2670 1950 motu.

1614 1965 1778 2011 Quando
1807 1965 1827 1985 *
1857 1964 1967 2011 igitur
1997 1964 2157 2012 mobile,
2188 1976 2362 2001 seorsum
2391 1964 2672 2002 consideratum

1613 2017 1824 2054 secundum
1857 2016 1963 2065 quod
1995 2017 2119 2054 differt
2151 2029 2174 2053 a
2201 2025 2401 2064 movente,
2441 2025 2497 2054 est
2532 2017 2672 2067 aliquid

1614 2082 1680 2106 ens
1708 2077 1814 2116 actu,
1852 2076 1976 2118 potest
2009 2069 2169 2106 inveniri
2202 2069 2411 2106 resistentia
2444 2069 2595 2107 mobilis
2623 2070 2673 2108 ad

1613 2130 1816 2168 motorem,
1844 2122 1907 2158 vel
1928 2133 1972 2158 ex
1990 2129 2097 2170 parte
2124 2122 2275 2158 mobilis
2301 2129 2459 2170 tantum,
2490 2122 2586 2159 sicut
2611 2134 2672 2159 ac-

1614 2175 1701 2212 cidit
1728 2175 1767 2211 in
1787 2174 2009 2222 corporibus
2038 2173 2272 2220 caelestibus,
2299 2175 2362 2211 vel
2391 2186 2436 2211 ex
2462 2182 2568 2222 parte
2589 2186 2674 2212 mo-

1613 2227 1696 2264 bilis
1725 2235 1761 2263 et
1789 2226 1905 2263 medii
1934 2226 2061 2273 simul,
2096 2226 2191 2263 sicut
2219 2226 2352 2264 accidit
2385 2226 2424 2263 in
2451 2227 2674 2276 corporibus

1613 2279 1786 2316 animatis
1806 2291 1903 2328 quae
1924 2286 2010 2316 sunt
2027 2279 2100 2316 hic.
2118 2279 2193 2316 Sed
2209 2279 2247 2316 in
2265 2279 2442 2327 gravibus
2462 2287 2499 2316 et
2513 2279 2672 2327 levibus,

1613 2333 1803 2369 subtracto
1820 2344 1866 2369 eo
1882 2332 1987 2380 quod
2005 2331 2147 2368 mobile
2163 2333 2278 2369 habet
2291 2345 2314 2368 a
2327 2339 2519 2380 movente,
2536 2332 2675 2371 scilicet

1613 2386 1753 2432 forma,
1783 2397 1879 2433 quae
1900 2392 1955 2421 est
1976 2384 2203 2433 principium
2222 2391 2361 2431 motus,
2391 2397 2507 2432 quam
2528 2385 2593 2423 dat
2611 2397 2674 2433 ge-

1613 2450 1761 2485 nerans,
1778 2438 1882 2486 quod
1902 2444 1957 2474 est
1975 2449 2149 2484 movens,
2171 2449 2249 2474 non
2269 2444 2440 2474 remanet
2458 2437 2528 2474 nisi
2552 2445 2673 2475 mate-

1613 2490 1678 2537 ria,
1700 2502 1745 2526 ex
1765 2490 1871 2526 cuius
1890 2496 1996 2538 parte
2015 2490 2116 2526 nulla
2135 2489 2343 2526 resistentia
2357 2497 2482 2538 potest
2501 2490 2672 2528 conside-

1614 2543 1686 2580 rari
1705 2542 1753 2579 ad
1773 2555 1956 2588 movens;
1985 2542 2087 2579 unde
2116 2541 2336 2590 relinquitur
2363 2542 2401 2579 in
2428 2542 2564 2580 talibus
2590 2543 2673 2580 sola

1613 2595 1820 2632 resistentia
1840 2607 1885 2631 ex
1909 2602 2014 2643 parte
2034 2595 2162 2632 medii.
2185 2594 2247 2631 Sic
2266 2594 2375 2642 igitur
2392 2594 2430 2632 in
2450 2595 2673 2644 corporibus

1614 2648 1834 2685 caelestibus
1863 2655 1919 2684 est
1939 2647 2147 2684 differentia
2165 2647 2370 2684 velocitatis
2394 2649 2519 2684 solum
2541 2660 2672 2686 secun-

1614 2701 1706 2737 dum
1726 2700 2012 2749 proportionem
2041 2700 2199 2736 motoris
2220 2700 2270 2737 ad
2288 2700 2451 2746 mobile;
2480 2700 2519 2738 in
2539 2713 2673 2750 corpo-

1613 2753 1715 2790 ribus
1733 2765 1827 2790 vero
1848 2752 2021 2789 animatis
2049 2753 2259 2790 secundum
2282 2753 2570 2802 proportionem
2588 2765 2673 2791 rno-

1612 2806 1702 2843 toris
1731 2806 1779 2843 ad
1811 2805 1954 2842 mobile
1989 2812 2026 2841 et
2057 2805 2105 2842 ad
2137 2805 2309 2842 medium
2341 2805 2516 2844 resistens
2547 2806 2671 2844 simul.

1614 2860 1662 2895 Et
1680 2859 1718 2895 in
1737 2858 1872 2895 talibus
1900 2857 2123 2906 procederet
2150 2858 2312 2895 obiectio
2339 2858 2542 2907 praedicta,
2567 2858 2675 2908 quod

1613 2919 1759 2948 remota
1787 2910 2037 2948 retardatione
2057 2923 2156 2958 quae
2185 2918 2239 2947 est
2267 2923 2313 2948 ex
2340 2917 2446 2959 parte
2466 2911 2583 2948 medii
2600 2911 2670 2948 im—

1612 2963 1815 3012 pedientis,
1851 2964 1976 3000 adhuc
2004 2970 2175 3000 remanet
2207 2963 2452 3000 determinata
2486 2963 2671 3012 quantitas

1612 3016 1794 3065 temporis
1821 3016 1860 3052 in
1887 3023 2006 3061 motu,
2032 3015 2244 3052 secundum
2271 3015 2570 3064 proportionem⁴
2587 3028 2671 3053 mo-

1612 3069 1702 3105 toris
1731 3069 1779 3105 ad
1808 3068 1959 3105 mobile.
1983 3068 2059 3105 Sed
2087 3068 2125 3104 in
2145 3068 2322 3116 gravibus
2351 3076 2387 3105 et
2413 3068 2560 3106 levibus
2593 3081 2671 3106 non

1611 3128 1735 3170 potest
1763 3133 1846 3158 esse
1879 3120 2078 3157 retardatio
2111 3121 2330 3167 velocitatis,
2360 3120 2430 3158 nisi
2458 3121 2670 3159 secundum

1611 3173 1859 3211 resistentiam
1894 3172 2030 3219 medii;
2060 3180 2096 3210 et
2129 3173 2166 3210 in
2199 3173 2334 3210 talibus
2369 3174 2540 3223 procedit
2576 3174 2669 3211 ratio

1610 3226 1829 3263 Aristotelis.

1671 3292 1726 3316 10.
1757 3278 1834 3316 Sed
1872 3279 1967 3314 haec
2000 3278 2157 3315 omnino
2195 3278 2370 3315 videntur
2407 3291 2488 3316 esse
2523 3279 2669 3317 frivola.

1610 3332 1740 3369 Primo
1765 3331 1932 3380 quidem,
1962 3330 2050 3378 quia
2077 3329 2162 3368 licet
2189 3331 2375 3380 quantitas
2395 3331 2574 3368 tarditatis
2592 3343 2671 3369 non

1612 3384 1656 3421 sit
1691 3385 1901 3421 secundum
1933 3384 2094 3420 modum
2124 3383 2337 3433 quantitatis
2375 3384 2574 3421 continuae
2590 3390 2671 3433 ,·ut

1614 3526 1653 3548 est
1671 3523 1789 3555 accipere
1804 3523 1883 3554 prius
1901 3526 1928 3547 et
1941 3523 2078 3555 posterius
2096 3522 2123 3547 in
2143 3525 2229 3547 motta:
2244 3522 2323 3554 prius
2337 3525 2425 3547 autem
2444 3525 2470 3547 et
2484 3521 2617 3554 posterius
2629 3524 2670 3546 est

499 3565 552 3582 om.
563 3558 627 3587 cod.
638 3565 689 3582 exc.
702 3559 731 3587 R
742 3564 766 3583 et
781 3559 890 3588 editioa,
902 3566 971 3590 quae
985 3559 1089 3591 insuper
1103 3559 1165 3583 alius
1177 3559 1281 3583 lacunas
1294 3558 1370 3582 habet
1385 3563 1410 3582 et
1423 3557 1560 3583 oscitanter
1615 3558 1639 3582 in
1661 3561 1732 3582 motu
1745 3565 1783 3582 ex
1795 3558 1922 3590 temporis
1936 3558 2048 3587 ratione,
2061 3557 2180 3589 sequitur
2199 3561 2298 3582 motum
2312 3563 2368 3582 esse
2380 3562 2438 3588 etc.;
2450 3556 2476 3581 in
2495 3563 2545 3589 qun
2561 3555 2669 3581 lectione

500 3592 578 3617 verba
598 3592 702 3622 miscet;
723 3593 763 3616 ed.
778 3594 792 3617 b
812 3598 836 3617 et
852 3593 942 3618 Venct
957 3594 1008 3617 orni
1011 3602 1054 3618 εει
1073 3594 1211 3618 restituunt
1230 3601 1276 3626 per
1291 3593 1369 3625 prius
1388 3596 1412 3617 et
1426 3593 1561 3625 posterius
1614 3593 1784 3625 potestatium
1798 3593 1879 3617 notari
1890 3593 1960 3625 quod
1975 3592 2099 3617 sententia
2113 3592 2155 3616 illa
2163 3592 2242 3623 prtus
2251 3595 2367 3616 autem...
2381 3591 2491 3621 ratione,
2503 3598 2555 3615 non
2568 3590 2669 3615 videtur

499 3630 551 3655 πη
566 3627 583 3650 Ρ
598 3627 743 3658 legit,q1‹ia
758 3635 793 3651 cx
808 3628 855 3652 hoc
870 3628 926 3659 ipso
938 3629 1009 3659 quod
1023 3629 1048 3653 ι“ι
1064 3629 1249 3661 magnitudine
1259 3635 1310 3660 per
1324 3628 1448 3660 quamsit
1466 3630 1558 3658 motus,

1614 3636 1672 3652 esse
1687 3628 1829 3652 secundum
1844 3627 1985 3652 doctrinam
2000 3626 2145 3651 Aristotelis
2159 3631 2183 3651 et
2196 3627 2221 3651 S.
2228 3626 2355 3651 Thomae.
2369 3625 2407 3651 ef.
2415 3625 2480 3650 infra
2492 3625 2563 3650 Lect.
2572 3632 2632 3650 xvu.

2698 1969 2710 1980 ·
2725 1969 2842 1997 Quoniam
2858 1969 2913 1993 m.
2928 1954 2936 2003 J

2707 403 2812 451 „zemr-
2828 409 2923 428 »mmm

2731 815 2865 838 retardatio
2876 821 2926 839 ιη

2705 846 2788 863 num.

2723 1817 2914 1840 ‘mom
