2840 4004
2354 232 2413 256 XIX

367 310 555 362 quatuor
584 320 660 362 pro
695 318 829 346 unum
861 305 923 345 IV
955 317 1015 344 ΧΠ
1046 310 1079 358 β.

369 370 479 410 ratio
511 383 589 423 pro
623 367 803 422 positio,·
836 365 1031 420 referant
1065 377 1143 418 pro
1187 376 1255 403 res
1296 365 1447 410 erant,·
1485 362 1645 402 resistit
1682 375 1760 415 pro
1801 362 1938 402 resilit
1975 362 2075 402 VIII
2113 374 2205 402 xvn
2239 364 2289 412 3;
2333 376 2414 404 rex

245 445 322 487 pro
356 431 467 471 idest
495 444 562 471 ex.

367 491 447 533 sed
474 505 551 546 pro
585 492 627 532 si
654 490 723 530 vel
755 486 987 528 secundum
995 502 1013 534 ‚·
1042 485 1274 526 secundum
1307 498 1384 538 pro
1407 485 1567 524 scilicet
1595 485 1656 524 IV
1678 496 1737 524 ΧΠ
1766 500 1787 532 ι,
1813 497 1889 538 pro
1912 487 2081 538 semper
2099 486 2160 525 VI
2193 498 2237 525 v1
2267 500 2308 537 μ;
2345 500 2411 526 se·-

245 554 381 596 cundo
413 567 490 608 pro
509 553 621 607 fieri
648 551 748 591 VIII
780 560 856 588 xw
884 551 921 595 δ;
944 548 1081 602 seipSO
1103 560 1180 601 pro
1213 546 1411 600 septimo,-
1442 546 1603 586 scilicet
1621 559 1698 599 pro
1730 547 1791 592 si:
1822 546 1934 585 sicut
1962 559 2039 598 pro
2072 559 2193 593 nunc,
2220 561 2297 600 pro
2330 548 2411 588 sci-

246 617 343 657 licet
371 614 531 669 passim
564 612 629 667 (cf.
657 613 675 651 I
707 623 736 650 11
765 609 808 663 ι);
831 608 978 649 ‘simul
1003 622 1081 663 pro
1112 608 1273 648 scilicet
1305 609 1379 647 vel
1413 608 1469 647 III
1501 619 1547 647 ΙΧ
1574 607 1610 654 ζ;
1644 607 1735 646 sine
1767 620 1844 660 pro
1877 607 2037 647 scilicet
2064 608 2108 647 iri
2141 609 2240 648 VIII
2283 622 2342 649 v11
2370 624 2411 661 γ;

249 678 292 718 si
321 681 421 718 tunc
451 688 529 730 pro
561 674 623 713 sic
654 684 777 712 nunc.

347 732 462 777 'ulla
493 747 571 788 pro
604 734 648 774 in
680 732 780 780 illa,·
811 734 863 771 ut
889 744 967 785 pro
999 731 1075 779 vel,
1100 731 1363 784 frequenter;
1398 730 1474 769 ubi
1501 743 1578 783 pro
1612 729 1743 776 nibia-
1765 732 1816 768 αἱ
1844 730 1972 769 eliam
2004 743 2082 783 pro
2115 731 2230 771 nihil
2257 734 2328 771 est.

368 798 493 836 Duae
527 795 698 835 ultimae
727 793 1047 846 corruptionum
1075 792 1279 832 dictarum
1304 797 1529 831 occurrunt
1545 791 1617 838 IV,
1642 803 1758 838 xxm,
1790 803 1859 839 12;
1884 791 1994 830 hunc
2017 791 2158 831 locum
2181 792 2247 832 hic
2271 792 2412 833 discu-

245 859 410 899 tiemus.
434 856 647 897 Recensio
682 860 827 895 nostra
859 854 919 894 sic
954 854 1151 894 decurrit:
1176 853 1314 893 dicere
1345 852 1462 905 quod
1488 865 1634 892 eorum
1656 865 1766 904 quae
1781 853 1907 904 fimet
1935 852 1979 891 in
2012 855 2206 906 tempore,
2231 857 2297 894 est
2320 855 2413 906 qui-

244 919 347 960 dam
380 917 575 965 circulus,
599 916 715 957 nihil
741 919 806 956 est
834 915 960 955 aliud
986 928 1117 968 quam
1150 914 1287 954 dicere
1319 914 1519 967 temporis
1562 926 1651 953 esse
1688 913 1901 966 quendam
1934 914 2163 962 circulum,-
2195 928 2272 968 pro
2305 916 2420 956 nihil

246 983 311 1021 est
339 979 464 1020 aliud
480 991 611 1032 quam
632 978 780 1026 dicere,
806 977 845 1017 R
867 977 971 1031 legit
1002 976 1167 1017 dicetur
1175 991 1192 1024 ,·
1224 976 1278 1015 Z:
1302 975 1378 1015 ubi
1406 977 1471 1015 est
1499 974 1625 1014 aliud
1651 987 1781 1027 quam
1813 974 1952 1015 dicere
1960 990 1978 1022 ,·
2002 976 2060 1015 T:
2097 989 2180 1016 nori
2212 979 2277 1016 est
2294 977 2420 1017 aliud

246 1054 376 1095 quam
408 1041 546 1082 dicere
555 1055 573 1088 ,·
607 1039 808 1080 LOSsC:
842 1051 924 1078 non
958 1041 1024 1078 est
1055 1038 1183 1078 etiam
1216 1036 1341 1077 aliud
1368 1049 1498 1089 quam
1540 1036 1678 1076 dicere
1687 1051 1704 1083 ,·
1741 1036 1844 1076 NsI:
1878 1050 1961 1076 nori
2008 1039 2073 1076 est
2115 1037 2241 1077 aliud
2277 1038 2416 1079 dicere

246 1116 378 1157 quam
422 1102 584 1150 dicere,·
615 1102 696 1141 sK:
730 1099 848 1154 quod
878 1100 1006 1139 etiam
1037 1099 1153 1139 nihil
1179 1101 1244 1138 est
1278 1097 1404 1138 aliud
1439 1110 1570 1151 quam
1611 1097 1775 1144 dicere,·
1808 1098 2171 1151 ARVXYpCIK:
2207 1102 2257 1139 ut
2285 1100 2414 1140 etiam

247 1163 374 1205 aliud
399 1177 530 1217 quam
561 1163 710 1203 dicere.
746 1163 868 1202 Patet
899 1161 975 1201 ubi
1003 1160 1045 1200 in
1078 1161 1111 1200 Z
1134 1173 1229 1200 esse
1263 1159 1578 1213 corruptionem
1601 1172 1678 1212 pro
1712 1159 1843 1206 nihil,-
1875 1159 2055 1199 verbum
2084 1161 2212 1200 etiam
2233 1161 2275 1200 in
2297 1161 2414 1202 LOS

247 1226 306 1266 sC
340 1224 560 1272 redundat,
585 1224 632 1264 cf.
656 1229 793 1263 totum
820 1222 982 1271 locum;
1007 1223 1047 1262 R
1079 1221 1290 1262 absurdus
1317 1227 1407 1269 ,est;
1441 1220 1580 1260 dicere
1612 1233 1743 1273 quam
1770 1220 1909 1260 dicere
1931 1227 1995 1260 est
2026 1221 2321 1274 pleonasmus;
2346 1236 2415 1262 ce-

246 1293 361 1327 terae
394 1286 598 1326 lectiones
621 1284 827 1338 (quinimo
861 1284 984 1324 lectio
1018 1283 1221 1337 LOSsC)
1256 1283 1516 1336 explicantur
1549 1281 1730 1322 dicendo
1765 1294 1837 1322 eas
1872 1295 1966 1322 esse
1999 1283 2150 1335 partim
2174 1283 2415 1324 evidentem

248 1347 564 1401 corruptionem
596 1346 828 1386 verborum
860 1345 975 1385 nihil
1001 1348 1066 1385 est
1093 1345 1136 1385 in
1169 1348 1220 1384 ut
1248 1345 1392 1389 etiam,
1428 1344 1580 1397 partim
1629 1343 1767 1383 minus
1801 1343 1942 1383 felices
1978 1344 2068 1384 eius
2118 1345 2413 1386 correctiones

248 1408 510 1449 Huiusmodi
532 1421 635 1448 sane
667 1407 871 1447 lectiones
894 1420 981 1446 non
1013 1411 1196 1460 possunt
1228 1405 1405 1446 dubium
1438 1405 1574 1450 facere
1608 1404 1662 1445 de
1694 1404 2007 1446 authenticitate
2041 1405 2233 1446 lectionis
2260 1419 2313 1447 ex
2347 1420 2416 1447 ce-

249 1470 350 1511 teris
382 1469 601 1510 codicibus
634 1474 832 1516 retentae,
867 1481 1048 1521 eamque
1081 1467 1222 1521 potius
1256 1467 1548 1520 comprobant.

372 1530 479 1581 Quis
502 1535 750 1583 apparatum
772 1528 837 1568 his
852 1529 1113 1568 variantibus
1137 1528 1307 1568 omissis
1330 1528 1532 1568 iacturam
1554 1541 1728 1581 passum
1752 1540 1846 1567 esse
1870 1527 2003 1568 dicet?
2027 1528 2248 1569 Timemus
2270 1530 2412 1583 potius

249 1605 302 1632 ne
335 1591 581 1631 oscitantiae
603 1589 936 1630 somnolentium
959 1589 1210 1643 scriptorum
1234 1589 1358 1628 nimis
1381 1589 1606 1629 indulsisse
1639 1589 1814 1642 putandi
1838 1589 1982 1629 simus.
2017 1589 2118 1629 Non
2145 1596 2287 1631 tamen
2321 1591 2413 1631 sine

248 1653 410 1693 ratione
454 1652 607 1692 multas
640 1650 923 1691 absurditates
970 1651 1226 1690 notavimus.
1262 1650 1522 1704 Saepissime
1557 1650 1668 1690 enim
1702 1650 1888 1703 produnt
1920 1650 2108 1691 indolem
2143 1658 2183 1692 et
2215 1652 2415 1693 familiam

250 1714 466 1762 codicum;
501 1712 620 1767 quod
644 1712 680 1752 si
701 1712 868 1760 faciunt,
892 1712 1165 1766 transcriptae
1188 1717 1297 1759 sunt,
1321 1725 1374 1751 116
1396 1711 1474 1751 viri
1499 1711 1612 1751 docti
1645 1711 1789 1751 verbis
1823 1711 1978 1751 nostris
2013 1712 2184 1753 credere
2207 1727 2414 1768 cogeren-

251 1781 328 1816 tur.
362 1775 602 1815 Inserviunt
635 1773 759 1814 etiam
802 1773 857 1813 ad
890 1773 1094 1814 lectiones
1141 1772 1403 1813 authenticas
1437 1772 1755 1821 discernendas;
1794 1786 1892 1812 nam
1926 1778 1972 1812 ut
2009 1773 2182 1814 illustria
2221 1781 2414 1815 veterum

251 1849 489 1877 marmorea
521 1849 652 1890 opera
685 1848 738 1875 ex
770 1835 1021 1875 informibus
1043 1834 1289 1889 fragmentis
1323 1834 1398 1874 rite
1432 1834 1668 1874 secundum
1697 1834 1816 1887 quod
1849 1834 1941 1888 ipsa
1974 1834 2160 1875 indicant
2199 1836 2415 1890 dispositis

249 1899 389 1938 solent
425 1897 669 1945 restaurari,
702 1896 759 1936 ita
792 1896 972 1936 incultae
1006 1902 1047 1936 et
1079 1896 1289 1937 absurdae
1331 1896 1534 1936 lectiones
1574 1896 1805 1949 perfectum
1839 1909 2013 1936 sensum
2057 1896 2234 1937 reddere
2273 1898 2417 1938 valent

251 1959 286 1999 si
324 1965 436 1999 recte
470 1959 758 2013 disponantur,
782 1958 1028 2011 praesertim
1051 1958 1086 1998 si
1109 1964 1312 2011 tanquam
1345 1957 1451 1997 ratio
1483 1957 1634 1997 erroris
1666 1957 1873 2012 assignari
1896 1963 2038 2011 potest
2060 1959 2273 2012 corruptio
2298 1973 2416 2000 com-

250 2020 393 2075 pendii
426 2026 499 2060 aut
531 2019 707 2060 omissio
739 2019 807 2059 vel
841 2019 1033 2073 repetitio
1067 2019 1358 2059 homoteleuti.
1392 2019 1572 2059 Accedit
1605 2019 1723 2072 quod
1756 2020 1934 2074 longum
1968 2020 2137 2073 saepius
2171 2021 2318 2061 fuisset
2342 2021 2416 2061 de-

250 2082 486 2130 terminare,
520 2087 660 2121 utrum
692 2081 834 2134 aliqua
865 2081 934 2120 vel
967 2080 1152 2120 absurda
1184 2080 1308 2121 lectio
1343 2080 1478 2120 omitti
1511 2086 1602 2120 tuto
1636 2086 1800 2134 posset;
1834 2086 2008 2134 propter
2038 2081 2157 2135 quod
2190 2082 2415 2123 maluimus

252 2143 467 2196 superflua
500 2142 599 2182 dare
623 2155 752 2195 quam
774 2141 1011 2181 necessaria
1033 2141 1102 2181 vel
1125 2142 1240 2181 utilia
1261 2142 1535 2195 supprimere.
1559 2142 1700 2182 Etiam
1723 2142 1824 2182 illud
1848 2142 1965 2195 quod
1987 2155 2166 2197 semper,
2191 2144 2417 2184 occasione

250 2203 363 2251 data,
388 2203 597 2243 secundas
621 2215 771 2242 manus
798 2202 1109 2250 annotavimus,
1134 2216 1221 2242 non
1254 2203 1344 2242 sine
1367 2203 1529 2243 ratione
1552 2203 1707 2244 factum
1731 2210 1804 2244 est.
1829 2205 2131 2258 Praeterquam
2161 2205 2272 2245 enim
2296 2205 2416 2259 quod

254 2265 414 2305 critices
449 2277 596 2304 eorum
630 2270 870 2317 temporum
904 2263 1135 2317 specimina
1169 2264 1368 2314 exhibent
1400 2264 1596 2317 pretiosa,
1622 2265 1766 2305 intime
1790 2265 1915 2305 etiarn
1943 2266 2124 2306 convicti
2148 2280 2296 2307 sumus
2321 2280 2419 2307 eum

254 2325 326 2379 qui
349 2325 559 2366 secundas
592 2338 743 2365 manus
773 2325 814 2364 in
849 2324 1067 2364 codicibus
1101 2325 1344 2379 neglexerit,
1372 2325 1557 2365 solidum
1597 2331 1638 2365 et
1668 2326 1945 2366 scientificum
1981 2327 2088 2367 circa
2121 2334 2310 2368 recentes
2345 2342 2418 2369 co-

254 2386 369 2426 dices
402 2386 604 2426 iudicium
636 2386 818 2426 formare
852 2399 938 2426 non
960 2387 1113 2426 valere.
1139 2386 1387 2438 Quomodo,
1421 2400 1484 2428 ex.
1519 2400 1594 2441 gr„
1619 2387 1654 2427 C
1677 2388 1882 2441 pertineat
1904 2388 1959 2428 ad
1992 2388 2190 2429 familiam
2213 2390 2265 2438 A,
2291 2403 2418 2430 nemo

253 2448 403 2488 melius
434 2447 668 2502 perspiciet,
704 2461 832 2501 quam
869 2447 941 2501 qui
975 2447 1198 2501 quomodo
1238 2461 1387 2503 margo
1423 2449 1458 2488 C
1496 2448 1550 2488 ad
1585 2448 1620 2488 C
1653 2462 1699 2488 se
1733 2449 1903 2497 habeat,
1939 2451 2200 2504 cognoverit.

227 2515 230 2518 '
377 2509 469 2549 Etsi
502 2522 606 2549 vero
640 2509 682 2549 in
715 2514 918 2562 apparatu
957 2509 1210 2549 variantium
1243 2509 1385 2563 potius
1424 2509 1642 2549 abundare
1681 2524 1809 2563 quam
1849 2510 2029 2550 deficere
2072 2512 2210 2551 conati
2245 2525 2414 2561 sumus,

254 2571 452 2611 timemus
499 2577 640 2611 tamen
674 2583 727 2610 ne
761 2570 926 2624 aliquae
969 2571 1178 2611 notabiles
1211 2571 1422 2611 variantes
1457 2571 1642 2611 omissae
1675 2572 1775 2620 sint;
1811 2585 1909 2612 nam
1949 2572 2111 2612 etiamsi
2150 2578 2317 2627 tempus
2351 2587 2419 2614 56-

255 2631 403 2672 cundis
427 2632 536 2672 curis
559 2631 890 2685 impendendum
914 2645 1083 2686 semper
1104 2632 1428 2686 suppeditasset,
1452 2632 1531 2672 viri
1555 2632 1668 2672 docti
1693 2638 1733 2673 et
1757 2633 1914 2686 experti
1938 2633 2075 2673 sciunt
2098 2647 2227 2687 quam
2250 2634 2416 2675 difficile

255 2693 310 2733 sit
340 2693 419 2732 hac
452 2692 494 2732 in
528 2706 571 2733 re
604 2693 794 2732 ultimam
827 2693 1033 2747 attingere
1068 2693 1310 2748 diligentiae
1344 2700 1386 2734 et
1417 2694 1659 2734 attentionis
1693 2694 2006 2748 perfectionem.

380 2753 512 2806 Quod
544 2754 585 2794 in
620 2753 790 2794 duobus
824 2754 1034 2807 prioribus
1068 2755 1183 2795 libris
1217 2755 1358 2808 plures
1391 2755 1603 2795 variantes
1642 2762 1846 2810 apparent
1885 2770 2014 2810 quam
2048 2757 2089 2797 in
2123 2770 2199 2797 sex
2232 2770 2415 2811 sequen-

257 2814 382 2863 tibus,
406 2815 557 2868 partim
591 2815 715 2855 nobis
738 2814 1066 2856 adscribendum
1089 2822 1162 2864 est,
1187 2816 1338 2869 partim
1373 2816 1613 2866 codicibus;
1649 2823 1690 2857 et
1722 2818 1847 2858 nobis
1872 2818 2046 2871 quidem
2080 2818 2179 2872 quia
2212 2818 2253 2858 in
2276 2819 2421 2872 primis

256 2876 372 2916 libris
405 2876 602 2916 uberiora
636 2875 898 2917 diversarum
931 2891 956 2916 a
988 2877 1263 2931 scriptoribus
1298 2878 1579 2919 exhibitarum
1612 2879 1908 2919 recensionum
1948 2880 2180 2933 specimina
2214 2880 2421 2928 dedimus,

256 2943 303 2977 ut
334 2937 494 2978 facilius
526 2937 707 2978 invicem
742 2938 918 2978 conferri
950 2939 1135 2992 possint;
1170 2939 1247 2979 sed
1280 2940 1417 2994 magis
1450 2940 1588 2980 adhuc
1619 2940 1787 2981 codices
1816 2941 1858 2981 in
1892 2954 2019 2981 causa
2052 2947 2160 2990 sunt,
2196 2955 2292 2982 cum
2325 2948 2424 2995 post

255 2998 491 3039 secundum
523 2999 676 3039 librum
709 3000 910 3053 paulatim
943 3000 1082 3040 minus
1117 3000 1364 3055 discrepent.
1390 3001 1521 3053 Quod
1560 3002 1673 3042 unde
1709 3002 1881 3050 oriatur,
1917 3003 2149 3044 nescimus:
2185 3003 2286 3043 illud
2320 3017 2422 3044 con-

257 3065 349 3107 stat,
372 3060 499 3100 etiam
533 3061 815 3101 correctiones
849 3061 1062 3102 secundae
1087 3075 1237 3102 manus
1271 3063 1312 3102 in
1335 3063 1480 3117 primis
1513 3063 1629 3103 libris
1661 3064 1794 3119 vulgo
1827 3064 2057 3112 abundare,
2094 3070 2134 3104 et
2166 3065 2324 3104 sensim
2359 3065 2422 3104 di-

257 3119 464 3170 minuere,
498 3122 732 3176 generatim
766 3123 807 3162 in
841 3122 1060 3163 codicibus
1092 3130 1295 3177 perpetua
1329 3124 1549 3179 castigatio
1584 3123 1727 3179 (quae,
1764 3138 1826 3166 ex.
1851 3139 1930 3180 gn,
1966 3126 2007 3166 in
2032 3126 2072 3166 G
2094 3131 2135 3166 et
2162 3127 2205 3165 H
2239 3125 2423 3181 obtinet)

257 3181 390 3221 multo
424 3183 556 3223 rarior
588 3189 652 3223 est
684 3197 813 3237 quam
847 3197 955 3237 quae
990 3185 1208 3225 observari
1242 3191 1384 3239 potest
1416 3186 1458 3226 in
1492 3186 1586 3226 cod.
1611 3187 1662 3235 E,
1699 3187 1771 3240 qui
1804 3187 1846 3227 in
1879 3187 2013 3241 prima
2045 3193 2162 3240 parte
2185 3187 2423 3240 frequenter

259 3242 490 3296 corrigitur,
514 3257 608 3283 raro
630 3245 699 3284 vel
722 3258 940 3298 nunquam
963 3245 1004 3285 in
1031 3246 1228 3286 secunda.
1253 3246 1300 3287 Si
1323 3247 1465 3287 liceret
1488 3248 1784 3297 coniecturare,
1809 3248 1965 3289 multae
1998 3248 2208 3288 variantes
2231 3254 2424 3288 veterum

259 3302 456 3343 codicum
488 3303 669 3344 adscribi
702 3311 879 3358 possent
911 3307 1143 3359 primorum
1176 3308 1522 3362 apographorum
1561 3309 1881 3350 correctoribus.
1924 3310 2081 3349 Nonne
2115 3322 2168 3349 ex
2201 3309 2317 3349 omni
2351 3323 2422 3350 su-

258 3364 429 3418 perstite
472 3378 504 3404 5.
534 3365 728 3405 Τ11011136
768 3367 1034 3420 autographo
1078 3368 1168 3408 iure
1212 3370 1440 3424 colligitur,
1475 3370 1620 3424 primis
1663 3370 1993 3410 amanuensibus
2036 3370 2222 3424 pericula
2258 3371 2423 3411 errandi

259 3438 416 3481 magna
455 3432 496 3466 et
528 3426 658 3466 multa
689 3426 842 3466 fuisse?
880 3427 994 3467 Nihil
1034 3428 1185 3469 mirum
1228 3442 1331 3484 ergo
1369 3431 1404 3470 si
1439 3431 1692 3486 castigatore
1727 3437 1909 3486 egerent.
1953 3431 2068 3471 Nulli
2102 3432 2179 3472 hac
2218 3432 2270 3473 de
2304 3446 2348 3473 re
2382 3433 2423 3472 in

257 3499 416 3541 genere
450 3486 566 3527 dubii
600 3501 758 3536 sumus,
793 3487 935 3528 sedin
958 3489 1193 3542 particulari
1227 3504 1336 3543 quae
1369 3492 1493 3532 lectio
1528 3493 1743 3547 originalis
1777 3492 1831 3532 sit
1863 3506 1973 3546 quae
2007 3499 2194 3534 correcta
2228 3494 2427 3535 determi-

259 3561 380 3597 nare,
418 3548 483 3589 hic
516 3549 638 3588 labor
671 3555 750 3598 est;
786 3549 833 3590 cf.
871 3563 980 3603 quae
1015 3549 1067 3590 de
1102 3550 1248 3591 codice
1282 3552 1314 3592 S
1349 3552 1459 3593 dicta
1491 3559 1599 3593 sunt.
