2898 3996
170 531 250 552 'modo
260 533 339 552 natum
348 532 384 551 est

171 557 239 578 codd.
254 563 303 578 exc.
318 563 354 578 εῦ.

169 584 252 605 *etiam
259 583 381 605 add.codd.

170 616 306 631 cccccccccc

414 298 488 334 242

466 369 501 405 6.
531 366 679 404 Deinde
709 378 797 403 cum
818 365 925 402 dicit:
955 365 1154 402 Immobile
1172 370 1298 401 autem
1317 370 1372 401 est
1389 371 1472 413 etc.,

412 420 575 458 ostendit
594 426 687 468 quot
701 418 826 456 modis
847 418 981 454 dicitur
1000 417 1208 454 immobile:
1225 424 1261 454 et
1273 417 1381 465 ponit
1399 425 1474 455 tres

411 474 561 510 modos.
592 472 721 508 Primo
751 471 854 508 enim
884 470 1017 508 dicitur
1043 470 1240 507 immobile
1259 470 1350 507 illud
1369 471 1474 519 quod

411 526 512 563 nullo
542 524 661 562 modo
691 531 746 561 est
769 531 902 572 aptum
921 530 1054 560 natum
1069 524 1089 542 ⁴
1109 522 1269 570 moveri,
1289 530 1331 559 ut
1349 524 1472 570 Deus3

410 579 504 616 sicut
527 579 547 599 ’¹‘
576 577 709 614 dicitur
740 576 924 614 invisibile
949 575 1054 625 quod
1077 587 1156 612 non
1177 582 1231 612 est
1258 583 1390 613 natum
1418 576 1474 614 vi-

390 631 501 677 ·deri,
530 637 573 667 ut
600 641 728 667 sonus.
760 629 938 666 Secundo
963 629 1082 666 modo
1103 628 1239 665 dicitur
1262 628 1472 676 immobile,

410 683 516 732 quod
539 683 690 720 difficile
720 689 775 719 est
801 681 962 719 moveri.
991 682 1041 718 Et
1063 682 1139 718 hoc
1167 681 1383 730 dupliciter:
1410 682 1472 719 vel

410 736 498 785 quia
515 743 721 785 postquam
740 735 880 783 incepit
904 734 1065 781 moveri,
1085 734 1190 772 tarde
1221 741 1257 771 et
1276 746 1364 771 cum
1393 746 1473 771 ma-

409 801 483 837 gna
506 789 724 826 difficultate
752 795 942 835 movetur,
963 787 1058 824 sicut
1081 787 1112 824 si
1135 787 1219 836 quis
1249 787 1346 824 dicat
1374 787 1474 824 clau-

410 842 503 879 dum
531 841 792 887 immobilem;
820 841 883 877 vel
911 840 999 889 quia
1028 839 1179 877 difficile
1203 847 1259 876 est
1286 840 1392 889 quod
1419 839 1472 876 in-

409 895 523 944 cipiat
541 894 701 942 moveri,
732 900 768 930 et
794 906 863 942 per
890 894 1053 931 multum
1081 900 1233 941 tempus
1257 899 1406 942 oportet
1424 892 1473 930 ad

408 949 483 984 hoc
502 948 686 994 laborare,
717 946 812 983 sicut
835 946 866 983 si
886 945 1057 983 dicamus
1077 945 1183 995 quod
1202 945 1335 994 aliquis
1359 957 1472 982 mons

408 1001 470 1038 vel
490 1000 646 1049 aliquod
665 1011 848 1047 magnum
873 1011 1007 1036 saxum
1028 1006 1083 1036 est
1101 998 1309 1036 immobile.
1340 998 1471 1035 Tertio

409 1053 528 1091 modo
558 1053 691 1090 dicitur
719 1052 860 1102 aliquid
887 1051 1098 1099 immobile,
1127 1051 1232 1100 quod
1261 1058 1393 1088 natum
1418 1058 1473 1088 est

1047 284 1392 322 PHYSICORUM
1418 285 1768 322 ARISTOTELIS
1798 285 1891 322 LIB.
1921 285 1956 322 V

1529 365 1678 402 moveri
1711 373 1747 402 et
1773 373 1898 414 potest
1935 365 1981 403 de
2014 365 2112 403 facili
2145 366 2313 415 moveri,
2351 379 2430 404 non
2461 373 2592 404 tamen

1528 426 1707 455 movetur
1725 418 1880 467 quando
1909 425 2042 455 natum
2062 426 2118 455 est
2137 419 2297 466 moveri,
2319 427 2355 456 et
2372 419 2439 456 ubi
2458 426 2590 456 natum

1529 478 1585 508 est
1611 471 1802 517 moveri‘,
1824 477 1859 508 et
1878 483 1925 508 eo
1953 471 2072 508 modo
2093 483 2170 520 quo
2190 479 2322 508 natum
2352 479 2407 509 est
2429 471 2589 509 moveri.

1529 525 1578 560 Et
1594 524 1669 561 hoc
1689 525 1814 561 solum
1832 523 1986 572 proprie
2002 524 2137 561 dicitur
2152 524 2356 572 quiescere:
2377 524 2466 573 quia
2485 524 2590 573 quies

1529 583 1584 613 est
1612 577 1798 614 contraria
1826 576 1957 613 motui.
1989 577 2038 613 Et
2056 577 2191 625 accipit
2208 576 2271 614 hic
2290 577 2591 614 contrarietatem

1527 629 1640 677 large,
1661 629 1871 667 secundum
1893 629 1997 679 quod
2016 629 2172 667 includit
2191 629 2305 666 etiam
2323 629 2590 678 privationem.

1527 681 1640 719 Unde
1660 682 1850 720 concludit
1878 684 1982 731 quod
2010 690 2160 731 oportet
2187 683 2292 731 quod
2320 682 2426 731 quies
2454 681 2500 718 sit
2512 682 2593 730 pri-

1526 735 1626 772 vatio
1655 735 1693 772 in
1729 735 1933 784 susceptivo
1970 741 2102 772 motus.
2138 735 2382 772 Contrarium
2420 734 2524 772 enim
2555 741 2594 772 et

1527 787 1688 836 privatio
1723 800 1803 824 non
1831 795 1886 825 est
1913 788 1983 825 nisi
2009 788 2049 825 in
2077 788 2293 837 susceptivo
2323 787 2380 825 sui
2413 786 2590 836 oppositi.

1553 877 1559 883 ,
1581 840 1723 877 Ultimo
1743 840 1794 877 ibi
1816 842 1850 878 *:
1875 841 1974 883 Quid
1991 841 2138 890 quidem
2159 842 2275 891 igitur
2294 846 2348 878 est
2364 846 2486 878 motus
2506 847 2591 887 etc.,

1529 892 1692 941 epilogat
1719 905 1817 942 quae
1842 893 1940 931 dicta
1959 901 2056 941 sunt,
2087 894 2216 932 dicens
2244 893 2487 931 manifestum
2508 905 2591 930 esse

1528 958 1573 988 ex
1597 945 1703 983 dictis
1718 946 1749 994 *‚
1770 946 1862 995 quid
1881 946 1927 984 sit
1945 954 2073 984 motus
2102 954 2138 984 et
2166 947 2257 996 quid
2285 946 2403 995 quies,
2435 953 2471 983 et
2498 952 2592 995 quot

1529 998 1602 1036 sint
1629 998 1878 1046 mutationes,
1918 1006 1954 1036 et
1981 1000 2111 1049 quales
2145 999 2374 1037 mutationes
2404 998 2551 1048 possint
2571 999 2591 1020 ”¹

1530 1051 1602 1089 dici
1629 1059 1768 1089 motus.

461 1222 482 1254 ε)
503 1225 528 1246 et
547 1221 591 1247 ubi
609 1224 702 1246 natum
721 1224 761 1246 est
773 1220 881 1246 moveri.
895 1234 915 1239 —
930 1220 987 1245 Hoc
1001 1228 1054 1245 om.
1068 1219 1083 1245 b
1099 1225 1124 1245 et
1137 1220 1229 1245 Venet.
1244 1218 1323 1251 1545;
1343 1226 1361 1244 a
1375 1224 1401 1244 et
1414 1219 1478 1252 pEG
1497 1219 1556 1244 hab.
1571 1219 1627 1250 lac.;
1647 1222 1739 1244 natum
1759 1222 1799 1244 est
1817 1218 1918 1244 moveri
1936 1226 1989 1243 om.
2002 1218 2031 1243 P.

2618 954 2628 964 ’
2643 953 2706 976 Lect.
2721 960 2731 976 ι
2745 960 2797 983 nqq.

2618 985 2741 1033 252⁸&
2755 990 2829 1007 ”⁰¹¹¹
