2898 3996
70 660 200 683 'dicendum
211 660 280 682 codd.

4 691 21 707 “3
69 691 92 710 et
105 693 129 709 a.

0 708 27 741 η

0 1530 4 1542 ὶ

3 1629 31 1672 32„

5 1675 30 1736 ’ἒ

4 1725 27 1763 ³5

13 1869 18 1881 k
27 1868 33 1879 i

71 977 81 985 ·
99 975 207 997 Ostendit
218 981 242 997 Ρ.

72 1029 82 1038 ‘¹
97 1028 159 1050 [act.
169 1033 220 1049 xm.

1146 308 1256 344 CAP.
1286 307 1348 354 Ν,
1371 307 1528 344 LECT.
1558 307 1626 344 v11

308 394 507 425 moverent
534 387 667 436 seipsa,
689 392 905 435 sequeretur
933 386 1037 436 quod
1057 386 1087 423 si
1112 386 1151 423 in
1179 393 1361 435 potestate

307 440 400 488 ignis
429 447 527 477 esset
553 439 658 488 quod
685 446 904 477 moveretur
922 451 1083 486 sursum,
1105 439 1208 488 quod
1236 438 1274 474 in
1293 450 1361 486 po-

307 500 437 530 testate
457 492 537 529 eius
557 499 654 529 esset
681 493 783 541 quod
801 499 1019 528 moveretur
1042 492 1237 536 deorsum;
1259 489 1362 538 quod

307 557 503 594 nunquam
521 542 696 582 videmus
725 544 907 591 accidere,
928 544 997 581 nisi
1023 556 1067 581 ex
1087 555 1199 580 causa
1228 543 1361 579 extrin-

308 610 405 635 seca.
435 599 527 634 Non
555 597 663 646 igitur
687 605 845 634 movent
872 596 1006 645 seipsa.

361 651 429 687 Est
452 658 578 687 autem
597 650 790 687 sciendum
804 650 835 695 *,
851 649 955 698 quod
973 646 1063 685 istae
1083 648 1180 684 duae
1200 647 1362 684 rationes

309 710 394 740 sunt
419 702 635 752 probabiles
664 702 872 739 secundum
902 713 947 737 ea
974 713 1071 749 quae
1100 707 1282 749 apparent
1315 700 1361 737 de

308 755 550 793 moventibus
565 754 688 803 seipsa
707 767 803 803 quae
817 760 903 790 sunt
917 753 1019 801 apud
1033 765 1114 800 nos,
1131 765 1229 802 quae
1244 765 1361 802 quan-

310 809 435 858 doque
454 807 695 845 inveniuntur
721 805 868 843 moveri
888 805 962 842 hoc
985 812 1103 852 motu,
1134 806 1361 854 quandoque

310 861 403 908 alio,
434 861 661 909 quandoque
682 858 794 895 etiarn
814 857 1016 906 quiescere.
1046 858 1156 895 Unde
1177 871 1254 895 non
1274 858 1363 895 dixit

310 912 530 962 impossibile
563 918 628 958 est,
658 911 725 948 sed
753 910 1030 956 irrationabile;
1058 923 1133 960 quo
1162 912 1280 949 modo
1310 911 1362 947 lo-

309 964 448 1014 quendi
476 964 514 1000 in
531 963 790 1012 probabilibus
817 963 869 999 uti
900 964 1107 1001 consuevit.
1138 964 1323 1001 Ostendet
1343 965 1362 985 ’¹‘

309 1017 411 1054 enim
439 1016 590 1053 inferius
615 1017 646 1063 ²²,
676 1016 780 1064 quod
808 1015 838 1052 si
866 1016 1006 1065 aliquid
1035 1023 1089 1053 est
1117 1029 1279 1053 movens
1308 1028 1364 1052 se-

307 1068 444 1118 ipsum,
461 1069 499 1106 in
514 1081 590 1117 quo
610 1081 771 1106 movens
787 1076 843 1106 est
866 1069 1022 1106 omnino
1038 1068 1247 1115 immobile,
1259 1068 1364 1117 quod

307 1122 398 1159 illud
426 1134 579 1170 semper
605 1128 792 1168 movetur,
820 1129 856 1159 et
881 1134 959 1158 uno
984 1129 1111 1158 motu:
1141 1121 1208 1158 sed
1236 1129 1364 1158 tamen

307 1175 381 1211 hoc
410 1186 488 1211 non
514 1182 643 1223 posset
680 1174 752 1211 dici
780 1174 818 1210 in
845 1174 1022 1222 gravibus
1051 1181 1086 1211 et
1121 1174 1287 1221 levibus,
1326 1173 1364 1210 in

308 1227 444 1275 quibus
472 1239 550 1264 non
579 1234 634 1264 est
661 1226 799 1276 aliquid
826 1227 931 1276 quod
961 1239 1038 1264 non
1071 1234 1271 1264 moveatur
1297 1239 1366 1275 per

308 1292 349 1316 se
381 1280 443 1317 vel
470 1291 538 1328 per
574 1279 769 1328 accidens,
805 1292 892 1316 cum
921 1279 1032 1316 etiam
1069 1283 1294 1327 generentur
1330 1286 1366 1315 et

309 1340 607 1381 corrumpantur.

305 1389 310 1395 '
363 1386 398 1423 8.
429 1385 613 1432 Quartam
641 1385 826 1422 rationem
844 1384 951 1434 ponit
977 1385 1051 1422 ibi:
1079 1385 1250 1433 Amplius
1276 1397 1365 1434 quo-

2400 308 2475 355 389

1415 386 1526 422 modo
1546 393 1632 423 etc.:
1659 398 1755 435 quae
1774 387 1855 423 talis
1876 395 1941 424 est.
1971 387 2128 423 Nullum
2149 385 2369 423 continuum
2389 398 2473 422 mo-

1415 445 1480 474 vet
1499 438 1682 486 seipsum:
1708 439 1836 486 gravia
1855 447 1981 476 autern
2002 447 2038 475 et
2057 439 2154 475 levia
2174 446 2259 475 sunt
2279 438 2472 475 continua:

1417 502 1505 537 ergo
1535 491 1623 527 nihil
1652 492 1789 528 horum
1810 494 1828 512 θ’
1849 500 1981 529 movet
2000 491 2177 540 seipsum.
2210 491 2326 538 Quod
2345 498 2473 527 autem

1416 543 1561 579 nullum
1591 544 1810 580 continuum
1840 544 2005 593 seipsum
2033 551 2205 590 moveat,
2236 543 2288 580 sic
2324 544 2472 592 probat.

1417 595 1516 642 Quia
1535 608 1697 633 movens
1726 597 1773 634 ad
1797 599 1945 633 motum
1965 610 2004 634 se
2024 598 2149 644 habet,
2179 596 2273 633 sicut
2292 608 2406 644 agens
2426 596 2475 633 ad

1415 648 1576 696 patiens:
1607 661 1694 685 cum
1715 657 1840 686 autem
1861 662 1974 697 agens
1994 650 2040 686 sit
2059 649 2287 686 contrarium
2306 649 2472 697 patienti,

1417 713 1570 738 necesse
1609 709 1664 738 est
1700 702 1802 750 quod
1841 702 2029 739 dividatur
2056 702 2093 738 id
2122 701 2226 750 quod
2255 709 2310 738 est
2343 709 2474 750 aptum

1417 761 1548 790 natum
1577 766 1699 802 agere,
1721 755 1767 791 ab
1789 767 1835 791 eo
1856 755 1959 803 quod
1989 763 2042 791 est
2070 762 2200 803 aptum
2221 762 2352 790 natum
2375 753 2472 802 pati:

1417 806 1626 843 secundum
1656 819 1744 854 ergo
1774 808 1877 855 quod
1906 807 2030 856 aliqua
2054 815 2140 844 sunt
2168 819 2246 843 non
2265 807 2284 828 '¹‘
2304 814 2476 843 contacta

1418 859 1467 896 ad
1485 859 1659 906 invicem,
1681 860 1747 897 sed
1768 867 1853 896 sunt
1873 860 2030 896 omnino
2058 872 2179 896 unum
2201 866 2236 896 et
2255 859 2476 896 continuum

1419 919 1454 948 et
1482 912 1685 960 quantitate
1715 920 1750 949 et
1778 913 1912 959 forma,
1942 913 2153 949 secundum
2180 913 2254 948 hoc
2282 924 2360 948 non
2387 924 2475 960 pos—

1418 971 1503 1001 sunt
1520 964 1597 1013 pati
1617 965 1665 1001 ab
1685 964 1859 1002 invicem.
1891 965 1953 1002 Sic
1974 978 2062 1013 ergo
2083 964 2249 1013 sequitur
2272 965 2376 1012 quod
2395 964 2475 1001 nul-

1418 1017 1495 1053 lum
1525 1017 1746 1054 continuum
1766 1025 1922 1055 moveat
1940 1018 2117 1066 seipsum,
2147 1017 2215 1054 sed
2239 1029 2393 1054 necesse
2422 1023 2478 1053 est

1419 1070 1524 1117 quod
1560 1082 1722 1107 movens
1752 1070 1939 1107 dividatur
1976 1071 2023 1107 ab
2054 1083 2100 1107 eo
2135 1069 2240 1119 quod
2277 1076 2475 1114 movetur;

1419 1121 1514 1157 sicut
1547 1130 1704 1170 apparet
1732 1135 1819 1159 curn
1848 1135 1906 1159 res
1934 1123 2162 1160 inanimatae
2196 1130 2400 1159 moventur
2428 1122 2476 1158 ab

1419 1174 1604 1221 animatis,
1625 1182 1666 1210 ut
1684 1175 1777 1223 lapis
1797 1188 1819 1211 a
1839 1188 1968 1212 manu.
1998 1176 2109 1213 Unde
2131 1182 2166 1211 et
2185 1175 2224 1212 in
2252 1174 2477 1211 animalibus

1420 1239 1517 1275 quae
1536 1234 1695 1264 movent
1713 1227 1847 1276 seipsa,
1869 1235 1925 1264 est
1942 1228 2061 1275 magis
2082 1227 2271 1276 quaedam
2292 1227 2476 1275 colligatio

1418 1279 1595 1328 partium,
1617 1292 1732 1328 quam
1751 1281 1917 1328 perfecta
1937 1280 2184 1317 continuatio:
2206 1280 2259 1317 sie
2279 1280 2380 1317 enirn
2400 1292 2478 1316 una

1419 1345 1506 1381 pars
1534 1340 1658 1381 potest
1685 1333 1833 1370 moveri
1862 1333 1908 1369 ab
1938 1333 2019 1381 alia,
2050 1333 2154 1382 quod
2182 1345 2261 1369 non
2288 1332 2479 1370 invenitur

1420 1385 1458 1422 in
1485 1385 1662 1433 gravibus
1692 1393 1727 1422 et
1754 1385 1912 1423 levibus.

2503 496 2512 503 ·
2521 500 2599 515 eorum
2610 500 2715 516 acm-*cim

2502 527 2584 542 onvrz.

2504 810 2512 819 ⁶
2519 814 2564 830 non
2575 810 2629 829 sunt
2637 807 2714 834 codd„

2503 841 2549 856 non
2564 840 2612 857 om.
2624 840 2648 855 a.
