2950 4004
259 688 271 698 ⁸
286 687 350 708 Lect.
364 693 385 713 v,
401 692 423 708 n.
438 692 457 713 5.

259 847 271 858 ’
285 846 365 868 eodem
385 851 470 867 maon.

262 1218 273 1228 ⁸
287 1216 367 1238 eodem
378 1216 429 1238 add.
445 1221 474 1236 ru

262 1249 356 1265 anasse.

265 1695 273 1703 ·
280 1694 342 1716 Lect.
351 1700 376 1720 ιι,
385 1693 426 1715 sub
435 1693 473 1714 fin.

267 2169 277 2179 ⁴
299 2168 422 2190 secundum
441 2167 477 2189 lo-

266 2201 316 2216 cum
331 2201 380 2216 om.
395 2194 463 2216 codd.

504 289 574 326 168

497 368 658 416 sphaera
690 365 844 412 ultima,
874 363 1072 400 ridiculum
1105 361 1255 398 videtur
1293 360 1416 398 dicere
1455 361 1560 409 quod

500 420 660 469 sphaera
687 417 819 454 ultima
847 416 892 453 sit
918 416 956 452 in
989 416 1073 452 loco
1102 426 1178 467 per·
1209 413 1384 451 accidens
1413 425 1458 450 ex
1485 413 1560 450 hoc

498 471 603 522 quod
632 478 803 508 centrum
833 476 888 505 est
915 468 954 504 in
981 468 1078 504 loco.

554 536 589 572 7.
611 525 660 560 Et
687 523 772 560 ideo
802 521 921 569 magis
949 520 1123 568 approbo
1152 518 1375 555 sententiam
1403 519 1559 555 Themi-

499 577 568 622 stii‚
598 576 662 624 qui
692 575 781 612 dixit
818 573 922 622 quod
949 572 1081 609 ultima
1109 571 1269 620 sphaera
1308 578 1362 608 est
1399 571 1437 608 in
1474 572 1558 607 loco

498 642 567 678 per
594 640 680 665 suas
703 634 840 676 partes.
860 625 922 662 Ad
943 625 1047 661 cuius
1068 623 1297 661 evidentiam
1319 624 1560 661 consideran-

500 681 593 719 dum
622 687 688 727 est,
709 679 814 728 quod
833 678 928 715 sicut
947 677 1165 714 Aristoteles
1185 689 1298 726 supra
1320 677 1340 698 ³³
1360 676 1462 723 dixit,
1482 688 1561 714 non

499 740 742 782 quaereretur
769 732 875 768 locus
912 730 981 766 nisi
1008 737 1164 778 propter
1197 737 1363 776 motum,
1394 729 1458 778 qui
1497 729 1560 766 de-

499 793 684 822 monstrat
702 785 831 821 locum
861 795 904 819 ex
931 783 1006 819 hoc
1031 782 1136 831 quod
1165 791 1326 831 corpora
1354 781 1562 819 succedunt

499 838 568 875 sibi
589 838 627 875 in
645 850 723 875 uno
745 837 765 859 *
779 837 875 873 1000.
896 836 1018 881 Unde,
1039 835 1124 871 licet
1142 835 1248 871 locus
1267 847 1345 871 non
1365 834 1411 871 sit
1430 833 1478 871 de
1498 846 1561 871 ne-

499 891 668 928 cessitate
698 889 882 938 corporis,
915 895 969 924 est
996 895 1125 924 tamen
1155 886 1201 924 de
1230 887 1451 924 necessitate
1481 899 1562 923 cor-

498 943 601 992 poris
621 943 726 992 quod
754 948 932 979 movetur
953 939 1164 977 secundum
1193 940 1334 977 locum.
1365 939 1427 976 Sic
1455 939 1564 987 igitur

499 996 608 1033 alicui
629 995 776 1044 corpori
801 1001 906 1030 moto
927 992 1104 1039 localiter,
1125 1005 1280 1030 necesse
1300 1000 1356 1029 est
1375 992 1562 1040 assignare

499 1050 638 1097 locum,
660 1047 870 1085 secundum
899 1045 1002 1095 quod
1021 1045 1060 1082 in
1087 1045 1149 1082 illo
1170 1053 1278 1082 motu
1307 1045 1565 1083 consideratur

500 1101 687 1138 successio
718 1100 956 1137 diversorum
995 1110 1201 1147 corporum
1229 1098 1268 1135 in
1297 1098 1435 1136 eodem
1464 1099 1561 1135 loco.

501 1156 542 1191 In
571 1154 628 1191 his
656 1153 765 1201 igitur
784 1164 880 1201 quae
912 1158 1118 1188 moventur
1136 1158 1244 1187 motu
1272 1158 1387 1198 recto,
1408 1150 1564 1187 manife-

501 1214 600 1244 stum
622 1205 795 1254 estquod
815 1205 892 1241 duo
910 1216 1071 1254 corpora
1086 1204 1294 1241 succedunt
1310 1204 1379 1241 sibi
1395 1204 1432 1240 in
1447 1204 1467 1224 *
1477 1205 1563 1240 loco

501 1260 711 1297 secundum
739 1265 887 1303 totum;
918 1257 1005 1306 quia
1033 1264 1155 1294 totum
1188 1269 1309 1294 unum
1345 1269 1481 1306 corpus
1510 1255 1563 1293 di-

501 1312 611 1349 mittit
637 1319 759 1348 totum
789 1311 930 1358 locum,
952 1318 988 1347 et
1015 1310 1053 1346 in
1073 1309 1199 1358 ipsum
1228 1317 1350 1346 toturn
1379 1309 1564 1346 subintrat

501 1365 602 1402 aliud
622 1376 771 1413 corpus.
792 1363 902 1400 Unde
923 1375 1078 1400 necesse
1098 1369 1153 1399 est
1172 1362 1278 1410 quod
1302 1375 1440 1411 corpus
1460 1361 1565 1410 quod

502 1425 679 1455 movetur
707 1423 814 1453 motu
834 1423 948 1462 recto,
970 1416 1015 1452 sit
1042 1415 1081 1452 in
1100 1415 1185 1451 loco
1207 1415 1420 1452 secundum
1449 1427 1488 1451 se
1508 1421 1564 1451 to-

500 1479 594 1508 tum.
617 1472 658 1507 In
687 1477 795 1507 motu
819 1476 947 1505 autem
977 1467 1156 1515 circulari,
1178 1467 1263 1505 licet
1290 1475 1413 1504 totum
1441 1467 1508 1504 fiat
1527 1466 1564 1504 in

502 1523 659 1561 diversis
697 1523 788 1559 locis
817 1522 983 1569 ratione,
1013 1533 1092 1558 non
1120 1527 1248 1557 tamen
1283 1528 1406 1558 totum
1443 1526 1565 1556 mutat

501 1578 628 1613 locum
650 1576 837 1613 subiecto:
859 1587 1011 1623 semper
1031 1574 1131 1610 enim
1153 1580 1323 1610 remanet
1337 1573 1439 1610 idem
1459 1573 1565 1610 locus

501 1629 682 1675 subiecto,
704 1628 772 1665 sed
801 1627 1076 1665 diversificatur
1104 1626 1249 1663 ratione
1278 1633 1437 1673 tantum,
1457 1633 1499 1663 ut
1526 1625 1565 1662 in

501 1690 606 1719 sexto
637 1682 656 1703 *
684 1681 797 1718 huius
825 1681 979 1717 dicetur.
1006 1680 1082 1717 Sed
1110 1687 1234 1727 partes
1262 1686 1409 1716 mutant
1436 1679 1565 1716 locum

501 1748 580 1772 non
609 1735 733 1771 solum
763 1734 919 1781 ratione,
941 1733 1008 1770 sed
1029 1732 1211 1770 subiecto.
1232 1731 1448 1769 Attenditur
1476 1743 1565 1779 ergo

501 1788 539 1825 in
568 1795 676 1824 motu
705 1786 872 1824 circulari
901 1786 1090 1823 successio
1119 1785 1158 1821 in
1188 1785 1326 1822 eodem
1354 1785 1457 1831 loco,
1487 1796 1566 1820 non

501 1848 668 1878 totorum
698 1851 916 1888 corporum,
937 1839 1004 1876 sed
1031 1837 1195 1887 partium
1225 1837 1398 1875 eiusdem
1432 1849 1566 1885 corpo-

503 1894 563 1931 ris.
594 1893 686 1929 Non
714 1892 822 1940 igitur
851 1891 1000 1940 corpori
1038 1893 1142 1939 quod
1170 1897 1344 1928 movetur
1381 1889 1566 1927 circulari-

502 1954 569 1994 ter,
593 1946 751 1982 debetur
770 1957 815 1981 ex
834 1944 1054 1981 necessitate
1074 1944 1179 1982 locus
1199 1942 1410 1981 secundum
1430 1950 1564 1990 totum,

504 1999 571 2036 sed
600 1999 812 2035 secundum
840 2004 976 2046 partes.

559 2053 595 2089 8.
618 2051 694 2088 Sed
715 2058 844 2087 contra
862 2050 937 2087 hoc
953 2061 1035 2086 esse
1053 2050 1203 2087 videtur
1222 2048 1325 2098 quod
1340 2055 1465 2098 partes
1486 2060 1566 2085 cor-

503 2104 607 2154 poris
627 2103 794 2140 continui
822 2115 901 2140 non
920 2109 1006 2139 sunt
1033 2101 1072 2139 in
1091 2103 1188 2150 loco,
1210 2113 1334 2150 neque
1363 2108 1568 2138 moventur

505 2156 717 2195 secundum
745 2157 873 2192 locum
903 2156 939 2192 ²¹³:
969 2154 1036 2192 sed
1059 2162 1182 2192 totum
1210 2161 1399 2201 movetur,
1439 2161 1475 2190 et
1510 2161 1566 2190 to-

504 2218 586 2247 tum
616 2217 670 2246 est
698 2209 736 2245 in
763 2209 859 2245 1000.
882 2208 1126 2246 Manifestum
1151 2215 1206 2245 est
1233 2215 1360 2244 autem
1390 2206 1495 2255 quod
1513 2207 1567 2242 ul-

505 2263 597 2300 tima
616 2262 777 2310 sphaera
797 2268 851 2298 est
880 2273 1017 2309 corpus
1047 2260 1287 2298 continuum:
1307 2266 1433 2308 partes
1457 2258 1567 2306 igitur

507 2316 586 2352 eius
615 2327 685 2351 nec
713 2322 799 2351 sunt
826 2314 864 2350 in
892 2314 999 2360 loco,
1020 2326 1091 2350 nec
1124 2320 1328 2350 moventur
1355 2312 1567 2349 secundum

504 2370 644 2406 locurn.
674 2368 723 2404 Et
751 2367 803 2404 sic
831 2379 909 2403 non
936 2365 1086 2403 videtur
1115 2378 1253 2403 verum
1282 2365 1387 2414 quod
1413 2365 1568 2402 ultimae

506 2422 689 2470 sphaerae
718 2420 900 2458 debeatur
927 2420 1033 2455 locus
1053 2419 1195 2456 ratione
1224 2418 1400 2467 partium.

561 2474 637 2511 Sed
665 2474 713 2510 ad
742 2473 816 2509 hoc
845 2471 1049 2509 dicendum
1079 2479 1133 2508 est
1170 2471 1275 2520 quod
1302 2478 1428 2520 partes
1456 2469 1569 2507 totius

507 2526 684 2572 continui,
706 2525 790 2562 licet
809 2537 887 2562 non
906 2524 978 2562 sint
997 2524 1035 2561 in
1055 2525 1139 2561 loco
1160 2525 1198 2561 in
1218 2531 1315 2571 actu,
1336 2531 1423 2560 sunt
1441 2531 1569 2560 tamen

505 2580 543 2616 in
563 2580 647 2616 loco
664 2579 702 2615 in
720 2578 899 2627 potentia,
916 2577 1128 2614 secundum
1149 2577 1252 2626 quod
1273 2577 1495 2613 continuum
1516 2582 1570 2612 est

506 2631 702 2670 divisibile.
718 2632 811 2668 Pars
831 2631 944 2677 enim,
966 2630 996 2667 si
1016 2630 1062 2667 sit
1082 2630 1213 2677 divisa,
1235 2629 1302 2666 erit
1320 2629 1359 2666 in
1378 2636 1456 2666 toto
1477 2628 1571 2665 sicut

506 2686 543 2722 in
572 2686 674 2722 loco:
703 2684 805 2721 unde
834 2696 903 2733 per
930 2684 1032 2720 hunc
1059 2682 1221 2720 modum
1249 2690 1374 2730 partes
1403 2680 1570 2718 continui

506 2745 710 2776 moventur
747 2737 784 2774 in
813 2737 910 2773 loco.
941 2737 989 2772 Et
1025 2736 1099 2772 hoc
1133 2735 1298 2772 maxime
1336 2741 1493 2782 apparet
1530 2733 1569 2770 in

507 2791 693 2828 continuis
725 2789 912 2835 humidis,
947 2800 1045 2837 quae
1079 2796 1166 2825 sunt
1199 2787 1314 2824 facilis
1352 2786 1567 2833 divisionis,

506 2845 601 2881 sicut
628 2844 666 2880 in
699 2855 818 2891 aqua,
849 2842 954 2878 cuius
981 2848 1106 2890 partes
1144 2839 1386 2878 inveniuntur
1423 2839 1570 2877 moveri

505 2898 600 2934 infra
627 2903 747 2933 totam
777 2907 929 2943 aquam.
953 2894 1016 2931 Sic
1043 2894 1164 2941 igitur,
1195 2892 1283 2942 quia
1311 2892 1452 2941 aliquid
1481 2892 1569 2929 dici-

506 2958 564 2987 tur
602 2949 648 2986 de
677 2955 756 2986 toto
796 2948 938 2985 ratione
967 2946 1152 2996 partium,
1183 2946 1408 2995 inquantum
1445 2953 1569 2993 partes

505 3003 659 3040 ultimae
689 3002 871 3050 sphaerae
910 3008 996 3037 sunt
1023 2999 1061 3036 in
1090 3000 1175 3036 loco
1204 2999 1242 3036 in
1273 2998 1462 3048 potentia,
1492 3005 1570 3035 tota

506 3055 637 3092 ultima
666 3055 826 3103 sphaera
860 3061 915 3090 est
941 3053 979 3090 in
1008 3053 1092 3089 loco
1127 3064 1195 3101 per
1222 3051 1397 3089 accidens
1426 3050 1569 3088 ratione

505 3107 690 3157 partium:
723 3115 758 3144 et
785 3107 838 3144 sic
876 3119 956 3144 esse
986 3106 1024 3142 in
1053 3106 1137 3142 loco
1166 3104 1303 3142 sufficit
1337 3103 1384 3141 ad
1419 3110 1568 3141 motum

508 3161 739 3198 circularem.

562 3227 597 3261 9.
620 3213 659 3250 Si
688 3213 770 3262 quis
800 3220 927 3250 autem
957 3210 1107 3248 obiiciat
1126 3210 1230 3259 quod
1258 3209 1297 3247 id
1325 3209 1429 3258 quod
1458 3216 1513 3246 est
1531 3209 1568 3246 in

508 3275 613 3313 actu,
646 3273 699 3303 est
727 3266 829 3315 prius
858 3278 903 3302 eo
933 3264 1036 3314 quod
1075 3271 1130 3300 est
1162 3263 1200 3300 in
1237 3262 1421 3311 potentia;
1453 3269 1489 3298 et
1517 3261 1569 3299 sic

457 3335 482 3349 er
508 3319 656 3356 videtur
677 3321 695 3340 ’¹‘
716 3318 987 3356 inconveniens
1007 3316 1111 3365 quod
1129 3316 1275 3365 primus
1294 3323 1421 3352 motus
1441 3315 1569 3352 localis

511 3372 555 3408 sit
592 3371 760 3420 corporis
798 3370 985 3409 existentis
1013 3370 1051 3407 in
1079 3370 1163 3406 loco
1201 3381 1269 3418 per
1296 3375 1441 3417 partes,
1471 3380 1568 3416 quae

442 3439 455 3453 ιι
479 3439 484 3443 ·
511 3431 596 3460 sunt
615 3424 652 3461 in
672 3425 838 3472 potentia
857 3424 895 3460 in
910 3425 1013 3460 loco:
1030 3422 1234 3460 dicendum
1255 3429 1310 3459 est
1325 3433 1413 3468 ergo
1429 3421 1449 3442 *
1463 3421 1569 3470 quod

511 3476 585 3512 hoc
618 3476 759 3524 optime
788 3476 960 3524 congruit
987 3475 1112 3524 primo
1148 3474 1279 3512 motui.
1310 3474 1477 3511 Necesse
1516 3481 1571 3510 est

514 3528 614 3564 enim
643 3529 746 3576 quod
765 3529 947 3576 gradatim
976 3530 1023 3566 ab
1052 3541 1129 3566 uno
1150 3527 1336 3565 immobili
1366 3526 1571 3564 descenda-

513 3588 571 3617 tur
600 3580 647 3616 ad
667 3581 919 3618 diversitatem
939 3594 1037 3629 quae
1067 3581 1178 3618 estin
1206 3579 1420 3618 mobilibus.
1444 3579 1571 3617 Minor

1126 282 1474 320 PHYSICORUM
1501 280 1850 318 ARISTOTELIS
1880 281 1974 317 LIB.
2005 280 2056 317 IV

1617 368 1672 397 est
1691 366 1819 396 autem
1837 358 1996 396 variatio
2026 370 2123 407 quae
2145 366 2200 395 est
2227 359 2438 396 secundum
2461 368 2586 409 partes
2606 362 2680 398 exi-

1616 420 1755 450 stentes
1774 412 1813 449 in
1832 413 1917 449 loco
1946 411 1984 448 in
2003 411 2182 460 potentia,
2205 423 2321 460 quam
2345 424 2443 460 quae
2464 421 2518 451 est
2546 426 2680 452 secun-

1617 465 1709 502 dum
1729 472 1807 503 tota
1827 464 2021 501 existentia
2039 463 2077 500 in
2105 464 2190 501 loco
2219 464 2258 501 in
2278 472 2374 502 actu.
2395 465 2506 503 Unde
2534 466 2680 515 primus

1616 525 1755 565 motus,
1776 517 1840 566 qui
1869 525 1924 554 est
1953 516 2152 563 circularis,
2178 516 2304 553 minus
2332 517 2447 554 habet
2474 519 2521 555 de
2551 519 2679 557 diffor—

1617 570 1762 618 mitate,
1793 578 1829 607 et
1855 570 1939 619 plus
1968 569 2101 606 retinet
2134 569 2181 606 de
2212 569 2493 617 uniformitate,
2525 572 2680 621 propin-

1617 623 1727 672 quior
1747 623 1908 660 existens
1933 622 2146 659 substantiis
2174 621 2446 660 immobilibus.
2473 624 2595 661 Multo
2614 637 2680 662 au-

1616 683 1694 712 tem
1715 675 1999 713 convenientius
2020 683 2075 712 est
2093 675 2217 712 dicere
2247 675 2351 724 quod
2370 675 2503 713 ultima
2521 677 2681 726 sphaera

1617 728 1663 765 sit
1690 728 1728 765 in
1753 729 1838 765 loco
1866 736 2021 777 propter
2037 734 2163 777 partes
2191 740 2278 764 suas
2306 728 2536 776 intrinsecas,
2560 741 2681 779 quam

1617 787 1772 830 propter
1800 788 1983 828 centrum,
2004 781 2110 830 quod
2130 788 2185 818 est
2203 781 2362 818 omnino
2383 789 2486 819 extra
2509 782 2681 820 substan-

1617 833 1708 870 tiam
1738 833 1832 879 eius;
1855 841 1891 870 et
1913 833 2033 882 magis
2062 840 2246 870 consonat
2265 834 2436 883 opinioni
2459 835 2679 883 Aristotelis,

1617 893 1659 923 ut
1676 893 1778 935 patet
1796 886 2004 935 inspicienti
2023 886 2218 935 sequentia
2238 887 2270 933 *‚
2290 886 2328 923 in
2352 887 2490 936 quibus
2510 888 2680 925 Philoso-
2708 895 2719 907 ⁸

1618 939 1716 988 phus
1745 938 1958 975 manifestat
1985 938 2183 988 quomodo
2204 939 2352 977 caelum
2371 940 2417 977 sit
2436 940 2474 977 in
2492 941 2591 989 loco,
2612 940 2679 978 ibi:

1624 991 1730 1029 Unde
1757 997 1792 1028 et
1816 992 1851 1028 si
1875 1002 1975 1040 aqua
1993 992 2071 1039 fiat
2097 999 2165 1028 etc.

1679 1057 1734 1081 10.
1776 1044 1885 1081 Circa
1916 1044 1991 1081 hoc
2029 1043 2130 1080 enim
2169 1043 2245 1080 duo
2280 1044 2386 1081 facit:
2419 1045 2544 1093 primo
2579 1046 2680 1083 enim

1619 1097 1832 1134 manifestat
1860 1096 2059 1145 quomodo
2088 1095 2249 1145 sphaera
2267 1096 2400 1133 ultima
2428 1104 2483 1134 est
2509 1097 2548 1134 in
2575 1099 2680 1146 loco3

1620 1149 1789 1186 secundo
1818 1149 1928 1186 infert
1956 1148 2241 1186 conclusionem
2271 1160 2316 1186 ex
2345 1148 2462 1196 dictis,
2483 1149 2551 1186 ibi:
2577 1151 2684 1188 Unde

1620 1207 1791 1239 movetur
1827 1202 2060 1238 circulariter
2095 1202 2115 1222 *²
2152 1208 2221 1237 etc.
2262 1201 2372 1238 Circa
2407 1201 2576 1251 primurn
2613 1202 2683 1240 tria
2709 1211 2720 1223 ·

1620 1255 1723 1292 facit:
1753 1254 1876 1303 primo
1910 1253 2124 1291 manifestat
2151 1253 2256 1302 quod
2282 1254 2414 1292 ultima
2442 1255 2603 1304 sphaera
2627 1262 2684 1294 est

1620 1308 1658 1344 in
1678 1308 1762 1343 loco
1781 1318 1850 1356 per
1868 1314 2010 1355 partes;
2035 1305 2204 1343 secundo
2224 1307 2421 1354 quomodo
2449 1315 2574 1356 partes
2603 1308 2682 1346 eius

1621 1367 1707 1397 sunt
1743 1359 1781 1396 in
1810 1359 1916 1406 loco,
1950 1358 2019 1395 ibi:
2058 1359 2162 1396 Sicut
2186 1364 2312 1396 autem
2340 1359 2478 1397 dictum
2506 1365 2575 1408 est,
2604 1360 2682 1399 alia

1620 1412 1767 1461 quidem
1788 1411 1808 1432 '¹
1830 1419 1917 1458 etc.;
1946 1411 2054 1448 tertio
2084 1411 2284 1461 quomodo
2309 1423 2355 1449 ex
2381 1412 2550 1462 partibus
2578 1426 2682 1452 com-

1619 1472 1723 1514 petat
1749 1464 1817 1502 toti
1846 1477 1926 1502 esse
1955 1464 1994 1501 in
2021 1464 2128 1513 loco,
2158 1463 2225 1501 ibi:
2253 1465 2305 1501 Et
2333 1465 2410 1502 alia
2442 1465 2589 1514 quidem
2610 1478 2684 1516 per

1619 1531 1660 1555 se
1688 1519 1708 1539 ’¹‘
1738 1526 1806 1555 etc.

1681 1583 1737 1608 11.
1768 1570 1868 1617 Quia
1897 1581 1986 1618 ergo
2006 1569 2158 1623 1dixerat
2178 1570 2198 1590 *⁸
2218 1570 2322 1618 quod
2351 1570 2410 1607 cui
2429 1583 2508 1608 non
2537 1578 2592 1608 est
2619 1571 2683 1614 ali-

1622 1624 1727 1673 quod
1765 1631 1867 1660 extra
1905 1622 2122 1669 continens,
2156 1634 2234 1659 non
2272 1629 2326 1660 est
2354 1622 2392 1659 in
2419 1623 2505 1660 loco
2531 1636 2603 1672 per
2628 1636 2682 1672 se,

1623 1676 1812 1714 concludit
1830 1675 1936 1724 quod
1955 1675 1985 1712 si
2005 1674 2159 1724 aliquod
2175 1674 2396 1712 huiusmodi
2417 1688 2555 1724 corpus
2578 1677 2684 1726 quod

1622 1742 1700 1766 non
1729 1728 1939 1766 continetur
1967 1729 2014 1764 ab
2044 1727 2130 1776 alio,
2151 1727 2246 1765 sicut
2273 1736 2329 1765 est
2354 1727 2487 1765 ultima
2510 1730 2683 1778 sphaera,

1622 1782 1668 1819 sit
1695 1794 1794 1830 aqua
1814 1781 1867 1828 (in
1886 1793 1962 1829 qua
1990 1780 2109 1828 magis
2129 1788 2285 1830 apparet
2313 1781 2418 1830 quod
2438 1781 2572 1818 dicitur
2596 1794 2685 1832 pro-

1621 1842 1704 1884 pter
1732 1834 1879 1871 facilem
1899 1833 2126 1872 divisionem
2144 1833 2337 1882 partium),
2356 1841 2482 1883 partes
2503 1834 2582 1872 eius
2602 1847 2685 1872 mo-

1621 1888 1822 1934 vebuntur,
1843 1887 2067 1936 inquantum
2087 1886 2326 1924 continentur
2345 1886 2415 1923 sub
2435 1886 2612 1935 invicem,
2633 1887 2686 1925 sic

1622 1940 1912 1990 quodammodo
1947 1939 1985 1976 in
2013 1940 2098 1975 loco
2134 1939 2342 1976 existentes.
2371 1940 2447 1976 Sed
2476 1947 2554 1977 tota
2586 1952 2687 1990 aqua

1622 1992 1911 2043 quodammodo
1940 1991 2177 2039 movebitur,
2208 2000 2244 2029 et
2272 1991 2563 2041 quodammodo
2594 2005 2684 2031 non.

1622 2047 1713 2084 Non
1742 2045 1843 2083 enim
1872 2045 1925 2082 sic
1953 2044 2170 2082 movebitur
2197 2045 2302 2094 quod
2322 2052 2399 2082 tota
2427 2044 2539 2082 simul
2566 2053 2688 2090 mutet

1621 2100 1770 2146 locum,
1800 2098 1907 2147 quasi
1935 2098 2110 2134 translata
2138 2098 2177 2134 in
2205 2098 2321 2135 alium
2349 2099 2478 2134 locum
2515 2099 2687 2136 subiecto

1622 2152 1834 2189 diversum:
1856 2151 1922 2188 sed
1943 2149 2160 2187 movebitur
2179 2149 2423 2196 circulariter;
2444 2150 2509 2199 qui
2532 2151 2688 2199 quidem

1622 2212 1749 2242 motus
1778 2203 1929 2252 requirit
1956 2203 2084 2239 locum
2111 2203 2288 2252 partium,
2319 2210 2355 2240 et
2381 2215 2459 2240 non
2487 2203 2611 2242 totius.
2641 2204 2690 2242 Et

1623 2270 1701 2295 non
1729 2256 1947 2294 movebitur
1975 2267 2126 2293 sursum
2156 2263 2191 2292 et
2219 2256 2412 2304 deorsum,
2438 2255 2506 2293 sed
2535 2256 2688 2295 circula-

1624 2310 1735 2348 riter:
1765 2309 1956 2358 quaedam
1994 2316 2121 2345 autem
2165 2309 2424 2346 movebuntur
2464 2321 2616 2347 sursum
2653 2317 2691 2347 et

1623 2365 1815 2410 deorsum,
1837 2361 2020 2399 mutantia
2047 2362 2175 2398 locum
2194 2362 2406 2399 secundum
2425 2369 2565 2409 totum,
2594 2361 2690 2400 scili-

1625 2424 1683 2454 cet
1711 2427 1871 2463 corpora
1899 2427 1981 2451 rara
2009 2421 2046 2450 et
2075 2414 2202 2461 densa,
2223 2415 2284 2451 vel
2303 2414 2433 2462 gravia
2460 2421 2498 2451 et
2523 2414 2634 2452 levia.

1684 2481 1740 2506 12.
1780 2467 1928 2504 Deinde
1972 2479 2059 2503 curn
2099 2466 2210 2503 dicit:
2249 2467 2353 2503 Sicut
2386 2471 2511 2503 autem
2548 2466 2687 2504 dictum

1624 2528 1678 2559 est
1691 2529 1772 2568 etc.,
1803 2519 1966 2557 ostendit
1994 2519 2192 2568 quomodo
2211 2526 2337 2568 partes
2373 2519 2526 2556 ultimae
2555 2520 2688 2568 sphae-

1626 2587 1688 2611 rae
1704 2573 1842 2611 suntin
1860 2573 1957 2609 loco.
1975 2572 2024 2608 Et
2038 2571 2126 2609 dicit
2144 2572 2246 2621 quod
2268 2572 2362 2609 sicut
2381 2584 2495 2620 supra
2510 2573 2530 2593 ²³*
2546 2572 2688 2610 dictum

1626 2634 1691 2674 est,
1713 2626 1903 2675 quaedam
1931 2631 2018 2662 sunt
2044 2624 2083 2661 in
2106 2625 2191 2661 loco
2219 2624 2258 2662 in
2285 2633 2388 2671 actu,
2410 2625 2602 2674 quaedam
2630 2637 2687 2662 se—

1626 2680 1794 2717 cundum
1822 2678 2042 2727 potentiam.
2073 2677 2184 2715 Unde
2218 2690 2305 2715 cum
2334 2677 2489 2726 aliquod
2517 2677 2564 2715 sit
2600 2689 2689 2715 con-

1625 2733 1773 2770 tinuum
1795 2731 1973 2768 similium
1993 2730 2168 2779 partium,
2188 2738 2314 2779 partes
2335 2730 2414 2767 eius
2439 2737 2526 2767 sunt
2544 2730 2583 2767 in
2601 2730 2687 2773 1000

1625 2785 1836 2823 secundum
1857 2783 2076 2832 potentiam,
2099 2783 2204 2820 sicuti
2225 2791 2281 2820 est
2303 2783 2341 2820 in
2360 2783 2492 2820 ultima
2511 2784 2688 2832 sphaera:

1625 2838 1693 2876 sed
1721 2836 1876 2887 quando
1904 2844 2030 2885 partes
2055 2843 2141 2873 sunt
2169 2843 2375 2884 separatae,
2397 2844 2434 2873 et
2452 2836 2578 2873 solum
2598 2847 2688 2874 con-

1625 2892 1759 2939 tiguae,
1790 2890 1885 2927 sicut
1912 2889 2045 2926 accidit
2072 2889 2110 2925 in
2139 2889 2358 2926 collectione
2386 2888 2572 2937 lapidum,
2599 2895 2689 2927 tunc

1624 2951 1749 2993 partes
1777 2950 1863 2980 sunt
1890 2942 1928 2979 in
1956 2943 2041 2979 loco
2071 2941 2282 2979 secundum
2311 2949 2437 2979 actum
2458 2942 2490 2978 *.

1685 2997 1741 3034 13.
1763 2995 1910 3033 Deinde
1940 3007 2028 3031 curn
2064 2994 2166 3031 dicit:
2194 2996 2246 3031 Et
2271 2995 2347 3032 alia
2380 2993 2528 3043 quidem
2551 3005 2624 3042 per
2649 3005 2689 3030 se

1623 3055 1710 3086 sunt
1736 3055 1817 3095 etc.,
1852 3047 2015 3085 ostendit
2042 3048 2238 3096 quomodo
2268 3059 2313 3084 ex
2336 3047 2410 3084 hoc
2437 3046 2606 3095 sequitur
2631 3054 2688 3084 to—

1624 3109 1703 3139 tam
1731 3102 1933 3150 sphaeram
1963 3112 2044 3137 esse
2071 3099 2110 3136 in
2139 3101 2236 3136 loco.
2258 3100 2307 3137 Et
2335 3099 2422 3137 dicit
2441 3101 2546 3148 quod
2574 3111 2688 3148 quae-

1625 3155 1714 3192 dam
1734 3161 1820 3191 sunt
1837 3165 1906 3203 per
1924 3165 1964 3190 se
1983 3152 2022 3190 in
2040 3153 2138 3199 loco,
2159 3152 2253 3190 sicut
2281 3164 2397 3189 omne
2427 3165 2566 3201 corpus
2584 3151 2688 3201 quod

1624 3220 1693 3257 per
1720 3220 1760 3244 se
1789 3213 1966 3244 movetur
1992 3205 2031 3243 in
2058 3206 2156 3253 loco,
2176 3206 2238 3242 vel
2263 3205 2475 3243 secundum
2504 3204 2576 3242 loci
2604 3216 2687 3243 mu-

1624 3260 1805 3298 tationem
1833 3260 1894 3297 vel
1923 3258 2134 3296 secundum
2168 3266 2426 3307 augmentum,
2456 3265 2498 3295 ut
2524 3270 2639 3307 supra
2668 3259 2686 3277 ‘³⁵

1626 3313 1765 3351 dictum
1788 3321 1852 3350 est.
1875 3312 1952 3349 Sed
1972 3312 2130 3358 caelum,
2151 3311 2247 3349 idest
2265 3311 2397 3348 ultima
2416 3312 2587 3360 sphaera,
2608 3322 2687 3348 non

1626 3375 1681 3404 est
1699 3367 1772 3404 hoc
1792 3366 1910 3404 modo
1931 3364 1969 3402 in
1988 3365 2085 3412 loco,
2107 3364 2201 3402 sicut
2219 3364 2361 3403 dictum
2382 3372 2447 3412 est,
2465 3364 2485 3386 '¹²
2500 3375 2587 3402 cum
2607 3363 2686 3400 nul-

1625 3421 1704 3457 lum
1725 3431 1863 3468 corpus
1884 3417 2072 3455 contineat
2089 3417 2234 3467 ipsum:
2255 3417 2323 3455 sed
2351 3417 2562 3455 secundum
2582 3414 2685 3466 quod

1626 3480 1804 3510 movetur
1832 3471 2067 3519 circulariter,
2086 3471 2254 3520 partibus
2284 3470 2353 3507 sibi
2372 3469 2535 3507 invicem
2559 3479 2686 3506 succe-

1627 3525 1820 3573 dentibus,
1851 3524 1903 3562 sic
1932 3531 1968 3561 et
1994 3524 2100 3561 locus
2131 3523 2289 3560 debetur
2315 3523 2483 3572 partibus
2512 3520 2592 3558 eius
2610 3520 2630 3542 ³
2647 3519 2686 3557 in

1625 3578 1805 3628 potentia,
1835 3585 1876 3614 ut
1901 3576 2043 3614 dictum
2069 3583 2134 3624 est,
2156 3577 2175 3597 *¹
2196 3576 2421 3624 inquantum
2449 3573 2586 3611 scilicet
2610 3584 2686 3610 una

2732 895 2827 919 Numm.
2841 902 2908 925 seqq.
2924 907 2928 912 ·

2733 1209 2804 1233 Num.
2818 1216 2851 1238 14.

2710 1424 2720 1434 ·
2733 1423 2805 1446 Num.
2820 1427 2850 1446 u.

2710 1525 2721 1536 ⁸
2734 1522 2806 1546 Num.
2819 1528 2850 1552 ¹3-

2711 1578 2720 1587 ·
2734 1575 2805 1598 Num.
2819 1580 2840 1597 ε.

2715 2581 2726 2593 ⁴
2741 2580 2811 2603 Num.
2827 2581 2849 2603 8.

2714 2946 2726 2957 ⁶
2745 2946 2817 2967 totum
2859 2953 2880 2963 «ν
2909 2954 2911 2959 ’

2716 2976 2888 2999 Qrvxvpoflo.
2925 2978 2927 2981 ⁴

2714 3261 2723 3272 ·
2738 3259 2800 3282 Lect.
2810 3266 2832 3288 v,
2843 3258 2899 3282 mfi.
2916 3267 2927 3291 j

2714 3368 2723 3377 ⁶
2738 3367 2807 3390 Num.
2823 3373 2848 3390 n.
2890 3373 2895 3377 ·
2926 3367 2927 3370 ’

2715 3526 2722 3534 ”
2733 3523 2845 3546 licetndd.
2855 3522 2927 3547 codd.

2713 3583 2722 3593 ⁸
2738 3582 2808 3604 Num.
2823 3586 2897 3610 praee·
2927 3579 2930 3583 '
2943 3606 2945 3611 Ι
