2898 3996
205 772 214 781 '
229 770 327 791 alterum
347 768 383 789 ed.
397 774 412 788 α

204 800 226 818 et
241 795 307 817 codd.
327 801 375 816 exc.
390 801 413 815 Β.

204 985 213 992 ·
228 983 330 1003 movetur
344 980 380 1001 ed.
397 985 412 1000 a

203 1012 225 1029 et
240 1007 306 1029 codd.
322 1012 371 1028 cxc.
386 1012 413 1027 ri.

203 1240 211 1247 ·
226 1239 329 1259 movetur
342 1243 392 1258 mn.

202 1345 211 1353 ·
226 1342 298 1363 tendit
312 1348 333 1368 o,
349 1340 411 1362 redi-

202 1371 240 1390 ret
252 1374 303 1390 tou.

202 1402 210 1410 ·
222 1401 341 1427 purgatur
354 1405 377 1420 a.

201 1716 210 1723 '
225 1720 238 1735 e
285 1719 409 1734 Acnscfflxr.

201 1720 321 1765 »maur
336 1743 357 1760 et
371 1745 394 1760 a.

200 1873 209 1880 ·
224 1871 266 1892 hoc
280 1870 332 1892 add.
343 1871 394 1892 pah.

205 2342 214 2350 ·
229 2343 251 2361 et
265 2340 315 2362 add.
330 2346 412 2362 mcclx

205 2373 301 2389 Lunx-rz-

206 2556 214 2563 ’
226 2556 298 2575 molus
307 2555 412 2576 omittunt

206 2580 273 2602 codd.
288 2584 308 2602 et
322 2587 346 2602 a.

441 265 513 300 332

440 349 571 379 movet
589 341 745 377 alterum
762 339 810 377 ad
824 339 1003 388 seipsum.
1025 339 1184 375 Movere
1204 344 1332 375 autern
1352 337 1490 385 aliquid

441 394 650 431 secundum
668 394 794 429 locum
823 392 870 429 ad
899 391 1065 440 seipsum
1086 389 1263 437 contingit
1289 389 1488 438 tripliciter.

441 447 526 483 Uno
559 446 677 483 modo
711 445 804 481 sicut
834 444 919 480 finis
951 449 1101 487 movet;
1129 442 1232 478 unde
1262 448 1297 478 et
1323 441 1408 478 finis
1437 441 1490 478 di-

443 500 535 536 citur
553 499 720 544 trahere,
749 496 960 533 secundum
989 494 1077 531 illud
1095 501 1252 542 poetae:
1282 494 1396 530 trahit
1419 505 1488 529 sua

442 563 623 599 quemque
644 550 812 598 voluptas
830 553 855 584 ²⁷:
878 555 914 584 et
928 548 1001 583 hoc
1020 546 1138 583 modo
1157 552 1281 594 potest
1299 545 1371 582 dici
1386 544 1491 593 quod

441 605 545 640 locus
577 602 687 639 trahit
713 602 750 638 id
779 600 881 649 quod
914 598 1127 636 naturaliter
1158 605 1335 634 movetur
1362 598 1410 634 ad
1437 597 1490 633 lo-

441 668 540 692 curn.
569 655 653 690 Alio
674 653 791 690 modo
810 659 934 701 potest
961 651 1032 688 dici
1051 650 1191 698 aliquid
1214 650 1374 695 trahere,
1404 649 1491 697 quia

441 715 571 744 movet
598 706 687 743 illud
716 706 764 742 ad
791 705 956 754 seipsum
985 702 1177 740 alterando
1202 702 1424 750 aliqualiter,
1446 713 1491 737 ex

441 771 515 808 qua
530 758 745 795 alteratione
770 756 947 804 contingit
965 756 1068 803 quod
1092 756 1286 791 alteratum
1301 755 1320 775 '¹‘
1334 765 1490 790 movea-

440 820 499 848 tur
514 811 723 848 secundum
742 811 884 846 locum:
902 816 937 844 et
951 809 1024 844 hoc
1044 807 1162 844 modo
1182 818 1338 854 magnes
1359 805 1491 842 dicitur

440 865 584 901 trahere
604 864 755 900 fermm.
786 862 888 898 Sicut
916 860 1017 896 enim
1040 871 1224 907 generans
1251 865 1383 895 movet
1409 870 1489 905 gra-

439 917 501 953 via
521 923 556 952 et
573 916 682 959 levia,
703 915 924 962 inquantum
943 912 1006 949 dat
1033 912 1085 948 eis
1105 912 1268 948 formam
1286 923 1356 959 per
1373 923 1490 958 quam

440 976 642 1006 moventur
659 969 678 988 ’⁵‘
692 967 739 1004 ad
763 967 902 1010 locum,
931 965 980 1001 ita
1001 971 1036 1000 et
1054 976 1210 1011 magnes
1240 963 1303 1000 dat
1325 962 1490 1012 aliquam

440 1021 654 1071 qualitatem
683 1020 793 1065 ferro,
814 1031 882 1066 per
910 1029 1026 1065 quam
1054 1023 1232 1052 movetur
1253 1017 1300 1053 ad
1320 1015 1489 1064 ipsum.-

440 1076 488 1111 Et
503 1073 606 1122 quod
625 1074 698 1109 hoc
717 1071 762 1107 sit
779 1082 914 1107 verum
933 1076 1035 1117 patet
1050 1081 1094 1105 ex
1109 1068 1237 1105 tribus.
1258 1068 1388 1105 Primo
1409 1068 1490 1116 qui-

441 1127 528 1163 dem
549 1125 636 1174 quia
654 1135 810 1171 magnes
837 1134 915 1159 non
937 1121 1047 1158 trahit
1074 1121 1214 1158 sermm
1239 1133 1284 1157 ex
1308 1133 1490 1169 quacum·

438 1191 510 1227 que
531 1177 711 1222 distantia,
740 1175 806 1212 sed
827 1187 871 1211 ex
888 1173 1120 1223 propinquo:
1144 1173 1175 1210 si
1193 1181 1321 1210 autem
1349 1173 1490 1210 sermm

438 1238 654 1268 moveretur
671 1230 691 1250 ἔξ
710 1228 756 1264 ad
773 1235 988 1275 magnetem
1017 1227 1141 1263 solum
1161 1226 1254 1263 sicut
1282 1226 1331 1263 ad
1358 1227 1488 1273 finem,

438 1284 531 1320 sicut
557 1294 670 1330 grave
694 1281 741 1318 ad
760 1292 872 1316 suum
900 1281 1039 1326 locum,
1061 1291 1106 1316 ex
1125 1279 1291 1326 qualibet
1319 1278 1490 1316 distantia

438 1336 606 1373 tenderet
619 1336 638 1355 ’¹‘
653 1333 701 1370 ad
720 1333 856 1381 ipsum.
875 1333 1051 1369 Secundo
1072 1331 1160 1379 quia
1183 1331 1214 1367 si
1238 1343 1395 1379 magnes
1410 1331 1490 1368 aliis

437 1395 665 1438 perungatur
685 1387 720 1432 2‘,
750 1386 889 1422 sermm
910 1385 1092 1421 attrahere
1113 1396 1191 1420 non
1218 1391 1357 1432 potest;
1383 1383 1491 1432 quasi

438 1442 515 1478 aliis
546 1440 625 1478 vim
660 1438 891 1475 alterativam
925 1437 1040 1486 ipsius
1078 1436 1385 1485 impedientibus,
1426 1444 1491 1473 aut

438 1494 551 1531 etiam
579 1493 617 1529 in
645 1491 872 1528 contrarium
902 1489 1154 1526 alterantibus.
1185 1489 1315 1526 Tertio
1336 1489 1424 1539 quia
1443 1490 1490 1527 ad

437 1548 511 1583 hoc
538 1545 640 1594 quod
669 1556 824 1590 magnes
852 1543 1009 1579 attrahat
1035 1542 1188 1590 ferrum,
1210 1549 1359 1591 oportet
1386 1542 1490 1591 prius

436 1600 576 1635 ferrum
596 1596 690 1634 liniri
710 1609 797 1632 cum
816 1603 1002 1642 magnete,
1023 1594 1188 1631 maxime
1213 1595 1243 1631 si
1270 1607 1426 1643 magnes
1446 1595 1491 1632 sit

435 1662 591 1700 parvus3
620 1649 726 1697 quasi
755 1661 800 1685 ex
828 1655 1002 1695 magnete
1030 1647 1196 1696 aliquam
1215 1647 1393 1685 virtutem
1421 1648 1491 1685 fer-

437 1717 519 1740 rum
548 1702 704 1750 accipiat
731 1708 771 1737 ut
802 1701 851 1737 ad
885 1713 973 1737 eum
994 1700 1012 1720 '¹‘
1033 1707 1245 1738 moveatur.
1285 1701 1346 1738 Sic
1382 1700 1492 1748 igitur

435 1768 590 1804 magnes
610 1754 757 1791 attrahit
776 1754 917 1790 sermm
936 1765 1014 1790 non
1043 1753 1167 1790 solum
1187 1753 1282 1790 sieut
1305 1753 1402 1800 finis,
1423 1753 1491 1790 sed

436 1809 547 1845 etiam
568 1807 661 1844 sicut
679 1818 841 1843 movens
862 1814 897 1842 et
916 1807 1087 1842 alterans.
1100 1827 1124 1834 —
1140 1806 1271 1842 Tertio
1296 1807 1414 1843 modo
1438 1806 1491 1848 di-

436 1862 528 1898 citur
551 1860 689 1908 aliquid
716 1859 912 1905 attrahere,
943 1858 1032 1907 quia
1052 1859 1071 1879 2²
1091 1866 1223 1895 movet
1250 1858 1298 1895 ad
1322 1859 1490 1907 seipsum

435 1922 542 1951 motu
570 1913 678 1949 locali
706 1919 863 1949 tanturn.
899 1912 949 1947 Et
975 1911 1028 1948 sic
1057 1911 1233 1948 definitur
1258 1911 1319 1948 hic
1347 1911 1490 1959 tractio,

434 1974 546 2016 prout
572 1977 692 2002 unum
721 1977 858 2013 corpus
884 1964 996 2001 trahit
1023 1965 1194 2012 altemm,
1215 1964 1264 2001 ita
1287 1965 1393 2012 quod
1419 1972 1491 2002 tra—

436 2021 528 2056 hens
548 2018 657 2055 simul
678 2025 878 2054 moveatur
906 2029 994 2053 cum
1014 2029 1060 2053 eo
1080 2018 1185 2065 quod
1207 2017 1375 2054 trahitur.

491 2073 524 2108 8.
547 2072 631 2107 Hoc
652 2078 705 2107 est
725 2082 813 2118 ergo
829 2071 934 2118 quod
949 2069 1046 2117 dicit,
1058 2069 1162 2118 quod
1182 2070 1311 2107 tractio
1333 2077 1388 2106 est
1407 2082 1491 2107 cum

437 2129 556 2161 motus
574 2123 750 2160 trahentis
769 2122 820 2159 ad
834 2124 995 2171 seipsum
1015 2123 1075 2159 vel
1087 2123 1139 2159 ad
1150 2122 1321 2168 alterum,
1336 2123 1385 2159 sit
1395 2123 1494 2160 velo-

438 2177 527 2222 cior,
548 2189 620 2213 non
640 2181 833 2224 separatus
851 2177 900 2213 ab
919 2187 962 2212 eo
982 2176 1083 2223 quod
1108 2176 1278 2212 trahitur.
1309 2175 1408 2212 Dicit
1427 2188 1492 2212 au—

437 2237 530 2266 tem:
546 2230 596 2266 ad
610 2229 728 2277 ipsum
747 2228 806 2265 vel
824 2229 876 2265 ad
892 2229 1062 2274 alterum,
1075 2228 1163 2276 quia
1178 2240 1340 2264 movens
1358 2229 1493 2265 volun-

438 2281 573 2318 tarium
593 2289 716 2330 potest
733 2281 786 2317 uti
811 2281 926 2318 altero
946 2288 988 2317 ut
1011 2281 1152 2329 seipso:
1176 2281 1277 2318 unde
1302 2288 1427 2329 potest
1445 2281 1492 2317 ab

439 2334 511 2371 alio
539 2335 676 2383 pellere
705 2334 799 2370 sicut
819 2334 838 2354 ’¹‘
858 2347 880 2370 a
908 2333 1055 2382 seipso,
1086 2333 1190 2370 etad
1219 2333 1319 2370 aliud
1347 2334 1494 2370 trahere

440 2387 533 2424 sicut
560 2387 608 2424 ad
636 2387 814 2435 seipsum.
846 2386 922 2423 Sed
950 2387 1082 2423 hocin
1101 2393 1209 2423 motu
1236 2387 1395 2423 naturali
1415 2399 1495 2424 non

441 2439 636 2487 contingit3
675 2440 793 2476 immo
829 2451 981 2488 semper
1016 2439 1138 2488 pulsio
1172 2439 1350 2476 naturalis
1385 2447 1441 2476 est
1473 2452 1495 2476 a

439 2493 610 2541 pellente,
636 2499 671 2528 et
698 2492 827 2529 tractio
848 2491 1023 2529 naturalis
1052 2492 1101 2529 ad
1128 2493 1350 2529 trahentem.
1380 2492 1496 2530 Addit

440 2553 586 2582 autem:
616 2557 700 2581 cum
727 2545 891 2582 velocior
916 2545 963 2581 sit
989 2551 1110 2581 motus
1133 2546 1172 2591 *3
1201 2545 1290 2593 quia
1318 2545 1496 2593 contingit

441 2598 668 2646 quandoque
697 2598 801 2646 quod
829 2598 867 2634 id
895 2598 999 2645 quod
1026 2597 1194 2645 trahitur,
1225 2598 1338 2635 etiarn
1361 2610 1429 2647 per
1454 2611 1494 2635 se

442 2658 616 2687 movetur
643 2651 728 2687 illuc
756 2663 833 2699 quo
862 2650 1032 2696 trahitur;
1062 2651 1129 2688 sed
1153 2663 1174 2687 a
1193 2651 1363 2688 trahente
1390 2652 1494 2688 velo-

442 2703 530 2739 ciori
559 2710 666 2740 motu
695 2703 929 2752 compellitur
957 2703 1126 2740 moveri:
1161 2711 1197 2740 et
1229 2704 1317 2752 quia
1344 2705 1495 2741 trahens

442 2764 572 2792 movet
591 2769 659 2792 suo
680 2764 798 2803 motu,
816 2764 963 2805 oportet
983 2756 1087 2805 quod
1107 2763 1234 2793 morus
1253 2757 1430 2793 trahentis
1451 2757 1496 2794 sit

441 2809 610 2845 velocior
628 2821 742 2857 quam
763 2817 888 2846 motus
908 2809 1083 2846 naturalis
1104 2809 1184 2846 eius
1204 2810 1308 2858 quod
1327 2810 1493 2847 trahitur.

443 2861 620 2908 Adiungit
648 2869 791 2897 autem:
827 2874 900 2898 non
927 2867 1120 2910 separatus
1147 2863 1196 2899 ab
1223 2875 1266 2899 eo
1295 2863 1396 2911 quod
1421 2869 1496 2900 tra-

443 2913 552 2959 hitur,
577 2913 625 2950 ad
653 2914 902 2950 differentiam
922 2914 1113 2963 pulsionis.
1143 2915 1246 2952 Nam
1266 2915 1303 2952 in
1322 2916 1494 2965 pulsione

443 2966 582 3013 pellens
612 2966 838 3015 quandoque
872 2976 1064 3015 separatur
1092 2968 1139 3004 ab
1169 2980 1215 3004 eo
1244 2969 1348 3016 quod
1375 2969 1494 3017 pellit,

444 3018 672 3066 quandoque
691 3031 783 3055 vero
804 3032 896 3065 non;
918 3021 983 3057 sed
1002 3021 1152 3057 trahens
1173 3033 1369 3070 nunquam
1389 3034 1496 3071 sepa-

444 3078 544 3106 ratur
563 3071 610 3106 ab
632 3083 676 3107 eo
697 3072 800 3119 quod
819 3072 984 3118 trahitur;
1006 3073 1217 3121 quinimmo
1237 3074 1347 3111 simul
1365 3087 1497 3112 move-

445 3130 504 3158 tur
522 3123 671 3159 trahens
691 3136 777 3160 curn
799 3136 844 3160 eo
864 3126 967 3172 quod
986 3126 1150 3163 trahitur.
1180 3127 1346 3175 Exponit
1369 3135 1496 3164 autem

446 3175 548 3222 quod
578 3175 730 3223 dixerat,
751 3177 801 3213 ad
819 3177 937 3224 ipsum
958 3178 1017 3215 vel
1034 3179 1084 3215 ad
1110 3179 1280 3226 alterum,
1301 3180 1389 3228 quia
1410 3193 1498 3217 con-

498 3323 523 3353 η)
544 3323 625 3347 trahit
649 3331 696 3348 sua
721 3331 844 3356 quemque
866 3326 994 3358 voluptas.
1009 3339 1027 3345 -
1050 3327 1133 3352 trahit
1157 3334 1205 3352 sua
1231 3335 1406 3360 quaecumque
1425 3330 1497 3355 volu-

442 3359 504 3387 pras
523 3358 665 3389 (uoluntas)
684 3359 864 3387 ACIKSVXY.
889 3362 972 3386 trahit
990 3369 1039 3386 sua
1058 3369 1174 3395 quaeque
1197 3361 1286 3395 (quem
1306 3363 1360 3396 pB)
1376 3364 1496 3396 voluptas

447 3390 546 3419 BFMZ.
566 3393 648 3417 trahit
666 3400 714 3433 suu
733 3401 917 3427 quemcumque
936 3397 1057 3428 voluptas
1077 3397 1137 3427 GR,
1158 3397 1241 3422 trahit
1254 3405 1302 3423 sua
1317 3399 1498 3431 quodcumque

447 3425 569 3490 ilussligia'i'
577 3427 622 3489 ;01·}
637 3428 723 3486 'irgine
748 3436 916 3462 unaquaeque
942 3432 1062 3463 voluptas
1082 3432 1117 3462 Q,
1143 3432 1227 3457 trahit
1245 3440 1361 3465 quaeque
1385 3441 1433 3458 sua
1452 3442 1496 3459 νο-

501 3492 524 3523 0)
545 3494 569 3518 in
590 3495 793 3527 inspiratione.-
808 3499 841 3523 Ita
861 3499 937 3530 PBR3
958 3501 1131 3532 inspiratione
1150 3502 1190 3526 ed.
1203 3509 1220 3527 a
1235 3500 1269 3535 (et
1285 3507 1331 3527 cet.
1347 3502 1457 3538 codd.?)‚
1468 3504 1493 3528 in

448 3528 591 3559 spiratione
609 3531 647 3554 cd.
663 3531 677 3554 b
697 3532 731 3561 (et
745 3538 790 3556 cet.
802 3534 874 3558 codd.
883 3533 912 3566 i).
924 3548 942 3554 -
955 3535 990 3559 lbi
1006 3543 1056 3567 per·
1070 3544 1251 3569 quoscumque,
1262 3545 1314 3569 per
1327 3545 1390 3570 quos
1404 3539 1434 3569 N,
1443 3545 1496 3571 per

451 3570 522 3594 quos,
542 3565 778 3598 quomodocumque
798 3567 827 3592 D.

1051 260 1394 298 PHYSICORUM
1421 259 1768 296 ARISTOTELIS
1797 259 1890 294 LIB.
1919 258 1988 295 VII

1545 336 1650 383 tingit
1677 348 1759 372 esse
1795 336 2019 372 tractionem
2051 336 2100 373 ad
2136 336 2262 384 ipsum
2290 336 2500 373 trahentem
2520 336 2541 357 ³*
2568 343 2606 373 et
2633 346 2816 394 {ngssmm'm
2831 353 2845 369 r

1545 389 1594 425 ad
1613 389 1771 424 alterum
1790 387 1829 424 in
1847 388 2014 425 motibus
2031 388 2264 434 voluntariis,
2283 395 2326 425 ut
2344 388 2487 426 dictum
2507 395 2573 426 est.

1600 452 1635 487 9.
1653 441 1701 476 Et
1719 439 1808 488 quia
1826 447 1912 477 sunt
1930 439 2087 488 quidam
2101 447 2228 477 motus
2246 440 2285 477 in
2303 440 2440 489 quibus
2458 453 2537 478 non
2555 441 2606 478 ita

1545 492 1740 528 manifeste
1773 492 1938 529 salvatur
1969 492 2062 529 ratio
2090 492 2296 539 tractionis,
2331 500 2606 541 consequenter

1547 544 1709 581 ostendit
1729 557 1795 581 eos
1819 544 1932 581 etiam
1952 544 2081 582 reduci
2100 545 2148 582 ad
2167 545 2238 582 hos
2257 545 2395 584 modos
2414 545 2606 582 tractionis

1546 609 1642 644 quos
1669 605 1860 645 posuerat,
1889 597 2028 634 scilicet
2050 597 2098 634 ad
2123 597 2290 645 seipsum
2311 604 2347 634 et
2365 597 2414 634 ad
2432 597 2604 635 alterum.

1546 649 1595 685 Et
1613 649 1688 685 hoc
1707 656 1762 686 est
1781 649 1886 698 quod
1905 650 2005 697 dicit,
2021 649 2126 698 quod
2145 661 2280 686 omnes
2299 649 2360 686 alii
2378 656 2528 696 tractus,
2540 649 2606 698 qui

1546 713 1625 738 non
1644 701 1889 739 nominantur
1915 709 2066 750 tractus,
2095 702 2325 739 reducuntur
2350 701 2390 738 in
2415 701 2487 738 hos
2508 701 2606 740 duos

1546 754 1685 790 modos
1713 754 1920 802 tractionis;
1948 755 2038 804 quia
2056 762 2143 792 sunt
2160 754 2263 792 idem
2290 754 2417 803 specie
2437 765 2525 791 cum
2553 754 2606 792 eis

1546 814 1730 854 quantum
1759 807 1808 844 ad
1834 807 1909 844 hoc
1935 808 2039 855 quod
2066 814 2193 844 motus
2221 806 2410 855 accipiunt
2437 805 2606 855 speciem

1546 871 1568 894 a
1600 858 1789 905 terminis3
1823 859 1910 907 quia
1939 867 1975 896 et
2001 860 2051 896 illi
2078 867 2217 897 tractus
2244 866 2331 897 sunt
2357 859 2407 896 ad
2439 858 2607 908 seipsum

1545 912 1607 948 vel
1640 911 1690 948 ad
1721 912 1901 959 altemm,
1935 911 2029 949 sicut
2063 919 2167 961 patet
2192 912 2231 949 in
2258 911 2501 961 inspiratione
2529 909 2542 933 ⁰
2570 919 2606 948 et

1547 963 1787 1012 expiratione.
1825 964 2027 1013 Inspiratio
2056 964 2159 1001 enim
2196 972 2251 1001 est
2286 964 2454 1002 attractio
2486 964 2604 1012 aeris,

1545 1017 1728 1064 expiratio
1743 1028 1836 1054 vero
1853 1024 1908 1053 est
1922 1016 2018 1054 aeris
2034 1017 2217 1065 expulsio;
2239 1024 2274 1053 et
2293 1016 2460 1053 similiter
2472 1017 2605 1064 spuitio

1546 1075 1601 1106 est
1629 1068 1797 1117 expulsio
1826 1068 1935 1118 sputi.
1971 1070 2020 1107 Et
2046 1069 2214 1106 similiter
2243 1068 2447 1106 dicendum
2475 1076 2530 1105 est
2558 1069 2606 1106 de

1547 1121 1723 1158 omnibus
1762 1121 1842 1158 aliis
1874 1121 2057 1169 motibus,
2092 1133 2162 1170 per
2189 1132 2454 1172 quoscumque
2481 1120 2606 1169 aliqua

1546 1186 1706 1222 corpora
1725 1181 1828 1210 extra
1846 1174 2042 1211 mittuntur
2058 1175 2121 1211 vel
2141 1174 2236 1211 intra
2253 1172 2498 1222 recipiuntur3
2518 1173 2609 1222 quia

1545 1226 1697 1263 emissio
1726 1226 1916 1264 reducitur
1943 1227 1992 1264 ad
2018 1226 2253 1275 pulsionem,
2283 1226 2448 1275 receptio
2477 1233 2606 1263 autem

1546 1279 1595 1316 ad
1623 1279 1846 1317 tractionem
1865 1286 1884 1316 ⁴.
1919 1280 1969 1316 Et
1996 1279 2164 1316 similiter
2189 1279 2367 1327 spathesis
2395 1285 2450 1316 est
2468 1278 2604 1328 pulsio,

1547 1340 1582 1369 et
1608 1332 1760 1369 kerkisis
1789 1339 1843 1369 est
1876 1331 2057 1369 attractio.
2096 1333 2232 1380 Spathe
2260 1331 2362 1370 enim
2399 1330 2437 1368 in
2469 1342 2605 1379 graeco

1546 1385 1680 1422 dicitur
1699 1385 1798 1422 ensis
1815 1385 1878 1422 vel
1907 1385 2061 1434 spathaz
2089 1384 2191 1422 unde
2222 1383 2400 1433 spathesis
2430 1383 2532 1421 idem
2551 1390 2608 1421 est

1545 1438 1650 1487 quod
1668 1438 1863 1486 spathati0‚
1878 1437 1974 1474 idest
1987 1437 2180 1486 percussio
2194 1449 2264 1486 per
2283 1449 2426 1483 ensem,
2446 1447 2544 1484 quae
2562 1436 2606 1474 fit

1544 1491 1734 1539 pellendo.
1763 1491 1812 1527 Et
1835 1490 1921 1527 ideo
1941 1490 2012 1527 alia
2031 1490 2150 1528 littera
2169 1502 2267 1539 quae
2286 1489 2375 1527 dicit
2391 1488 2604 1537 speculatio,

1544 1543 1696 1580 videtur
1728 1555 1810 1580 esse
1837 1543 1928 1580 vitio
1962 1542 2152 1592 scriptoris
2180 1549 2376 1591 cormpta3
2415 1541 2504 1590 quia
2533 1553 2604 1590 pro

1543 1597 1776 1644 spathatione
1801 1595 1927 1645 posuit
1953 1596 2252 1644 speculationem.
2281 1594 2454 1632 Kerkisis
2475 1601 2605 1631 autem

1546 1657 1602 1686 est
1619 1649 1800 1686 attractio.
1821 1649 1889 1686 Est
1907 1655 2035 1686 autem
2054 1648 2174 1685 kerkis
2191 1648 2230 1685 in
2248 1660 2384 1696 graeco
2409 1646 2606 1696 quoddam

1545 1702 1839 1739 instmmentum
1867 1714 1944 1750 quo
1972 1709 2128 1738 utuntur
2154 1708 2326 1748 textores,
2351 1700 2455 1749 quod
2482 1699 2531 1737 ad
2563 1711 2605 1737 se

1546 1755 1698 1791 trahunt
1724 1754 1900 1801 texendo,
1921 1754 2026 1802 quod
2053 1753 2164 1790 latine
2185 1753 2318 1791 dicitur
2337 1753 2483 1790 radius.-
2500 1751 2604 1790 unde

1546 1807 1618 1844 alia
1644 1807 1764 1844 littera
1791 1807 1906 1843 habet
1924 1806 2094 1843 radiatio.
2125 1807 2276 1843 Homm
2301 1805 2403 1843 enim
2427 1805 2605 1853 duomm,

1546 1867 1582 1896 et
1610 1871 1941 1908 quorumcumque
1974 1866 2150 1896 motuum
2180 1858 2446 1896 emissivomm
2480 1865 2517 1894 et
2550 1869 2607 1895 re·-

1546 1913 1795 1961 ceptivorum,
1816 1912 1918 1949 aliud
1936 1919 1992 1948 est
2010 1912 2268 1961 congregatio,
2292 1910 2399 1959 quod
2413 1912 2433 1931 *
2447 1909 2607 1959 pertinet

1546 1966 1596 2003 ad
1624 1965 1885 2002 attractionem
1901 1965 1933 2012 ²⁸,
1954 1964 2043 2013 quia
2063 1976 2295 2012 congregans
2315 1971 2447 2001 movet
2465 1962 2606 2012 aliquid

1546 2018 1595 2055 ad
1614 2019 1790 2055 altemm:
1811 2017 1911 2055 aliud
1931 2025 1986 2054 est
2003 2009 2245 2067 disgregatio,
2261 2029 2361 2065 quae
2379 2016 2539 2065 pertinet
2557 2015 2608 2053 ad

1545 2071 1772 2120 pulsionem,
1793 2070 1880 2119 quia
1898 2069 2021 2119 pulsio
2043 2077 2098 2106 est
2121 2077 2248 2106 motus
2267 2069 2423 2106 alicuius
2451 2069 2499 2106 ab
2519 2068 2604 2106 alio.

1548 2124 1611 2161 Sic
1631 2135 1719 2171 ergo
1735 2130 1837 2172 patet
1851 2123 1957 2171 quod
1977 2122 2102 2159 omnis
2117 2129 2244 2159 motus
2264 2121 2393 2158 localis
2408 2129 2464 2158 est
2478 2133 2607 2169 aggre-

1547 2176 1646 2224 gatio
1670 2177 1732 2213 vel
1760 2175 2002 2223 disgregatim
2031 2175 2121 2223 quia
2149 2174 2273 2212 omnis
2293 2176 2312 2194 ⁴·
2332 2181 2459 2211 motus
2478 2173 2607 2214 localis

1549 2237 1603 2266 est
1617 2229 1665 2266 ab
1676 2228 1800 2277 aliquo
1811 2229 1873 2265 vel
1887 2228 1935 2266 ad
1951 2228 2102 2276 aliquid.
2115 2229 2164 2264 Et
2176 2240 2245 2277 per
2255 2239 2492 2276 consequens
2505 2234 2609 2276 patet

1548 2282 1652 2331 quod
1676 2281 1800 2318 omnis
1819 2289 1946 2318 motus
1965 2280 2093 2318 localis
2113 2288 2169 2317 est
2190 2280 2313 2329 pulsio
2332 2281 2394 2317 vel
2422 2279 2565 2317 tractio.

1607 2347 1620 2371 1
1629 2347 1664 2372 o.
1681 2334 1828 2371 Deinde
1840 2346 1927 2370 cum
1939 2333 2041 2371 dicit:
2056 2335 2206 2383 Vertigo
2217 2339 2341 2370 autem
2356 2340 2438 2380 etc.,
2449 2332 2606 2370 manife-

1549 2395 1620 2425 stat
1634 2387 1724 2436 quid
1739 2387 1784 2424 sit
1797 2387 1956 2436 vertigo;
1971 2394 2007 2423 et
2017 2386 2104 2423 dicit
2114 2387 2218 2435 quod
2227 2385 2373 2433 vertigo
2385 2393 2440 2422 est
2451 2385 2611 2434 quidam

1549 2448 1676 2477 motus
1692 2439 1924 2488 compositus
1936 2451 1981 2476 ex
1995 2446 2114 2476 tractu
2129 2446 2166 2476 et
2178 2439 2300 2488 pulsu.
2313 2439 2414 2476 Cum
2425 2438 2526 2475 enim
2541 2437 2607 2475 ali-

1549 2493 1640 2542 quid
1648 2493 1816 2540 vertitur,
1829 2505 1874 2529 ex
1883 2504 1959 2529 una
1968 2499 2074 2541 parte
2087 2492 2236 2540 pellitur
2246 2499 2283 2528 et
2293 2503 2338 2528 ex
2352 2491 2423 2528 alia
2437 2490 2605 2528 trahitur.

1602 2546 1750 2583 Deinde
1767 2558 1855 2582 cum
1871 2545 1974 2582 dicit:
1990 2545 2238 2594 Manifestum
2253 2545 2369 2594 igitur
2384 2552 2465 2591 etc„
2482 2551 2607 2581 osten-

1550 2599 1602 2636 dit
1621 2599 1726 2647 quod
1745 2610 1880 2635 omnes
1900 2605 2062 2646 quatuor
2080 2605 2206 2636 motus
2223 2599 2242 2619 ²²
2257 2597 2438 2646 praedicti
2457 2596 2506 2634 ad
2524 2597 2608 2646 pul—

1549 2664 1635 2689 sum
1664 2659 1700 2688 et
1727 2658 1886 2688 tractum
1915 2650 2157 2697 reducuntur,
2188 2657 2223 2686 et
2250 2650 2355 2700 quod
2382 2650 2485 2687 idem
2515 2657 2571 2687 est
2586 2650 2608 2671 '⁸

1549 2704 1729 2742 iudicium
1745 2704 1792 2741 de
1808 2703 1997 2750 omnibus,
2010 2711 2047 2740 et
2057 2703 2104 2740 de
2119 2703 2197 2740 istis
2212 2703 2374 2741 duobus.
2387 2703 2488 2750 Quia
2503 2702 2607 2740 enim

1548 2758 1672 2795 vectio
1689 2756 1855 2794 consistit
1869 2757 1907 2793 in
1921 2757 2038 2793 tribus
2053 2756 2144 2803 aliis,
2157 2763 2192 2792 et
2205 2756 2350 2804 vertigo
2367 2755 2610 2805 componitur

1550 2823 1595 2847 ex
1623 2811 1735 2859 pulsu
1756 2817 1791 2846 et
1808 2818 1943 2857 tractu,
1967 2809 2186 2858 relinquitur
2213 2810 2318 2858 quod
2337 2809 2462 2846 omnis
2481 2816 2608 2846 motus

1550 2863 1677 2900 localis
1706 2864 1770 2911 qui
1803 2870 1859 2900 est
1891 2863 1939 2899 ab
1967 2862 2062 2909 alio,
2092 2862 2281 2899 reducitur
2314 2862 2362 2899 ad
2389 2863 2542 2911 pulsum
2571 2869 2609 2899 et

1549 2924 1721 2953 tractum.
1747 2916 1857 2954 Unde
1886 2915 2129 2953 manifestum
2159 2923 2213 2952 est
2239 2914 2345 2964 quod
2372 2914 2404 2951 si
2430 2914 2470 2951 in
2495 2914 2608 2964 pulsu

1551 2977 1586 3006 et
1613 2977 1732 3006 tractu
1760 2981 1922 3006 movens
1948 2976 1983 3005 et
2001 2975 2150 3005 motum
2179 2968 2284 3005 sint*
2299 2967 2422 3014 simul,
2443 2967 2539 3004 idest
2557 2967 2608 3004 ita

1551 3022 1655 3071 quod
1682 3022 1825 3070 pellens
1853 3021 1899 3058 sit
1926 3021 2036 3058 simul
2065 3033 2154 3058 cum
2184 3033 2229 3057 eo
2255 3019 2359 3070 quod
2386 3020 2545 3069 pellitur,
2572 3027 2609 3057 et

1550 3076 1700 3112 trahens
1735 3087 1823 3111 cum
1853 3086 1898 3110 eo
1937 3073 2041 3123 quod
2068 3073 2245 3119 trahitur3
2275 3085 2512 3121 consequens
2541 3072 2608 3110 erit

1550 3127 1810 3165 universaliter
1827 3139 1962 3164 vemm
1983 3139 2077 3173 esse,
2097 3126 2202 3174 quod
2218 3127 2361 3164 nullum
2377 3126 2422 3163 sit
2436 3125 2607 3164 medium

1550 3181 1646 3218 inter
1673 3192 1836 3218 movens
1866 3179 2076 3216 secundum
2104 3180 2232 3216 locum
2261 3187 2298 3216 et
2324 3186 2473 3216 motum
2493 3186 2517 3216 ³¹.

1604 3329 1622 3361 ι)
1641 3329 1679 3354 ad
1697 3329 1863 3354 tractionem.
1876 3343 1895 3348 -
1906 3329 1943 3354 ad
1960 3329 2146 3354 attractionem
2161 3329 2254 3354 PGNR
2272 3333 2298 3353 et
2310 3329 2400 3354 Venet.
2419 3327 2498 3359 15513
2517 3328 2554 3353 ad
2566 3335 2607 3353 re-

1551 3365 1707 3389 tractionem
1722 3365 1754 3395 C;
1765 3365 1822 3389 edd.
1835 3372 1852 3388 a
1864 3364 1878 3389 b
1894 3369 1918 3389 et
1927 3365 2020 3389 Vener.
2034 3363 2108 3396 1504,
2122 3363 2187 3396 1545
2201 3364 2290 3397 legunt
2302 3371 2361 3389 cum
2374 3369 2421 3389 cet.
2436 3363 2608 3388 codd.-1nfm

1550 3407 1597 3432 pro
1616 3399 1726 3424 kerkisis
1744 3405 1769 3424 et
1787 3399 1887 3428 kerkis,
1905 3399 2010 3425 cercisis
2035 3405 2061 3424 et
2084 3399 2166 3425 cercis
2185 3400 2225 3424 ed.
2245 3399 2259 3424 b
2279 3405 2303 3424 et
2321 3405 2472 3432 sequentes,
2498 3399 2607 3424 rethesis

1550 3435 1590 3459 ed.
1609 3442 1637 3463 a.
1658 3435 1772 3460 kerkesis
1791 3435 1864 3460 codd.
1884 3442 2005 3467 expresse
2023 3435 2064 3459 vel
2090 3440 2216 3468 corrupte.
2229 3448 2248 3454 -
2267 3434 2317 3459 Pro
2335 3434 2441 3467 spathe,
2459 3434 2549 3467 spathi
2566 3434 2608 3459 vel

1549 3470 1620 3501 spati
1638 3470 1711 3494 codd.
1726 3475 1751 3495 et
1770 3471 1835 3499 edd..
1849 3470 1991 3495 secundum
2010 3469 2218 3503 orthographiam
2238 3470 2339 3494 illorum
2353 3474 2510 3503 temporum.

1603 3504 1628 3537 κ)
1648 3505 1761 3530 medium
1782 3505 1852 3530 inter
1870 3512 1976 3530 movens
1989 3505 2131 3531 secundum
2151 3505 2235 3530 locum
2251 3508 2278 3530 et
2292 3505 2471 3530 motum-lta
2486 3505 2505 3529 P
2520 3508 2607 3528 secuta

1550 3540 1639 3564 Vener.
1659 3537 1737 3571 150&
1759 3541 1871 3565 medium
1892 3540 2019 3565 moventis
2037 3540 2178 3565 secundum
2192 3541 2276 3565 Iocum
2291 3543 2317 3565 et
2331 3539 2396 3565 moti
2414 3539 2519 3564 BNsCH
2539 3543 2565 3564 et
2578 3538 2605 3567 b,

1550 3574 1664 3599 medium
1679 3575 1807 3600 moventis
1822 3575 1943 3607 (movens
1957 3574 1993 3610 L)
2008 3575 2151 3601 secundum
2165 3575 2250 3600 locum
2264 3578 2291 3600 et
2305 3578 2404 3600 motum
2419 3579 2467 3599 cet.
2481 3579 2507 3599 et
2520 3580 2546 3598 a.

2633 1918 2649 1943 '⁷
2662 1922 2724 1944 quae
2742 1916 2844 1944 amr}
2874 1918 2877 1919 ’

2633 1970 2643 1980 ·
2658 1949 2797 1992 hagnam
2815 1974 2844 1992 o
2869 1976 2872 1977 ⁷

2634 2179 2645 2189 ·
2658 2178 2734 2200 onnes
2747 2184 2795 2201 om.
2809 2184 2830 2201 r.

2634 2652 2644 2661 ·
2653 2651 2691 2672 νει
2696 2650 2761 2673 nodi
2765 2649 2843 2673 add-1«.
2858 2678 2862 2684 γ

2634 2708 2645 2718 ·
2664 2709 2701 2729 est
2716 2713 2765 2730 om.
2783 2713 2844 2730 mm
2859 2698 2862 2702 .

2633 2739 2718 2756 mro.
2854 2739 2859 2747 >

2634 2972 2644 2981 ·
2662 2972 2718 2992 nme
2736 2969 2789 2993 edd.
2808 2953 2864 2992 af

2634 2996 2745 3046 gssqodd.
2764 3002 2813 3019 exc.
2830 2997 2860 3043 Ιῖ
