2898 3996
187 606 198 615 ⁸
212 606 298 633 accipit
316 605 396 627 recab.

186 817 195 824 ·
211 815 270 836 enim
284 814 336 836 add.
354 821 397 837 tm

186 847 223 862 uz.

188 921 197 928 '
212 919 281 941 Num.
296 925 317 947 7.

186 1029 195 1037 ”
221 1028 322 1049 ostendit
349 1034 397 1050 orn.

185 1054 236 1081 rab,
252 1060 293 1075 ceo
308 1055 350 1076 lac.

185 1134 194 1143 .

186 1133 327 1186 “1:1117111111223312,
338 1162 364 1181 ut
377 1166 397 1181 s.

187 1187 196 1195 ”
211 1185 281 1207 Num.
296 1192 316 1213 5.

186 1347 194 1356 ·
203 1346 344 1373 cfflectmv,
353 1352 394 1368 na.

183 1446 194 1455 ⁴
209 1452 300 1474 semper
313 1446 366 1469 add.
383 1453 396 1468 Ε

185 1478 284 1520 f''N'Lecn
293 1505 332 1526 vu,
347 1505 370 1521 n.
379 1506 396 1521 r.

281 1535 298 1551 α

185 1715 193 1723 ·
222 1713 284 1735 Lect.
299 1719 341 1735 χιι.
358 1713 394 1735 cf.

185 1740 236 1761 lect.
246 1746 267 1765 v,
279 1746 341 1761 n.1o.

183 1767 192 1775 ·
208 1768 296 1787 motore
316 1772 360 1787 suo
374 1772 394 1793 z,

184 1798 231 1814 om.
246 1798 343 1814 eroum.

185 1925 192 1933 ·
208 1926 276 1945 erunt
295 1923 347 1945 add.
371 1930 394 1945 n.

282 2287 297 2319 β

187 2397 194 2405 ·
212 2395 282 2417 Num.
297 2401 345 2423 seq.

186 2506 193 2514 ’
209 2504 278 2525 Num.
290 2510 364 2532 praec.

282 2641 298 2665 Υ

188 2668 195 2675 ’
214 2666 274 2687 Lect.
285 2672 317 2687 vn
334 2672 381 2693 seq.

422 241 498 289 456

421 320 479 348 tiae
500 318 628 348 motoris.
644 335 662 340 -
680 327 706 354 9.
729 317 917 345 Concluditur
930 315 1086 353 principale
1103 316 1255 350 intentum,
1276 324 1381 352 nempe
1402 316 1482 352 quod

424 358 600 396 impossibile
621 364 664 386 est
683 357 809 394 primum
830 364 950 384 movens
971 356 1075 383 habere
1097 355 1223 391 aliquam
1243 354 1480 391 magnitudinem,

423 398 524 427 velita
545 398 624 434 quod
644 397 739 434 ipsum
767 396 802 424 sit
829 404 934 432 corpus
954 395 998 422 vel
1020 395 1099 431 quod
1122 394 1158 422 sit
1184 393 1272 422 virtus
1293 393 1323 430 in
1343 403 1480 430 corpore:

513 523 523 535 .
542 520 555 533 ψ
582 525 616 545 -.1
644 538 654 544 „
670 515 675 526 ¹
689 497 792 533 oluta
819 493 1050 533 dubitatione
1079 505 1196 542 quam
1231 500 1406 530 moverat
1433 493 1482 530 de

500 586 507 594 .
572 546 676 591 “75:³5
689 556 796 585 motu
823 546 1077 596 proiectionis,
1099 558 1143 582 ex
1164 545 1268 582 cuius
1294 545 1481 582 solutione

625 591 677 638 ’ἐξ
689 600 832 649 accepit
850 600 870 621 ²⁸
888 599 994 647 quod
1025 610 1104 635 non
1138 605 1192 634 est
1223 610 1321 634 unus
1355 605 1481 635 motus

690 653 888 690 continuus
908 651 972 700 qui
994 657 1049 687 est
1068 662 1090 687 a
1107 650 1276 699 pluribus
1295 650 1482 687 moventi-

425 708 506 754 bus,
528 707 589 743 hic
608 706 751 744 accedit
770 705 818 742 ad
836 703 1042 753 principale
1061 703 1312 752 propositum,
1328 710 1370 739 ut
1388 702 1482 739 scili-

425 767 484 796 cet
502 759 675 796 ostendat
691 758 874 795 unitatem
893 756 1006 805 primi
1025 755 1194 792 motoris.
1224 756 1272 792 Et
1291 755 1389 792 circa
1408 755 1483 791 hoc

425 812 501 849 duo
521 812 626 848 facit:
654 811 778 860 primo
802 811 821 831 ²¹²
841 808 1005 846 ostendit
1025 807 1283 856 propositum;
1313 808 1481 845 secundo

425 872 556 901 movet
575 865 767 913 quandam
788 861 1061 899 dubitationem
1077 867 1113 897 et
1127 860 1250 908 solvit,
1266 860 1334 897 ibi:
1353 861 1484 897 Habet

424 923 548 954 autem
568 912 832 954 dubitationem
849 915 868 936 ’¹‘
884 921 952 951 etc.
975 913 1085 951 Circa
1102 913 1271 962 primurn
1290 912 1359 950 tria
1377 913 1480 950 facit:

423 969 548 1018 primo
574 968 736 1006 ostendit
753 968 935 1005 unitatem
961 966 1073 1016 primi
1097 965 1256 1002 motoris
1278 977 1348 1014 per
1367 965 1483 1002 conti-

424 1022 607 1059 nuitatem
628 1029 774 1066 motus3
804 1020 973 1057 secundo
999 1018 1161 1056 ostendit
1174 1018 1195 1039 '¹‘
1209 1018 1408 1067 quomodo
1432 1019 1480 1055 ab

423 1087 500 1112 uno
522 1081 670 1111 motore
689 1072 860 1122 procedit
878 1079 1005 1109 motus
1025 1071 1237 1119 continuus,
1252 1070 1322 1108 ibi:
1343 1071 1386 1108 Si
1402 1071 1481 1120 qui-

423 1128 506 1164 dem
526 1127 642 1177 igitur
660 1131 780 1163 motus
792 1127 811 1148 '¹‘
823 1133 909 1171 etc.;
929 1124 1037 1162 tertio
1055 1124 1122 1161 ubi
1136 1123 1177 1145 ³¹⁶*
1191 1123 1237 1160 sit
1253 1123 1481 1173 principium

423 1188 550 1216 motus
579 1178 756 1226 continui,
777 1178 844 1215 ibi:
873 1178 1036 1215 Necesse
1063 1182 1117 1214 est
1141 1181 1265 1213 autem
1283 1177 1302 1198 ²¹⁵
1322 1183 1390 1213 etc.

478 1244 512 1269 2.
531 1232 647 1279 Quod
662 1239 790 1269 autem
809 1243 964 1268 necesse
979 1230 1025 1267 sit
1039 1242 1121 1267 esse
1140 1241 1262 1266 unum
1275 1236 1478 1275 motorem,

422 1286 559 1334 probat
586 1298 654 1333 per
683 1283 966 1322 continuitatem
994 1290 1134 1330 motus,
1164 1281 1352 1329 accipiens
1376 1281 1481 1329 quod

423 1351 537 1387 supra
549 1338 568 1359 ²¹²
583 1338 823 1387 probaverat,
840 1335 944 1384 quod
963 1347 1118 1372 necesse
1139 1341 1193 1371 est
1212 1333 1377 1382 aliquem
1397 1345 1479 1370 mo-

422 1398 504 1428 tum
529 1391 750 1428 continuum
769 1401 922 1437 semper
941 1400 1034 1424 esse.
1066 1388 1195 1424 Motus
1214 1393 1342 1423 autem
1364 1386 1479 1423 conti-

423 1456 521 1480 nuus
533 1445 552 1465 ’¹‘
569 1451 623 1480 est
636 1455 747 1490 unus,
763 1449 804 1478 ut
819 1441 961 1478 dictum
977 1447 1032 1477 est
1046 1439 1084 1476 in
1099 1439 1229 1487 quinto
1240 1439 1294 1475 **;
1312 1451 1400 1486 ergo
1415 1451 1480 1476 ne-

424 1508 527 1533 cesse
543 1504 598 1533 est
612 1495 763 1543 semper
783 1496 865 1530 esse
885 1493 1049 1541 aliquem
1069 1499 1218 1528 motum
1231 1503 1353 1528 unum
1368 1497 1397 1528 α.
1417 1493 1479 1529 Ad

422 1549 496 1585 hoc
515 1556 642 1585 autem
662 1546 767 1596 quod
786 1553 912 1582 motus
933 1545 978 1582 sit
996 1557 1106 1592 unus,
1126 1556 1280 1582 necesse
1300 1551 1356 1581 est
1374 1545 1479 1594 quod

423 1601 468 1638 sit
494 1601 604 1638 unius
641 1598 907 1647 magnitudinis
944 1605 1070 1634 motae
1109 1597 1221 1646 (quia
1249 1609 1327 1634 non
1356 1605 1480 1646 potest

423 1654 571 1691 moveri
599 1652 753 1701 aliquod
781 1651 1026 1700 impartibile,
1055 1657 1097 1687 ut
1122 1650 1328 1698 probatum
1357 1658 1413 1687 est
1439 1650 1478 1687 in

423 1715 527 1744 sexto
550 1707 606 1752 *);
627 1713 663 1742 et
682 1705 794 1742 etiam
824 1711 972 1753 oportet
990 1703 1096 1752 quod
1115 1703 1160 1739 sit
1179 1703 1226 1739 ab
1245 1715 1323 1740 uno
1353 1710 1477 1740 moto-

422 1772 461 1796 re
483 1760 512 1796 ²¹⁸.
536 1759 624 1796 Sive
654 1759 756 1794 enim
785 1757 856 1794 sint
875 1757 1024 1794 diversa
1051 1755 1220 1802 mobilia,
1240 1756 1320 1793 sive
1341 1755 1479 1793 diversi

422 1819 602 1858 motores,
622 1823 701 1847 non
720 1810 788 1847 erit
806 1822 904 1846 unus
931 1816 1070 1856 motus,
1100 1816 1136 1845 et
1153 1821 1223 1857 per
1242 1821 1479 1858 consequens

422 1877 492 1902 nec
521 1864 740 1901 continuus:
780 1862 846 1899 sed
876 1862 943 1899 erit
969 1874 1067 1898 unus
1095 1868 1223 1898 motus
1251 1861 1393 1898 divisus
1430 1862 1477 1898 ab

421 1918 507 1965 alio,
525 1916 708 1954 divisione
729 1915 880 1952 mobilis
898 1915 961 1952 vel
975 1914 1144 1961 motoris,
1165 1922 1202 1950 et
1214 1914 1478 1963 *consequen-

420 1979 476 2008 ter
503 1982 542 2007 se
571 1970 764 2006 habentes.
794 1969 963 2005 Necesse
992 1975 1046 2004 est
1073 1966 1182 2015 igitur
1205 1979 1368 2004 movens
1397 1979 1478 2004 esse

421 2035 554 2070 unum,
576 2022 680 2071 quod
698 2022 759 2058 vel
779 2029 936 2058 moveat
963 2027 1124 2067 motum,
1152 2020 1215 2056 vel
1234 2027 1391 2056 moveat
1409 2019 1477 2056 im-

422 2075 562 2113 mobile
592 2074 764 2111 existens.

477 2129 510 2165 3.
540 2127 688 2164 Deinde
727 2138 814 2163 cum
852 2125 959 2162 dicit:
999 2125 1041 2161 Si
1066 2124 1213 2173 quidem
1241 2124 1357 2173 igitur
1385 2131 1477 2170 etc.‚

422 2179 584 2218 ostendit
620 2179 817 2228 quomodo
855 2179 902 2214 ab
939 2190 1018 2214 uno
1056 2184 1204 2214 motore
1241 2177 1359 2225 possit
1396 2189 1477 2213 esse

421 2241 548 2271 motus
577 2233 787 2270 continuus.
818 2232 867 2267 Et
895 2230 991 2267 circa
1019 2231 1093 2266 hoc
1113 2229 1189 2266 duo
1218 2229 1324 2266 facit:
1352 2229 1478 2278 primo

423 2286 524 2323 enim
545 2285 707 2322 ostendit
725 2283 742 2313 β
762 2283 960 2332 quomodo
990 2283 1038 2319 ab
1075 2295 1152 2319 uno
1182 2290 1332 2319 motore
1358 2282 1478 2331 possit

423 2351 504 2376 esse
524 2345 650 2375 motus
670 2349 822 2386 semper
841 2336 1057 2382 continuus;
1087 2335 1255 2372 secundo
1279 2335 1477 2383 quomodo

422 2392 467 2428 sit
495 2390 692 2439 regularis,
722 2390 793 2426 ibi:
821 2390 872 2426 Et
897 2389 1084 2438 regularis
1114 2389 1134 2409 '¹‘
1163 2395 1230 2425 etc.
1260 2388 1359 2425 Dicit
1388 2399 1477 2435 ergo

421 2444 559 2493 primo,
589 2444 693 2492 quod
722 2451 847 2479 motus
875 2454 993 2489 unus,
1023 2441 1087 2489 qui
1121 2448 1176 2477 est
1208 2441 1256 2477 ab
1284 2453 1362 2478 uno
1395 2453 1478 2477 mo-

421 2506 514 2544 tore,
544 2497 638 2533 sicut
665 2496 806 2533 dictum
836 2502 890 2531 est
910 2497 941 2542 '‘,
971 2502 1034 2531 aut
1062 2501 1118 2530 est
1136 2506 1158 2530 a
1177 2501 1325 2530 motore
1353 2501 1477 2540 moto,

423 2558 486 2587 aut
518 2562 539 2586 a
572 2556 720 2586 motore
758 2560 836 2585 non
872 2554 990 2584 moto.
1030 2547 1070 2583 Si
1103 2546 1257 2595 quidem
1294 2546 1403 2593 igitur
1435 2545 1481 2582 sit

422 2614 584 2639 movens
612 2609 782 2648 motum,
812 2601 979 2649 sequitur
1007 2599 1111 2648 quod
1139 2606 1318 2635 movetur
1344 2599 1392 2634 ab
1416 2598 1480 2634 ali-

424 2668 499 2704 quo
519 2661 551 2702 ⁷,
582 2654 792 2691 secundum
822 2665 866 2690 ea
894 2665 992 2701 quae
1022 2665 1134 2700 supra
1156 2652 1175 2673 *
1194 2651 1355 2699 probata
1382 2658 1478 2687 sunt.

478 2786 504 2818 α)
517 2793 617 2811 necesse
627 2789 665 2810 est
677 2791 779 2816 semper
788 2791 843 2809 esse
853 2784 966 2815 aliquem
980 2785 1079 2808 motum
1093 2789 1183 2807 unum.
1191 2795 1210 2800 -
1219 2788 1320 2806 necesse
1331 2784 1370 2806 est
1379 2789 1481 2814 semper

423 2821 543 2846 accidere
561 2821 674 2853 aliquem
694 2823 793 2845 motum
812 2826 867 2844 esse
880 2826 960 2843 unum
975 2817 1064 2842 PBCM
1077 2822 1103 2841 et
1116 2818 1207 2842 venet.
1224 2816 1302 2848 15043
1322 2823 1424 2842 necesse
1442 2820 1482 2842 est

424 2863 527 2888 semper
541 2856 661 2888 (semper
675 2863 728 2880 om.
743 2855 800 2886 ab)
819 2854 932 2886 aliquem
946 2856 1045 2878 motum
1064 2859 1119 2877 esse
1138 2859 1218 2876 unum
1237 2851 1305 2880 Fab;
1324 2859 1424 2877 necesse
1442 2855 1482 2877 est

425 2898 478 2916 esse
494 2892 558 2923 (esse
570 2899 623 2915 om.
634 2889 666 2924 E)
681 2890 793 2922 aliquem
809 2897 888 2914 unum
904 2891 1002 2913 motum
1013 2887 1159 2912 EG.-Lin.
1173 2895 1228 2919 seq.
1243 2893 1345 2912 necesse
1358 2890 1397 2911 est
1412 2887 1482 2919 quod

425 2926 459 2951 sit
472 2934 525 2950 om.
539 2926 616 2957 NpH;
632 2933 678 2957 pro
693 2925 781 2954 unius,
804 2931 870 2949 unus
884 2924 924 2948 ed.
939 2930 964 2953 a,
978 2926 1004 2948 et
1017 2929 1084 2947 unus
1099 2922 1226 2955 1KYZpA‚
1239 2925 1265 2947 et
1279 2922 1355 2947 unius
1368 2922 1480 2947 CFHLN

452 2960 592 2985 RTVXsA.

426 2961 451 2992 Q
479 2994 505 3029 β)
515 2994 604 3027 primo
618 2995 687 3019 enim
707 2994 823 3019 ostendit
836 2998 884 3018 etc.
898 3007 915 3012 -
930 2993 980 3017 Pro
994 2993 1071 3022 enim,
1082 2993 1152 3025 quod
1166 3000 1220 3017 orn.
1234 2992 1294 3022 Pub,
1306 2995 1408 3017 tantum
1423 2992 1453 3017 D.
1462 3007 1482 3011 —

426 3031 538 3062 Pei-gunt
556 3030 625 3055 Pab:
644 3030 774 3062 quomodo
792 3030 825 3054 ab
846 3035 897 3053 uno
916 3031 1017 3053 motore
1031 3028 1118 3060 possit
1135 3034 1190 3052 esse
1209 3034 1276 3052 unus
1295 3031 1381 3052 motus
1399 3027 1482 3052 conti-

426 3073 493 3090 nuus
512 3072 622 3097 semper,
637 3070 726 3090 contra
744 3072 836 3089 omncs
851 3063 961 3088 codices.
974 3077 993 3082 -
1007 3063 1056 3087 Pro
1074 3063 1145 3095 quod
1159 3066 1245 3087 motus
1265 3070 1332 3087 unus
1350 3063 1421 3095 qui...
1435 3066 1483 3087 aut

425 3105 464 3126 est
482 3108 499 3126 a
518 3103 627 3129 motare,
643 3100 713 3132 quod
731 3103 817 3124 motus
837 3106 903 3123 unus
921 3102 960 3123 est
978 3098 1023 3130 qui
1041 3098 1114 3130 (quia
1128 3098 1210 3131 EN)...
1228 3101 1276 3123 aut
1290 3100 1329 3122 est
1345 3105 1363 3122 α
1382 3101 1483 3123 motore

426 3136 546 3164 EGHNa,
567 3136 638 3168 quod
657 3138 742 3160 motus
765 3137 804 3160 est
822 3141 889 3159 unus
912 3134 983 3166 qui...
1001 3137 1049 3158 aut
1067 3136 1107 3158 est
1130 3140 1148 3158 a
1167 3136 1268 3158 motore
1287 3133 1377 3158 Venet.
1402 3133 1480 3165 15o4;

426 3171 474 3196 hoc
494 3172 512 3196 Ρ
531 3177 556 3196 ct
576 3171 666 3196 Venet.
685 3169 748 3202 1545
769 3170 910 3201 corrigunt:
930 3169 1000 3201 quod
1019 3172 1104 3193 motus
1123 3171 1161 3193 est
1181 3175 1247 3193 unus
1265 3168 1336 3200 qui...
1350 3169 1404 3193 Aut
1418 3175 1482 3202 ergo

426 3210 465 3231 est
482 3214 499 3231 α
518 3209 635 3236 motore,·
653 3206 687 3230 F:
707 3205 778 3238 quod
791 3208 877 3230 motus
895 3212 961 3229 unus
979 3210 1107 3236 semper...
1125 3203 1180 3228 Aut
1194 3203 1261 3228 enim
1281 3206 1320 3228 est
1337 3210 1354 3227 α
1374 3207 1482 3229 motore.

427 3242 515 3266 Lectio
533 3242 548 3266 b
567 3247 592 3266 et
611 3246 666 3271 cet.,
682 3248 760 3273 quam
780 3241 940 3272 adoptamus,
955 3239 1030 3264 obvia
1049 3243 1096 3264 est.

480 3278 505 3310 γ)
526 3279 645 3302 movetur
663 3277 696 3301 ab
714 3276 811 3308 aliquo.
824 3289 842 3294 -
857 3278 972 3300 mutetur
990 3274 1023 3299 ab
1042 3274 1131 3306 aliquo
1149 3273 1202 3298 alio
1222 3273 1386 3305 DEGRsNO,
1402 3277 1483 3299 mute-

428 3315 472 3336 tur
491 3315 516 3336 ct
534 3312 567 3337 ab
585 3312 674 3343 aliquo
692 3311 745 3335 alio
764 3315 812 3335 cet.
825 3324 844 3329 -
858 3311 947 3335 Statim
966 3316 1047 3342 supra
1065 3317 1118 3334 om.
1131 3308 1280 3334 EFGHNR.

463 3346 487 3378 ὃ)
506 3347 553 3371 sed
568 3349 656 3378 potest
674 3353 777 3377 semper
800 3353 904 3370 movere
923 3350 970 3370 etc.
982 3358 1001 3364 -
1018 3345 1065 3369 sed
1085 3347 1175 3376 potest
1192 3350 1295 3376 semper
1313 3351 1417 3369 movere
1434 3344 1484 3369 sei-

428 3381 487 3406 licet
506 3382 601 3414 absque
620 3381 661 3406 sui
680 3381 825 3406 mutatione
844 3380 1009 3414 infatigabile
1027 3380 1069 3405 ed.
1081 3387 1098 3404 a
1116 3380 1237 3404 omittens
1256 3378 1352 3404 hon-iot.
1366 3379 1428 3411 quia
1446 3380 1484 3404 sic

430 3424 533 3441 movere
546 3422 571 3441 et
589 3420 643 3445 est5
662 3416 698 3440 Pb
712 3417 855 3448 corrigunt:
874 3416 921 3440 sed
928 3418 1017 3447 potest
1035 3422 1138 3447 semper
1151 3421 1263 3445 mouere,
1278 3414 1375 3439 scilicet
1387 3414 1484 3447 absque

429 3451 470 3476 sui
489 3452 646 3479 mutatione,-
665 3451 727 3482 quia
745 3451 782 3476 sic
801 3458 912 3479 movere,
927 3451 1025 3475 scilicet
1043 3450 1139 3482 absque
1157 3449 1199 3475 sui
1217 3449 1370 3478 mutatione,
1385 3453 1425 3474 est
1444 3450 1483 3474 in—

424 3486 581 3519 satigabile;
601 3487 646 3511 sed
660 3487 718 3519 quia
738 3486 815 3511 verba
828 3486 926 3511 scilicet
944 3486 1040 3518 absque
1053 3485 1095 3510 sui
1114 3485 1260 3511 mutatione
1274 3484 1335 3509 nihil
1351 3485 1483 3510 intendunt

432 3521 479 3545 nisi
498 3521 622 3553 explicare
641 3521 825 3553 praecedentia,
841 3529 933 3553 nempe
952 3521 988 3545 sic
1009 3527 1118 3549 movere,
1140 3525 1167 3545 ut
1186 3525 1266 3553 patet,
1286 3519 1343 3545 ideo
1358 3527 1387 3544 ea
1405 3519 1482 3553 priori

432 3555 489 3580 loco
509 3556 675 3587 expunximus
695 3557 841 3581 auctoritate
859 3556 976 3580 omnium
995 3556 1119 3580 codicum.

1037 237 1381 275 PHYSICORUM
1407 237 1755 274 ARISTOTELIS
1785 238 1879 274 LIB.
1907 237 1994 274 VIII

1534 321 1612 351 patet
1626 314 1702 343 enim
1718 324 1751 343 ex
1772 314 1935 351 praemissis
1956 316 2037 352 quod
2051 315 2172 344 omnino
2192 322 2269 345 extra
2282 325 2372 354 genus
2392 317 2596 355 magnitudinis

1534 355 1619 399 debet
1639 363 1700 421 esfe
1721 354 1831 391 primus
1852 361 1964 390 motor,
1987 354 2036 391 qui
2057 361 2100 383 est
2120 364 2205 391 super
2225 356 2325 384 omnia
2338 357 2415 384 Deus
2429 356 2596 386 benedictus

1534 403 1564 422 m
1586 402 1670 422 saecu
1682 403 1707 422 a.

1537 494 1613 531 Sed
1640 494 1715 530 hoc
1742 506 1821 531 non
1857 501 1981 542 potest
2007 495 2214 543 procedere
2242 494 2281 531 in
2308 494 2520 544 infinitum,
2554 504 2597 534 ut

1536 559 1650 596 supra
1666 548 1685 568 '⁴²
1700 547 1905 595 probatum
1935 554 2010 583 est:
2045 558 2161 595 quare
2181 547 2292 584 stabit
2310 546 2377 584 iste
2395 560 2596 596 processus

1535 607 1731 636 motorum
1750 606 1787 636 et
1813 598 2027 646 mobilium,
2049 606 2084 635 et
2101 598 2346 647 pervenietur
2373 601 2423 638 ad
2441 600 2596 650 aliquod

1535 651 1703 700 primum
1731 651 1886 699 mobile,
1906 651 2012 700 quod
2037 658 2214 688 movetur
2233 651 2281 689 ab
2299 652 2486 690 immobili
2513 665 2595 691 mo-

1535 711 1633 750 tore;
1654 705 1759 754 quod
1778 704 1934 753 quidem
1953 716 2032 741 non
2050 704 2165 741 habet
2182 704 2444 742 necessitatem
2457 712 2499 746 ut
2513 717 2595 743 mo-

1535 763 1634 804 veat,
1665 757 1753 806 quia
1781 769 1859 793 non
1887 765 2064 794 movetur
2086 757 2133 793 ab
2163 756 2248 794 alio.
2279 757 2396 804 Quod
2416 757 2519 795 enim
2547 758 2596 795 ab

1536 809 1608 846 alio
1637 816 1834 856 movetur,
1865 821 1911 846 ex
1938 809 2158 846 necessitate
2193 817 2344 858 movet,
2383 810 2597 850 secundum

1537 861 1642 910 quod
1677 861 1884 910 imponitur
1913 861 1946 898 ei
1974 861 2176 899 necessitas
2204 874 2226 899 a
2253 874 2323 899 suo
2357 862 2598 900 motore..Et

1537 914 1626 963 quia
1653 921 1820 951 mutatur
1837 926 1860 950 a
1878 926 1947 950 sua
1975 914 2232 962 dispositione,
2252 927 2331 952 non
2348 923 2474 964 potest
2496 927 2596 952 sem-

1535 979 1604 1016 per
1632 978 1791 1004 movere
1819 966 2067 1014 uniformiter,
2097 967 2185 1015 quia
2204 967 2372 1004 variatur
2399 967 2595 1017 dispositio

1537 1020 1627 1056 eius.
1646 1019 1723 1056 Sed
1741 1019 1913 1056 moventi
1927 1031 2006 1056 non
2021 1026 2127 1056 moto
2148 1031 2227 1056 non
2245 1019 2453 1068 imponitur
2466 1033 2596 1058 neces-

1536 1072 1624 1109 sitas
1644 1073 1692 1109 ab
1721 1072 1807 1119 alio,
1837 1084 1908 1108 nec
1931 1078 2096 1108 mutatur
2119 1070 2314 1120 dispositio
2337 1071 2417 1109 eius
2437 1074 2473 1109 ⁴¹:
2492 1073 2596 1110 unde

1535 1137 1615 1162 non
1653 1137 1698 1161 ex
1734 1124 1956 1160 necessitate
1989 1131 2141 1171 movet,
2181 1123 2249 1161 sed
2285 1131 2409 1173 potest
2445 1137 2598 1175 semper
2640 1170 2642 1173 v

1535 1189 1693 1214 movere
1722 1173 1755 1222 δ;
1785 1176 1874 1224 quia
1901 1175 1954 1212 sic
1982 1188 2161 1223 movere,
2197 1176 2336 1213 scilicet
2367 1177 2510 1226 absque
2539 1190 2597 1215 sui

1535 1229 1764 1276 mutatione,
1794 1235 1850 1265 est
1876 1228 2113 1276 infatigabile.
2144 1229 2203 1265 Ex
2230 1229 2305 1266 hoc
2333 1229 2435 1267 enim
2463 1230 2597 1268 accidit

1534 1281 1698 1329 fatigatio
1727 1281 1764 1317 in
1793 1280 1988 1318 movendo
2022 1280 2208 1329 aliquibus
2240 1282 2474 1330 motoribus,
2507 1283 2596 1332 quia

1534 1334 1644 1371 simul
1665 1341 1701 1370 et
1717 1333 1790 1382 'ipsi
1813 1340 2034 1379 moventur;
2060 1341 2097 1370 et
2116 1345 2160 1371 ex
2180 1333 2394 1382 fatigatione
2419 1335 2598 1383 contingit

1535 1386 1638 1436 quod
1666 1398 1744 1423 non
1770 1393 1931 1436 possunt
1959 1398 2111 1436 semper
2137 1398 2309 1425 movere.
2343 1387 2454 1425 Unde
2487 1387 2597 1426 relin-

1533 1440 1658 1488 quitur
1686 1439 1791 1488 quod
1811 1450 1973 1476 movens
2001 1451 2080 1476 non
2109 1446 2257 1476 motum
2284 1447 2410 1489 potest
2436 1451 2596 1479 movere

1533 1499 1642 1530 motu
1671 1492 1850 1529 continuo
1880 1491 2124 1540 sempiterno.
2500 1534 2503 1537 ,

1585 1557 1622 1592 4.
1640 1545 1688 1581 Et
1707 1545 1795 1594 quia
1814 1544 1863 1582 ad
1881 1545 2088 1593 perfectam
2107 1551 2234 1581 motus
2255 1544 2539 1591 continuitatem
2561 1552 2597 1582 et

1532 1597 1714 1635 unitatem
1742 1597 1942 1646 requiritur
1961 1597 2066 1646 quod
2093 1604 2220 1634 motus
2243 1597 2289 1634 sit
2311 1598 2491 1646 regularis
2520 1605 2557 1634 et
2575 1599 2596 1620 *

1532 1650 1743 1698 uniformis,
1776 1658 1818 1688 ut
1844 1650 1883 1687 in
1911 1650 2043 1700 quinto
2065 1652 2083 1670 '⁵
2102 1649 2274 1687 habitum
2294 1657 2361 1697 est,
2390 1650 2477 1688 ideo
2507 1662 2598 1688 con-

1533 1710 1734 1752 sequenter
1761 1715 1849 1740 eum
1879 1703 1986 1740 dicit:
2014 1704 2066 1739 Et
2081 1702 2270 1752 regularis
2288 1703 2349 1740 hic
2367 1709 2488 1741 motus
2507 1710 2596 1751 etc.‚

1534 1755 1696 1793 ostendit
1724 1756 1827 1804 quod
1855 1763 1983 1792 motus
2011 1755 2075 1804 qui
2105 1763 2160 1792 est
2187 1768 2210 1792 a
2233 1762 2382 1793 motore
2409 1755 2598 1794 immobili

1533 1809 1579 1846 sit
1598 1809 1789 1856 regularis.
1820 1809 1869 1845 Et
1888 1807 1976 1845 dicit
2003 1808 2109 1856 quod
2135 1808 2197 1845 vel
2225 1809 2328 1845 solus
2350 1808 2420 1845 iste
2438 1814 2450 1830 ⁸
2468 1816 2597 1847 motus

1533 1861 1598 1910 qui
1627 1868 1684 1898 est
1710 1873 1733 1898 a
1760 1868 1909 1898 motore
1941 1859 2141 1907 immobili,
2162 1867 2217 1898 est
2244 1861 2443 1908 regularis3
2475 1861 2538 1898 vel
2565 1861 2597 1898 si

1533 1913 1647 1962 aliqui
1674 1913 1735 1950 alii
1763 1921 1849 1951 sunt
1876 1914 2081 1962 regulares,
2112 1913 2180 1950 iste
2210 1919 2265 1950 est
2292 1913 2459 1950 maxime
2487 1925 2596 1962 regu-

1533 1967 1628 2004 laris.
1658 1966 1781 2004 Utitur
1800 1973 1928 2006 autem
1947 1967 2019 2003 hac
2038 1965 2299 2012 disiunctione,
2329 1966 2418 2015 quia
2437 1965 2596 2015 disposi-

1532 2020 1583 2057 tio
1603 2019 1793 2057 moventis
1813 2019 1908 2056 moti
1928 2020 2158 2068 quandoque
2177 2030 2247 2067 per
2265 2018 2420 2067 aliquod
2444 2026 2596 2068 tempus

1532 2079 1662 2109 manet
1689 2072 1837 2118 eadem,
1867 2084 1946 2108 non
1972 2071 2132 2119 variata,
2153 2071 2202 2108 ad
2230 2071 2357 2108 minus
2384 2071 2599 2109 seeundum

1532 2137 1716 2171 sensum;
1742 2132 1778 2161 et
1806 2123 2017 2161 secundum
2052 2125 2128 2161 hoc
2154 2123 2305 2161 videtur
2339 2136 2409 2173 per
2441 2123 2596 2174 aliquod

1531 2184 1683 2226 tempus
1702 2189 1861 2214 movere
1881 2184 2031 2213 motum
2058 2176 2302 2214 uniformem.
2334 2176 2411 2226 Sed
2434 2176 2472 2214 id
2491 2175 2597 2227 quod

1531 2242 1683 2279 semper
1707 2237 1763 2267 est
1785 2230 1870 2277 tale,
1890 2229 2056 2267 maxime
2080 2236 2229 2266 motum
2256 2229 2490 2267 uniformem
2511 2241 2596 2267 mo·

1530 2290 1612 2329 vet;
1642 2282 1731 2331 quia
1759 2284 1831 2320 tale
1860 2295 2022 2320 movens
2043 2294 2122 2319 non
2148 2283 2265 2319 habet
2286 2294 2357 2319 nec
2374 2294 2492 2320 unam
2511 2293 2596 2320 mu-

1531 2335 1725 2372 tationem.
1747 2335 1866 2382 Quod‘
1882 2335 1970 2372 dicit
1985 2336 2034 2372 ad
2053 2335 2335 2372 ostendendum
2353 2335 2459 2383 quod
2478 2346 2595 2383 quae-

1533 2388 1622 2426 dam
1642 2387 1836 2425 moventia
1855 2395 1952 2435 sunt,
1973 2399 2070 2436 quae
2089 2400 2167 2424 non
2187 2394 2392 2425 moventur
2420 2399 2466 2424 eo
2485 2395 2595 2425 motu

1533 2453 1609 2489 quo
1636 2448 1805 2487 movent,
1834 2440 1930 2477 sicut
1957 2452 2094 2488 corpus
2123 2440 2282 2476 caeleste
2310 2452 2390 2477 non
2417 2448 2596 2478 movetur

1533 2500 1641 2531 motu
1671 2492 1910 2540 alterationis,
1931 2493 1999 2530 sed
2022 2499 2201 2530 movetur
2224 2492 2491 2543 quodambalio
2511 2505 2594 2530 mo-

1533 2553 1586 2593 tu,
1615 2545 1754 2582 scilicet
1781 2553 1890 2582 motu
1920 2545 2039 2582 locali.
2071 2545 2148 2583 Sed
2180 2545 2348 2594 primum
2380 2552 2545 2583 movens
2574 2547 2595 2568 *-

1535 2598 1691 2635 omnino
1713 2597 1938 2634 immobile*
1953 2599 2054 2635 nulla
2073 2598 2281 2635 mutatione
2300 2606 2490 2635 movetur.
2510 2599 2595 2636 Nec

1534 2651 1658 2688 solum
1679 2650 1876 2698 requiritur
1903 2651 1952 2687 ad
1980 2651 2054 2687 hoc
2082 2651 2187 2698 quod
2206 2658 2333 2688 motus
2352 2650 2398 2687 sit
2416 2651 2595 2699 regularis

1586 2781 1608 2814 ε)
1629 2782 1699 2814 quod
1717 2782 1758 2806 vel
1775 2782 1846 2807 solus
1865 2781 1914 2806 iste
1933 2786 1980 2806 etc.
1994 2795 2013 2800 -
2026 2781 2097 2814 quod
2122 2781 2172 2807 iste
2190 2782 2262 2808 solus
2286 2785 2373 2808 motus
2390 2786 2430 2808 est
2448 2783 2594 2817 regularis,

1534 2817 1579 2850 qui
1597 2820 1636 2842 est
1653 2824 1670 2842 a
1690 2820 1792 2842 motor-e
1811 2816 1944 2847 immobili,
1960 2817 2001 2841 vel
2019 2817 2042 2842 si
2066 2821 2115 2842 etc.
2129 2817 2193 2842 Pab.
2206 2830 2225 2837 -α
2241 2817 2292 2842 Pro
2315 2817 2406 2843 Utitur
2428 2821 2517 2843 autem
2545 2817 2596 2844 hac

1535 2852 1741 2877 disiunctione...
1752 2859 1803 2877 non
1817 2851 1895 2877 habet
1913 2859 1960 2878 nec
1975 2859 2054 2877 unam
2069 2852 2256 2882 mutationem,
2276 2852 2316 2877 ed.
2335 2859 2353 2878 a
2371 2853 2523 2878 oscitanter:
2541 2853 2594 2879 uti-

1535 2891 1579 2912 tur
1601 2891 1690 2912 autem
1712 2887 1762 2912 hac
1784 2887 2009 2913 demonstratione
2033 2887 2096 2920 quia
2115 2887 2252 2920 dispositio
2274 2888 2403 2913 mouentis
2421 2888 2487 2913 moti
2510 2893 2594 2920 quan-

1535 2923 1619 2955 doque
1633 2930 1685 2955 per
1700 2922 1810 2955 aliquod
1828 2925 1930 2954 tempus
1948 2926 2035 2948 movet
2047 2923 2137 2948 eodem
2157 2929 2208 2947 non
2224 2922 2329 2948 variato
2347 2923 2384 2948 ad
2397 2922 2484 2948 minus
2501 2929 2594 2949 secun-

1535 2957 1598 2983 dum
1616 2965 1728 2987 sensum,
1744 2961 1770 2983 et
1783 2958 1926 2983 secundum
1941 2958 1990 2983 hoc
2004 2958 2109 2983 videtur
2118 2965 2171 2990 per
2184 2957 2292 2990 aliquod
2306 2961 2408 2990 tempus
2421 2964 2527 2984 movere
2538 2965 2593 2984 mo-

1535 2996 1591 3018 tum
1605 2993 1770 3027 uniformem,
1785 2993 1850 3018 idest
1864 2993 1936 3025 quod
1948 3000 2052 3025 semper
2064 2996 2104 3018 est
2122 2993 2175 3018 tale
2189 2993 2308 3018 maxime
2321 2995 2420 3018 motum
2434 2993 2594 3027 uniformem

1535 3032 1635 3053 motum
1661 3031 1747 3054 movet
1770 3028 1832 3060 quia
1855 3028 1908 3054 tale
1932 3029 2108 3054 movens'non
2127 3028 2206 3053 habet
2230 3028 2282 3053 nisi
2305 3035 2386 3053 unam
2412 3029 2594 3054 mutationem.

1536 3064 1571 3088 Pb
1585 3071 1638 3088 orn.
1652 3063 1724 3093 moti,
1744 3071 1791 3096 pro
1810 3071 1862 3096 quo
1882 3066 1953 3088 motu
1972 3063 2031 3094 EG;
2051 3063 2086 3088 Pb
2104 3070 2158 3088 orn.
2177 3063 2253 3088 etiam
2272 3070 2331 3088 cum
2350 3063 2372 3088 D
2392 3063 2447 3088 Sed
2470 3063 2501 3089 id
2523 3063 2595 3097 quod

1535 3098 1822 3132 semper...uniformem
1842 3101 1941 3130 movet3
1961 3097 2066 3131 insuper
2083 3105 2131 3131 pro
2143 3105 2190 3124 nec
2198 3098 2234 3123 Pb
2249 3097 2343 3123 habent
2356 3098 2407 3124 nisi
2423 3106 2482 3124 cum
2495 3099 2594 3132 DNpH.

1536 3134 1736 3159 Homoteleuton
1749 3133 1804 3159 Sed
1818 3133 1847 3158 id
1858 3133 1930 3166 quod
1941 3140 2071 3166 semper...
2085 3133 2244 3167 uniformem
2256 3141 2309 3158 om.
2323 3133 2594 3165 AIKLMQRSTVXY

1536 3169 1622 3201 pBCO
1630 3176 1638 3199 ;
1656 3174 1704 3194 cet.
1718 3177 1770 3194 non
1782 3169 1951 3195 concordant:
1965 3176 2024 3194 nam
2038 3169 2060 3193 N
2074 3167 2164 3194 habet:
2179 3168 2383 3203 (uniformiter)
2398 3169 2427 3194 id
2438 3169 2510 3202 quod
2526 3175 2594 3194 sem·

1527 3211 1583 3237 ¹per
1602 3207 1641 3230 est
1659 3205 1712 3229 tale
1730 3204 1848 3229 maxime
1867 3207 1975 3234 motum,
1991 3207 2090 3229 motum
2111 3203 2281 3237 uniformiter
2299 3207 2400 3233 mont,-
2419 3204 2469 3229 sB:
2488 3210 2595 3230 movens

1536 3242 1623 3264 autem
1643 3239 1774 3264 immobile
1793 3242 1892 3264 motum
1910 3246 2012 3272 semper
2026 3239 2185 3272 uniformem
2204 3242 2303 3268 movet;
2321 3239 2371 3266 sC:
2386 3240 2434 3265 sed
2450 3239 2594 3265 seeundum

1536 3274 1675 3300 veritatem
1693 3275 1777 3300 solum
1797 3281 1902 3300 movens
1921 3274 2052 3300 immobile
2071 3277 2170 3300 motum
2194 3274 2352 3308 uniformem
2371 3278 2472 3303 moveo
2490 3274 2543 3300 00:
2563 3274 2595 3300 il-

1537 3310 1584 3335 lud
1602 3309 1673 3342 quod
1690 3316 1792 3342 semper
1810 3313 1850 3335 est
1868 3310 1921 3336 tale
1939 3310 2058 3335 maxime
2076 3312 2163 3335 movet
2182 3312 2280 3335 motum
2299 3317 2402 3342 semper
2420 3309 2578 3344 uniformem
2584 3316 2595 3339 ,²

1537 3345 1646 3377 EFGpH
1665 3353 1718 3370 om.
1733 3345 1795 3370 Sed.
1810 3345 1899 3370 Restat
1917 3353 1979 3378 ergo
1992 3353 2039 3378 pro
2053 3345 2163 3370 lectione
2181 3345 2299 3378 adoptata
2312 3345 2448 3371 auctoritas
2467 3344 2560 3370 codicis
2572 3344 2593 3370 Ζ

1537 3385 1562 3405 et
1580 3380 1731 3405 correctoris
1745 3381 1777 3405 H.
1789 3380 1933 3406 Dicendum
1951 3385 2038 3406 tamen
2052 3381 2122 3413 quod
2136 3381 2191 3413 ipsa
2205 3380 2280 3405 lectio
2293 3381 2317 3405 A
2335 3385 2396 3406 etc.;
2410 3383 2436 3405 et
2450 3379 2593 3414 secundum

1536 3415 1585 3441 hoc
1603 3415 1709 3441 videtur
1728 3413 1848 3449 (movens
1862 3415 1973 3449 motum)
1987 3423 2040 3448 per
2058 3415 2168 3448 aliquod
2185 3419 2287 3448 tempus
2302 3422 2406 3441 movere
2421 3418 2521 3440 motum
2536 3414 2594 3440 uni-

1529 3451 1647 3484 formem
1668 3453 1753 3476 movet
1771 3451 1833 3483 quia
1852 3451 1905 3476 tale
1929 3457 2035 3476 movens
2061 3458 2111 3476 non
2130 3450 2208 3476 habet
2226 3457 2272 3476 nec
2298 3457 2377 3475 unam
2406 3449 2593 3479 mutationem,

1537 3485 1629 3510 indicat
1648 3485 1733 3519 aliqua
1750 3485 1828 3510 verba
1852 3485 1974 3517 deficere;
1994 3493 2061 3519 quae
2080 3485 2101 3510 si
2119 3485 2291 3515 restituantur,
2306 3490 2335 3511 ut
2348 3485 2464 3515 fecimus.
2479 3491 2509 3510 ex
2523 3484 2563 3509 ed.
2576 3490 2595 3509 a

1536 3526 1561 3545 et
1571 3520 1790 3546 EFGHNZsBCO
1804 3521 1948 3547 secundum
1961 3520 2097 3546 lectionem
2116 3520 2148 3551 Z,
2162 3521 2249 3546 omnia
2268 3525 2294 3546 et
2310 3519 2486 3554 praecedentia
2497 3523 2523 3544 et
2531 3518 2594 3544 sub-

1537 3555 1670 3588 sequentia
1691 3561 1813 3588 apparent
1831 3556 1928 3588 optime
1947 3555 2094 3581 cohaerere.

2623 566 2632 576 ·
2648 565 2712 588 Lect.
2726 571 2758 588 xx.

2621 1609 2632 1620 ”
2639 1607 2701 1631 {den
2707 1607 2776 1632 codd.
2783 1614 2850 1636 aa.

2621 1641 2711 1688 ξῗέἑι.
2720 1670 2760 1694 vn,
2774 1670 2800 1688 ιι.
2808 1664 2837 1688 ⁶.
2853 1689 2855 1691 ,

2621 2547 2747 2575 'escum
2767 2553 2811 2572 ιο.
2834 2551 2844 2579 f
2896 2557 2898 2583 ;

2622 2604 2739 2628 ntus.
2758 2609 2800 2628 m.
2836 2628 2837 2632 ,
2895 2591 2898 2628 ²]
