2982 4022
102 2579 115 2591 '
127 2578 245 2600 nitebatur
254 2584 313 2600 mro

102 2611 212 2627 urvxvz.

105 2740 115 2750 '
129 2739 200 2762 Num.
209 2745 230 2767 7.

104 2948 117 2957 ¹
130 2948 201 2970 Num.
211 2954 232 2976 5.

105 3001 116 3013 '⁸
123 3001 240 3023 rationem
247 3006 316 3026 nmo.

105 3053 116 3065 “
128 3052 198 3075 Num.
208 3052 231 3074 θ.

1173 251 1282 287 CAP.
1314 250 1380 297 lv,
1410 250 1562 287 LECT.
1592 251 1656 286 lx.

2453 261 2500 297 27

326 333 405 363 Ἐτι
428 324 459 360 δ’
481 328 513 360 ἐν
532 332 602 366 τοῖς
622 328 770 372 ἀπείροις
795 326 943 371 σώμασιν
969 326 1150 371 ἐνυπάρχοι
1170 325 1208 358 ἂν
1225 321 1290 362 ἤδη
1309 325 1391 369 σοὶρξ
1449 329 1597 369 Amplius
1613 336 1730 368 autem,
1746 329 1779 359 in
1794 328 1922 360 infinitis
1939 329 2123 369 corporibus
2137 329 2218 359 inest
2232 329 2341 371 utique
2357 329 2420 359 iarn
2435 339 2507 359 caro

402 373 536 415 ἄπειρος
552 375 610 405 καὶ
629 373 715 417 αἷμα
731 375 789 405 καὶ
807 371 1005 417 ἐγκέφαλος,
1022 369 1252 415 κεχωρισμένα
1274 368 1392 412 μέντοι

401 418 454 450 ἀπ’
486 416 662 458 ἀλλήλων,
696 418 789 449 οὐθὲν
819 414 856 450 δὲ
890 416 998 453 ’ἦττον
1033 415 1138 455 ὄντα,
1163 416 1220 445 καὶ
1254 413 1390 456 ἄπειρον

401 461 561 494 ἕκαστον·
587 462 694 494 τοῦτο
719 457 748 492 δ’
778 461 914 507 ἄλογον.

403 501 440 538 δὲ
465 501 641 550 μηδέποτε
666 501 953 549 διακριθήσεσθαι,
973 502 1033 534 οὐκ
1050 496 1189 538 εἰδότως
1213 500 1273 544 μὲν
1296 499 1394 546 λέγε-

401 561 474 591 ται,
501 548 599 593 ὀρθῶς
623 545 661 581 δὲ
683 549 837 595 λέγεται·
864 548 912 580 τοὶ
934 546 999 592 γοὶρ
1024 543 1115 582 ποίθη
1141 543 1328 589 ἀχώριστοι.
1354 545 1391 575 Εἰ

402 593 458 626 οὖν
483 593 645 639 ἐμέμικτο
670 593 718 625 τοὶ
740 594 915 647 χρώματα,
931 591 989 622 καὶ
1015 591 1050 621 αἱ
1075 588 1171 629 ἕξεις,
1191 589 1248 620 ἐὰν
1266 584 1395 632 διακρι-

401 637 513 680 θῶσιν,
528 637 637 670 ’ἔσται
661 648 697 669 τι
719 639 836 669 λευκον
862 635 883 672 ἦ
909 633 1050 680 ὑγιεινὸν
1077 634 1140 678 οὐχ
1165 632 1278 676 ἕτερόν
1304 644 1338 665 τι
1357 631 1391 664 ὃν

404 678 482 715 οὐδὲ
506 681 578 714 καθ’
606 680 846 725 ύποκειμέμου.
874 678 977 711 ’Ὥστε
1004 678 1134 714 ἄτοπος
1159 677 1206 710 τοὶ
1235 672 1392 709 ἀδύνατα

401 726 511 768 ζητῶν
537 727 553 758 ὀ
576 726 664 764 νοῦς,
691 727 781 769 εἴπερ
807 723 970 765 βούλεται
995 722 1054 766 μὲν
1078 716 1258 765 διακρῖναι,
1286 721 1391 753 τοῦτο

401 768 440 804 δὲ
464 771 605 807 ποιῆσαι
631 765 802 801 ἀδύνατον
826 770 883 800 καὶ
907 767 1003 799 κατοὶ
1027 765 1068 798 τὸ
1093 766 1198 797 ποσὸν
1221 767 1279 796 καὶ
1299 765 1395 798 κατά,

402 815 444 849 τὸ
468 813 578 846 ποιόν·
603 814 700 846 κατοὶ
723 813 782 857 μέν
807 813 848 845 τὸ
879 811 1005 852 ποσόν,
1033 809 1086 842 ὅτι
1114 810 1173 842 οὐκ
1199 809 1291 841 ἔστιν
1317 808 1395 841 ἑλοί-

400 869 518 905 χιστον
544 857 696 904 μέγεθος·
721 857 817 890 κατά.
845 852 882 888 δέ
907 856 948 889 τὸ
981 854 1096 895 ποιόν,
1131 853 1184 886 ὅτι
1218 853 1393 898 ἀχώριστοι

402 903 451 935 τοὶ
474 901 578 939 παθη.

334 948 401 981 Οὐκ
420 946 518 991 ὀρθῶς
535 942 573 978 δὲ
590 941 669 978 οὐδὲ
687 946 750 982 τήν
768 944 895 991 γένεσιν
912 942 1080 988 λαμβάνει
1098 942 1165 974 τῶν
1185 936 1390 986 ὀμοιοειδῶν.

393 991 493 1023 Ἔστι
517 991 576 1035 μέν
594 990 658 1037 γὰρ
676 992 717 1028 ὠς
737 991 752 1021 ὀ
771 989 876 1027 πηλὸς
894 989 938 1026 εἰς
958 987 1084 1024 πηλοῦς
1106 982 1301 1031 διαιρεῖται,
1320 986 1393 1017 ἔστι

400 1030 432 1067 δ’
459 1037 500 1073 ὠς
527 1035 576 1067 οὔ.
610 1037 675 1067 Καὶ
701 1034 765 1079 οὐχ
790 1034 805 1066 ὀ
833 1033 938 1070 αὐτὸς
963 1031 1107 1076 τρόπος,
1135 1032 1175 1068 ὠς
1201 1029 1332 1063 πλίνθοι
1357 1029 1394 1070 ἐξ

402 1080 508 1116 οἰκίας
531 1081 590 1111 καὶ
617 1079 704 1111 οἰκία
729 1079 765 1111 ἑκ
790 1077 948 1118 πλίνθων,
975 1075 1063 1108 οὕτω
1088 1071 1126 1107 δὲ
1149 1077 1207 1107 καὶ
1233 1070 1319 1117 ὕδωρ
1335 1076 1395 1106 καὶ

405 1124 469 1166 ἀήρ
495 1122 530 1163 ἐξ
557 1123 712 1160 ἀλλήλων
736 1124 794 1155 καὶ
819 1123 880 1154 εἰσὶ
905 1123 963 1153 καὶ
987 1123 1154 1166 γίνονται.

334 1167 472 1201 Βέλτιον
499 1164 526 1199 δ’
549 1168 685 1200 ἐλάττω
709 1169 767 1199 καὶ
793 1164 1032 1210 πεπερασμένα
1055 1164 1188 1205 λαβεῖν,
1209 1162 1287 1207 ὅπερ
1307 1166 1398 1194 ποιεῖ’

397 1207 644 1255 Ἐμπεδοκλῆς.

333 510 380 543 Τὰ

389 1317 538 1344 SYNOP81S.
555 1332 589 1336 —
610 1325 634 1344 1.
655 1316 865 1352 Argumentum
891 1320 919 1342 et
945 1313 1046 1341 divisio
1067 1319 1169 1341 textus.
1186 1330 1204 1337 -ν
1219 1320 1246 1340 2.
1268 1311 1396 1340 Primum

336 1355 587 1393 praesuppositum
609 1356 797 1391 Anaxagorae
818 1359 878 1382 erat
897 1353 968 1381 illud
989 1353 1069 1390 quod
1090 1353 1176 1381 etiam
1197 1353 1233 1380 ab
1262 1351 1397 1380 omnibus

336 1395 515 1423 naturalibus
535 1394 715 1431 philosophis
736 1394 961 1432 supponebatur,
976 1392 1082 1421 scilicet
1096 1393 1176 1429 quod
1190 1391 1219 1419 id
1234 1392 1315 1428 quod
1329 1391 1397 1419 sirn-

335 1434 447 1472 pliciter
467 1443 528 1462 non
549 1440 591 1462 est
612 1434 691 1462 nullo
714 1434 804 1461 modo
826 1433 884 1461 fiat.
899 1448 918 1454 -
934 1433 959 1460 3.
975 1432 1049 1460 Hinc
1067 1432 1226 1460 inferebant
1239 1431 1284 1459 vel
1299 1430 1398 1459 omnia

337 1483 412 1511 quae
432 1474 505 1501 fiunt
532 1473 654 1501 extitisse
675 1472 753 1509 prius
774 1472 804 1500 in
825 1472 923 1509 aliquo
952 1471 1094 1508 principio
1117 1470 1265 1506 materiali,
1287 1477 1315 1498 et
1335 1470 1397 1498 fieri

337 1522 399 1542 non
419 1512 497 1541 aliud
518 1522 579 1541 esse
600 1521 688 1550 quarn
709 1511 837 1546 alterari;
859 1511 902 1539 vel
917 1511 996 1547 prius
1011 1511 1134 1539 extitisse
1155 1511 1185 1538 in
1206 1510 1303 1547 aliquo
1318 1510 1397 1546 prin-

338 1552 414 1589 cipio
436 1553 572 1586 confuso,
595 1558 623 1579 et
643 1551 704 1579 fieri
725 1561 786 1579 non
807 1560 869 1578 esse
889 1550 968 1578 aliud
985 1559 1074 1587 quam
1095 1550 1348 1587 congregationem
1369 1556 1397 1577 et

337 1591 575 1629 segregationem.
598 1591 708 1619 Omnes
730 1590 840 1626 decepti
855 1596 922 1617 sunt
942 1589 1011 1626 quia
1030 1590 1210 1617 nesciverunt
1223 1589 1397 1626 distinguere

337 1631 411 1660 inter
424 1630 584 1667 potentiam
605 1636 633 1658 et
646 1636 752 1658 actum.
767 1630 850 1664 Quae
864 1629 942 1657 enim
960 1629 1126 1656 naturaliter
1146 1629 1226 1663 fiunt,
1243 1638 1303 1656 non
1325 1629 1397 1656 fiunt

337 1679 372 1699 ex
386 1670 551 1706 simpliciter
568 1679 630 1697 non
651 1675 716 1697 ente
731 1669 775 1697 vel
796 1678 829 1697 ex
850 1675 915 1696 ente
935 1668 966 1696 in
987 1675 1061 1702 actu,
1079 1668 1131 1696 sed
1151 1677 1184 1696 ex
1206 1674 1270 1696 ente
1292 1668 1322 1695 in
1343 1677 1396 1704 po-

337 1709 435 1738 tentia.
450 1727 470 1731 -
481 1718 511 1744 4.
525 1709 655 1737 Alterum
669 1710 860 1745 Anaxagorae
873 1707 1140 1744 praesuppositum:
1161 1707 1311 1735 contraria
1316 1707 1398 1745 fiunt

338 1757 378 1778 ex
391 1749 550 1777 alterutris.
562 1749 629 1776 Ideo
644 1748 834 1776 concludebat
847 1748 928 1784 quod
937 1757 1030 1775 unum
1044 1746 1255 1775 contrariorum
1269 1746 1397 1783 praeexi-

337 1788 385 1816 stit
405 1788 436 1816 in
456 1788 561 1823 altero,
582 1787 711 1816 nesciens
732 1786 860 1824 accipere
881 1796 943 1815 esse
965 1787 993 1814 in
1010 1787 1150 1824 potentia,
1172 1787 1252 1823 quod
1273 1792 1316 1814 est
1336 1795 1397 1814 me-

338 1827 419 1856 dium
440 1828 514 1856 inter
529 1837 635 1864 purum
655 1836 716 1855 non
737 1836 798 1855 esse
813 1833 840 1854 et
854 1835 915 1854 esse
930 1833 1004 1854 actu.
1019 1843 1039 1848 -
1055 1827 1080 1854 5.
1102 1828 1143 1854 Ex
1164 1835 1222 1862 quo
1244 1825 1396 1854 ratiocina-

337 1868 423 1896 batur
442 1868 523 1904 quod
543 1867 573 1894 id
594 1867 674 1903 quod
695 1866 861 1894 naturaliter
880 1866 912 1893 fit
933 1875 967 1893 ex
987 1866 1095 1902 aliquo,
1110 1865 1272 1902 praeexistit
1287 1871 1352 1893 actu
1367 1865 1397 1893 in

338 1916 374 1935 eo
396 1916 429 1936 ex
444 1916 503 1944 quo
517 1906 557 1942 fit,
573 1907 732 1934 secundum
752 1912 846 1942 partes
860 1905 995 1933 minimas
1009 1911 1037 1933 et
1051 1905 1246 1940 insensibiles;
1267 1904 1397 1939 ulterius,

337 1947 513 1975 assumendo
535 1946 615 1983 quod
636 1955 724 1974 omne
741 1945 790 1973 fiat
804 1954 838 1973 ex
852 1944 989 1981 quolibet,
1005 1945 1194 1972 concludebat
1209 1945 1289 1981 quod
1304 1945 1397 1981 quod-

337 1986 406 2014 libet
427 1992 501 2014 esset
521 1985 551 2013 in
572 1985 701 2022 quolibet
714 1984 903 2021 permixtum,
926 1983 1058 2021 denique,
1075 1984 1143 2020 quia
1156 1984 1291 2012 infinities
1305 1993 1396 2011 unum

338 2034 372 2054 ex
392 2026 482 2054 altero
503 2024 565 2053 fieri
578 2031 682 2061 potest,
697 2024 822 2052 infinitas
836 2030 932 2060 partes
949 2023 1083 2051 minimas
1098 2024 1128 2051 in
1141 2033 1320 2060 unoquoque
1336 2032 1397 2051 esse

338 2064 459 2093 dicebat.
475 2081 492 2086 -
507 2065 534 2092 6.
557 2064 716 2099 Quomodo
736 2064 923 2100 Anaxagoras
949 2061 1147 2091 difficultatem
1175 2063 1210 2091 de
1237 2062 1398 2091 diversitate

338 2113 435 2132 rerum
457 2104 594 2132 solvebat.
610 2120 630 2125 -
644 2113 670 2140 7.
694 2103 828 2139 Quinque
853 2102 980 2130 rationes
1008 2109 1108 2130 contra
1129 2102 1298 2139 opinionem
1319 2103 1398 2130 Ana-

338 2152 471 2180 xagorae.
492 2144 520 2178 a)
547 2143 643 2170 Omne
663 2141 808 2169 infinitum
829 2148 872 2169 est
892 2141 1024 2178 ignotum
1045 2142 1090 2169 vel
1110 2142 1268 2170 secundum
1283 2141 1397 2178 quanti-

339 2188 428 2210 tatem
442 2182 486 2210 vel
500 2182 659 2209 secundum
673 2181 809 2217 speciem.
832 2181 862 2208 Si
877 2189 945 2217 ergo
959 2180 1100 2216 principia
1116 2187 1183 2208 sunt
1196 2181 1317 2216 infinita,
1332 2187 1398 2218 sunt

339 2220 447 2258 ignota.
469 2221 527 2248 Sed
548 2220 572 2248 si
585 2219 725 2256 principia
745 2226 812 2248 sunt
832 2219 939 2256 ignota,
955 2226 1068 2256 oportet
1089 2229 1150 2247 esse
1164 2220 1263 2256 ignota
1277 2229 1311 2248 ea
1325 2229 1398 2256 quae

341 2266 407 2288 sunt
421 2269 455 2288 ex
472 2259 627 2296 principiiS,
642 2259 660 2287 i.
671 2268 696 2287 e.
717 2268 762 2287 res
783 2259 935 2296 naturales.
951 2275 969 2289 ,-
984 2260 1012 2287 8.
1027 2259 1055 2294 b)
1077 2259 1107 2286 Si
1121 2265 1215 2295 partes
1236 2258 1399 2287 cuiuscum-

426 2410 430 2421 '
470 2423 488 2432 ”
546 2411 916 2477 philosophorum
937 2411 983 2448 de
1002 2411 1205 2460 principiis,
1227 2412 1288 2447 hic
1312 2424 1400 2460 pro-

546 2468 586 2514 ¹5}
598 2464 766 2514 sequitur
797 2477 915 2501 unam
954 2477 1110 2511 earum,
1150 2464 1288 2501 scilicet
1320 2464 1399 2512 opi-

545 2515 582 2546 3,st
597 2518 752 2555 nionem
767 2516 1028 2565 Anaxagorae,
1050 2517 1138 2565 quia
1155 2518 1250 2553 haec
1270 2517 1398 2565 opinio

338 2570 540 2608 videbatur
550 2569 570 2590 ’³
585 2570 775 2618 assignare
792 2582 946 2618 causam
962 2582 1209 2607 communem
1225 2570 1397 2606 omnium

340 2623 551 2672 specierum
579 2631 717 2660 motus.
747 2624 796 2660 Et
819 2623 997 2660 dividitur
1014 2623 1053 2659 in
1073 2623 1167 2660 duas
1193 2630 1339 2671 partes:
1360 2623 1399 2659 in

339 2676 462 2725 prima
489 2676 596 2724 ponit
627 2675 813 2712 rationem
850 2675 982 2724 ipsius;
1011 2676 1050 2712 in
1078 2676 1246 2713 secunda
1274 2676 1400 2712 obiicit

340 2733 472 2765 vcontra
500 2741 598 2776 eam,
626 2728 697 2764 ibi:
727 2729 769 2764 Si
794 2729 910 2777 igitur
937 2729 1120 2776 infinitum
1140 2729 1160 2750 *
1190 2736 1258 2765 etc.
1289 2729 1399 2766 Circa

340 2781 508 2830 primum
527 2782 596 2818 tria
614 2780 720 2818 facit:
739 2781 864 2830 primo
888 2781 1091 2830 praemittit
1114 2794 1158 2818 ea
1182 2794 1279 2830 quae
1298 2785 1399 2820 Ana-

340 2846 499 2882 xagoras
528 2834 784 2883 supponebat,
813 2841 922 2870 etex
949 2834 1085 2882 quibus
1114 2837 1400 2882 argumentaba-

340 2894 416 2934 tur;
446 2888 613 2924 secundo
641 2887 748 2935 ponit
775 2899 866 2923 suae
894 2887 1045 2924 rationis
1068 2899 1307 2936 processum,
1328 2889 1398 2927 ibi:

342 2940 385 2976 Si
409 2941 507 2976 enim
527 2952 637 2976 omne
656 2940 757 2987 quod
762 2941 815 2987 fit
828 2940 848 2960 *
869 2947 955 2985 etc.;
984 2941 1092 2977 tertio
1112 2941 1219 2989 ponit
1240 2942 1319 2978 eius
1339 2956 1395 2980 re—

341 2993 590 3041 sponsionem
611 2994 630 3014 ’¹²
650 2992 698 3029 ad
727 2992 919 3041 quandam
947 2993 1098 3030 tacitam
1127 2993 1397 3043 obiectionem,

343 3045 411 3082 ibi:
439 3045 637 3094 Apparere
663 3051 786 3082 autem
807 3045 826 3066 ²²⁸
857 3053 925 3082 etc.

397 3212 425 3247 α)
449 3221 611 3239 communem
633 3214 782 3246 opinionem
798 3215 914 3240 omnium
933 3216 1159 3247 philosophorum.
1171 3231 1190 3235 —
1203 3217 1265 3242 Post
1283 3218 1399 3242 omnium

344 3248 441 3273 addunt
457 3249 631 3282 physicorum
647 3250 714 3274 idest
732 3250 807 3275 codd.
821 3258 875 3275 exc.
896 3251 1039 3275 DEGHNX
1055 3257 1081 3275 et
1097 3252 1149 3282 RZ,
1169 3252 1212 3284 qui
1238 3253 1289 3276 duo
1312 3253 1400 3285 legunt

343 3290 505 3308 communem
530 3284 678 3315 opinionem
703 3292 793 3309 veram
813 3284 852 3316 (R
871 3286 972 3317 corrigit
991 3293 1080 3310 veram
1097 3287 1121 3310 in
1136 3286 1316 3321 naturalium)
1336 3295 1398 3317 esse,

343 3318 449 3343 scih'cet.
464 3318 503 3343 Cf.
515 3319 601 3350 quoad
620 3319 773 3343 additionem
787 3320 899 3351 plurium
914 3321 989 3345 codd.
1007 3325 1101 3345 textum
1117 3322 1271 3347 Aristotelis.
1283 3335 1302 3341 —-
1319 3323 1398 3347 Paulo

343 3353 408 3377 infra
427 3353 484 3377 loco
492 3353 555 3385 fiat,
568 3359 644 3385 prout
657 3353 750 3378 habent
765 3354 798 3378 ab
813 3359 838 3378 et
857 3355 931 3378 codd.
946 3362 1000 3379 exc.
1013 3356 1045 3386 D,
1055 3357 1074 3380 P
1089 3356 1165 3381 habet
1177 3358 1264 3390 fieret,
1282 3358 1304 3381 D
1312 3358 1399 3389 fiet.—

345 3388 418 3412 Circa
435 3387 513 3412 finem
533 3388 608 3412 huius
628 3396 700 3412 num.
718 3394 778 3421 post
797 3389 975 3420 principium,
995 3390 1017 3414 D
1037 3391 1105 3415 addit
1124 3391 1195 3420 ideo,
1222 3392 1248 3422 Q
1265 3392 1334 3417 inter
1356 3400 1397 3422 se,

343 3423 392 3447 VX
411 3423 481 3451 item,
500 3420 623 3455 AKTth
642 3423 719 3453 inter,
740 3424 760 3448 C
774 3431 826 3455 per
845 3431 924 3448 unum
944 3424 1012 3449 iter!

398 3456 423 3490 β)
447 3458 481 3482 Ut
504 3458 573 3482 enim
593 3465 643 3482 non
667 3462 867 3491 cogerentur.·-
886 3459 934 3484 Ed.
948 3459 967 3483 P
990 3459 1023 3483 Ut
1048 3460 1116 3484 enim
1135 3464 1307 3493 cogerentur:
1331 3469 1398 3494 quae

345 3497 385 3518 est
403 3493 477 3517 lectio
496 3493 572 3525 plane
591 3500 705 3522 erronea,
724 3498 752 3518 ut
771 3501 800 3518 ex
819 3499 936 3518 contextu
950 3498 1027 3525 patet.
1044 3494 1149 3527 Antiqui
1164 3495 1231 3520 enim
1243 3496 1398 3528 philosophi,

346 3528 378 3552 de
396 3528 490 3560 quibus
510 3529 534 3552 in
553 3528 681 3560 praesenti
700 3536 787 3553 sermo
806 3533 853 3557 est,
872 3529 936 3553 illud
955 3537 1091 3554 erroneum
1110 3530 1263 3563 principium
1282 3538 1398 3556 assume-

345 3562 415 3592 bant,
434 3563 505 3595 quod
522 3563 676 3595 simpliciter
694 3571 745 3588 non
765 3567 811 3593 est,
830 3561 903 3588 nullo
923 3564 1000 3588 modo
1019 3565 1082 3597 fieri
1102 3572 1188 3596 posse.
1211 3565 1287 3590 Plura
1311 3571 1397 3591 autem

481 2386 492 2397 .
542 2358 700 2396 ositis
725 2359 882 2396 diversis
902 2358 1143 2407 opinionibus
1171 2358 1398 2395 naturalium

1515 372 1636 403 infinita
1660 380 1689 404 et
1715 373 1840 413 sanguis
1864 380 1893 404 et
1918 374 2098 411 cerebrum,
2123 380 2262 413 separata
2283 381 2388 403 tamen
2405 373 2442 403 ab
2461 373 2508 403 in·

1515 417 1617 447 vicem
1648 417 1725 450 nihil
1756 424 1863 447 autern
1893 417 1998 447 minus
2030 417 2111 447 entia
2140 423 2170 447 et
2199 416 2358 447 infinitum
2392 427 2507 447 unum-

1517 461 1686 502 quodque:
1715 461 1777 491 hoc
1801 467 1907 491 autem
1936 460 2145 491 irrationabile
2170 467 2225 491 est.

1449 504 1466 523 *
1477 504 1652 544 Nunquam
1671 511 1776 534 autem
1793 505 2020 544 segregandum
2041 515 2116 542 esse,
2128 504 2270 535 escientis
2287 504 2410 542 dicitur,
2426 510 2508 534 recte

1516 555 1623 578 autem
1654 548 1783 578 dicitur:
1807 549 1968 588 passiones
2001 548 2086 578 enim
2116 548 2335 588 inseparabiles
2367 554 2448 579 sunt.
2475 548 2508 578 Si

1515 591 1610 631 igitur
1628 591 1716 621 mixti
1735 599 1809 622 sunt
1824 592 1945 622 colores
1965 598 1994 622 et
2016 588 2156 630 habitus,
2176 592 2201 622 si
2222 599 2431 631 segregentur,
2451 592 2509 622 erit

1517 635 1636 675 aliquid
1660 635 1767 665 album
1791 643 1821 666 et
1844 646 1967 673 sanum,
1991 642 2057 666 non
2077 636 2209 666 alterum
2229 635 2348 677 aliquid
2364 646 2438 666 curn
2457 636 2507 674 sit,

1516 689 1619 719 neque
1640 679 1678 708 de
1697 679 1847 710 subiecto.
1873 680 1978 717 Quare
2001 679 2223 710 inconveniens
2240 687 2285 710 est
2303 679 2509 720 impossibilia

1517 733 1669 763 quaerens
1685 723 1869 756 intellectus,
1886 724 1911 753 si
1923 733 1994 753 vere
2009 723 2084 754 velit
2099 724 2227 764 quidem
2248 734 2415 763 segregare.
2436 724 2509 753 Hoc

1517 774 1623 797 autem
1646 767 1746 797 facere
1770 774 1815 797 est
1837 767 2031 807 impossibile
2051 774 2081 797 et
2104 768 2278 797 secundum
2302 767 2509 808 quantitatem

1518 818 1548 841 et
1571 811 1746 841 secundum
1773 811 1971 852 qualitatem:
2000 811 2175 842 secundum
2203 812 2410 852 quantitatem
2439 811 2509 852 qui-

1517 855 1601 892 dem,
1625 855 1778 895 quoniam
1802 865 1867 885 non
1891 861 1937 886 est
1959 855 2091 885 minima
2110 855 2316 895 magnitudo;
2333 855 2509 887 secundum

1518 899 1701 940 qualitatem
1715 906 1832 937 autem,
1844 899 1997 939 quoniam
2012 899 2231 939 inseparabiles
2248 906 2321 929 sunt
2336 900 2508 939 passiones.

1451 943 1467 962 *
1485 943 1559 973 Non
1583 950 1663 973 recte
1688 950 1793 973 autem
1823 943 2057 982 generationem
2081 943 2192 983 accipit
2215 943 2365 973 similium
2393 942 2509 983 specie-

1518 997 1599 1017 rum.
1623 987 1680 1017 Est
1703 987 1788 1017 enim
1809 994 1844 1017 ut
1862 987 1966 1018 lutum
1985 987 2017 1017 in
2034 987 2100 1017 luta
2119 987 2275 1024 dividitur,
2292 993 2338 1017 est
2353 993 2459 1017 autem
2474 993 2511 1017 ut

1518 1038 1597 1061 non:
1623 1038 1653 1061 et
1671 1041 1737 1060 non
1756 1031 1840 1060 idem
1866 1031 1981 1061 modus
2001 1038 2056 1069 est,
2077 1037 2112 1061 ut
2132 1031 2241 1061 lateres
2261 1041 2297 1061 ex
2314 1031 2383 1061 luto
2405 1037 2435 1061 et
2454 1030 2510 1060 do-

1518 1085 1590 1105 mus
1607 1085 1643 1105 ex
1665 1075 1823 1106 lateribus.
1848 1075 1898 1105 Sic
1921 1082 2027 1105 autem
2049 1085 2131 1116 aqua
2148 1082 2178 1106 et
2193 1085 2244 1105 aer
2260 1085 2296 1105 ex
2311 1074 2464 1106 alterutris
2481 1081 2511 1105 et

1451 1151 1453 1154 ,
1519 1125 1593 1149 sunt
1616 1126 1646 1149 et
1668 1118 1758 1149 fiunt.

1452 1163 1469 1182 *
1483 1163 1596 1194 Melius
1613 1170 1719 1193 autem
1736 1169 1781 1193 est
1797 1163 1920 1193 minora
1935 1169 1965 1193 et
1980 1162 2066 1193 finita
2081 1163 2228 1203 recipere,
2245 1163 2334 1203 quod
2350 1172 2423 1193 vere
2438 1161 2512 1193 facit

1518 1207 1739 1247 Empedocles

1452 1321 1509 1348 que
1530 1311 1571 1339 rei
1592 1311 1786 1347 praeexistunt
1806 1317 1872 1339 actu
1892 1310 1922 1338 in
1944 1320 1979 1339 eo
2001 1320 2034 1338 ex
2056 1319 2114 1347 quo
2137 1309 2168 1337 fit
2189 1309 2325 1338 minimae
2346 1316 2373 1338 et
2389 1309 2511 1338 insensi-

1451 1351 1537 1387 biles,
1560 1350 1689 1387 sequitur
1710 1351 1790 1387 quod
1810 1359 1905 1387 neque
1926 1351 1961 1378 de
1982 1349 2093 1378 ratione
2113 1349 2201 1386 partis
2219 1359 2316 1386 neque
2337 1350 2373 1377 de
2400 1349 2510 1378 ratione

1450 1391 1538 1419 totius
1558 1390 1589 1418 in
1609 1391 1694 1418 rebus
1715 1390 1892 1418 naturalibus
1914 1390 1949 1417 sit
1963 1390 2043 1426 quod
2059 1390 2183 1417 habeant
2196 1389 2323 1426 aliquam
2338 1389 2510 1417 determina-

1451 1437 1511 1459 tam
1533 1430 1731 1467 quantitatem,
1753 1439 1840 1466 supra
1861 1439 1948 1466 quam
1970 1435 1998 1457 et
2018 1429 2092 1456 infra
2112 1438 2200 1465 quam
2222 1428 2322 1456 salvari
2343 1438 2404 1457 non
2420 1428 2511 1465 possit

1451 1476 1554 1498 natura
1574 1469 1615 1498 rei
1635 1469 1782 1498 naturalis.
1804 1470 1868 1497 Hoc
1889 1475 1985 1497 autem
2007 1475 2049 1496 est
2070 1468 2255 1505 impossibile.
2271 1485 2290 1490 -
2305 1478 2331 1504 9.
2348 1468 2511 1496 Obiectioni

1452 1509 1610 1537 occurritur
1632 1510 1666 1537 de
1688 1509 1878 1537 divisibilitate
1899 1508 1929 1536 in
1949 1507 2102 1542 infinitum,
2118 1517 2192 1545 quae
2213 1508 2275 1536 dari
2295 1517 2355 1535 non
2373 1514 2467 1544 potest
2481 1507 2511 1535 in

1451 1558 1572 1586 corpore
1593 1549 1710 1585 physice
1738 1555 1865 1584 accepto.
1880 1565 1900 1569 —
1918 1557 1961 1576 10.
1983 1547 2205 1576 Praenotamina
2233 1548 2376 1584 quaedam
2397 1548 2434 1576 ad
2454 1553 2511 1575 ter-

1450 1589 1520 1617 tiam
1541 1588 1694 1616 rationem.
1710 1604 1730 1609 -
1748 1598 1756 1615 1
1769 1597 1791 1616 1.
1807 1589 1833 1623 c)
1849 1587 1879 1615 Si
1893 1587 2043 1624 quodlibet
2057 1594 2131 1615 esset
2145 1587 2175 1615 in
2190 1587 2328 1624 quolibet,
2343 1593 2513 1624 sequeretur

1451 1628 1531 1665 quod
1552 1628 1581 1655 in
1603 1627 1800 1664 magnitudine
1822 1626 1902 1654 finita
1923 1633 2017 1654 essent
2030 1633 2124 1663 partes
2139 1626 2266 1655 infinitae
2281 1627 2438 1655 secundum
2454 1636 2511 1654 nu-

1451 1677 1564 1695 merum
1579 1673 1606 1695 et
1621 1667 1768 1703 aequales:
1792 1667 1871 1703 quod
1887 1673 1929 1694 est
1946 1666 2132 1702 impossibile,
2148 1672 2175 1694 et
2189 1666 2365 1694 contrarium
2380 1666 2418 1694 illi
2432 1666 2512 1702 prin-

1450 1706 1535 1742 cipio,
1557 1716 1640 1734 omne
1661 1715 1767 1744 corpus
1773 1706 1892 1744 finitum
1914 1711 2063 1734 resecatur
2077 1713 2094 1733 a
2109 1715 2232 1743 corpore
2245 1706 2342 1744 finito.
2357 1723 2375 1728 -
2394 1713 2437 1733 12.
2457 1707 2512 1734 Per

1450 1747 1507 1774 hoc
1527 1753 1624 1773 tamen
1645 1755 1706 1773 non
1727 1746 1812 1773 datur
1838 1745 1956 1781 intelligi
1983 1746 2062 1782 quod
2083 1754 2144 1773 non
2167 1745 2278 1781 possint
2301 1754 2362 1773 esse
2384 1745 2511 1773 infinitae

1450 1791 1544 1822 partes
1561 1785 1726 1822 inaequales
1741 1785 1770 1812 in
1785 1784 1882 1821 aliquo
1898 1784 1988 1819 finito,
2005 1785 2028 1812 si
2043 1785 2138 1812 solum
2153 1786 2315 1812 attendatur
2329 1785 2402 1812 ratio
2418 1794 2510 1821 quan-

1450 1825 1537 1853 titatis
1559 1824 1777 1860 (mathematice
1798 1826 1963 1860 acceptae):
1986 1825 2035 1851 sed
2057 1824 2242 1852 solummodo
2258 1825 2294 1852 ab
2307 1824 2404 1861 aliquo
2418 1824 2510 1859 finito,

1451 1864 1509 1892 sive
1530 1864 1645 1901 physice
1667 1864 1726 1892 sive
1747 1863 1946 1892 mathematice
1967 1870 2102 1899 accepto,
2124 1864 2312 1891 excluduntur
2332 1870 2426 1899 partes
2447 1863 2510 1891 infi-

1451 1904 1527 1932 nitae
1548 1904 1690 1940 aequales.
1706 1921 1726 1925 -
1744 1904 1787 1931 13.
1803 1904 1832 1939 d)
1855 1904 1928 1931 Cum
1944 1904 1981 1931 ad
1995 1903 2136 1931 rationem
2152 1903 2301 1931 cuiuslibet
2316 1903 2444 1939 corporis
2459 1912 2511 1931 na-

1450 1943 1548 1972 turalis
1563 1943 1724 1980 requiratur
1744 1942 1933 1970 determinata
1954 1943 2096 1979 quantitas
2111 1943 2270 1970 secundum
2284 1942 2511 1979 magnitudinem

1451 1989 1478 2011 et
1499 1983 1684 2019 parvitatem,
1706 1982 1861 2010 dicendum
1882 1982 1985 2010 iterum
2009 1989 2110 2010 contra
2129 1982 2301 2019 principium
2322 1983 2511 2019 Anaxagorae

1452 2023 1532 2059 quod
1553 2032 1587 2050 ex
1607 2022 1728 2050 minima
1748 2028 1828 2058 parte
1849 2031 1910 2050 non
1931 2028 2026 2058 potest
2046 2022 2156 2058 aliquid
2170 2022 2326 2059 segregari3
2348 2022 2414 2059 quia
2429 2031 2511 2050 secus

1451 2063 1567 2090 daretur
1587 2061 1695 2099 aliquid
1716 2062 1812 2089 minus
1834 2061 1965 2090 minimo.
1989 2063 2065 2098 Ergo
2082 2062 2185 2089 falsum
2200 2069 2241 2090 est
2255 2062 2426 2098 principium
2441 2061 2512 2089 illud

1451 2103 1655 2138 Anaxagorae,
1677 2102 1758 2138 quod
1779 2101 1928 2138 quodlibet
1955 2100 2004 2128 fiat
2025 2110 2059 2128 ex
2080 2101 2218 2137 quolibet.
2233 2118 2252 2122 -
2275 2110 2318 2136 14.
2335 2103 2361 2137 e)
2383 2103 2425 2129 Ex
2446 2110 2511 2129 sen-

1451 2141 1541 2169 tentia
1554 2142 1743 2177 Anaxagorae
1758 2147 1924 2177 sequeretur
1939 2141 2018 2176 quod
2035 2140 2147 2169 infinita
2161 2147 2227 2168 sunt
2241 2141 2270 2168 in
2284 2141 2401 2169 infinitis
2416 2140 2511 2168 infini-

1451 2181 1513 2209 ties.
1525 2197 1544 2202 -
1563 2181 1606 2208 15.
1620 2181 1806 2217 Anaxagoras
1820 2190 1882 2208 non
1895 2180 2032 2208 intellexit
2052 2180 2113 2217 ipse
2127 2190 2209 2208 suam
2223 2180 2370 2217 propriam
2391 2180 2511 2217 positio-

1452 2229 1554 2248 nem.-
1568 2221 1611 2248 16.
1622 2221 1722 2256 Neque
1732 2220 1855 2248 habebat
1866 2218 2011 2248 sufficiens
2026 2218 2167 2248 motivum
2182 2221 2218 2248 ad
2233 2221 2399 2256 ponendam
2411 2229 2484 2248 eam.
2493 2236 2512 2241 -

1457 2269 1501 2296 17.
1514 2259 1701 2296 Comparatio
1716 2259 1868 2296 positionis
1882 2260 2070 2296 Anaxagorae
2085 2269 2151 2287 cum
2166 2259 2304 2296 opinione
2319 2259 2512 2296 Empedoclis.

1507 2371 1541 2395 2.
1558 2360 1645 2395 Duo
1666 2367 1794 2396 autem
1814 2361 2085 2409 supponebatss
2099 2363 2353 2409 Anaxagoras,
2372 2375 2416 2399 ex
2431 2363 2512 2411 qui-

1452 2412 1523 2448 bus
1541 2413 1784 2460 procedebat.
1807 2413 1983 2459 Quorum
2002 2414 2170 2462 primurn
2196 2423 2250 2451 est
2269 2416 2372 2464 quod
2398 2416 2511 2452 etiam

1453 2465 1501 2501 ab
1517 2464 1696 2501 omnibus
1716 2466 1947 2502 naturalibus
1961 2467 2197 2516 philosophis
2212 2469 2510 2516 supponebatur,

1454 2518 1558 2566 quod
1577 2518 1716 2554 scilicet
1735 2530 1780 2554 ex
1798 2518 1914 2555 nihilo
1933 2519 2023 2555 nihil
2043 2520 2120 2556 fiat.
2150 2521 2199 2557 Et
2226 2521 2301 2557 hoc
2329 2529 2384 2558 est
2407 2522 2511 2570 quod

1454 2571 1551 2618 dicit,
1573 2571 1677 2619 quod
1688 2571 1707 2591 ²³²
1720 2572 1964 2619 Anaxagoras
1985 2584 2030 2608 ex
2049 2573 2123 2609 hoc
2141 2573 2342 2611 videbatur
2365 2575 2512 2623 opinari

1454 2636 1535 2660 esse
1563 2623 1746 2672 principia
1773 2624 1937 2671 infinita,
1973 2625 2060 2673 quia
2094 2626 2302 2674 accipiebat
2338 2640 2512 2664 commu-

1453 2689 1543 2713 nem
1563 2676 1785 2726 opinionem
1805 2676 1978 2714 omnium
1996 2678 2312 2728 philosophorum
2327 2686 2344 2701 α
2363 2688 2512 2718 natura-

1452 2730 1544 2766 lium
1580 2742 1662 2766 esse
1693 2742 1847 2776 veram3
1882 2731 1981 2767 hanc
2013 2731 2169 2779 scilicet,
2204 2734 2306 2781 quod
2340 2733 2379 2770 id
2406 2735 2512 2783 quod

1452 2783 1669 2832 simpliciter
1696 2795 1774 2819 non
1803 2790 1868 2830 est,
1898 2784 2001 2820 nullo
2030 2785 2149 2821 modo
2178 2786 2253 2822 fiat.
2285 2786 2384 2833 Quia
2411 2787 2512 2824 enim

1452 2837 1527 2872 hoc
1555 2836 1821 2884 supponebant
1848 2844 2031 2885 tanquam
2058 2838 2296 2887 principium,
2322 2840 2369 2877 ad
2390 2840 2513 2877 diver-

1453 2902 1513 2926 sas
1542 2889 1740 2938 opiniones
1767 2897 2043 2938 processerunt.
2297 2925 2301 2928 .

1507 2944 1541 2984 3,.
1572 2943 1622 2979 Ut
1650 2942 1751 2978 enim
1771 2954 1849 2979 non
1868 2951 2090 2990 cogerentur
2107 2942 2124 2971 β
2146 2956 2290 2992 ponere
2305 2945 2445 2994 aliquid
2465 2946 2513 2983 de

1453 3008 1557 3032 novo
1572 2995 1654 3032 fieri
1669 2995 1773 3044 quod
1787 2995 1890 3043 prius
1906 2995 2064 3032 omnino
2084 3009 2162 3033 non
2178 3005 2286 3044 esset,
2301 3007 2513 3046 posuerunt

1453 3048 1566 3096 aliqui
1594 3048 1724 3085 omnia
1751 3048 1854 3097 prius
1882 3049 1993 3085 simul
2014 3050 2034 3069 ⁴*
2054 3050 2226 3098 extitisse,
2246 3052 2308 3088 vel
2328 3051 2365 3088 in
2385 3052 2511 3100 aliquo

1453 3219 1485 3242 de
1503 3226 1572 3242 novo
1590 3217 1644 3243 fieri
1663 3219 1688 3243 in
1707 3219 1804 3243 mundo
1827 3224 1853 3243 et
1870 3219 1990 3243 videbant
2008 3224 2033 3244 et
2056 3219 2206 3244 fatebantur.
2226 3220 2264 3244 Ne
2288 3220 2363 3252 igitur
2386 3229 2510 3248 sensuum

1453 3253 1593 3278 evidentiae
1611 3254 1731 3278 resistere
1743 3254 1895 3284 viderentur,
1910 3259 1935 3279 et
1948 3262 1998 3278 una
2010 3255 2087 3279 simul
2102 3263 2116 3279 a
2133 3260 2253 3287 suscepto
2267 3255 2389 3287 principio
2403 3265 2455 3281 non
2470 3266 2510 3282 re-

1453 3289 1584 3319 cederent,
1604 3293 1747 3321 posuerunt
1770 3289 1847 3322 aliqui
1866 3290 1952 3314 omnia
1976 3290 2054 3314 simul
2074 3290 2186 3314 extitisse
2208 3290 2291 3322 prius,
2309 3291 2350 3314 vel
2374 3291 2399 3315 in
2423 3293 2510 3325 aliquo

1452 3323 1576 3356 principio
1595 3325 1732 3353 materiali,
1757 3325 1798 3349 vel
1817 3325 1842 3348 in
1861 3325 1947 3356 aliquo
1966 3333 2018 3349 uno
2041 3325 2149 3349 confuso
2169 3329 2194 3349 et
2218 3325 2355 3349 commixto
2374 3334 2404 3351 ex
2426 3329 2510 3353 omni-

1453 3358 1511 3383 buS.
1522 3372 1541 3378 -
1555 3359 1636 3383 Paulo
1654 3360 1718 3384 infra
1736 3364 1794 3384 ante
1812 3361 2003 3392 Anaxagoras,
2027 3360 2127 3384 codices
2147 3360 2257 3391 exceptis
2276 3360 2413 3386 CEFGRX
2436 3364 2510 3388 Ana-

1452 3394 1606 3419 ximander.
1625 3395 1657 3419 Et
1675 3402 1764 3419 revera
1782 3394 1869 3426 opinio
1889 3402 1955 3426 quae
1973 3394 2014 3419 hic
2032 3394 2158 3424 recitatur,
2178 3395 2243 3420 dicta
2257 3401 2296 3419 est
2310 3397 2417 3421 lectione
2436 3406 2510 3430 prae-

1452 3429 1551 3453 cedenti
1569 3437 1595 3454 n.
1609 3436 1626 3460 4
1645 3430 1740 3454 nedum
1759 3430 1924 3460 Anaxagorae
1939 3434 1965 3453 et
1977 3430 2149 3461 Empedoclis,
2169 3431 2215 3455 sed
2230 3432 2305 3458 etiam
2319 3433 2509 3459 Anaximandri.

1452 3463 1536 3488 Editio
1554 3471 1571 3488 a
1586 3469 1611 3488 et
1625 3465 1706 3496 prima
1724 3472 1818 3488 manus
1838 3464 1872 3492 E.
1887 3464 1956 3488 sicut
1973 3465 2065 3489 Anax.
2080 3468 2105 3489 et
2120 3466 2289 3497 Empedocles
2305 3467 2370 3494 dicit
2375 3475 2384 3496 ‚·
2403 3468 2425 3497 b,
2441 3469 2510 3494 sicut

1452 3499 1544 3523 Anax.
1561 3502 1587 3523 et
1603 3499 1771 3530 Empedocles
1787 3499 2005 3529 Anaximander,
2026 3500 2057 3523 ad
2076 3508 2142 3532 quae
2160 3506 2230 3526 notat
2248 3502 2274 3526 in
2292 3503 2450 3528 correctione
2469 3512 2508 3528 er-

1452 3538 1580 3592 rator-urg:
1603 3534 1620 3558 1.
1644 3534 1681 3559 sic
1702 3535 1884 3566 Anaxagoras
1906 3537 1932 3558 et
1951 3534 2122 3566 Empedocles
2141 3536 2266 3562 dicuntur
2283 3538 2420 3572 superfluit
2437 3540 2509 3564 Ana-

1451 3575 1545 3592 xzman
1566 3576 1604 3593 er.

2513 531 2517 535 Α
2534 513 2543 521 ·
2559 511 2629 534 Text.
2642 517 2678 540 39.

2535 949 2547 961 ⁸
2560 949 2629 971 Text.
2644 955 2686 976 40.

2537 1168 2548 1180 ⁸
2561 1167 2628 1190 Text.
2642 1174 2676 1195 41.

2538 2372 2549 2383 ⁸
2554 2371 2659 2399 ponebat
2668 2373 2735 2394 καί).

2538 2583 2549 2594 ⁴*
2562 2582 2626 2610 quod
2639 2588 2686 2604 om.
2696 2588 2750 2604 ma.

2636 2693 2652 2709 α

2637 2955 2652 2988 β

2538 3042 2548 3054 ⁸
2562 3041 2632 3062 simul
2651 3047 2699 3063 om.
2713 3047 2750 3063 ac1

2538 3074 2683 3094 noqsrvxr.
