2898 3996
1156 242 1268 279 cAP.
1295 242 1378 290 vn,
1407 242 1557 279 LECT.
1586 243 1676 279 x1v

336 329 556 366 removetur
575 320 680 370 quod
702 319 790 358 insit
812 320 981 358 subiecto
1011 320 1160 357 mobili:
1181 321 1392 357 secundum

335 374 438 412 enim
467 375 488 396 ¹⁸
516 373 776 411 alterationem
809 373 853 410 fit
887 373 1147 410 transmutatio
1181 373 1391 410 secundum

335 427 566 476 qualitatem,
586 427 625 463 in
644 434 847 474 augmento
865 437 959 463 vero
980 427 1000 446 *
1020 432 1057 462 et
1075 425 1316 462 decremento
1335 436 1392 461 se-

336 480 505 517 cundum
524 478 783 527 quantitatem,
799 490 898 526 quae
911 478 1039 527 insunt
1056 477 1224 522 subiecto
1232 489 1246 522 ¹;
1265 482 1392 514 >trans-

335 532 494 570 mutatio
504 543 598 568 vero
613 530 864 579 generationis
879 537 916 567 et
929 526 1178 578 corruptionis
1192 528 1392 565 attenditur

335 584 548 622 secundum
584 584 749 621 formam
785 594 884 631 quae
921 581 1109 619 constituit
1144 580 1390 618 substantiam

335 636 509 682 subiecti;
529 642 656 674 motus
675 642 802 672 autem
819 634 947 672 localis
966 640 1022 670 est
1039 633 1165 670 solum
1180 633 1389 670 secundum

334 690 463 727 locum
489 695 516 736 ⁸,
545 689 610 736 qui
638 687 797 725 exterius
825 686 1000 724 continet.
1030 684 1267 732 Relinquitur
1301 697 1388 733 ergo

272 742 278 746 ”
336 742 442 790 quod
468 747 596 779 motus
622 740 751 777 localis
778 739 826 776 sit
847 737 1013 775 maxime
1038 737 1237 786 perfectus.

395 804 452 832 11.
473 793 621 841 Deinde
649 782 738 829 c'um
775 790 880 828 dicit:
908 789 1085 826 Maxime
1117 795 1241 827 autem
1270 790 1388 828 mani-

2421 254 2499 290 419

1432 321 1579 368 festum
1607 327 1660 357 est
1678 328 1759 368 etc.²
1779 321 1915 369 probat
1943 320 2048 369 quod
2067 328 2194 358 motus
2213 320 2340 358 localis
2363 320 2409 357 sit
2427 321 2500 369 pri-

1446 384 1543 418 mus,
1565 384 1610 409 ex
1627 380 1733 422 parte
1752 373 1913 410 mobilis.
1935 373 2178 410 Manifestum
2198 381 2254 410 est
2274 373 2376 410 enim
2396 373 2501 420 quod

1446 436 1607 461 movens
1644 425 1811 474 seipsum
1837 425 2096 474 propriissime
2132 433 2263 463 movet
2290 438 2330 462 se
2367 437 2500 462 secun-

1447 476 1539 514 dum
1558 484 1707 514 motum
1726 478 1899 515 localem.
1917 478 2017 514 Cum
2032 477 2143 525 igitur
2157 490 2318 515 movens
2333 477 2500 526 seipsum

1445 528 1491 565 sit
1516 529 1743 578 principium
1772 530 1931 567 aliorum
1959 530 2196 567 moventium
2226 537 2262 566 et
2288 529 2499 576 mobilium,

1446 589 1483 618 et
1507 594 1577 630 per
1605 594 1842 631 consequens
1861 582 1907 619 sit
1933 582 2098 631 primum
2122 582 2217 619 inter
2245 583 2374 619 omnia
2402 594 2500 631 quae

1444 641 1663 680 moventur;
1684 635 1850 683 sequitur
1869 635 1973 683 quod
1991 642 2118 672 motus
2135 634 2274 682 localis,
2295 635 2359 683 qui
2388 641 2443 672 est
2466 634 2500 671 ei

1442 686 1629 735 proprius,
1642 686 1687 723 sit
1703 687 1848 735 primus
1868 687 1962 724 inter
1977 699 2111 724 omnes
2131 694 2300 724 motus.-
2312 687 2374 724 Sic
2392 687 2501 735 igitur

1445 739 1634 776 concludit
1671 751 1716 776 ex
1750 739 1986 788 praemissis,
2003 739 2122 790 'quod
2153 739 2226 776 loci
2262 739 2418 776 mutatio
2456 739 2504 776 sit

1441 790 1566 839 'prima
1593 791 1689 828 inter
1716 791 1851 829 omnes
1879 799 2017 829 motus.

387 955 406 990 ι)
421 936 616 982 motus-autem
633 955 724 981 localis
741 957 782 980 est
798 954 883 980 mlum
902 953 1044 980 secundum
1063 955 1158 980 locum.
1170 967 1190 974 ·—
1201 954 1294 980 locatis
1305 963 1358 980 om.
1373 955 1396 986 1;
1414 963 1462 988 pro
1480 959 1532 987 est,
1553 956 1624 989 quod
1641 964 1695 982 om.
1708 956 1756 988 sF,
1768 956 1807 988 fit
1823 956 1883 986 BR,
1903 959 1930 981 et
1948 957 1988 982 ed.
2005 963 2023 981 a
2041 961 2067 982 et
2085 961 2133 982 cet.
2148 964 2201 993 exc3
2215 957 2326 989 DHLQ
2344 957 2427 983 solum
2446 965 2502 982 om.

334 991 410 1016 codd.
428 995 454 1016 et
470 997 496 1016 a.
