2950 4004
229 538 240 547 ⁸
255 537 290 591 C3f.
301 537 352 559 lect.
363 543 441 565 praec.

231 570 253 584 n.
283 579 288 584 .

230 754 239 762 ”
262 752 350 773 desinit
372 751 431 772 codd
436 767 441 772 .

230 780 262 803 (ct
273 779 324 803 αῖ).

228 809 280 835 *fit
298 815 311 829 1>
330 812 351 829 et
373 808 440 829 codd.

229 841 279 856 exo.
295 840 387 856 ceecvz.

229 911 238 919 '
252 915 305 930 esse
319 914 367 930 om.
382 908 434 929 vab.

228 964 239 973 ⁸
253 962 376 990 contingat
388 962 439 983 vab.

229 1022 236 1029 ¹
261 1020 361 1047 aliquem
386 1019 438 1040 ndd.

228 1046 308 1067 recab.

231 1166 240 1174 ·
254 1168 326 1189 Num.
340 1170 390 1192 seq.

227 1270 237 1279 ⁸
253 1268 322 1290 Num.
337 1274 356 1296 5.

222 1911 233 1920 ⁴
248 1915 287 1930 seu
309 1910 436 1931 diversita-

223 1938 267 1957 tem
282 1936 334 1957 add.
350 1943 371 1957 P.

223 2231 233 2240 ⁸
248 2230 307 2251 sicut
324 2236 435 2255 nestoras,

210 2665 261 2685 'seu
268 2659 428 2686 aversanda&

207 2696 247 2711 sm.

209 2828 221 2837 ⁸
238 2826 296 2847 illud
309 2825 359 2846 rab.

216 3088 227 3097 ⁸
243 3089 298 3108 eL...
313 3091 364 3107 esse
380 3091 428 3106 om.

218 3119 233 3134 α
249 3117 269 3134 et
285 3118 428 3134 Αεεοικιοτν

218 3145 299 3166 xvzpn.

476 243 546 278 108

469 321 626 358 ficabilis
646 320 869 368 inquantum
889 318 1119 355 huiusmodi.
1150 318 1375 356 Aedificatio
1401 325 1529 354 autern

470 381 525 410 est
545 373 699 422 quidam
720 379 864 409 motus:
882 379 1008 408 motus
1028 371 1136 418 igitur
1152 378 1207 407 est
1222 378 1326 407 actus
1343 370 1529 406 existentis

469 426 506 462 in
525 426 693 474 potentia
712 425 937 473 inquantum
957 423 1188 460 huiusmodi.
1210 424 1258 460 Et
1279 423 1415 460 eadem
1436 422 1528 459 ratio

470 486 524 515 est
554 478 600 515 de
629 477 709 514 aliis
738 477 916 513 motibus.
944 477 1051 512 Patet
1078 476 1187 523 igitur
1215 476 1319 524 quod
1339 482 1466 512 motus
1486 475 1531 511 sit

468 531 550 567 talis
570 538 674 566 actus
694 529 813 577 qualis
834 529 953 566 dictus
974 536 1029 565 est
1049 530 1079 574 ἦ
1102 536 1137 565 et
1158 529 1262 577 quod
1281 536 1370 565 tunc
1389 527 1529 576 aliquid

469 590 658 629 movetur,
689 582 842 630 quando
873 589 927 618 est
946 581 983 617 in
1002 581 1064 617 tali
1092 589 1193 629 actu,
1225 589 1260 618 et
1279 593 1402 630 neque
1426 581 1530 629 prius

469 648 593 683 neque
614 635 816 683 posterius:
847 634 935 682 quia
961 633 1076 682 prius,
1098 646 1186 671 cum
1216 641 1271 670 est
1297 634 1336 670 in
1363 633 1531 682 potentia

468 696 626 734 tantum,
647 700 726 724 non
746 687 874 736 incipit
892 695 1036 733 motus;
1057 699 1182 735 neque
1203 686 1315 723 etiam
1330 686 1529 734 posterius,

470 753 556 777 cum
586 741 662 776 iam
692 740 849 777 omnino
880 739 1027 776 desinat
1047 740 1066 760 ss
1095 752 1176 776 esse
1205 739 1243 776 in
1271 739 1439 788 potentia
1462 751 1531 788 per

468 795 543 830 hoc
571 793 676 842 quod
705 793 750 830 sit
771 794 789 814 ‘³‘
819 793 856 829 in
885 799 970 828 actu
997 792 1176 841 perfectO.

523 847 556 883 3.
587 846 735 884 Deinde
765 858 853 882 cum
873 845 979 882 dicit:
1006 845 1115 887 Quod
1131 850 1256 881 autem
1276 845 1369 881 bene
1391 845 1528 882 dictum

467 900 514 936 sit
532 907 613 946 etc.,
630 899 792 936 ostendit
811 898 989 935 indirecte
1010 898 1272 935 definitionem
1294 910 1376 934 esse
1391 897 1411 918 *
1431 898 1529 935 bene

468 952 707 999 assignatam,
724 964 791 1000 per
814 952 887 987 hoc
916 951 1054 987 scilicet
1072 951 1177 1000 quod
1205 962 1283 987 non
1312 950 1528 999 contingit*

468 1013 617 1042 motum
644 1006 664 1026 *
692 1005 796 1041 aliter
824 1004 994 1040 definire.
1024 1004 1074 1040 Et
1102 1003 1199 1041 circa
1226 1004 1301 1040 hoc
1329 1004 1397 1040 tria
1425 1004 1527 1041 facit:

467 1058 591 1106 primo
619 1057 798 1106 proponit
825 1057 930 1105 quod
949 1056 1121 1103 intendit3
1152 1057 1319 1095 secundo
1339 1057 1446 1106 ponit
1466 1058 1529 1094 de-

467 1110 655 1147 finitiones
684 1110 843 1147 aliorum
864 1109 911 1147 de
940 1117 1059 1157 motu,
1081 1118 1118 1147 et
1146 1111 1323 1158 reprobat
1352 1123 1426 1158 eas,
1455 1111 1527 1148 ibi:

466 1164 714 1212 Manifestum
742 1169 867 1200 autem
896 1163 1164 1200 intendentibus
1183 1163 1203 1184 *
1233 1171 1315 1209 etc.;
1336 1164 1444 1200 tertio
1471 1177 1528 1201 as-

467 1217 585 1263 signat
615 1229 770 1253 causam
799 1228 915 1265 quare
944 1216 1005 1252 alii
1034 1216 1087 1253 sic
1116 1216 1342 1254 definierunt
1366 1225 1526 1265 motum,

466 1269 533 1305 ibi:
569 1270 692 1306 Causa
711 1275 836 1306 autem
864 1269 900 1306 in
929 1270 1000 1306 hoc
1017 1281 1162 1318 ponere
1182 1271 1201 1291 ²²
1230 1277 1299 1307 etc.
1321 1271 1419 1307 Dicit
1439 1283 1527 1319 ergo

464 1322 588 1371 primo
627 1322 731 1370 quod
764 1322 1005 1359 manifestum
1045 1331 1100 1360 est
1127 1331 1276 1360 motum
1314 1336 1395 1361 esse
1429 1325 1527 1361 bene

467 1375 664 1412 definitum
694 1388 740 1412 ex
768 1375 940 1412 duobus:
969 1375 1094 1424 primo
1133 1377 1288 1424 quidem
1316 1377 1407 1425 quia
1435 1377 1527 1415 defi-

466 1428 625 1465 nitiones
655 1428 790 1477 quibus
819 1428 879 1464 alii
908 1428 1134 1466 definierunt
1161 1437 1326 1477 motum,
1357 1438 1445 1468 sunt
1464 1430 1526 1478 ‚in—

466 1481 752 1527 convenientes;
773 1481 940 1518 secundo
961 1494 1007 1518 ex
1025 1482 1099 1518 hoc
1119 1483 1222 1531 quod
1251 1495 1328 1520 non
1349 1483 1528 1532 contingit

466 1546 554 1571 eum
583 1534 687 1570 aliter
715 1533 883 1571 definire.
915 1534 1031 1571 Cuius
1061 1535 1154 1572 ratio
1185 1543 1253 1583 est,
1284 1536 1371 1585 quia
1400 1544 1526 1575 motus

464 1599 542 1623 non
572 1587 746 1624 collocari
773 1593 897 1636 potest
924 1587 962 1624 in
990 1587 1116 1636 aliquo
1145 1588 1218 1625 alio
1243 1601 1380 1637 genere
1409 1602 1525 1639 quam

464 1639 501 1677 in
529 1652 666 1688 genere
695 1648 798 1678 actus
828 1640 1014 1678 existentis
1042 1641 1080 1678 in
1106 1642 1285 1690 potentia.

516 1705 552 1740 4.
583 1693 730 1731 Deinde
751 1706 838 1730 curn
868 1693 974 1731 dicit:
995 1694 1243 1742 Manifestum
1263 1701 1388 1732 autem
1408 1697 1524 1734 inten-

463 1746 629 1783 dentibus
654 1754 736 1794 etc.,
758 1747 918 1783 excludit
937 1747 1176 1784 definitiones
1195 1748 1355 1784 aliorum
1375 1749 1423 1786 de
1443 1762 1525 1786 mo-

464 1805 515 1835 tu.
538 1800 586 1835 Et
605 1799 803 1836 sciendum
825 1807 880 1836 est
899 1799 1003 1848 quod
1031 1800 1220 1849 tripliciter
1239 1801 1351 1849 aliqui
1371 1802 1525 1839 definie-

463 1858 549 1888 runt
576 1860 738 1889 motum.
767 1851 952 1889 Dixerunt
971 1852 1072 1889 enim
1093 1861 1240 1890 motum
1263 1866 1344 1890 esse
1363 1855 1525 1893 alterita-

463 1910 534 1940 tem
551 1905 582 1951 ’'·⁴,
603 1912 757 1954 propter
776 1905 850 1941 hoc
871 1905 975 1954 quod
994 1905 1032 1942 id
1052 1906 1156 1955 quod
1175 1914 1352 1944 movetur
1375 1921 1526 1957 semper

463 1957 537 1994 alio
558 1965 594 1994 et
612 1958 685 1994 alio
709 1958 828 1995 modo
848 1971 888 1995 se
907 1958 1032 1996 habet.
1064 1960 1158 2007 Item
1184 1959 1357 1998 dixerunt
1375 1969 1524 1998 motum

464 2022 544 2046 esse
566 2011 878 2059 inaequalitatem,
899 2011 988 2060 quia
1006 2012 1044 2049 id
1060 2013 1163 2060 quod
1178 2021 1355 2050 movetur
1374 2027 1526 2063 semper

463 2063 582 2110 magis
610 2076 655 2100 ac
682 2063 801 2111 magis
834 2063 979 2101 accedit
1006 2064 1054 2102 ad
1091 2065 1306 2103 terminum.
1340 2067 1525 2105 Dixerunt

463 2115 576 2152 etiarn
605 2123 754 2153 motum
785 2129 866 2153 esse
894 2117 995 2165 quod
1021 2130 1095 2154 non
1115 2124 1184 2165 est,
1213 2118 1309 2156 idest
1331 2132 1410 2157 non
1439 2133 1522 2158 ens:

462 2169 551 2217 quia
579 2169 617 2206 id
645 2169 751 2217 quod
778 2178 967 2213 movetur,
998 2171 1091 2207 dum
1119 2179 1313 2218 movetur,
1348 2173 1521 2210 nondum

461 2222 576 2258 habet
604 2222 642 2259 id
671 2223 719 2259 ad
748 2223 852 2271 quod
880 2231 1074 2270 movetur3
1103 2232 1144 2261 ut
1165 2226 1184 2246 ³³
1213 2225 1316 2273 quod
1346 2234 1523 2263 movetur

462 2275 510 2311 ad
539 2275 765 2322 albedinem,
796 2276 968 2313 nondum
999 2284 1053 2313 est
1081 2277 1220 2314 album.

515 2328 594 2364 Has
614 2336 740 2365 autem
761 2329 999 2366 definitiones
1020 2329 1173 2366 destruit
1187 2329 1442 2379 Philosophus
1462 2331 1521 2368 tri-

458 2380 612 2428 pliciter.
630 2403 654 2409 -
670 2381 799 2418 Primo
819 2381 975 2430 quidem
1001 2394 1044 2418 ex
1067 2390 1174 2431 parte
1198 2382 1355 2419 subiecti
1378 2392 1518 2422 motus.

460 2433 499 2470 Si
519 2433 620 2470 enim
650 2442 777 2472 motus
798 2443 894 2472 esset
917 2435 1078 2472 alteritas
1106 2436 1168 2472 vel
1195 2435 1440 2484 inaequalitas
1458 2437 1521 2474 vel

458 2498 537 2523 non
566 2500 644 2535 ens,
666 2488 890 2536 cuicumque
910 2488 979 2525 ista
998 2488 1174 2535 inessent,
1204 2489 1417 2526 necessario
1437 2502 1519 2526 mo-

456 2547 622 2586 veretur;
649 2541 738 2589 quia
757 2541 984 2590 cuicumque
1004 2541 1100 2578 inest
1118 2549 1256 2587 motus,
1277 2541 1367 2578 illud
1387 2554 1520 2579 move-

456 2600 525 2630 tur.
558 2594 633 2630 Sed
662 2606 740 2630 non
773 2602 828 2631 est
855 2594 1111 2631 necessarium
1140 2593 1289 2630 moveri
1321 2606 1446 2643 neque
1476 2607 1520 2631 ea

456 2658 553 2693 quae
574 2655 660 2683 sunt
679 2648 805 2695 altera,
829 2659 873 2684 ex
901 2648 976 2684 hoc
995 2647 1077 2695 ipso
1098 2646 1203 2695 quod
1224 2647 1338 2684 altera
1360 2647 1380 2668 *
1408 2654 1513 2692 sunt3

450 2711 579 2749 neque
599 2700 828 2749 inaequalia,
858 2712 983 2748 neque
1013 2711 1058 2735 ea
1085 2711 1183 2747 quae
1212 2711 1291 2735 non
1317 2706 1413 2736 sunt.
1445 2701 1518 2736 Re-

449 2754 630 2803 linquitur
661 2753 772 2801 igitur
810 2752 916 2802 quod
948 2751 1110 2789 alteritas
1140 2759 1175 2788 et
1211 2751 1455 2800 inaequalitas
1485 2759 1521 2789 et

450 2820 531 2845 non
547 2820 625 2855 ens,
643 2818 722 2844 non
738 2813 793 2842 est
808 2813 947 2842 motus.
964 2825 989 2832 -
1006 2804 1184 2841 Secundo
1206 2804 1368 2841 ostendit
1387 2805 1488 2842 idem
1500 2805 1520 2826 ’¹‘

453 2874 497 2898 ex
525 2868 631 2909 parte
650 2858 802 2896 termini
823 2858 872 2896 ad
892 2869 1028 2907 quern:
1049 2857 1138 2906 quia
1157 2864 1284 2894 motus
1305 2864 1341 2894 et
1359 2858 1517 2895 mutatio

451 2926 533 2951 non
561 2921 616 2950 est
643 2911 764 2959 magis
792 2911 832 2948 in
859 2910 1081 2948 alteritatem
1101 2922 1218 2958 quam
1245 2910 1285 2946 in
1312 2910 1520 2947 similitudi-

453 2979 555 3013 nem,
577 2978 701 3014 neque
721 2965 842 3012 magis
861 2964 900 3001 in
923 2962 1231 3012 inaequalitatem
1251 2975 1366 3011 quam
1395 2962 1434 3000 in
1459 2975 1520 2999 ae-

454 3019 685 3069 qualitatem,
702 3030 827 3067 neque
847 3016 967 3064 magis
987 3015 1026 3052 in
1041 3027 1120 3052 non
1135 3027 1216 3052 esse
1232 3027 1350 3064 quam
1365 3015 1405 3052 in
1425 3028 1518 3052 esse.

455 3074 559 3110 Nam
579 3072 772 3119 generatio
794 3077 849 3107 est
868 3069 1026 3106 mutatio
1047 3067 1096 3105 ad
1122 3080 1215 3115 esse,
1237 3075 1274 3105 et
1289 3069 1308 3090 ‘¹²
1329 3068 1520 3117 corruptio

455 3126 506 3163 ad
525 3137 603 3162 non
625 3136 718 3161 esse.
739 3125 831 3160 Non
855 3122 964 3170 igitur
984 3128 1111 3158 motus
1136 3120 1256 3168 magis
1282 3128 1336 3157 est
1360 3120 1521 3157 alteritas

458 3190 574 3228 quam
591 3176 807 3223 similitudo,
823 3176 886 3213 vel
906 3173 1151 3223 inaequalitas
1171 3186 1287 3222 quam
1303 3173 1520 3223 aequalitas,

458 3232 520 3268 vel
550 3243 627 3267 non
649 3242 714 3266 ens
743 3240 860 3278 quam
881 3240 958 3265 ens.
975 3248 999 3255 -
1015 3226 1146 3264 Tertio
1167 3226 1330 3263 ostendit
1353 3226 1455 3264 idern
1477 3238 1522 3263 ex

460 3291 566 3332 parte
585 3282 733 3319 termini
753 3295 775 3319 a
803 3294 897 3330 quo:
919 3280 1007 3330 quia
1035 3279 1130 3316 sicut
1153 3286 1281 3316 motus
1306 3278 1438 3327 aliquis
1468 3286 1524 3316 est

1093 239 1438 276 PHYSICORUM
1465 239 1814 276 ARISTOTELIS
1845 239 1938 276 LlB.
1969 240 2018 276 ΙΙΙ

1585 330 1629 353 ex
1649 317 1828 354 alteritate
1853 325 1889 354 et
1914 330 1959 354 ex
1977 317 2240 367 inaequalitate
2256 327 2292 356 et
2311 314 2356 357 ex
2375 333 2454 358 non
2474 328 2570 368 ente,
2591 321 2643 359 ita

1585 377 1640 406 est
1660 382 1705 406 ex
1729 369 1910 418 oppositis
1938 370 2087 407 horum.
2114 372 2205 408 Non
2232 371 2341 420 igitur
2369 381 2495 411 motus
2524 374 2644 422 magis

1585 422 1698 458 debet
1716 422 1808 470 poni
1827 422 1866 459 in
1885 422 1942 459 his
1966 423 2178 471 generibus,
2200 437 2316 473 quam
2337 425 2375 462 in
2396 426 2589 475 oppositis.

1641 475 1673 511 5.
1703 474 1852 512 Deinde
1881 488 1969 512 cum
1998 476 2105 513 dicit:
2140 478 2263 514 Causa
2283 484 2407 524 autem
2436 479 2473 515 in
2492 480 2563 516 hoc
2574 492 2644 528 po-

1584 539 1674 563 nere
1693 534 1775 575 etc.,
1797 528 1960 576 assignat
1979 541 2134 566 causam
2164 542 2279 578 quare
2298 530 2490 579 praedicto
2524 533 2642 570 modo

1584 579 1726 629 antiqui
1744 588 1894 618 motum
1915 582 2151 620 definierunt.
2172 583 2221 619 Et
2240 583 2338 620 circa
2355 584 2429 620 hoc
2450 584 2526 620 duo
2542 585 2643 623 facit:

1582 632 1708 681 primo
1738 634 1902 682 assignat
1929 647 2083 671 causam
2103 635 2183 672 eius
2203 636 2307 685 quod
2328 636 2470 673 dictum
2491 644 2560 684 est3
2586 650 2643 674 se-

1585 685 1712 722 cundo
1731 686 1895 734 assignat
1915 699 2070 724 causam
2086 688 2282 726 cuiusdam
2303 690 2407 738 quod
2435 702 2644 739 supposue-

1584 746 1651 785 rat,
1672 739 1739 775 ibi:
1766 740 1893 776 Videri
1909 746 2034 777 autem
2063 741 2386 780 indeterminatum
2407 743 2427 764 *
2457 750 2525 780 etc.
2546 742 2646 780 Dicit
2671 750 2680 760 ·
2695 749 2766 771 Num·
2780 755 2830 778 seq-

1584 803 1674 838 ergo
1692 791 1819 840 primo
1847 794 1953 841 quod
1979 793 2047 830 ista
2067 801 2123 831 est
2142 807 2255 832 causa
2274 808 2392 845 quare
2415 795 2559 845 antiqui
2576 809 2645 845 po-

1583 852 1740 882 suerunt
1775 852 1926 882 motum
1953 845 1991 883 in
2026 846 2227 895 praedictis
2254 848 2455 896 generibus
2492 849 2646 896 (scilicet

1583 898 1784 946 alteritatis,
1804 898 2078 947 inaequalitatis
2097 907 2134 937 et
2151 912 2230 937 non
2259 901 2380 949 entis),
2410 901 2499 951 quia
2518 910 2645 940 motus

1582 950 1734 987 videtur
1761 963 1843 988 esse
1873 951 2069 1001 quoddam
2093 953 2438 1001 indeterminatum,
2467 955 2563 993 idest
2590 956 2644 994 in-

1584 1004 1816 1053 completum
1855 1012 1891 1042 et
1923 1004 2205 1054 imperfectum,
2244 1007 2352 1055 quasi
2388 1019 2467 1045 non
2499 1009 2644 1047 habens

1584 1057 1873 1095 determinatam
1893 1065 2078 1095 naturam.
2110 1059 2158 1096 Et
2185 1059 2273 1107 quia
2296 1059 2608 1099 indeterminatus
2623 1063 2643 1084 ²¹¹
2671 1091 2717 1111 ,um
2731 1090 2784 1112 edd·
2803 1090 2840 1112 a,
2860 1093 2883 1113 ‘t

1584 1117 1654 1157 est,
1683 1118 1838 1160 propter
1866 1111 1941 1148 hoc
1967 1110 2117 1149 videtur
2144 1123 2226 1148 esse
2254 1113 2456 1161 ponendus
2478 1115 2498 1135 ²¹⁴
2525 1114 2564 1151 in
2583 1127 2644 1162 ge·
2670 1116 2883 1171 ‘issam-...0

1582 1175 1672 1200 nere
1691 1163 1978 1212 privativorum.
2001 1165 2104 1202 Nam
2125 1177 2213 1202 curn
2233 1166 2468 1214 Pythagoras
2485 1175 2646 1216 poneret
2670 1174 2754 1192 ”²¹¹2-

1582 1216 1677 1254 duas
1697 1216 1952 1254 ordinationes
1969 1218 1988 1239 *
2005 1229 2142 1264 rerum,
2158 1218 2197 1255 in
2217 1230 2379 1267 quarum
2396 1226 2556 1270 utraque
2575 1233 2644 1270 po·
2670 1224 2813 1273 ssfflmffi
2827 1225 2882 1249 *ἅθ-

1582 1270 1698 1306 nebat
1716 1269 1906 1319 quaedam
1927 1270 2061 1307 decem
2080 1270 2282 1320 principia3
2310 1272 2495 1322 principia
2513 1286 2611 1322 quae
2626 1280 2644 1296 0‘
2769 1287 2786 1305 α

1583 1330 1689 1360 erant
1715 1323 1754 1360 in
1782 1323 1950 1360 secunda
1969 1322 2216 1371 ordinatione,
2247 1323 2466 1363 dicebantur
2484 1327 2532 1363 ab
2560 1327 2643 1376 ipso

1581 1376 1882 1424 indeterminata,
1902 1376 1991 1426 quia
2010 1383 2096 1413 sunt
2121 1376 2319 1426 privativa.
2348 1378 2440 1416 Non
2459 1379 2561 1418 enim
2581 1380 2644 1418 de—

1581 1430 1832 1467 terminantur
1848 1441 1918 1478 per
1945 1430 2109 1466 formam
2137 1442 2236 1479 quae
2265 1430 2311 1468 sit
2328 1429 2367 1468 in
2389 1443 2529 1479 genere
2557 1434 2644 1470 sub-

1582 1483 1750 1531 stantiae,
1780 1495 1905 1532 neque
1923 1494 1993 1532 per
2019 1483 2183 1520 formam
2201 1483 2399 1533 qualitatis,
2428 1497 2554 1534 neque
2577 1497 2646 1535 per

1581 1536 1747 1573 sormam
1776 1536 1943 1585 aliquam
1971 1536 2174 1584 specialem
2202 1536 2241 1573 in
2261 1536 2386 1585 aliquo
2414 1538 2554 1575 horum
2582 1551 2644 1587 ge-

1580 1601 1715 1626 nerum
1744 1589 1978 1636 existentem,
2007 1601 2132 1638 neque
2153 1588 2265 1626 etiam
2292 1602 2361 1638 per
2387 1590 2551 1628 formam
2580 1591 2644 1628 ali-

1581 1642 1687 1679 cuius
1715 1642 1876 1679 aliorum
1904 1642 2313 1690 praedicamentorum.
2344 1644 2386 1679 In
2405 1655 2482 1680 una
2515 1651 2642 1681 autern

1581 1695 1818 1732 ordinatione
1855 1695 2049 1743 ponebant
2085 1695 2324 1743 Pythagorici
2360 1697 2455 1733 haec
2490 1696 2640 1744 decem3

1580 1747 1719 1785 scilicet
1741 1748 1890 1784 finitum
1906 1748 1937 1795 *,
1958 1747 2092 1797 impar,
2108 1759 2241 1795 unum,
2262 1749 2471 1797 dexterum,
2492 1761 2641 1787 mascu-
2667 1755 2762 1783 *fim-
2776 1755 2828 1778 edd·
2842 1757 2886 1779 αθ

1579 1802 1672 1848 lum,
1693 1800 1859 1849 quietem
1880 1801 1912 1848 ²⁸,
1934 1808 2094 1847 rectum,
2123 1801 2265 1849 lumen,
2287 1802 2450 1849 bonum,
2479 1802 2642 1851 triangu-
2668 1782 2774 1845 {2⁶⁰⁶OE
2788 1788 2882 1812 ωηο

1579 1854 1659 1890 lum
1688 1852 1982 1902 aequilaterum:
2007 1853 2046 1890 in
2066 1853 2138 1890 alia
2157 1861 2301 1901 autem,
2330 1854 2531 1903 infinitum,
2559 1868 2640 1905 par,
2668 1835 2882 1883 effff’fmmdd'

1579 1906 1871 1953 multitudinem,
1901 1906 2103 1953 sinistrum,
2133 1906 2328 1955 feminam,
2354 1915 2517 1955 motum,
2548 1907 2641 1945 obli-

1579 1972 1711 2008 quum,
1741 1960 1949 2006 tenebram,
1980 1960 2137 2006 malum,
2167 1960 2282 1996 altera
2308 1968 2415 2008 parte
2443 1961 2603 2009 longius.

1633 2013 1668 2049 6.
1698 2012 1845 2049 Deinde
1875 2024 1963 2048 cum
1993 2011 2091 2048 dicit:
2128 2012 2255 2049 Videri
2279 2019 2403 2050 autem
2431 2014 2641 2051 indetermi-

1579 2071 1708 2102 natum
1738 2073 1807 2102 etc.
1817 2094 1826 2112 ,
1857 2065 2019 2112 assignat
2047 2077 2203 2101 causam
2232 2077 2348 2114 quare
2376 2073 2503 2103 motus
2530 2067 2639 2116 poni-

1577 2125 1638 2154 tur
1656 2117 1751 2154 inter
1778 2117 2076 2154 indeterminata.
2098 2118 2147 2154 Et
2166 2117 2255 2154 dicit
2272 2117 2378 2166 quod
2395 2119 2508 2156 huius
2528 2131 2642 2157 causa

1579 2178 1644 2217 est,
1675 2170 1763 2219 quia
1790 2182 1915 2219 neque
1946 2177 2072 2218 potest
2097 2169 2190 2218 poni
2218 2171 2289 2207 sub
2316 2171 2484 2219 potentia
2507 2180 2640 2222 'neque

1577 2224 1648 2260 sub
1678 2230 1775 2260 actu.
1807 2223 1847 2259 Si
1875 2223 1978 2260 enim
1996 2230 2203 2271 poneretur
2225 2223 2296 2260 sub
2323 2224 2504 2272 potentia,
2533 2224 2641 2274 quid-

1577 2276 1668 2326 quid
1688 2283 1787 2313 esset
1804 2275 1843 2312 in
1866 2275 2045 2325 potentia,
2073 2282 2166 2324 puta
2194 2276 2244 2313 ad
2269 2276 2528 2325 quantitatem,
2558 2289 2641 2315 mo-

1575 2337 1729 2367 veretur
1756 2328 1970 2365 secundum
1989 2328 2248 2376 quantitatem:
2269 2335 2307 2365 et
2333 2328 2364 2365 si
2388 2329 2642 2368 contineretur

1576 2382 1646 2419 sub
1667 2389 1764 2429 actu,
1781 2381 1965 2429 quidquid
1981 2388 2079 2417 esset
2097 2387 2183 2417 actu
2203 2388 2399 2429 quantum,
2420 2390 2641 2420 moveretur

1575 2434 1787 2472 secundum
1802 2434 2061 2482 quantitatem.
2077 2434 2126 2470 Et
2140 2433 2295 2482 quidem
2309 2445 2447 2471 verum
2465 2442 2522 2472 est
2535 2435 2640 2484 quod

1574 2495 1703 2524 motus
1722 2494 1779 2523 est
1797 2494 1914 2523 actus:
1934 2485 2001 2523 sed
2023 2493 2079 2522 est
2096 2493 2201 2523 actus
2214 2486 2468 2535 imperfectus,
2489 2488 2640 2525 medius

1574 2540 1671 2576 inter
1683 2539 1894 2588 potentiam
1910 2546 1946 2575 et
1965 2546 2103 2575 actum.
2120 2539 2169 2576 Et
2187 2539 2293 2587 quod
2312 2539 2358 2576 sit
2376 2542 2481 2576 actus
2500 2540 2639 2590 imper-

1575 2593 1694 2629 fectus
1719 2604 1764 2628 ex
1791 2592 1866 2628 hoc
1893 2599 2007 2640 patet,
2029 2591 2167 2640 quod*
2185 2591 2274 2628 illud
2304 2592 2409 2628 cuius
2439 2600 2494 2630 est
2521 2600 2638 2642 actus,
2665 2600 2746 2628 'quia
2760 2605 2811 2622 cu-

1575 2652 1630 2682 est
1658 2657 1725 2681 ens
1743 2644 1782 2681 in
1800 2644 1980 2692 potentia,
2000 2651 2042 2680 ut
2061 2656 2174 2692 supra
2195 2646 2215 2666 ²³*
2235 2644 2378 2681 dictum
2398 2653 2463 2682 est.
2485 2647 2535 2682 Et
2551 2645 2639 2683 ideo
2665 2653 2681 2700 J,
2690 2651 2754 2674 Lect-
2771 2653 2878 2680 praeeed-

1575 2698 1725 2735 difficile
1747 2704 1802 2734 est
1820 2696 1990 2745 accipere
2010 2697 2103 2745 quid
2131 2697 2177 2734 sit
2195 2704 2334 2734 motus.
2354 2697 2513 2735 Videtur
2538 2698 2640 2736 enim
2683 2684 2725 2706 '³'

1574 2751 1612 2787 in
1640 2750 1765 2799 primo
1796 2757 1951 2798 aspectu
1979 2749 2084 2798 quod
2111 2750 2174 2787 vel
2201 2749 2247 2787 sit
2275 2750 2492 2799 simpliciter
2519 2758 2638 2800 actus,

1573 2804 1635 2840 vel
1656 2802 1876 2852 simpliciter
1902 2802 2082 2851 potentia,
2102 2803 2165 2839 vel
2184 2803 2289 2852 quod
2314 2803 2548 2841 contineatur
2567 2805 2640 2842 sub

1574 2856 1800 2905 privatione,
1821 2855 1916 2892 sicut
1943 2854 2121 2904 antiqui*
2140 2863 2350 2904 posuerunt
2376 2855 2503 2905 ipsum
2523 2856 2639 2894 conti-
2665 2864 2677 2875 ·
2691 2863 2767 2892 alluat
2778 2864 2813 2886 »⁶-

1575 2909 1655 2946 neri
1683 2909 1754 2946 sub
1782 2920 1861 2945 non
1881 2915 1965 2945 ente
1986 2915 2022 2944 et
2040 2909 2111 2945 sub
2143 2908 2419 2957 inaequalitate.
2454 2909 2531 2946 Sed
2557 2910 2640 2947 nul·

1575 2962 1655 2998 lum
1674 2962 1812 2998 horum
1834 2968 1889 2997 est
1906 2960 2098 3009 possibile,
2118 2967 2160 2997 ut
2178 2973 2292 3010 supra
2308 2962 2328 2983 ²
2347 2969 2543 2999 ostensum
2562 2969 2638 2999 est:
2666 2968 2754 3017 :albid-
2767 2973 2790 2992 et
2808 2975 2879 2999 supr·

1575 3015 1677 3052 unde
1706 3013 1926 3062 relinquitur
1945 3014 2048 3050 solus
2066 3014 2282 3062 praedictus
2301 3014 2440 3052 modus
2469 3014 2518 3052 ad
2547 3015 2640 3052 defi·
2683 3002 2723 3022 '⁴'

1577 3067 1760 3104 niendum
1780 3074 1942 3112 motum;
1962 3074 2003 3103 ut
2030 3066 2169 3103 scilicet
2188 3074 2316 3104 motus
2331 3068 2351 3089 ²*
2371 3067 2417 3104 sit
2435 3075 2539 3104 actus
2558 3067 2640 3105 talis
2665 3074 2676 3085 ⁸
2690 3075 2766 3097 mot-⁸
2779 3080 2827 3098 0¹¹¹-
2841 3081 2879 3098 m·

1577 3121 1729 3169 qualem
1749 3119 1924 3166 diximus,
1941 3119 2079 3156 scilicet
2099 3119 2288 3156 existentis
2306 3120 2344 3157 in
2363 3120 2542 3169 potentia.
2564 3121 2640 3158 Ta-

1577 3173 1653 3210 lem
1673 3179 1801 3210 autem
1823 3179 1950 3209 actum
1975 3172 2214 3210 considerare
2238 3172 2388 3210 difficile
2414 3181 2469 3211 est
2486 3181 2643 3224 propter

1576 3225 1868 3274 permixtionem
1897 3232 2003 3262 actus
2024 3233 2060 3262 et
2086 3225 2298 3274 potentiae:
2318 3234 2448 3264 tamen
2476 3238 2559 3264 esse
2586 3234 2639 3264 ta·

1577 3279 1653 3316 lem
1683 3286 1810 3315 actum
1837 3290 1916 3315 non
1945 3285 2000 3315 est
2027 3278 2277 3328 impossibile,
2307 3279 2375 3316 sed
2407 3279 2638 3328 contingens.

518 3415 544 3445 α)
561 3414 695 3446 principun
714 3420 789 3446 quae.
808 3427 827 3432 -
842 3412 978 3445 principia
1003 3415 1091 3437 autem
1112 3418 1179 3444 quae
1204 3411 1301 3439 GOab,
1322 3410 1368 3435 illa
1388 3410 1524 3442 principia
1578 3418 1670 3435 omnes
1690 3411 1791 3436 codices
1811 3416 1836 3436 et
1855 3411 1913 3436 editi
1932 3411 2035 3437 habent.
2047 3412 2188 3437 -Inferius
2207 3418 2275 3445 quae
2293 3413 2329 3438 sit
2347 3413 2373 3438 in
2387 3419 2484 3446 germ-e
2497 3419 2549 3438 om.
2564 3411 2638 3437 codd.

465 3457 532 3481 quae
548 3450 577 3479 R,
594 3449 727 3481 principia
747 3449 857 3473 alterius
870 3455 937 3480 quae
951 3453 1012 3472 cen:
1027 3447 1073 3472 sed
1085 3446 1195 3472 alterius
1211 3445 1320 3479 (supple
1335 3445 1523 3478 ordinationis)

466 3485 590 3509 redundat
609 3485 629 3508 si
649 3484 742 3509 sen‘ari
768 3483 843 3508 debet
868 3490 934 3516 quae
958 3486 1036 3508 erant
1056 3482 1082 3507 in
1107 3482 1223 3507 secunda
1246 3480 1428 3510 ordinatione,
1453 3481 1523 3514 quod

1578 3446 1690 3505 excleptis
1710 3447 1789 3476 LOS,
1809 3451 1895 3471 tamen
1915 3447 1955 3472 LS
1974 3455 2022 3480 pro
2039 3447 2076 3472 sit
2094 3447 2188 3473 habent
2206 3451 2258 3477 est;
2278 3448 2297 3473 F
2312 3455 2364 3480 per
2381 3447 2500 3482 sormam
2517 3447 2640 3473 substan-

1579 3485 1616 3506 tta
1627 3488 1676 3506 em.

1473 3567 1634 3594 ...ἦ-..-

2671 1063 2680 1074 ·
2715 1063 2885 1086 indeternuna-

2944 2628 2950 2651 ¹.

2941 2663 2950 2692 j
