2898 3996
217 1573 225 1580 '
236 1571 322 1597 Lecmz,
331 1575 392 1597 nn.7‚
403 1570 424 1591 8.

218 1726 226 1733 '
242 1724 311 1745 Num.
327 1723 348 1744 6.

218 1782 226 1789 ”
243 1780 299 1801 dicit
313 1780 364 1801 pah.

217 1886 224 1894 ”
242 1885 311 1907 Num.
325 1891 345 1912 3.

215 1991 223 1998 ·
241 1989 310 2010 Num.
325 1996 347 2015 4.

222 2683 230 2691 ·
244 2681 327 2702 1.cct.V.
337 2680 430 2707 nn.5³.9.

224 2736 233 2743 ·
249 2734 318 2755 Num.
334 2739 409 2760 praec.

464 283 537 319 308

530 358 618 390 ἀλλά
642 358 688 401 μή
713 357 872 389 κινεῖσθαι
897 358 954 402 μὲν
983 356 1100 394 ἀληθὲς
1129 357 1161 388 ἐν
1188 357 1234 397 τῷ
1260 357 1315 387 νῦν
1347 358 1405 387 καὶ
1431 353 1515 387 εἶναι

527 403 624 435 κατά
648 414 694 442 τι,
722 403 754 433 ἐν
779 402 884 446 χρόνῳ
909 397 937 433 δ’
961 404 1019 434 οὐκ.
1046 398 1222 444 ἐνδέχεται
1247 397 1333 432 εἶναι
1354 399 1451 432 κατ-οὶ
1475 401 1515 433 τὸ

527 446 686 491 ἠρεμοῦν·
712 449 884 490 συμβαίνει
909 446 972 491 γάρ
998 446 1038 477 τὸ
1063 446 1238 489 φερόμενον
1265 442 1412 488 ἠρεμεῖν.

514 590 660 616 Svsopsm.
688 605 721 608 —
752 597 775 615 1.
804 589 1011 624 Argumentum
1039 593 1066 614 et
1092 586 1192 614 divisio
1221 591 1321 613 textus.
1344 601 1363 606 -
1385 592 1411 612 2.
1442 584 1517 619 Quia

461 628 569 656 moveri
596 628 639 655 vel
667 627 811 664 quiescere
836 633 948 663 oportet
972 635 1058 653 omne
1090 626 1169 661 quod
1192 631 1291 653 natum
1320 631 1362 652 est
1389 625 1514 659 moveri,

454 668 577 703 quando
604 673 631 694 et
652 667 808 694 secundum
835 666 903 694 illud
930 672 956 693 et
978 674 1012 692 eo
1034 665 1122 692 modo
1144 671 1229 700 prout
1257 671 1357 692 natum
1381 671 1423 691 est
1452 673 1515 691 mo-

459 706 532 740 veri,
554 706 681 742 sequitur
695 707 773 742 quod
791 715 877 733 omne
893 705 971 741 quod
986 710 1042 732 stat
1056 710 1212 738 moveatur,
1234 713 1270 732 eo
1289 704 1369 740 quod
1383 704 1515 731 nondum

460 745 583 782 quietem
606 745 735 781 attigerit.
751 761 770 765 -
786 745 811 772 3.
835 745 928 772 Omne
943 744 1021 780 quod
1037 750 1098 778 stat,
1115 743 1144 770 in
1165 749 1294 779 tempore
1309 749 1372 771 stat.
1391 744 1418 777 a)
1440 742 1515 777 Quia

458 791 598 819 movetur,
621 791 647 812 et
662 791 757 812 motus
778 791 819 811 est
841 783 869 811 in
890 791 1027 818 tempore.
1050 783 1077 818 b)
1093 784 1256 815 Praeterea,
1279 782 1417 818 contingit
1441 789 1514 809 stare

456 823 582 851 velocius
603 830 630 851 et
650 823 773 857 tardius;
796 824 864 850 haec
886 829 981 850 autem
1005 822 1163 850 secundum
1185 828 1297 858 tempus
1321 821 1514 849 determinan-

457 869 512 891 tur.
529 880 547 884 —
562 872 590 898 4.
611 864 698 897 Quod
719 869 773 890 stat
793 862 822 890 in
843 862 939 898 aliquo
965 868 1094 897 tempore
1111 861 1210 898 primo
1231 866 1259 888 et
1275 870 1333 898 per
1353 870 1384 888 se
1406 867 1434 888 et
1453 870 1514 888 non

458 902 568 930 ratione
590 902 690 938 partis,
720 908 832 938 oportet
858 902 936 937 quod
962 907 1015 928 stet
1043 900 1071 928 in
1093 900 1220 936 qualibet
1238 906 1319 936 parte
1346 900 1420 928 illius
1441 907 1514 928 tem-

456 942 548 978 poris:
571 941 651 969 aliter
671 941 747 969 enim
771 942 814 968 vel
834 941 912 968 nullo
935 941 1023 967 modo
1045 939 1130 967 stabit
1150 939 1236 976 (quia
1256 939 1286 967 in
1307 940 1386 968 nulla
1403 941 1512 976 parte),

455 979 501 1008 vel
522 981 630 1009 ratione
652 981 737 1016 partis
759 987 786 1008 et
807 990 866 1008 non
887 979 989 1016 primo.
1007 996 1025 1000 —
1049 980 1074 1006 5.
1100 980 1131 1006 In
1153 978 1275 1007 statione
1297 988 1357 1007 non
1378 985 1420 1007 est
1441 979 1514 1007 acci-

457 1029 524 1057 pere
545 1020 665 1056 primam
693 1026 810 1055 partem.
841 1021 913 1047 Nam
942 1019 1009 1046 dato
1038 1019 1117 1054 quod
1143 1018 1178 1046 sit
1205 1018 1302 1055 aliqua
1329 1018 1422 1055 prima
1448 1027 1514 1055 pars

457 1059 593 1096 temporis
608 1060 636 1087 in
651 1068 707 1095 qua
728 1065 824 1093 statur,
841 1058 1017 1094 impartibilis
1039 1067 1100 1086 esse
1122 1058 1229 1094 nequit,
1249 1067 1315 1086 cum
1337 1058 1366 1086 in
1387 1057 1514 1086 indivisi-

457 1099 506 1126 bili
528 1108 587 1126 non
609 1099 644 1126 sit
665 1105 774 1132 motus,
797 1098 920 1134 ideoque
943 1106 996 1125 nec
1017 1097 1046 1125 in
1068 1107 1103 1125 eo
1125 1097 1209 1125 statio
1231 1106 1292 1126 esse
1314 1098 1413 1134 possit.
1435 1097 1514 1125 Divi-

455 1138 542 1166 sibilis
557 1147 624 1175 ergo
640 1144 695 1172 est,
718 1144 745 1165 et
766 1137 794 1164 in
817 1137 940 1174 qualibet
961 1137 1021 1164 eius
1042 1143 1122 1173 parte
1139 1143 1236 1172 statur,
1260 1138 1418 1165 secundum
1434 1138 1514 1174 quod

455 1187 533 1205 num.
549 1186 640 1214 praec.
663 1183 808 1205 ostensum
824 1183 873 1204 est.
897 1178 965 1204 Pars
986 1176 1071 1213 igitur
1086 1186 1160 1213 quae
1177 1178 1395 1213 supponebatur
1412 1177 1513 1213 prima,

455 1218 539 1244 habet
552 1217 636 1245 aliam
653 1216 794 1252 priorem,
817 1223 844 1243 et
864 1216 911 1244 illa
931 1216 1030 1248 aliam,
1053 1223 1081 1244 et
1099 1216 1139 1244 sic
1154 1216 1183 1244 in
1205 1216 1358 1245 infinitum.
1373 1232 1392 1237 —
1407 1217 1434 1244 6.
1456 1218 1514 1244 Nec

455 1256 539 1284 etiam
561 1256 590 1283 in
612 1256 705 1292 quiete
734 1262 775 1283 est
796 1255 922 1292 accipere
951 1255 1085 1292 primum.
1117 1255 1205 1290 Quies
1234 1255 1311 1284 enim
1339 1265 1400 1284 non
1421 1262 1470 1283 est·
1484 1255 1514 1283 in

481 1379 489 1387 .
541 1387 542 1390 ,
587 1359 701 1396 ...J-2„
714 1356 887 1397 ostquam
907 1348 1162 1397 Philosophus
1178 1349 1443 1386 determinavit
1461 1349 1508 1385 de

574 1375 644 1453 if}
672 1401 756 1438 iis
784 1414 880 1450 quae
900 1401 1086 1449 pertinent
1104 1401 1153 1438 ad
1182 1401 1407 1439 divisionem
1427 1413 1509 1438 mo-

574 1471 625 1486 ιχ
689 1461 782 1505 tus,
812 1454 872 1490 hic
901 1454 1123 1491 determinat
1152 1454 1199 1491 de
1227 1454 1270 1491 iis
1298 1467 1397 1502 quae
1425 1466 1508 1503 per-

675 1505 699 1534 τ’
713 1508 830 1543 tinent
850 1508 897 1544 ad
923 1507 1148 1544 divisionem
1178 1507 1321 1555 quietis.
1344 1508 1392 1544 Et
1419 1507 1509 1556 quia

452 1560 557 1597 statio
587 1568 640 1595 est
667 1560 855 1606 genemtio
885 1559 1035 1608 quietis,
1058 1567 1100 1596 ut
1119 1560 1157 1596 in
1185 1560 1316 1609 quinto
1331 1561 1350 1581 ³⁹·
1367 1560 1509 1597 dictum

454 1620 518 1659 est,
538 1613 661 1660 primo
691 1612 911 1649 determinat
931 1625 975 1648 ea
994 1625 1091 1661 quae
1110 1613 1298 1661 pertinent
1316 1613 1363 1650 ad
1385 1613 1509 1650 statio-

453 1678 557 1711 nem;
587 1665 752 1702 secundo
774 1677 818 1701 ea
837 1678 935 1714 quae
963 1664 1150 1713 pertinent
1174 1665 1223 1702 ad
1242 1666 1420 1715 quietern,
1441 1665 1508 1702 ibi:

452 1719 585 1766 Neque
612 1718 727 1767 igitur
754 1718 941 1766 quiescens
963 1719 982 1739 Ψ
1003 1725 1071 1755 etc.
1103 1718 1213 1755 Circa
1245 1718 1413 1767 primurn
1442 1719 1510 1755 tria

453 1771 552 1808 facit:
573 1771 696 1820 primo
725 1771 887 1808 ostendit
901 1772 920 1791 *²
936 1771 1038 1820 quod
1059 1783 1174 1808 omne
1195 1772 1300 1820 quod
1319 1779 1405 1819 stat,
1427 1784 1509 1808 mo-

453 1832 578 1870 vetur;
601 1824 766 1860 secundo
788 1824 891 1873 quod
911 1836 1026 1861 omne
1047 1824 1151 1872 quod
1171 1831 1251 1870 stat,
1269 1831 1340 1861 stat
1359 1825 1397 1861 in
1416 1832 1510 1861 tem—

452 1889 561 1926 pore,
592 1877 659 1913 ibi:
687 1878 927 1913 Hocautem
955 1878 1206 1914 demonstrato
1236 1879 1255 1898 *³
1285 1885 1373 1923 etc.;
1402 1877 1510 1914 tertio

454 1929 613 1966 ostendit
649 1930 846 1978 quomodo
883 1929 1051 1978 primum
1089 1931 1232 1967 dicatur
1258 1930 1297 1967 in
1333 1931 1509 1978 statione,

453 1983 520 2019 ibi:
549 1984 593 2019 In
623 1994 694 2031 quo
723 1988 848 2019 autem
877 1989 1040 2031 tempore
1059 1984 1078 2001 ἦ
1101 1990 1168 2020 etc.
1236 2022 1239 2024 ,

507 2048 541 2072 2.
571 2035 741 2072 Primum
762 2035 924 2072 ostendit
943 2035 1007 2073 sic.
1033 2037 1161 2073 Omne
1182 2035 1286 2084 quod
1305 2043 1437 2072 natum
1459 2043 1513 2072 est

455 2088 614 2134 moveri,
646 2101 691 2125 eo
720 2096 893 2137 tempore
922 2089 1076 2137 quando
1105 2096 1235 2125 natum
1265 2096 1319 2125 est
1347 2088 1511 2135 moveri,

455 2150 490 2178 et
512 2142 720 2178 secundum
749 2141 838 2178 illud
868 2149 904 2178 et
932 2154 976 2178 eo
1007 2141 1125 2178 modo
1153 2149 1267 2190 prout
1285 2149 1416 2178 natum
1447 2149 1512 2188 est,

455 2202 601 2243 oportet
634 2194 738 2243 quod
765 2201 968 2231 moveatur
1003 2195 1064 2230 vel
1102 2194 1289 2243 quiescat:
1328 2194 1396 2231 sed
1423 2194 1514 2231 illud

455 2248 557 2295 quod
574 2253 655 2293 stat,
676 2247 771 2284 idest
798 2247 916 2284 tendit
938 2247 987 2284 ad
1011 2247 1188 2295 quietern,
1210 2247 1384 2284 nondum
1413 2247 1514 2296 quie-

455 2300 539 2346 scit;
569 2301 656 2348 quia
684 2300 916 2348 contingeret
948 2300 1052 2348 quod
1089 2300 1230 2348 aliquid
1267 2300 1378 2336 simul
1415 2301 1514 2349 quie-

455 2365 568 2399 scens,
595 2353 688 2390 idest
716 2353 753 2389 in
777 2353 944 2401 quietern
973 2353 1143 2399 tendens,
1174 2353 1391 2401 quiesceret,
1421 2353 1517 2390 idest

456 2406 494 2442 in
522 2406 644 2454 quiete
674 2415 789 2443 esset:
830 2418 918 2454 ergo
949 2418 1064 2443 omne
1099 2407 1203 2454 quod
1236 2413 1325 2453 stat,
1355 2406 1452 2443 idest
1478 2407 1516 2443 in

457 2459 620 2508 quietem
648 2459 784 2506 tendit,
813 2466 991 2496 movetur
1019 2459 1172 2507 quando
1202 2466 1282 2496 stat.

512 2513 545 2548 3.
558 2511 705 2548 Deinde
718 2525 804 2548 cum
816 2512 917 2548 dicit:
932 2513 1022 2548 Hoc
1036 2518 1160 2548 autem
1171 2512 1421 2558 demonstrato
1434 2521 1515 2560 etc.‚

458 2565 593 2613 probat
620 2565 724 2613 quod
753 2577 866 2602 omne
905 2565 1008 2613 quod
1037 2573 1127 2612 stat,
1158 2573 1228 2601 stat
1256 2565 1294 2602 in
1321 2572 1515 2614 tempore,

459 2617 604 2654 duabus
624 2618 846 2655 rationibus:
872 2629 1034 2666 quarum
1057 2618 1179 2666 prima
1198 2618 1280 2654 talis
1300 2626 1364 2655 est.
1388 2619 1516 2655 Omne

458 2672 559 2718 quod
578 2678 764 2717 movetur,
781 2678 956 2707 movetur
972 2671 1008 2707 in
1024 2678 1207 2720 tempore,
1219 2678 1261 2707 ut
1275 2683 1389 2719 supra
1399 2672 1419 2692 ³¹²
1427 2683 1514 2719 pro-

458 2724 585 2760 batum
603 2732 670 2760 est:
693 2724 759 2760 sed
774 2736 889 2760 omne
909 2725 1013 2773 quod
1032 2731 1102 2760 stat
1122 2731 1309 2771 movetur,
1321 2731 1362 2761 ut
1381 2736 1482 2761 nunc
1496 2726 1515 2746 ’ᾗ

458 2777 658 2824 probatum
688 2784 759 2813 est:
790 2789 878 2824 ergo
899 2789 1013 2813 omne
1035 2777 1139 2825 quod
1167 2784 1248 2823 stat,
1270 2784 1340 2814 stat
1363 2776 1400 2814 in
1420 2785 1514 2814 tem-

459 2841 593 2877 pore.-
610 2829 783 2866 Secunda
804 2829 895 2866 ratio
916 2837 981 2876 est,
1003 2829 1090 2878 quia
1109 2829 1288 2866 velocitas
1308 2837 1343 2866 et
1362 2830 1514 2867 tarditas

462 2882 1011 2918 determinanturoesecundum
1040 2890 1206 2931 tempus:
1242 2883 1309 2919 sed
1339 2883 1517 2931 contingit

461 2935 598 2982 aliquid
626 2934 793 2971 velocius
822 2942 858 2971 et
884 2935 1025 2972 tardius
1049 2943 1157 2982 stare,
1179 2935 1273 2972 idest
1291 2935 1330 2972 in
1350 2936 1515 2985 quietem

462 2987 631 3023 tendere:
663 2999 748 3034 ergo
779 2999 892 3024 omne
922 2988 1025 3036 quod
1058 2995 1139 3032 stat,
1166 2995 1236 3025 stat
1263 2988 1301 3025 in
1328 2996 1513 3038 ternpore.

513 3052 549 3086 4.
570 3040 717 3076 Deinde
733 3052 819 3076 curn
836 3040 938 3077 dicit:
959 3042 1003 3077 In
1020 3053 1092 3089 quo
1113 3047 1235 3078 autem
1252 3047 1416 3090 tempore
1432 3050 1513 3088 etc.‚

461 3092 622 3129 ostendit
649 3093 803 3140 qualiter
831 3093 973 3130 dicatur
999 3094 1167 3141 primum
1200 3095 1237 3131 in
1266 3095 1438 3132 statione.
1468 3096 1516 3132 Et

463 3146 558 3183 circa
585 3146 659 3182 hoc
687 3145 762 3182 duo
791 3146 891 3182 facit:
920 3146 1041 3195 primo
1079 3147 1241 3184 ostendit
1275 3148 1434 3196 qualiter
1463 3148 1515 3185 di·

464 3207 565 3236 catur
593 3198 732 3247 aliquid
760 3206 856 3235 stare
884 3198 922 3235 in
950 3198 1075 3248 aliquo
1100 3207 1271 3248 tempore
1299 3201 1438 3250 primo,
1460 3214 1516 3238 se-

465 3252 628 3289 cundum
659 3251 761 3300 quod
789 3251 955 3300 primum
994 3252 1196 3301 opponitur
1225 3253 1258 3289 ei
1295 3254 1399 3302 quod
1429 3254 1516 3291 dici-

465 3312 522 3340 tur
549 3303 756 3341 secundum
783 3311 948 3352 partem3
978 3306 1146 3342 secundo
1167 3306 1328 3343 ostendit
1356 3307 1460 3355 quod
1480 3307 1517 3343 in

466 3357 620 3393 statione
650 3369 725 3393 non
764 3364 817 3393 est
845 3357 1013 3405 accipere
1049 3357 1214 3406 aliquam
1242 3358 1404 3406 primam
1433 3372 1518 3408 par—

467 3416 553 3454 tem,
584 3409 648 3445 ibi:
679 3409 779 3445 Sicut
804 3415 925 3445 autem
955 3410 1054 3457 quod
1080 3417 1249 3447 movetur
1268 3412 1287 3432 *²
1308 3419 1376 3448 etc.

523 3543 550 3576 α)
571 3544 690 3568 velocitas
709 3547 733 3568 et
752 3544 866 3569 tarditas
886 3545 1107 3572 determinantur.
1125 3560 1142 3566 -
1161 3548 1211 3572 Pro
1231 3548 1454 3578 determinantur,
1475 3548 1519 3573 de-

470 3580 627 3638 gqgrrqnaeur
646 3579 702 3603 edd.
721 3579 762 3603 ab
786 3584 810 3603 ct
830 3580 903 3603 codd.
929 3586 981 3605 exc.
1003 3581 1145 3607 CDLMNS.
1160 3597 1178 3602 -
1203 3582 1259 3608 Lin.
1279 3590 1335 3616 seq.
1353 3586 1425 3609 stare
1451 3583 1518 3608 idest

1083 280 1424 317 PHYSICORUM
1451 279 1800 316 ARISTOTELIS
1830 281 1924 317 LIB.
1955 279 2004 318 VI

1637 369 1703 389 non
1726 358 1846 388 moveri
1870 358 2000 398 quidem
2023 365 2069 389 est
2091 367 2202 389 verum
2225 359 2258 389 in
2291 359 2362 400 ipso
2386 369 2491 399 nunc,
2516 367 2546 392 et
2569 369 2636 392 esse

1637 402 1812 432 secundum
1831 402 1959 442 aliquid.
1985 402 2019 432 In
2034 409 2177 443 tempore
2193 410 2300 434 autem
2316 413 2382 434 non
2398 404 2552 445 contingit
2567 415 2634 436 esse

1637 446 1811 476 secundum
1835 445 1953 487 aliquid
1976 446 2158 487 quiescens:
2184 446 2295 478 accidit
2318 447 2403 478 enim
2426 449 2514 488 quod
2538 448 2636 480 fertur

1637 500 1804 530 quiescere.

1570 584 1735 621 impartibili
1756 585 1908 622 temporis:
1930 592 1991 613 tum
2014 585 2082 622 quia
2102 595 2156 614 nec
2177 592 2288 621 motus;
2313 593 2376 614 tum
2391 586 2459 622 quia
2479 587 2560 623 quies
2579 587 2637 616 im-

1570 631 1665 660 portat
1693 634 1770 653 nunc
1791 631 1819 652 et
1832 625 1910 661 prius
1931 625 1968 653 ad
1990 625 2111 653 invicem
2133 632 2308 661 comparata.
2331 625 2361 653 Si
2376 634 2444 662 ergo
2459 625 2494 654 sit
2507 626 2538 654 in
2562 626 2634 656 divi-

1570 663 1659 698 sibili,
1688 670 1731 692 est
1754 663 1784 692 in
1807 671 1952 701 ternpore,
1979 673 2047 702 ergo
2069 665 2098 692 in
2127 665 2253 701 qualibet
2280 665 2419 701 temporis
2440 665 2515 693 illius
2536 672 2632 702 parte:

1569 709 1598 731 et
1618 702 1686 740 quia
1712 710 1826 740 tempus
1847 703 1877 732 in
1901 703 2044 732 infinitum
2066 703 2220 740 dividitur,
2251 704 2376 741 primum
2406 703 2436 732 in
2458 704 2552 742 quiete
2573 714 2634 734 non

1569 742 1621 770 erit
1651 743 1788 778 accipere.
1804 759 1823 763 -
1846 752 1872 779 7.
1896 743 1971 778 Quia
1992 752 2079 772 omne
2101 744 2180 780 quod
2202 750 2334 772 movetur
2361 743 2391 771 in
2417 749 2548 780 tempore
2569 753 2634 773 mo-

1568 788 1667 817 vetur,
1696 789 1723 809 et
1751 782 1818 818 quia
1839 783 1960 811 mutatio
1977 789 2020 811 est
2041 792 2074 811 ex
2096 792 2156 811 uno
2178 783 2302 812 termino
2330 783 2360 811 in
2380 783 2487 819 alium,
2515 783 2635 812 infertur

1569 822 1649 857 quod
1671 821 1706 849 sit
1726 821 1903 858 impossibile
1924 822 2031 851 mobile
2052 823 2132 859 quod
2156 823 2256 860 primo
2283 829 2429 858 movetur,
2451 831 2513 852 esse
2532 832 2634 852 secun-

1569 861 1638 888 dum
1660 860 1769 897 aliquid
1789 860 1866 888 idem
1886 860 1961 889 illius
1983 861 2013 889 in
2034 870 2094 898 quo
2115 869 2158 890 est
2179 868 2276 890 motus
2297 864 2384 899 (puta
2409 862 2439 890 in
2460 871 2520 891 uno
2542 869 2570 890 et
2583 871 2633 892 eo-

1569 901 1635 928 dem
1657 900 1755 935 loco),
1778 899 1808 928 in
1832 900 1930 937 aliquo
1951 907 2100 938 tempore,
2127 911 2188 930 non
2209 902 2320 930 ratione
2341 901 2461 930 alicuius
2483 911 2567 937 nunc,
2582 903 2634 930 sed

1568 939 1679 968 ratione
1699 939 1787 967 totius
1810 939 1958 976 temporis.
1979 941 2005 961 -’
2021 941 2048 968 8.
2074 941 2228 969 Probatur.
2257 941 2331 970 Cum
2357 941 2502 978 quiescere
2523 941 2635 970 dicatur

1568 978 1676 1015 aliquid
1697 985 1839 1016 quatenus
1859 979 1954 1016 ipsum
1976 986 2004 1008 et
2024 986 2119 1016 partes
2133 980 2193 1008 eius
2214 987 2280 1009 sunt
2300 980 2331 1009 in
2351 990 2411 1010 uno
2432 987 2461 1010 et
2475 981 2580 1011 eodem
2603 981 2633 1009 in

1569 1018 1686 1046 diversis
1709 1027 1792 1052 nunc,
1815 1025 1842 1046 et
1862 1028 1928 1046 cum
1943 1028 2004 1047 non
2025 1019 2172 1056 contingat
2186 1019 2296 1055 moveri
2316 1020 2402 1048 simul
2423 1026 2451 1048 et
2471 1019 2632 1057 quiescere5

1568 1057 1698 1094 sequitur
1718 1058 1798 1095 quod
1825 1067 1886 1086 non
1914 1058 2004 1094 possit
2025 1058 2054 1086 id
2076 1059 2157 1095 quod
2178 1065 2310 1087 movetur
2334 1068 2395 1087 esse
2415 1065 2508 1088 totum
2531 1058 2560 1087 in
2581 1059 2633 1088 ali-

1568 1106 1628 1134 quo
1650 1097 1808 1125 secundum
1829 1103 1922 1126 totum
1939 1097 2060 1134 aliquod
2085 1104 2215 1134 tempus3
2243 1104 2337 1126 toturn
2358 1098 2434 1126 enim
2454 1105 2568 1135 tempus
2589 1099 2632 1127 di-

1569 1145 1664 1165 versas
1685 1143 1779 1174 partes
1794 1143 1822 1165 et
1837 1136 1948 1165 diversa
1969 1146 2044 1165 nunc
2059 1137 2204 1174 importat.
2219 1139 2270 1165 Est
2290 1144 2388 1166 tamen
2407 1137 2438 1166 in
2459 1137 2557 1175 aliquo
2571 1147 2632 1167 uno

1569 1185 1644 1204 nunc
1665 1177 1825 1204 secundum
1846 1176 1956 1213 aliquid
1977 1176 2018 1204 rei
2040 1176 2069 1204 in
2091 1185 2149 1213 qua
2169 1183 2212 1204 est
2233 1182 2345 1206 motus:
2367 1177 2419 1205 sed
2438 1177 2469 1205 in
2491 1185 2565 1206 nunc
2579 1187 2633 1206 nec

1570 1222 1703 1244 movetur
1727 1225 1781 1244 nec
1807 1216 1935 1253 quiescit.
1959 1232 1979 1238 -
1999 1225 2027 1252 9.
2049 1216 2220 1252 Exemplum
2247 1216 2278 1244 in
2302 1222 2386 1245 motu
2405 1216 2499 1245 locali.
2519 1230 2540 1238 ⁶
2567 1217 2635 1246 Sol-

1569 1255 1643 1283 vitur
1664 1255 1798 1284 obiectio.

1617 1348 1718 1385 Dicit
1746 1360 1836 1396 ergo
1863 1348 1990 1397 primo
2030 1348 2134 1397 quod
2167 1348 2197 1385 si
2234 1348 2271 1385 in
2305 1347 2430 1398 aliquo
2459 1332 2631 1399 tempore

1565 1401 1708 1438 dicatur
1736 1401 1876 1450 aliquid
1904 1409 2001 1438 stare
2023 1401 2151 1451 primo
2180 1406 2215 1439 et
2237 1413 2308 1449 per
2324 1413 2375 1448 se,
2405 1409 2442 1438 et
2468 1414 2547 1439 non
2575 1415 2632 1440 ra-

1563 1453 1666 1491 tione
1694 1454 1824 1503 partis,
1854 1466 2010 1492 necesse
2040 1462 2094 1491 est
2122 1455 2228 1503 quod
2256 1461 2372 1491 stetur
2399 1453 2438 1492 in
2465 1453 2631 1504 qualibet

1563 1514 1669 1556 parte
1689 1506 1786 1544 illius
1805 1507 2000 1555 temporis.
2030 1506 2232 1544 Dividetur
2247 1509 2266 1528 ’ἧς
2283 1507 2386 1544 enim
2414 1515 2566 1556 tempus
2594 1507 2632 1546 in
2658 1519 2669 1528 ·

1565 1559 1658 1596 duas
1685 1567 1832 1608 partes;
1872 1568 1907 1596 et
1935 1560 1965 1597 si
1994 1560 2139 1597 dicatur
2166 1560 2270 1609 quod
2299 1559 2337 1597 in
2366 1568 2499 1597 neutra
2525 1568 2632 1610 parte

1564 1619 1645 1659 stet,
1662 1620 1840 1662 sequetur
1859 1612 1963 1661 quod
1983 1624 2061 1650 non
2085 1620 2155 1650 stet
2178 1613 2217 1650 in
2235 1620 2327 1661 toto,
2348 1613 2386 1649 in
2405 1625 2482 1662 quo
2502 1620 2632 1651 tamem

1564 1666 1778 1714 ponebatur
1805 1673 1923 1712 stare3
1963 1677 2051 1713 ergo
2081 1673 2182 1703 stans
2217 1677 2295 1702 non
2324 1672 2395 1702 stat
2423 1666 2454 1702 *.
2494 1666 2630 1715 Neque
2658 1676 2668 1686 ·

1565 1717 1678 1755 etiam
1701 1725 1826 1767 potest
1846 1718 1918 1755 dici
1937 1718 2043 1766 quod
2061 1717 2100 1755 in
2120 1719 2234 1756 altera
2253 1725 2399 1755 tantum
2417 1726 2523 1767 parte
2543 1727 2630 1756 stet:

1565 1770 1653 1819 quia
1681 1771 1733 1807 sic
1753 1783 1831 1808 non
1852 1771 1980 1819 primo
2009 1779 2169 1808 staretur
2190 1771 2228 1808 in
2249 1779 2327 1808 toto
2357 1778 2542 1820 tempore,
2563 1771 2631 1810 sed

1565 1824 1690 1860 solum
1715 1823 1859 1860 ratione
1886 1823 2013 1872 partis.
2042 1824 2154 1861 Unde
2182 1823 2403 1873 relinquitur
2429 1825 2535 1874 quod
2562 1832 2634 1862 stet

1566 1876 1602 1913 in
1630 1883 1805 1924 utroque.
1837 1876 1900 1913 Sic
1927 1876 2029 1913 enim
2050 1876 2184 1913 dicitur
2201 1877 2327 1925 primo
2351 1884 2448 1914 stare
2477 1877 2516 1914 in
2538 1885 2630 1925 toto,

1567 1929 1654 1978 quia
1682 1936 1752 1966 stat
1779 1929 1819 1966 in
1845 1936 2005 1978 utraque
2033 1936 2157 1978 parte,
2187 1929 2284 1966 sicut
2316 1929 2459 1966 dictum
2488 1937 2544 1968 est
2570 1942 2631 1967 su-

1566 1994 1634 2031 pra
1655 1983 1674 2003 '²‘
1695 1983 1742 2019 de
1772 1995 1817 2019 eo
1846 1982 1952 2030 quod
1979 1990 2168 2018 movetur.

1625 2035 1658 2072 5.
1687 2034 1836 2072 Deinde
1871 2047 1960 2071 curn
1990 2034 2096 2072 dicit:
2131 2035 2235 2071 Sicut
2264 2040 2388 2072 autem
2422 2035 2523 2084 quod
2552 2047 2631 2072 mo—

1567 2093 1675 2125 uetur
1694 2096 1781 2134 etc.‚
1803 2087 1966 2125 ostendit
1985 2087 2090 2136 quod
2109 2092 2188 2124 non
2204 2095 2259 2123 est
2274 2088 2443 2136 accipere
2464 2088 2631 2137 aliquam

1568 2141 1732 2190 primam
1765 2149 1911 2189 partem
1940 2140 1979 2176 in
2007 2140 2177 2176 statione.
2208 2141 2257 2176 Et
2284 2139 2371 2177 dicit
2402 2141 2507 2189 quod
2539 2139 2634 2192 sicut

1570 2206 1647 2231 non
1677 2201 1731 2230 est
1759 2193 1931 2242 accipere
1960 2192 2127 2242 aliquam
2160 2193 2327 2241 primam
2361 2201 2509 2242 partem
2537 2190 2632 2235 tem2

1569 2246 1684 2296 poris,
1714 2246 1753 2283 in
1781 2258 1858 2294 qua
1877 2245 2032 2294 aliquod
2059 2245 2200 2282 mobile
2226 2253 2414 2293 movetur,
2442 2246 2495 2283 ita
2518 2245 2632 2291 etiam

1571 2308 1626 2336 est
1649 2299 1687 2336 in
1706 2299 1882 2344 statione;
1913 2298 2001 2347 quia
2020 2311 2145 2347 neque
2164 2298 2204 2335 in
2222 2298 2304 2347 ipso
2326 2299 2487 2346 moveri,
2508 2311 2634 2348 neque

1570 2353 1609 2389 in
1627 2353 1710 2401 ipso
1731 2360 1827 2389 stare
1852 2359 1976 2400 potest
2001 2363 2082 2388 esse
2103 2350 2226 2400 aliqua
2244 2351 2368 2399 prima
2385 2363 2485 2400 pars.
2516 2350 2632 2398 Quod

1570 2405 1601 2443 si
1619 2418 1699 2442 non
1717 2405 1958 2451 concedatur,
1975 2404 2021 2441 sit
2037 2404 2162 2452 prima
2179 2416 2267 2452 pars
2285 2404 2480 2453 temporis,
2499 2404 2540 2442 in
2557 2416 2635 2453 qua

1571 2454 1688 2496 statur
1705 2457 1734 2504 β,
1755 2459 1839 2494 AB:
1869 2469 1967 2506 quae
1999 2457 2156 2505 quidem
2189 2469 2268 2494 non
2299 2465 2424 2505 potest
2452 2468 2536 2501 esse
2562 2457 2633 2495 im·

1569 2511 1768 2560 partibilis,
1798 2510 1886 2559 quia
1911 2518 2106 2547 ostensum
2127 2517 2183 2546 est
2202 2520 2316 2558 supra
2335 2510 2354 2530 *
2382 2510 2487 2558 quod
2505 2517 2633 2547 motus

1571 2577 1649 2602 non
1676 2572 1731 2601 est
1756 2563 1794 2600 in
1815 2562 2031 2611 impartibili
2058 2561 2253 2611 temporis,
2280 2574 2326 2600 eo
2349 2562 2456 2612 quod
2481 2573 2634 2611 semper

1570 2617 1675 2666 quod
1703 2624 1900 2663 movetur,
1929 2615 2006 2652 iam
2026 2628 2095 2664 per
2122 2615 2262 2664 aliquid
2279 2615 2299 2636 '¹²
2318 2623 2467 2652 motum
2497 2623 2568 2662 est,
2592 2623 2633 2653 ut

1569 2683 1684 2719 supra
1711 2670 1731 2691 '¹‘
1759 2677 1954 2706 ostensum
1992 2676 2067 2715 est3
2101 2669 2402 2706 demonstratum
2436 2676 2492 2705 est
2518 2668 2632 2708 etiam

1570 2735 1670 2760 nunc
1698 2723 1735 2768 ²⁸,
1770 2722 1874 2771 quod
1902 2733 2018 2759 omne
2046 2721 2152 2770 quod
2179 2729 2269 2768 stat,
2298 2729 2487 2758 movetur.
2522 2721 2632 2763 Unde

1570 2775 1788 2824 relinquitur
1806 2775 1910 2824 quod
1925 2775 1992 2811 AB
2008 2774 2054 2811 sit
2073 2774 2268 2811 divisibile.
2290 2774 2392 2822 Ergo
2410 2773 2450 2812 in
2468 2773 2635 2822 qualibet

1568 2837 1675 2878 parte
1701 2828 1781 2865 eius
1806 2836 1937 2865 statur:
1966 2827 2043 2864 iam
2070 2827 2171 2864 enim
2197 2835 2393 2870 ostensum
2418 2827 2508 2864 est*
2530 2826 2634 2876 quad

1569 2882 1724 2931 quando
1753 2882 1792 2918 in
1815 2881 1941 2929 aliquo
1969 2889 2144 2929 tempore
2172 2880 2306 2918 dicitur
2332 2879 2420 2927 stari
2447 2879 2574 2928 primo
2597 2886 2635 2917 et

1569 2947 1637 2984 per
1665 2947 1726 2981 se,
1757 2942 1792 2971 et
1821 2946 1899 2971 non
1931 2933 2076 2970 ratione
2103 2933 2236 2982 partis,
2269 2932 2310 2970 in
2335 2932 2502 2981 qualibet
2527 2939 2634 2981 parte

1569 2988 1665 3024 illius
1694 2995 1821 3024 statur.
1856 2987 1958 3034 Ergo
1988 2998 2076 3023 cum
2105 2986 2152 3023 sit
2178 2997 2266 3034 pars
2293 2985 2398 3034 prior
2423 2990 2521 3032 toto,
2555 2996 2635 3022 non

1571 3049 1649 3078 erat
1681 3041 1748 3078 AB
1782 3039 1950 3088 primum
1982 3038 2021 3076 in
2049 3051 2125 3088 quo
2159 3046 2285 3076 statur.
2321 3038 2370 3076 Et
2402 3037 2490 3086 quia
2518 3049 2634 3090 omne

1570 3093 1659 3131 illud
1679 3093 1718 3130 in
1740 3105 1818 3141 quo
1837 3099 1971 3139 statur,
2002 3099 2057 3128 est
2080 3099 2244 3140 tempus,
2264 3098 2300 3128 et
2322 3102 2401 3128 non
2421 3098 2477 3128 est
2495 3090 2636 3140 aliquid

1570 3146 1797 3184 indivisibile
1814 3145 2018 3194 temporis;
2048 3156 2166 3181 omne
2184 3152 2312 3181 autem
2335 3151 2487 3192 tempus
2507 3151 2562 3181 est
2581 3143 2635 3181 di-

1570 3199 1718 3237 visibile
1746 3198 1785 3235 in
1812 3197 2021 3235 infinitum:
2051 3197 2218 3246 sequitur
2245 3197 2350 3245 quod
2377 3208 2457 3234 non
2485 3196 2552 3234 erit
2573 3209 2634 3234 ac-

1573 3253 1697 3302 cipere
1723 3250 1892 3302 primum
1921 3250 1959 3289 in
1988 3262 2065 3299 quo
2093 3257 2220 3287 stetur.

1626 3307 1663 3344 6.
1680 3304 1828 3342 Deinde
1845 3316 1933 3341 cum
1948 3303 2053 3341 dicit:
2069 3303 2206 3352 Neque
2220 3302 2337 3353 igitur
2350 3303 2540 3352 quiescens
2551 3310 2633 3350 etc.‚

1573 3358 1736 3396 ostendit
1759 3357 1863 3395 idem
1893 3357 1941 3395 de
1970 3356 2107 3406 quiete.
2137 3356 2186 3393 Et
2206 3355 2304 3393 circa
2327 3357 2402 3393 hoc
2431 3355 2507 3394 duo
2531 3354 2633 3393 facit:

1574 3411 1697 3460 primo
1733 3410 1897 3448 ostendit
1929 3409 2034 3460 quod
2069 3421 2146 3446 non
2176 3417 2232 3446 est
2263 3409 2434 3458 accipere
2466 3408 2633 3458 primum

1627 3547 1652 3583 β)
1674 3548 1699 3573 in
1719 3555 1771 3580 qua
1794 3551 1891 3574 statur.
1911 3560 1929 3566 -
1947 3547 1974 3572 in
1994 3553 2046 3579 qua
2063 3549 2120 3572 stae
2138 3546 2194 3573 Pz:
2219 3546 2295 3571 etiam
2320 3545 2385 3571 insu
2407 3545 2433 3570 in
2452 3544 2502 3570 hoc
2526 3550 2634 3578 numero

1571 3590 1618 3616 pro
1637 3586 1734 3613 statur,
1752 3586 1807 3608 stat
1825 3582 1858 3614 1³3
1878 3582 1940 3608 item
1960 3589 2007 3615 pro
2025 3581 2102 3611 stari,
2121 3584 2194 3607 stare
2212 3581 2232 3606 Ρ
2251 3587 2310 3606 cum
2330 3579 2415 3610 EGR:
2435 3580 2460 3604 in
2479 3578 2529 3604 fine
2545 3583 2633 3604 tamen

1571 3622 1657 3643 stetur
1676 3618 1751 3643 etiam
1771 3617 1799 3647 P,
1819 3625 1885 3650 quae
1905 3617 1930 3642 in
1949 3617 1988 3642 his
2009 3621 2095 3642 secuta
2114 3620 2154 3641 est
2173 3615 2213 3640 ed.
2231 3614 2323 3640 Venet.
2346 3612 2420 3646 1545.

2658 1993 2668 2002 “
2683 1991 2746 2014 Lect.
2753 1997 2793 2019 vn,
2807 1998 2831 2015 ιι.
2839 1995 2864 2020 4’

2658 2018 2821 2067 'efflatus
2871 2064 2875 2067 ,

2658 2076 2752 2093 Burm-

2759 2465 2775 2500 β

2660 2522 2670 2532 ·
2685 2520 2860 2550 Lacr-nna·

2659 2628 2669 2638 ·
2684 2625 2832 2650 amam.
2845 2614 2855 2655 ,ἶ

2659 2680 2670 2690 '
2684 2679 2808 2708 Lectum,
2826 2690 2828 2697 r
2857 2663 2859 2665 ι

2659 2711 2754 2755 2531...
2766 2737 2788 2755 2.
2844 2727 2861 2775 1‘

2660 2831 2779 2855 ‘Num
