2950 4004
229 370 240 379 ”
254 369 324 391 Num.
340 375 414 397 praec.

231 846 241 854 ·
255 844 415 872 multiplicatio
430 849 443 864 ε

230 877 253 893 c..

230 1056 242 1066 ⁸
256 1055 292 1076 hic
307 1054 360 1076 add.
375 1054 442 1076 codd.

230 1087 281 1103 exc.
296 1087 346 1103 orv.

229 1583 240 1593 ⁸
255 1587 367 1603 converso
383 1587 442 1606 cri-Q

229 1615 252 1630 R.

230 1688 241 1698 ⁸
256 1687 350 1709 Numm.
365 1693 388 1713 4,
397 1693 416 1714 5.

329 1908 345 1933 Υ

232 2008 240 2015 ·
256 2006 318 2027 Lect.
333 2013 379 2033 vm,
391 2013 422 2028 ιι.

329 2424 343 2448 δ

229 2481 238 2489 ’
249 2480 343 2501 Numm.
354 2485 373 2505 2,
386 2486 407 2505 4,
419 2485 439 2506 5.

230 2535 239 2543 '
254 2534 353 2560 quantus
374 2532 441 2553 codd.

229 2566 277 2580 cxc.
288 2565 412 2584 necatum
420 2574 425 2579 .

232 2850 242 2859 '⁶
259 2849 327 2871 Num.
343 2856 362 2871 ε.

476 295 546 330 140

470 362 613 399 dictum
634 369 689 399 est
707 363 738 409 ⁵³²,
760 361 1040 398 multitudinem
1065 368 1204 397 causat.
1226 361 1295 397 Est
1315 367 1443 397 autem
1464 360 1531 398 du-

468 416 554 464 plex
584 414 735 452 divisio:
764 427 841 451 una
860 414 1037 461 formalis,
1055 426 1152 462 quae
1174 420 1228 450 est
1246 425 1316 462 per
1334 413 1530 462 opposita;

472 475 507 504 θῖ
536 468 607 504 alia
635 467 847 504 secundum
876 466 1135 516 quantitatem.
1162 465 1290 503 Prima
1319 473 1447 503 autem
1477 466 1530 504 di-

470 521 568 557 visio
599 527 726 557 causat
754 520 1037 565 multitudinem,
1058 531 1156 568 quae
1186 526 1241 555 est
1268 519 1315 555 de
1341 526 1531 556 transcen-

470 573 656 620 dentibus,
673 572 883 610 secundum
908 572 1014 621 quod
1034 584 1100 609 ens
1128 571 1305 610 dividitur
1322 583 1392 621 per
1408 584 1530 610 unum

470 633 507 662 et
534 626 668 662 multa:
698 625 766 662 sed
787 625 921 662 divisio
942 625 1142 662 continuae
1169 624 1383 673 quantitatis
1403 633 1532 662 causat

470 691 681 724 numerum,
711 678 775 727 qui
804 685 859 715 est
887 678 1031 727 species
1051 677 1276 726 quantitatis,
1305 677 1530 726 inquantum

468 731 583 768 habet
603 730 788 768 rationem
817 743 1030 768 mensurae.
1062 731 1112 767 Et
1138 730 1200 767 hic
1227 742 1410 767 numerus
1436 731 1531 767 mul-

469 783 678 833 tiplicabilis
707 791 763 820 est
790 783 829 821 in
856 783 1066 830 infinitum,
1106 783 1200 820 sicut
1237 790 1273 819 et
1308 783 1530 830 magnitudo

471 836 664 874 divisibilis
693 843 748 873 est
775 836 813 873 in
839 836 1045 873 infinitum:
1076 835 1143 873 sed
1162 835 1364 873 multitudo
1386 836 1406 857 *
1433 848 1530 885 quae

470 889 638 939 sequitur
666 888 893 926 divisionem
922 889 1122 926 formalem
1142 901 1282 936 rerum,
1303 900 1382 925 non
1409 889 1532 926 multi-

469 942 628 992 plicatur
646 942 685 978 in
703 941 912 988 infinitum;
933 949 1020 978 sunt
1039 941 1141 978 enim
1157 940 1427 978 determinatae
1447 954 1530 991 spe-

471 995 546 1032 cies
564 1007 703 1042 rerum,
720 994 814 1031 sicut
828 1002 864 1031 et
884 994 1131 1031 determinata
1150 994 1336 1044 quantitas
1351 993 1529 1031 universi.

470 1049 519 1085 Et
538 1048 624 1085 ideo
646 1047 733 1085 dicit
753 1048 772 1069 ²¹²
791 1047 895 1096 quod
914 1047 975 1084 hic
993 1059 1187 1094 numerus,
1218 1046 1282 1096 qui
1310 1047 1531 1096 multiplica-

470 1109 530 1138 tur
556 1102 595 1138 in
618 1100 821 1147 infinitum,
850 1112 929 1137 non
957 1107 1150 1149 separatur
1177 1112 1200 1136 a
1229 1099 1414 1137 divisione
1443 1112 1531 1137 con-

470 1154 573 1190 tinui.
604 1154 741 1202 Neque
769 1161 897 1190 tamen
915 1153 975 1190 hic
1004 1165 1186 1190 numerus
1205 1152 1257 1189 sic
1278 1160 1332 1189 est
1350 1152 1530 1200 infinitus,

470 1206 564 1243 sicut
583 1206 724 1255 aliquid
741 1218 983 1254 permanens,
1004 1206 1072 1243 sed
1092 1205 1187 1243 sicut
1214 1217 1366 1254 semper
1391 1205 1428 1242 in
1449 1206 1531 1242 fieri

471 1259 632 1296 existens
659 1257 696 1305 β,
726 1258 951 1307 inquantum
989 1259 1202 1296 successive
1239 1258 1389 1295 additur
1417 1271 1531 1307 supra

470 1312 677 1360 quemlibet
704 1323 908 1348 numerum
938 1312 1086 1357 datum;
1117 1310 1223 1348 sicuti
1259 1311 1370 1347 etiarn
1401 1318 1456 1348 est
1483 1312 1530 1349 de

469 1372 641 1414 tempore
669 1372 704 1401 et
724 1364 770 1401 de
790 1376 951 1401 numero
980 1364 1173 1413 temporis.
1205 1364 1399 1400 Numerus
1429 1364 1529 1401 enim

469 1417 650 1466 temporis
680 1417 810 1454 crescit
843 1417 1057 1454 successive
1089 1429 1158 1466 per
1186 1415 1418 1453 additionem
1458 1416 1530 1453 diei

471 1470 517 1507 ad
547 1470 667 1517 diem,
697 1482 775 1506 non
803 1470 907 1518 quod
936 1482 1070 1506 omnes
1100 1469 1178 1506 dies
1207 1468 1280 1505 sint
1307 1469 1429 1505 simul.

524 1524 560 1560 6.
590 1522 738 1560 Deinde
769 1535 856 1559 cum
886 1522 992 1559 dicit:
1029 1523 1076 1558 In
1109 1521 1430 1570 magnitudinibus
1462 1533 1529 1558 au-

470 1581 542 1612 tem
573 1583 653 1622 etc.,
685 1575 848 1611 ostendit
875 1574 980 1622 quod
1010 1587 1029 1610 e
1060 1573 1246 1610 contrario
1265 1574 1283 1594 *
1303 1581 1357 1610 θεῖ
1383 1573 1422 1610 in
1450 1586 1529 1611 ma-

469 1628 737 1676 gnitudinibus.
767 1627 956 1664 Dividitur
977 1626 1077 1663 enim
1099 1626 1321 1663 continuum
1349 1626 1387 1663 in
1406 1626 1528 1663 infini-

469 1689 562 1727 tum,
591 1688 633 1717 ut
653 1680 794 1717 dictum
819 1687 875 1716 est
895 1680 925 1716 ³².
957 1679 1033 1716 Sed
1062 1679 1099 1715 in
1121 1679 1244 1716 maius
1264 1691 1341 1715 non
1360 1679 1533 1728 procedit

469 1734 507 1770 in
545 1732 734 1770 infinitum
774 1732 886 1769 etiam
925 1732 1135 1769 secundum
1171 1731 1405 1780 potentiam,
1445 1733 1532 1781 quia

470 1793 653 1834 quantum
680 1784 985 1833 unumquodque
1016 1792 1071 1821 est
1098 1784 1136 1821 in
1163 1783 1350 1833 potentia,
1385 1791 1531 1822 tantum

468 1846 594 1887 potest
622 1851 703 1875 esse
738 1837 776 1874 in
804 1845 900 1874 actu.
941 1837 981 1874 Si
1014 1837 1124 1884 igitur
1156 1845 1254 1873 esset
1290 1837 1328 1873 in
1364 1838 1531 1886 potentia

471 1899 626 1928 naturae
655 1890 759 1940 quod
789 1898 974 1926 cresceret
1001 1890 1126 1938 aliqua
1149 1890 1370 1937 magnitudo
1386 1895 1400 1916 Ὺ
1420 1890 1454 1927 in
1477 1890 1531 1927 in-

471 1944 632 1990 finitum,
663 1950 882 1992 sequeretur
910 1942 1013 1991 quod
1036 1949 1133 1979 esset
1161 1942 1285 1992 aliqua
1313 1943 1532 1990 magnitudo

470 1996 654 2033 sensibilis
683 1995 848 2041 infinita;
879 1995 983 2044 quod
1004 2002 1059 2032 est
1078 1995 1226 2043 falsum,
1247 2003 1287 2032 ut
1307 2007 1421 2044 supra
1441 1997 1460 2017 ’¹‘
1482 1996 1534 2033 di-

471 2057 573 2086 ctum
594 2057 659 2086 est.
692 2048 927 2097 Relinquitur
954 2047 1064 2096 igitur
1093 2049 1195 2097 quod
1224 2060 1303 2085 non
1333 2049 1445 2086 estin
1463 2062 1532 2098 po-

469 2102 585 2139 tentia
607 2101 748 2139 additio
769 2101 1071 2149 magnitudinum
1092 2101 1130 2137 in
1150 2100 1338 2137 infinitum
1359 2101 1412 2137 sic
1431 2102 1534 2151 quod

471 2155 674 2191 excedatur
704 2154 828 2190 omnis
857 2153 1104 2191 determinata
1133 2153 1338 2202 quantitas:
1367 2154 1456 2202 quia
1477 2167 1533 2191 se—

471 2215 648 2256 queretur
680 2207 783 2256 quod
814 2214 911 2243 esset
939 2206 1079 2255 aliquid
1108 2206 1231 2243 maius
1261 2207 1376 2243 caelo.

525 2273 560 2308 7.
591 2261 648 2296 Ex
680 2272 756 2308 quo
789 2267 893 2307 patet
924 2259 1060 2296 falsum
1095 2271 1195 2307 esse,
1235 2259 1340 2308 quod
1377 2259 1533 2307 quidam

471 2312 619 2359 dicunt,
656 2312 761 2361 quod
789 2312 827 2348 in
857 2312 1014 2348 materia
1047 2312 1170 2360 prima
1205 2319 1260 2348 est
1291 2312 1458 2360 potentia
1487 2312 1535 2348 ad

471 2378 626 2402 omnem
643 2365 898 2413 quantitatem:
915 2377 992 2401 non
1008 2364 1109 2401 enim
1126 2364 1231 2401 estin
1247 2364 1402 2401 materia
1411 2364 1534 2414 prima

469 2415 667 2467 potentia⁸
686 2418 754 2454 nisi
783 2417 831 2454 ad
861 2417 1147 2454 determinatam
1177 2418 1437 2466 quantitatem.

523 2472 630 2507 Patet
646 2471 756 2507 etiam
774 2482 818 2506 ex
832 2470 1047 2518 praemissis
1060 2472 1079 2491 *⁵
1091 2470 1182 2507 ratio
1198 2482 1314 2518 quare
1330 2482 1408 2507 non
1423 2482 1534 2518 opor-

471 2531 522 2560 tet
537 2536 753 2560 -numerum
782 2531 927 2559 tantum
949 2536 1030 2559 esse
1051 2523 1089 2560 in
1109 2530 1211 2570 actu,
1234 2530 1417 2572 quantum
1434 2524 1454 2544 *
1481 2530 1536 2559 est

472 2577 510 2612 in
538 2576 726 2625 potentia,
766 2575 872 2612 sicuti
905 2575 966 2612 hic
1005 2576 1138 2613 dicitur
1170 2576 1216 2612 de
1255 2575 1533 2623 magnitudine:

473 2629 560 2678 quia
580 2629 719 2666 additio
740 2628 888 2665 numeri
909 2629 1077 2677 sequitur
1100 2628 1326 2665 divisionem
1348 2628 1532 2675 continui,

471 2695 540 2730 per
572 2694 688 2731 quam
709 2694 731 2718 a
749 2689 827 2718 toto
857 2681 930 2718 itur
957 2682 1005 2718 ad
1034 2681 1071 2718 id
1101 2681 1204 2729 quod
1231 2687 1286 2717 est
1308 2680 1346 2716 in
1365 2680 1533 2729 potentia

1093 281 1439 319 PHYSICORUM
1467 282 1816 319 ARISTOTELIS
1846 283 1940 320 LIB.
1972 284 2021 320 ΙΙΙ

1586 361 1681 397 haec
1701 361 1794 398 ratio
1812 373 1949 410 parum
1968 362 2079 408 valet,
2101 362 2190 411 quia
2209 363 2304 401 sicut
2326 376 2396 413 per
2414 365 2648 404 additionem

1589 421 1644 450 est
1671 413 1744 450 alia
1776 421 1811 450 et
1839 413 1910 451 alia
1942 413 2087 463 speeies
2120 415 2289 463 numeri,
2327 416 2378 454 ita
2409 417 2482 455 alia
2513 426 2551 456 et
2577 419 2650 457 alia

1587 466 1733 515 species
1760 479 1973 514 mensurae,
2003 468 2215 505 secundum
2243 469 2348 517 quod
2377 469 2585 509 bicubitum
2614 480 2651 509 et

1586 518 1803 556 tricubitum
1833 519 2008 556 dicuntur
2035 519 2180 568 species
2209 521 2433 570 quantitatis.
2463 524 2512 560 Et
2536 524 2649 562 etiam

1587 571 1771 621 quidquid
1795 572 1945 609 additur
1971 572 2156 622 superiori
2185 585 2360 622 numer0,
2389 574 2540 614 additur
2557 576 2649 614 infe-

1587 624 1693 670 riori;
1724 632 1760 662 et
1778 625 1991 662 secundum
2009 626 2085 662 hoc
2103 625 2142 662 in
2160 639 2238 663 uno
2260 634 2296 663 et
2316 626 2454 665 eodem
2473 641 2647 678 numero,

1587 676 1726 714 scilicet
1753 677 1898 714 binario
1917 679 1979 715 vel
2008 679 2170 716 ternario
2188 680 2217 727 ⁹⁸,
2240 687 2295 716 est
2312 680 2480 729 potentia
2500 681 2549 718 ad
2567 681 2650 719 infi-

1587 729 1704 766 nitam
1733 729 1978 767 additionem.

1642 783 1676 819 8.
1698 782 1846 820 Deinde
1867 795 1955 820 cum
1976 783 2078 820 dicit:
2098 785 2292 832 Infinitum
2311 791 2437 823 autem
2457 798 2532 824 non
2552 786 2649 824 idem

1587 840 1642 871 est
1663 842 1744 882 etc.,
1766 836 1928 872 ostendit
1955 837 2154 884 quomodo
2183 837 2372 875 infinitum
2400 838 2615 876 inveniatur
2630 840 2650 861 ¹⁸¹

1588 886 1845 925 diversimode
1873 887 1912 925 in
1941 888 2108 927 diversis.
2139 890 2189 927 Et
2216 890 2303 928 dicit
2330 891 2435 941 quod
2458 891 2648 930 infinitum

1587 952 1666 977 non
1686 947 1740 977 est
1763 941 1975 978 secundum
2005 942 2167 979 eandem
2195 943 2381 981 rationem
2409 943 2449 981 in
2476 952 2585 982 motu
2613 952 2650 982 et

1587 992 1626 1029 in
1654 993 1914 1041 magnitudine
1943 1001 1980 1031 et
1994 995 2014 1016 '⁸‘
2033 1002 2218 1044 tempore,
2239 1001 2284 1033 ac
2304 996 2334 1033 si
2355 1004 2453 1034 esset
2479 1009 2556 1034 una
2584 1010 2649 1035 na-

1587 1053 1670 1082 tura
1703 1045 1868 1083 univoce
1901 1046 2116 1095 praedicata
2149 1048 2196 1085 de
2226 1049 2299 1086 eis:
2338 1049 2408 1086 sed
2441 1049 2575 1087 dicitur
2601 1051 2648 1088 de

1586 1098 1784 1147 posteriori
1813 1111 1946 1136 eorum
1975 1101 2187 1137 secundum
2215 1101 2331 1149 prius,
2361 1101 2455 1138 sicut
2474 1102 2521 1138 de
2540 1110 2650 1142 motu

1586 1159 1741 1200 propter
1759 1151 2072 1199 magnitudinem,
2093 1152 2131 1189 in
2153 1164 2228 1201 qua
2258 1161 2313 1190 est
2341 1161 2480 1201 motus,
2509 1155 2571 1191 vel
2595 1155 2649 1191 lo-

1589 1203 1676 1240 calis
1708 1205 1769 1240 vel
1799 1204 2025 1241 alterationis
2053 1205 2115 1241 vel
2144 1205 2357 1253 augmenti3
2397 1206 2443 1243 de
2476 1214 2649 1256 tempore

1588 1263 1716 1293 autem
1734 1264 1891 1305 propter
1909 1264 2069 1293 motum.
2087 1258 2136 1293 Et
2153 1257 2228 1294 hoc
2246 1257 2332 1295 ideo
2353 1258 2442 1308 quia
2459 1258 2649 1297 infinitum

1588 1309 1769 1357 competit
1805 1308 2020 1357 quantitati,
2063 1317 2190 1346 motus
2228 1317 2354 1348 autem
2393 1319 2450 1349 est
2486 1319 2649 1362 quantus

1587 1361 1799 1398 secundum
1820 1361 2132 1408 magnitudinem,
2164 1369 2200 1399 et
2218 1366 2369 1412 tempus
2391 1371 2548 1413 propter
2565 1377 2649 1402 mo-

1586 1421 1680 1460 tum,
1700 1421 1742 1450 ut
1765 1413 1860 1450 infra
1881 1415 1900 1435 *
1927 1414 2080 1463 patebit.
2111 1415 2160 1451 Et
2188 1414 2274 1452 ideo
2304 1415 2392 1453 dicit
2415 1417 2519 1466 quod
2547 1429 2649 1456 nunc

1586 1466 1728 1502 utimur
1746 1466 1815 1514 his,
1845 1466 1912 1504 sed
1938 1466 2126 1516 posterius
2154 1467 2454 1506 manifestabitur
2482 1469 2528 1507 de
2552 1482 2648 1508 uno-

1587 1531 1740 1568 quoque
1771 1531 1904 1556 eorum
1934 1519 2025 1568 quid
2053 1519 2119 1566 sit,
2154 1528 2191 1558 et
2218 1522 2322 1570 quod
2351 1522 2476 1560 omnis
2503 1522 2648 1571 magni,-

1586 1571 1680 1608 tudo
1709 1571 1755 1608 sit
1783 1571 1976 1609 divisibilis
2004 1572 2043 1609 in
2071 1573 2348 1621 magnitudines
2376 1575 2407 1612 *.

1641 1637 1676 1672 9.
1697 1624 1845 1662 Deinde
1866 1637 1954 1661 cum
1974 1625 2082 1662 dicit:
2110 1627 2202 1664 Non
2221 1633 2389 1664 removet
2404 1633 2529 1665 autem
2552 1627 2648 1665 ratio

1586 1678 1866 1714 mathematicos
1896 1685 1983 1725 etc.,
2014 1679 2176 1716 ostendit
2210 1681 2409 1728 quomodo
2438 1680 2648 1718 mathema-

1585 1729 1647 1766 tici
1674 1736 1831 1767 utuntur
1855 1731 1874 1751 *
1904 1730 2063 1768 infinito.
2094 1731 2143 1768 Et
2171 1731 2259 1770 dicit
2287 1733 2390 1782 quod
2419 1733 2511 1770 ratio
2539 1745 2647 1782 prae-

1587 1782 1684 1819 dicta
1704 1783 1735 1830 ⁵¹²,
1758 1795 1833 1832 qua
1864 1783 2045 1832 ponimus
2064 1796 2142 1821 non
2163 1797 2244 1822 esse
2265 1785 2563 1834 magnitudinem
2591 1785 2647 1823 in-

1586 1835 1732 1872 finitam
1767 1835 1806 1872 in
1838 1843 1943 1883 actu,
1982 1848 2060 1873 non
2093 1845 2268 1875 removet
2304 1838 2648 1877 considerationem

1586 1886 1955 1935 mathematicorum,
1985 1888 2049 1937 qui
2071 1897 2228 1927 utuntur
2254 1890 2418 1938 infinito;
2446 1899 2539 1940 puta
2559 1900 2647 1929 cum

1586 1948 1781 1988 geometra
1809 1941 1908 1988 dicit,
1926 1941 1946 1962 *
1963 1942 2012 1978 sit
2027 1941 2111 1978 talis
2129 1942 2227 1980 linea
2247 1943 2402 1991 infinita.
2433 1945 2525 1981 Non
2545 1944 2648 1981 enim

1587 1993 1753 2041 indigent
1789 1993 1838 2030 ad
1875 2006 1984 2030 suam
2023 1994 2387 2033 demonstrationem
2425 1996 2572 2034 infinito
2609 1996 2649 2034 in

1587 2054 1684 2094 actu,
1706 2058 1831 2095 neque
1852 2059 1897 2083 eo
1917 2053 2093 2084 utuntur:
2123 2048 2189 2085 sed
2209 2049 2333 2086 solum
2361 2049 2528 2097 indigent
2542 2049 2648 2098 quod

1588 2099 1633 2135 sit
1661 2099 1784 2147 aliqua
1812 2099 1910 2136 linea
1937 2099 2043 2136 finita
2070 2107 2172 2137 tanta
2201 2109 2340 2150 quanta
2368 2109 2423 2139 est
2447 2101 2499 2138 eis
2518 2113 2648 2139 neces-

1588 2152 1695 2198 saria,
1715 2159 1758 2188 ut
1777 2163 1821 2188 ex
1835 2143 1887 2188 “Ea
1904 2152 2051 2203 possint
2070 2153 2290 2190 subtrahere
2310 2154 2414 2202 quod
2432 2155 2579 2192 volunt.
2600 2153 2650 2191 Et

1588 2204 1637 2240 ad
1656 2205 1730 2240 hoc
1759 2204 1896 2241 sufficit
1923 2205 2027 2253 quod
2045 2205 2066 2226 *
2093 2205 2217 2254 aliqua
2237 2206 2404 2243 maxima
2427 2206 2648 2255 magnitudo

1588 2257 1652 2303 sit;
1689 2256 1778 2306 quia
1806 2257 1915 2308 alicui
1949 2257 2137 2294 maximae
2170 2259 2419 2307 magnitudini
2457 2258 2648 2309 competit,

1589 2310 1694 2359 quod
1721 2309 1841 2358 possit
1869 2309 1985 2347 dividi
2013 2310 2224 2348 secundum
2259 2319 2608 2362 quantamcumque
2629 2312 2650 2334 ¹⁸⁸

1587 2362 1875 2412 proportionem
1909 2370 2081 2411 respectu
2111 2364 2261 2401 alterius
2288 2364 2556 2413 magnitudinis
2585 2363 2648 2402 da-

1588 2423 1659 2452 tae.
1688 2415 1799 2452 Unde
1823 2415 1872 2452 ad
1892 2415 2233 2453 demonstrandum
2262 2428 2339 2454 non
2369 2417 2493 2454 differt
2519 2425 2649 2454 utrum

1589 2468 1634 2504 sit
1651 2468 1726 2504 hoc
1745 2467 1863 2504 modo
1882 2468 1944 2504 vel
1973 2467 2048 2514 illo,
2065 2467 2204 2506 scilicet
2221 2469 2282 2506 vel
2301 2470 2446 2507 infinita
2461 2470 2523 2507 vel
2543 2469 2648 2507 finita

1589 2520 1755 2557 maxima
1775 2520 1960 2569 quantitas
1976 2520 1999 2556 ζ.
2019 2521 2094 2557 Sed
2114 2529 2298 2570 quantum
2318 2523 2366 2560 ad
2383 2534 2463 2560 esse
2479 2522 2533 2559 rei
2551 2523 2648 2559 mul-

1588 2580 1669 2609 tum
1700 2572 1834 2620 differt,
1864 2580 1989 2610 utrum
2019 2573 2064 2610 sit
2091 2575 2151 2611 vel
2179 2587 2257 2611 non
2285 2574 2341 2612 sit.

1649 2637 1704 2662 10.
1734 2625 1884 2662 Deinde
1914 2638 2001 2662 cum
2022 2626 2125 2663 dicit:
2161 2627 2346 2669 Quoniam
2368 2633 2492 2664 autem
2511 2639 2648 2665 causae

1589 2678 1729 2715 divisae
1746 2684 1834 2715 sunt
1859 2686 1941 2726 etc.,
1972 2679 2135 2717 ostendit
2162 2681 2359 2729 quomodo
2388 2680 2578 2717 infinitum
2601 2680 2648 2718 sit

473 2735 521 2771 ad
549 2747 752 2771 numerum
780 2740 802 2770 ⁸.
832 2733 942 2771 Unde
978 2746 1057 2771 non
1092 2740 1240 2782 oportet
1277 2733 1454 2770 devenire
1483 2734 1532 2770 ad
1558 2726 1561 2779 Ι
1587 2730 1827 2779 principium.
1857 2731 1906 2768 Et
1934 2731 2021 2768 dicit
2049 2733 2153 2781 quod
2182 2745 2269 2769 cum
2299 2733 2371 2770 sint
2399 2740 2561 2783 quatuor
2585 2744 2647 2782 ge-

472 2787 637 2836 aliquem
658 2794 784 2824 actum
813 2787 1008 2823 finientem
1032 2785 1252 2834 potentiam.
1284 2785 1360 2822 Sed
1389 2780 1529 2823 additio

473 2840 738 2887 magnitudinis
768 2839 869 2876 ducit
896 2839 934 2875 in
963 2847 1100 2885 actum,
1130 2846 1171 2875 ut
1199 2838 1339 2875 dictum
1370 2847 1424 2875 est
1444 2840 1476 2875 *.

526 2893 817 2929 Commentator
844 2898 971 2928 autem
1001 2891 1163 2939 assignat
1190 2891 1301 2927 aliam
1327 2891 1530 2928 rationem:

472 2946 560 2993 quia
586 2945 754 2994 potentia
783 2944 831 2981 ad
859 2944 1092 2981 additionem
1121 2943 1387 2992 magnitudinis
1417 2952 1471 2981 est
1494 2944 1532 2981 in

471 3010 547 3034 una
577 3005 611 3034 et
641 2997 775 3034 eadem
805 2997 1083 3044 magnitudine;
1113 2997 1180 3034 sed
1208 2997 1375 3045 potentia
1399 2997 1447 3034 ad
1467 2997 1531 3034 ad-

472 3050 654 3087 ditionem
682 3062 932 3086 numerorum
954 3057 1008 3086 est
1032 3050 1069 3086 in
1099 3050 1254 3086 diversis
1278 3049 1456 3097 numeris,
1478 3049 1532 3086 in-

472 3110 655 3151 quantum
677 3103 827 3139 cuilibet
847 3115 1008 3139 numero
1028 3110 1152 3152 potest
1172 3102 1312 3151 aliquid
1332 3102 1431 3140 addi.
1454 3102 1531 3139 Sed

524 3258 548 3291 β)
568 3266 670 3291 semper
690 3260 714 3283 in
728 3259 794 3292 ficri
811 3259 937 3284 existens.
950 3272 968 3277 -
981 3259 1031 3283 Pro
1049 3266 1159 3291 semper,
1175 3259 1245 3291 quod
1263 3266 1316 3283 om.
1336 3258 1405 3287 FTa,
1422 3262 1535 3290 propter

470 3295 602 3324 MKSXY,
621 3301 724 3326 semper
738 3298 852 3326 propter
867 3295 895 3325 C,
906 3297 1018 3326 praeter
1032 3294 1067 3325 V;
1087 3302 1134 3327 pro
1149 3294 1256 3327 infieri,
1277 3294 1347 3319 inter
1353 3293 1420 3326 fieri
1432 3294 1472 3318 ed.
1485 3301 1535 3319 a.—

472 3330 521 3354 Pro
540 3337 629 3362 supra,
649 3337 728 3361 super
748 3330 821 3354 PGZ.

524 3366 550 3397 γ)
564 3368 692 3389 cresceret
703 3365 794 3397 aliqua
809 3364 976 3398 magnitudo.
989 3379 1007 3383 -
1018 3368 1148 3390 cresceret
1167 3364 1323 3397 magnitudo
1337 3363 1428 3396 aliqua
1442 3363 1533 3393 HMQ5

472 3405 519 3423 cet.
534 3400 607 3424 codd.
623 3404 647 3424 et
666 3407 682 3424 a
693 3401 707 3424 b
726 3400 847 3424 omittunt
865 3400 963 3432 aliqua.

525 3433 549 3467 ὃ)
565 3438 603 3458 cst
618 3435 644 3459 in
661 3435 773 3459 materia
784 3436 874 3467 prima
884 3435 1040 3467 potentia.-
1054 3434 1134 3459 Codd.
1150 3440 1175 3460 et
1187 3435 1225 3459 ab
1238 3438 1408 3467 transponunt
1422 3433 1532 3466 particu-

473 3469 523 3492 lam
543 3470 568 3493 in
590 3474 613 3493 ct
633 3470 718 3501 legunt
738 3473 776 3494 est
796 3470 907 3495 materia
923 3471 1014 3502 prima
1038 3470 1063 3495 in
1085 3470 1245 3502 potentia.-
1260 3469 1309 3494 Pro
1329 3469 1530 3494 determinatam

473 3503 526 3527 Pal>
546 3503 639 3528 habent
658 3505 836 3530 terminatam.

526 3539 548 3571 ε)
568 3546 584 3562 a
604 3542 658 3563 toto
679 3540 732 3563 itur
751 3540 787 3564 ad
807 3540 834 3564 id
852 3540 923 3572 quod
941 3545 979 3565 cst
1003 3541 1028 3565 in
1050 3540 1171 3571 potentia
1190 3540 1227 3565 ad
1246 3546 1392 3565 numerum.
1405 3553 1425 3559 ·—
1439 3546 1456 3564 a
1475 3542 1530 3563 toto

473 3581 526 3597 om.
541 3574 582 3597 ab
602 3579 626 3597 et
645 3575 718 3597 codd.
734 3582 785 3598 cxc.
801 3575 894 3604 RSsG3
915 3583 961 3607 pro
981 3575 1042 3604 itur,
1063 3576 1152 3600 abitur
1171 3576 1199 3605 C,
1218 3575 1311 3600 aditur
1329 3575 1375 3600 Es}
1396 3579 1421 3599 et
1440 3574 1463 3601 b.
1483 3574 1532 3599 ad-

474 3608 547 3632 ditur
567 3608 641 3639 MpG,
660 3609 760 3640 aliquid
778 3610 897 3634 addatur
916 3610 946 3639 Ι),
966 3610 1069 3642 aliquid
1088 3610 1142 3635 itur
1161 3611 1201 3635 ed.
1221 3617 1237 3635 a
1257 3615 1281 3635 et
1300 3609 1530 3642 AFKQTVZp1x3

1587 2795 1678 2820 nera
1706 2796 1919 2832 causarum,
1939 2792 1981 2820 ut
2009 2797 2122 2834 supra
2138 2786 2158 2806 *
2179 2785 2321 2823 dictum
2342 2793 2407 2834 est,
2422 2793 2525 2835 patet
2539 2786 2584 2808 ⁸¹⁸*
2602 2797 2647 2823 ex

1586 2836 1802 2885 praemissis
1821 2837 1840 2858 *³
1864 2838 1968 2886 quod
1996 2837 2185 2875 infinitum
2207 2846 2262 2876 est
2282 2851 2395 2876 causa
2414 2838 2510 2876 sicut
2528 2846 2646 2876 mate-

1588 2889 1657 2926 ria:
1688 2889 1878 2926 infinitum
1907 2890 2008 2927 enim
2037 2891 2152 2928 habet
2180 2904 2262 2929 esse
2286 2892 2324 2929 in
2342 2891 2522 2941 potentia,
2542 2891 2648 2942 quod

1589 2949 1643 2978 est
1655 2942 1854 2991 proprium
1874 2942 2065 2981 materiae.
2083 2944 2159 2981 Sed
2178 2945 2336 2982 materia
2355 2944 2509 2993 quidem
2528 2955 2646 2993 quan-

1588 2996 1715 3043 doque
1736 3002 1790 3031 est
1809 2996 1878 3032 sub
1895 2996 2029 3043 forma,
2047 2998 2278 3046 quandoque
2299 3004 2426 3034 autem
2444 2997 2463 3018 ²*
2483 2996 2554 3034 sub
2572 2996 2647 3046 pri-

1586 3047 1750 3085 vatione.
1782 3048 1931 3084 Infinito
1952 3055 2079 3085 autern
2109 3061 2187 3086 non
2217 3049 2396 3099 competit
2417 3049 2510 3086 ratio
2529 3057 2647 3086 mate-

1588 3100 1663 3137 riae
1684 3101 1894 3137 secundum
1910 3101 2015 3149 quod
2037 3108 2091 3138 est
2111 3103 2180 3138 sub
2200 3102 2335 3150 forma,
2352 3102 2420 3140 sed
2434 3102 2646 3140 secundum

1588 3265 1636 3291 pro
1654 3258 1691 3282 ad
1710 3265 1855 3287 numerum,
1869 3258 1906 3283 ad
1925 3261 2049 3283 naturam
2065 3257 2151 3287 ADFI,
2166 3258 2204 3283 ad
2217 3258 2356 3283 materiam
2371 3258 2646 3291 KNQSTVXYpLsR‚

1587 3296 1614 3318 et
1631 3293 1668 3318 ad
1687 3293 1825 3318 materiam
1846 3293 2078 3326 EGHMOZpRsL,
2090 3293 2188 3318 scilicet
2205 3294 2243 3318 ad
2257 3294 2396 3319 materiam
2412 3295 2441 3320 C.
2456 3295 2544 3327 Margo
2559 3294 2594 3319 N:
2608 3294 2648 3319 vel

1583 3335 1634 3360 per
1653 3335 1731 3361 quam
1750 3335 1767 3352 a
1787 3331 1842 3353 toto
1862 3328 1916 3353 itur
1934 3328 1971 3353 ad
1990 3329 2056 3353 illud
2073 3329 2144 3361 quod
2162 3332 2201 3354 est
2220 3329 2245 3353 in
2260 3329 2383 3361 potentia
2402 3333 2428 3354 et
2446 3329 2483 3354 ad
2497 3329 2645 3359 materiam,

1587 3368 1612 3388 et
1630 3363 1692 3388 haec
1711 3368 1751 3388 est
1770 3364 1845 3388 lectio
1860 3371 1925 3396 quae
1940 3371 1970 3388 ex
1985 3363 2092 3389 diversis
2107 3362 2243 3388 meliorum
2262 3365 2379 3389 codicum
2399 3365 2549 3390 lectionibus
2563 3364 2646 3389 resul-

1586 3403 1640 3423 tare
1658 3399 1767 3424 videtur.
1787 3398 1824 3423 Cf.
1845 3407 1871 3423 n.
1883 3406 1906 3424 2.

1638 3433 1663 3465 ζ)
1684 3434 1723 3458 vel
1742 3434 1871 3467 infinita...
1890 3433 2061 3466 quantitas.—
2078 3434 2125 3459 Est
2143 3434 2218 3459 lectio
2236 3434 2295 3459 PNb
2310 3442 2387 3468 quam
2412 3435 2566 3464 retinemus,
2586 3434 2645 3467 quin

1586 3469 1706 3494 maxima
1725 3469 1861 3501 quantitas
1873 3470 1955 3503 finita
1974 3469 2064 3494 dicitur
2088 3477 2134 3502 per
2158 3469 2349 3502 oppositionem
2375 3470 2406 3494 nd
2431 3469 2549 3502 infinita,
2569 3473 2594 3494 et
2612 3469 2645 3494 nd

1586 3512 1693 3529 sensum
1713 3505 1890 3537 responsionis
1905 3505 1978 3529 datae
1995 3505 2027 3530 nd
2040 3505 2212 3530 obiectionem
2226 3505 2327 3530 tacitam
2343 3505 2479 3530 deductam
2491 3512 2523 3530 ex
2542 3504 2646 3538 infinita

1585 3539 1777 3572 magnitudine,
1793 3547 1872 3572 quam
1886 3540 1995 3564 assumit
2010 3539 2218 3569 mathematicum
2238 3541 2279 3565 vel
2287 3540 2372 3573 finita
2386 3540 2427 3565 vel
2439 3539 2543 3573 infinita
2556 3539 2644 3564 maxi-

1585 3582 1642 3599 mae
1661 3575 1817 3607 quantitatis
1836 3575 1912 3604 EFG,
1928 3575 1967 3599 vel
1982 3575 2085 3607 infinita
2099 3575 2139 3600 vel
2146 3575 2226 3608 finita
2242 3569 2378 3600 maximae
2390 3574 2547 3607 quantitatis
2558 3579 2606 3599 cet.
2621 3579 2645 3598 et

1584 3611 1623 3634 ed.
1638 3617 1663 3635 a.
1677 3623 1695 3629 ·-
1710 3610 1736 3634 ln
1756 3608 1806 3635 fine
1820 3617 1892 3634 num.
1907 3613 1997 3634 utrum
2011 3610 2049 3635 sic
2063 3610 2103 3635 ve!
2121 3610 2158 3635 sic
2176 3610 2212 3634 sit
2225 3610 2363 3641 EGHMO,
2383 3613 2471 3634 utrum
2489 3609 2528 3634 sic
2545 3608 2580 3634 sit
2598 3609 2627 3633 F.

2676 691 2687 702 ’
2701 691 2804 714 trinario
2818 691 2871 714 rab.

2678 843 2687 853 '
2700 844 2819 867 invenitur
2826 850 2890 867 :aa

2676 876 2745 893 noaz.

2676 1003 2686 1013 ⁸
2693 1003 2717 1024 in
2723 1002 2776 1024 add.
2785 1007 2887 1025 nomon.

2674 1422 2686 1434 ⁸
2699 1422 2752 1444 Lib.
2767 1428 2816 1451 neq.
2834 1423 2888 1446 lect.

2675 1455 2732 1471 xvu.

2675 1580 2687 1592 ⁸*
2696 1579 2748 1602 Lib.
2757 1578 2798 1608 Vl,
2809 1579 2861 1603 teet.
2869 1586 2886 1603 ι.

2674 1737 2684 1747 '¹
2698 1738 2795 1759 utantur
2811 1743 2888 1760 mxu

2675 1769 2776 1789 qma.

2674 1799 2684 1808 ·
2692 1797 2728 1820 Cf.
2737 1797 2788 1821 lect.
2795 1804 2846 1826 vm,
2855 1805 2887 1821 tx.

2674 1956 2686 1967 ⁸
2700 1955 2764 1984 quod
2770 1956 2823 1979 add.
2835 1956 2888 1979 rab.

2676 2218 2686 2228 ·
2697 2219 2760 2246 quod
2768 2222 2790 2241 et
2799 2219 2833 2242 stt
2838 2225 2888 2242 om.

2675 2250 2776 2268 nasum.

2674 2324 2861 2373 gammae-e
2872 2330 2888 2347 ⁰

2674 2798 2683 2808 ”
2698 2797 2749 2820 Lib.
2758 2798 2787 2825 11,
2797 2799 2849 2821 lect.
2864 2805 2886 2821 v.
2945 2804 2950 2823 Γ

2673 2824 2845 2853 ”mamam
2852 2828 2888 2848 est
2946 2826 2950 2833 '

2673 2856 2887 2900 3⁰531'ss.2.-1.201.
2946 2865 2947 2874 ¹

2672 2909 2696 2931 x,
2712 2909 2736 2926 n.
2751 2909 2772 2932 3.

2673 3010 2681 3018 ·
2697 3010 2774 3030 autem
2790 3014 2839 3031 om.
2857 3015 2887 3031 n:
2943 3007 2947 3035 ξ

2673 3041 2738 3057 PGH.
