2898 3996
201 3077 211 3088 ⁸
226 3077 290 3098 Lect.
306 3083 353 3104 seq.

202 3231 214 3241 ¹·
228 3230 298 3252 Num.
312 3235 332 3257 3.

206 3440 214 3449 ²
230 3441 253 3460 et
262 3444 310 3460 om.
325 3443 378 3459 toa.

205 3578 217 3589 ¹⁶
231 3583 296 3625 zuam
312 3582 359 3599 om.
375 3582 418 3598 tvnc

206 3610 222 3625 a
248 3619 253 3625 .

435 292 509 316 212

501 356 613 388 αὐτῶν
640 355 799 399 μετρήσει
823 358 879 387 καὶ
906 355 970 391 τήν
997 355 1156 398 ἠρεμίαν,
1185 354 1272 392 πόση
1299 367 1362 393 τις.
1391 356 1494 389 “neve

501 400 542 432 τὸ
566 399 758 443 κινούμενον
785 400 849 443 οὐχ
876 400 989 436 ἁπλῶς
1015 399 1114 430 ἔσται
1139 399 1307 443 μετρητὸν
1330 400 1395 432 ὑπὸ
1419 400 1494 445 χρό-

500 455 568 482 νου,
589 443 608 485 ᾖ
627 443 730 476 ποσόν
757 455 791 475 τι
817 445 921 484 ἐστίν,
942 443 1014 475 ἀλλ’
1037 443 1056 485 ᾖ
1075 444 1095 479 ἢ
1114 445 1238 481 κίνησις
1263 443 1372 475 αὐτοῦ
1391 444 1494 481 ποσή.

427 567 518 602 “Ὠσθ“
555 567 617 600 ὅσοι
652 568 740 611 μήτε
773 571 918 599 κινεῖται
952 565 1032 610 μήτ’
1067 565 1204 610 ἠρεμεῖ,
1240 567 1300 599 οὐκ.
1333 568 1424 600 ἔστιν
1462 569 1494 600 ἐν

500 611 618 658 χρόνῳ·
647 614 686 645 τὸ
717 613 776 657 μὲν
808 612 872 657 γοὶρ
906 612 939 643 ἐν
972 609 1078 656 χρόνῳ
1112 609 1198 643 εἶναι
1229 611 1269 644 τὸ
1301 611 1493 656 μετρεῖσθαί

502 659 574 690 ἐστι
591 657 710 702 χρόνῳ,
731 658 748 688 ὁ
765 653 801 687 δὲ
843 655 933 698 ρόνος
949 654 1108 692 κινήσεως
1126 658 1182 687 καὶ
1202 655 1340 699 ἠρεμίας
1358 656 1492 700 μέτρον.

433 702 579 744 Φανερὸν
608 701 663 734 οὖν
690 700 744 733 ὃτι
771 668 848 732 omits*
873 699 913 732 rc)
943 699 989 743 μή
1024 696 1058 730 ὃν
1091 699 1188 732 ἔσται
1219 701 1286 732 πᾶν
1314 701 1345 732 ἐν
1376 701 1493 745 χρόνῳ,

502 747 569 778 οἷον
597 746 660 778 ὅσοι
685 745 731 788 μή
758 741 937 789 ἐνδέχεται
974 743 1101 784 ἄλλως,
1129 743 1238 786 ὥσπερ
1265 744 1305 775 τὸ
1333 745 1396 781 τήν
1422 742 1495 776 διαί·

501 802 622 833 μετρον
647 787 733 822 εἶναι
758 791 802 831 τῇ
829 789 957 831 πλευρᾷ
986 787 1188 832 σύμμετρον.
1218 787 1323 826 ’Ὸλως
1352 788 1437 834 γάρ,
1468 789 1496 820 εἰ

501 835 622 890 μέτρον
648 834 707 878 μέν
733 831 806 865 ἐστι
829 831 988 870 κινήσεως
1016 833 1031 863 ὁ
1056 831 1173 874 χρόνος
1197 830 1272 863 καθ’
1302 832 1402 873 αὐτό,
1430 834 1495 864 τῶν

501 881 529 914 δ’
561 881 670 912 αλλων
694 878 790 909 κατὰ
814 876 1043 921 συμβεβηκός,
1069 875 1172 913 δῆλον
1199 874 1251 908 ὅτι
1276 875 1319 907 ὥν
1345 876 1387 908 τὸ
1412 874 1496 909 εἶναι

501 927 637 970 μετρεῖ,
665 921 801 959 τούτοις
835 921 960 953 ἅπασιν
987 921 1085 954 ἔσται
1111 919 1151 952 τὸ
1176 917 1261 951 εἶναι
1288 920 1319 952 ἐν
1347 921 1393 962 τῷ
1423 921 1496 964 ἠρε-

501 973 571 1014 μεῖν
598 967 618 1004 ἦ
647 965 820 998 κινεῖσθαι.
850 964 937 997 ‘'Os-ot
962 964 1020 1009 μὲν
1047 965 1102 998 οὖν
1128 963 1263 1008 φθαρταὶ
1285 966 1342 996 καὶ
1367 966 1498 1011 γενητοὶ

500 1015 557 1046 καὶ
583 1011 665 1049 ὅλως
692 1010 750 1042 ὁτὲ
775 1010 833 1054 μέν
853 1009 951 1051 ὄντα,
973 1009 1031 1041 ὁτὲ
1050 1006 1086 1043 δὲ
1107 1007 1167 1054 μή,
1189 1008 1319 1053 ἀνάγκη
1339 1009 1372 1041 ἐν
1390 1010 1495 1055 χρόνῳ

502 1055 598 1090 εἶναι·
628 1057 701 1087 ἔστι
725 1054 789 1099 γάρ
815 1053 931 1099 χρόνος
957 1066 1007 1092 τις
1034 1057 1168 1094 πλείων,
1195 1054 1227 1091 ὂς
1254 1053 1404 1097 ὑπερέξει
1430 1055 1494 1087 τοῦ

501 1115 538 1134 τε
564 1099 648 1132 εἶναι
675 1099 786 1131 αὐτῶν
811 1101 868 1129 καὶ
888 1099 950 1129 τοῦ
973 1101 1176 1142 μετροῦντος
1195 1097 1258 1134 τήν
1278 1097 1406 1129 οὐσίαν·
1429 1099 1495 1131 τῶν

501 1142 538 1178 δὲ
563 1145 607 1189 μή
636 1145 740 1176 ὄντων
768 1141 830 1174 ὅσα
848 1142 906 1186 μὲν
931 1142 1078 1187 ‘trapi-{yet
1104 1145 1120 1175 ὁ
1145 1141 1276 1187 χρόνος,
1297 1143 1343 1174 roi.
1358 1142 1417 1185 μὲν
1440 1139 1494 1184 ἦν,

503 1191 569 1221 οἷον
588 1187 731 1233 Ὅμηρός
758 1198 842 1218 ποτε
868 1184 928 1228 ἦν,
958 1187 1004 1219 τοὶ
1028 1180 1065 1221 δὲ
1092 1187 1207 1227 ἔσται,
1235 1187 1302 1218 οἷον
1329 1187 1394 1217 τῶν
1419 1187 1496 1231 μελ-

499 1233 630 1266 λόντων
658 1244 703 1273 τι,
731 1231 777 1274 ἐφ’
808 1231 957 1276 ὁπότεροι
984 1231 1076 1276 περιέ
1105 1243 1149 1263 ει.ι
1169 1231 1226 1261 καὶ
1253 1231 1281 1262 εἰ
1306 1230 1356 1262 ἐπ’
1385 1230 1493 1275 ἄμφω,

502 1276 678 1322 ἀμφότεροι
702 1278 759 1308 καὶ
786 1273 824 1313 ἦν
849 1277 907 1308 καὶ
933 1275 1044 1308 ἔσται·
1065 1277 1127 1308 ὃσα
1152 1269 1188 1306 δὲ
1206 1274 1252 1317 μή
1271 1273 1417 1319 περιέχει
1436 1287 1496 1318 μη-

500 1318 616 1365 δαμῇ,
644 1320 715 1353 οὔτ’
745 1319 784 1358 ἦν
813 1321 884 1352 οὔτ’
913 1319 1004 1352 ἔστιν
1032 1321 1102 1352 οὔτ’
1134 1320 1244 1352 ἔσται.
1264 1318 1362 1349 Ἔστι
1388 1314 1424 1350 δὲ
1449 1318 1496 1350 τοὶ

501 1366 653 1399 τοιαῦτα
684 1366 749 1398 τῶν
775 1365 821 1408 μή
855 1364 980 1404 ὄντων,
1013 1364 1095 1397 ὅσων
1123 1364 1169 1397 τοὶ
1196 1362 1411 1406 ἀντικείμενα
1444 1363 1494 1394 ἀεί

502 1411 607 1451 ἐστιν,
635 1409 702 1441 οἷον
729 1409 770 1441 τὸ
797 1407 1009 1452 ἀσύμμετρον
1035 1406 1119 1440 εἶναι
1145 1406 1209 1443 τήν
1236 1402 1415 1450 διάμετρον
1444 1406 1494 1438 ἀεί

501 1455 588 1495 ἐστι,
606 1455 664 1485 καὶ
691 1453 749 1485 οὐκ.
775 1453 871 1486 ’ἐσται
893 1454 999 1485 τοῦτο
1019 1453 1052 1484 ἐν
1079 1450 1196 1497 χρόνῳ.
1224 1451 1269 1482 Οὐ
1289 1452 1399 1481 τοίνυν
1418 1445 1495 1481 οὐδὲ

502 1499 542 1531 τὸ
568 1497 771 1542 σύμμετροψ
797 1492 850 1529 3ιὸ
878 1497 927 1528 ἀεὶ
958 1494 1017 1527 οὐκ
1050 1496 1154 1536 ἔστιν,
1184 1493 1236 1526 ὅτι
1267 1491 1419 1526 ἐναντίον
1447 1494 1494 1534 τῷ

503 1543 553 1575 ἀεὶ
580 1543 664 1574 ὄντι.
692 1541 796 1572 ‘'Oe-mv
823 1536 860 1572 δὲ
886 1541 926 1572 τὸ
952 1541 1105 1572 ἐναντίον
1138 1539 1184 1582 μτ)
1213 1539 1282 1579 ἀεί,
1316 1539 1434 1571 ταῦτα
1458 1534 1496 1570 δὲ

500 1582 648 1618 δυ’νοιται
673 1587 730 1617 καὶ
748 1583 832 1616 εἶναι
849 1586 906 1616 καὶ
924 1583 983 1628 μή,
1002 1586 1060 1615 καὶ
1080 1584 1152 1615 ἔστι
1169 1582 1295 1629 γένεσις
1312 1584 1369 1613 καὶ
1391 1580 1497 1625 φθοραὶ

501 1631 626 1662 αὐτῶν.

487 1780 635 1806 SYNopsxs.
658 1793 696 1799 —-
723 1787 746 1805 1.
768 1778 979 1814 Argumentum
1001 1783 1029 1805 et
1049 1775 1151 1804 divisio
1179 1782 1281 1804 textus.
1303 1793 1323 1797 -
1344 1783 1371 1804 2.
1399 1777 1495 1804 Motus

435 1825 462 1847 et
490 1817 561 1847 aliae
582 1827 626 1846 res
647 1827 707 1845 non
733 1817 836 1845 eodem
858 1817 947 1844 modo
969 1817 1007 1844 ad
1026 1823 1141 1852 tempus
1169 1821 1382 1852 comparantur.
1407 1816 1495 1843 Tem-

433 1868 487 1895 pus
516 1863 663 1886 mensurat
691 1862 803 1884 motum
833 1862 860 1884 et
881 1856 1037 1884 secundum
1066 1864 1095 1883 se
1123 1861 1150 1883 et
1173 1856 1333 1883 secundum
1359 1864 1421 1883 esse
1444 1864 1495 1883 seu

434 1897 616 1926 durationem
638 1906 734 1925 suam:
763 1902 911 1924 mensurat
931 1902 1028 1923 autem
1056 1901 1169 1923 motum
1197 1894 1417 1923 determinando
1446 1895 1496 1923 ali-

434 1947 521 1974 quam
544 1937 604 1965 eius
624 1942 735 1973 partem
757 1944 831 1972 quae
858 1942 952 1963 totum
981 1934 1105 1963 metitur.
1137 1935 1247 1962 Motum
1273 1934 1357 1971 igitur
1381 1943 1442 1962 esse
1466 1934 1496 1962 in

433 1983 565 2013 tempore
579 1976 652 2004 nihil
672 1975 750 2004 aliud
764 1981 807 2003 est
827 1985 915 2012 quam
937 1974 1096 2002 mensurari
1117 1975 1152 2002 ab
1179 1983 1232 2009 eo,
1254 1980 1313 2002 tam
1335 1975 1495 2002 secundum

435 2016 603 2051 essentiam,
625 2025 713 2052 quam
735 2015 832 2052 quoad
860 2023 930 2043 esse.
953 2031 972 2036 -
994 2014 1020 2042 3.
1042 2013 1107 2042 Alia
1127 2013 1157 2041 in
1177 2020 1309 2050 tempore
1330 2019 1397 2041 sunt
1425 2022 1498 2050 qua-

434 2063 518 2084 tenus
533 2057 568 2084 ab
583 2055 647 2092 ipso
669 2061 872 2083 mensurantur
888 2054 1048 2082 secundum
1069 2062 1140 2088 esse,
1157 2054 1317 2081 secundum
1339 2053 1419 2090 quod
1433 2062 1496 2081 mo-

434 2102 496 2124 tum
518 2096 639 2129 habent,
667 2104 728 2122 non
755 2101 852 2122 autem
874 2094 1033 2122 secundum
1055 2102 1094 2121 se.
1117 2094 1186 2120 Esse
1211 2092 1287 2120 enirn
1315 2092 1346 2120 in
1366 2099 1498 2129 tempore

433 2135 479 2163 vel
500 2134 664 2171 intelligitur
685 2143 746 2162 esse
768 2133 853 2162 simul
874 2143 940 2161 cum
962 2142 1006 2168 eo,
1028 2133 1072 2160 vel
1089 2131 1196 2168 inipso
1218 2141 1279 2160 esse
1301 2131 1373 2160 sicut
1393 2132 1423 2160 in
1444 2141 1498 2160 nu-

435 2184 531 2210 mero3
553 2181 581 2202 et
601 2175 657 2202 hoc
682 2173 786 2201 iterum
806 2173 852 2201 vel
871 2179 903 2201 ut
923 2182 988 2209 pars
1010 2178 1059 2200 aut
1079 2171 1176 2208 passio
1204 2171 1326 2206 numeri,
1355 2178 1404 2199 aut
1425 2171 1499 2199 sicut

435 2220 618 2242 numeratum
640 2213 670 2241 in
691 2221 813 2241 numero
835 2222 897 2240 esse
912 2212 1023 2240 dicitur.
1048 2211 1132 2239 Nunc
1155 2218 1182 2239 et
1198 2212 1285 2249 prius
1307 2218 1334 2239 et
1350 2211 1499 2249 posterius

435 2261 463 2282 et
485 2253 651 2282 huiusmodi
679 2259 745 2289 sunt
766 2252 796 2280 in
817 2259 946 2289 tempore
967 2258 999 2279 ut
1020 2250 1128 2287 aliquid
1152 2251 1228 2279 eius:
1252 2260 1326 2287 quae
1347 2259 1415 2278 vero
1437 2259 1498 2278 non

436 2300 503 2322 sunt
523 2292 631 2330 aliquid
655 2292 810 2329 temporis,
839 2298 906 2320 sunt
932 2291 962 2319 in
984 2300 1019 2319 eo
1047 2297 1079 2318 ut
1100 2297 1251 2318 numerata
1272 2290 1301 2318 in
1329 2299 1462 2318 numero.
1480 2307 1498 2311 -

435 2335 502 2361 Non
524 2339 566 2360 est
586 2332 663 2360 idern
685 2341 746 2360 esse
761 2332 789 2359 in
812 2337 940 2369 tempore
955 2337 983 2359 et
997 2339 1058 2359 esse
1080 2331 1192 2367 quando
1215 2335 1327 2367 tempus
1347 2335 1406 2363 est;
1427 2329 1499 2358 sicut

436 2382 490 2401 nec
511 2381 572 2400 esse
590 2372 620 2399 in
633 2372 699 2400 loco
721 2378 748 2399 et
769 2378 859 2406 motu,
876 2377 903 2399 et
923 2380 984 2399 esse
1000 2370 1118 2407 quando
1140 2377 1182 2398 est
1204 2370 1285 2398 locus
1300 2369 1345 2397 vel
1360 2375 1464 2397 motus.
1480 2386 1499 2390 -

435 2422 464 2448 4.
487 2411 650 2440 Subdivisio
671 2418 772 2439 textuS.
795 2428 814 2432 -
834 2412 957 2439 Necesse
978 2416 1020 2438 est
1040 2415 1072 2437 ut
1092 2409 1188 2446 accipi-
1202 2409 1293 2446 possit
1312 2415 1426 2445 tempus
1449 2408 1499 2436 ali·

437 2453 518 2489 quod
532 2451 624 2479 maius
639 2451 719 2479 omni
735 2460 769 2478 eo
791 2451 871 2487 quod
885 2457 927 2478 est
947 2449 977 2478 in
998 2456 1144 2485 tempore,
1165 2449 1238 2477 sicut
1251 2458 1388 2477 numerus
1403 2457 1499 2484 respe-

437 2498 485 2520 ctu
498 2497 732 2519 numeratorum:
754 2490 878 2526 ideoque
899 2496 931 2517 ut
946 2499 980 2518 ea
994 2498 1068 2526 quae
1088 2488 1117 2517 in
1135 2495 1265 2525 tempore
1280 2495 1354 2524 sunt,
1376 2487 1500 2516 totaliter

437 2532 490 2560 sub
512 2540 548 2559 eo
570 2531 788 2565 concludantur,
814 2530 886 2558 sicut
906 2530 1001 2558 locata
1029 2531 1081 2558 sub
1110 2529 1184 2557 loco.
1206 2545 1226 2550 -
1249 2529 1274 2556 5.
1299 2528 1387 2563 Quod
1408 2534 1450 2556 est
1470 2527 1500 2554 in

436 2577 577 2607 tempore,
599 2570 706 2607 aliquid
728 2571 780 2597 sub
795 2579 830 2597 eo
845 2569 960 2606 patitur,
982 2570 1141 2598 secundum
1159 2568 1238 2606 quod
1259 2567 1356 2604 passio
1377 2566 1499 2604 pertinet

438 2611 474 2638 ad
502 2611 659 2638 defectum:
689 2609 791 2637 dicitur
818 2618 944 2646 namque
972 2610 1051 2646 quod
1079 2616 1192 2645 tempus
1222 2606 1390 2643 corrumpit,
1419 2607 1499 2643 quod

438 2650 538 2678 omnia
561 2651 613 2678 sub
636 2659 670 2677 eo
692 2655 858 2684 senescunt,
881 2655 908 2676 et
930 2649 1009 2685 quod
1035 2654 1153 2685 propter
1173 2647 1268 2683 ipsum
1297 2645 1404 2674 oblivio
1425 2645 1499 2673 acci-

569 2772 578 2786 .-
593 2758 633 2795 ,ἵζ’
658 2771 674 2800 fl‚
704 2756 879 2797 ostquam
896 2747 1151 2795 Philosophus
1167 2745 1430 2783 determinavit
1450 2746 1496 2782 de

525 2842 529 2845 ,
656 2798 875 2849 &tempore
905 2800 1116 2836 secundum
1145 2811 1202 2845 se,
1232 2798 1293 2835 hic
1322 2798 1496 2835 determi-

554 2847 687 2901 ἓῖἔζ)
705 2861 768 2890 nat
795 2853 842 2890 de
871 2860 1043 2901 ternpore
1071 2864 1140 2900 per
1173 2851 1497 2900 comparationem

505 2931 509 2935 -
557 2887 688 2947 effi}
705 2906 754 2942 ad
783 2918 827 2942 ea
852 2917 949 2953 quae
970 2911 1055 2942 sunt
1074 2905 1112 2941 in
1131 2912 1315 2953 ternpore.
1333 2905 1382 2940 Et
1402 2904 1499 2940 circa

440 2961 515 2997 hoc
544 2960 620 2996 duo
650 2958 755 2995 facit:
791 2957 915 3006 primo
952 2965 1148 3006 comparat
1180 2965 1331 3005 tempus
1369 2956 1417 2994 ad
1455 2969 1500 2993 ea

442 3025 540 3060 quae
561 3010 704 3048 suntin
722 3019 913 3059 tempore3
945 3010 1114 3047 secundo
1139 3010 1186 3047 ad
1216 3022 1261 3046 ea
1290 3018 1388 3058 quae
1413 3016 1500 3046 sunt

442 3065 480 3102 in
508 3077 620 3111 nune,
646 3063 716 3100 ibi:
746 3065 875 3112 Ipsum
895 3069 1019 3099 autem
1048 3074 1147 3099 nunc
1166 3063 1186 3083 *
1208 3070 1275 3098 etc.
1298 3061 1407 3098 Circa
1425 3062 1498 3110 pri-

442 3130 551 3155 mum
573 3117 649 3154 duo
673 3116 779 3153 facit:
806 3116 931 3165 primo
952 3122 1150 3164 comparat
1167 3122 1318 3163 tempus
1342 3115 1390 3151 ad
1418 3126 1500 3151 mo-

441 3178 542 3217 tum;
572 3169 739 3207 secundo
761 3169 809 3206 ad
828 3169 898 3205 alia
926 3179 1024 3217 quae
1044 3175 1130 3205 sunt
1157 3168 1195 3204 in
1223 3175 1408 3216 ternpore,
1430 3167 1498 3204 ibi:

441 3223 690 3272 Manifestum
716 3227 840 3259 autem
870 3221 970 3270 quod
997 3222 1016 3243 ³
1047 3229 1115 3257 etc.

497 3289 530 3313 2.
562 3275 672 3313 Circa
691 3274 859 3324 primum
889 3273 1208 3312 considerandum
1229 3280 1284 3309 est
1303 3271 1408 3320 quod
1428 3271 1500 3309 alio

443 3329 562 3366 modo
583 3335 824 3377 comparatur
843 3335 970 3364 motus
1000 3327 1048 3364 ad
1077 3334 1243 3375 tempus,
1265 3333 1301 3362 et
1326 3325 1398 3361 alio
1418 3337 1500 3361 mo-

445 3381 494 3417 do
528 3394 586 3418 res
619 3381 723 3418 aliae.
760 3381 889 3417 Motus
919 3380 1019 3417 enim
1058 3386 1297 3416 mensuratur
1328 3385 1500 3426 tempore

445 3440 480 3469 et
495 3434 513 3454 *
535 3434 744 3470 secundum
765 3433 855 3470 illud
875 3433 980 3482 quod
1010 3440 1075 3479 est,
1103 3439 1138 3469 et
1161 3430 1372 3469 secundum
1392 3442 1501 3467 suam

445 3485 681 3522 durationem
697 3486 777 3523 sive
798 3486 1009 3523 secundum
1030 3498 1112 3523 esse
1132 3497 1255 3522 suurn.
1278 3484 1354 3520 Res
1374 3492 1501 3520 autem

445 3537 549 3584 aliae,
578 3546 708 3586 utpote
737 3539 855 3576 homo
885 3546 948 3575 aut
976 3538 1086 3588 lapis,
1116 3543 1380 3575 mensurantur
1408 3544 1502 3574 tem-

443 3602 537 3638 pore
557 3591 767 3627 secundum
787 3603 899 3628 suum
921 3604 1002 3628 esse
1023 3590 1102 3628 sive
1123 3589 1333 3628 secundum
1353 3601 1462 3626 suam
1483 3590 1502 3611 ’¹‘

1068 279 1412 317 PHYSICORUM
1439 281 1787 324 ARISTOTELIS
1817 281 1910 317 LIB.
1942 281 1993 318 lV

1617 369 1715 389 scens.
1748 359 1875 389 Motum
1908 359 1992 389 enim
2022 359 2167 399 ipsorum
2197 367 2227 391 et
2254 360 2393 400 quietem
2421 361 2614 392 mensurabit

1617 402 1792 433 secundum
1822 403 1911 443 quod
1937 409 2054 444 quanta
2084 403 2249 443 quaedam.
2266 404 2283 423 *
2306 405 2411 442 Quare
2431 406 2519 446 quod
2542 415 2613 435 mo-

1616 453 1727 484 vetur,
1756 456 1821 476 non
1852 446 2033 486 simpliciter
2062 446 2119 477 erit
2146 447 2353 478 mensurabile
2381 449 2439 479 sub
2470 455 2612 489 tempore

1617 490 1793 520 secundum
1825 490 1912 531 quod
1944 497 2100 530 quantum
2130 491 2249 531 aliquid
2268 498 2330 530 est,
2358 492 2412 522 sed
2437 493 2613 523 secundum

1617 534 1705 574 quod
1728 540 1835 564 motus
1858 533 1957 574 ipsius
1981 540 2129 574 quantus.

1551 578 1656 614 Quare
1680 586 1900 618 quaecumque
1916 587 2019 618 neque
2044 585 2213 608 moventur
2230 588 2334 619 neque
2354 579 2530 619 quiescunt,
2547 580 2613 610 non

1617 627 1691 651 sunt
1713 621 1746 651 in
1770 628 1922 661 tempore.
1948 622 1983 651 In
2006 629 2149 661 tempore
2173 622 2258 652 enim
2281 632 2347 652 esse
2370 629 2416 653 est
2438 622 2614 653 mensurari

1617 671 1775 704 tempore:
1801 672 1926 705 tempus
1950 672 2055 696 autem
2072 672 2179 695 motus
2203 672 2234 696 et
2254 665 2367 706 quietis
2386 676 2533 697 mensura
2557 673 2610 698 est.

1550 707 1567 727 *
1580 707 1784 738 Manifestum
1806 708 1900 749 igitur
1922 709 2075 750 quoniam
2091 719 2194 750 neque
2212 710 2301 750 quod
2317 719 2382 740 non
2398 717 2443 741 est
2461 720 2557 740 omne
2580 709 2613 740 in

1617 758 1759 792 tempore
1775 752 1846 791 erit,
1870 760 1906 783 ut
1920 763 2139 794 quaecumque
2156 763 2221 783 non
2237 753 2390 794 contingit
2405 754 2508 792 aliter,
2533 754 2613 785 sicut

1617 795 1807 826 diametrum
1823 806 1889 827 esse
1904 796 1990 827 lateri
2010 797 2337 828 commensurabilem.
2355 797 2498 829 Omnino
2514 797 2615 836 enim,

1618 839 1643 869 si
1667 849 1813 870 mensura
1837 847 1882 883 est
1905 847 2030 880 tempus
2053 848 2160 871 motus
2184 851 2239 881 per
2268 851 2318 880 se,
2348 841 2484 872 aliorum
2507 848 2613 872 autem

1617 883 1793 914 secundum
1811 884 1964 921 accidens,
1980 883 2182 915 manifestum
2205 891 2250 916 est
2273 886 2362 926 quod
2384 895 2524 926 quorum
2547 896 2613 916 esse

1618 934 1789 966 mensurat,
1802 926 1850 958 his
1867 928 2015 958 omnibus
2029 929 2120 959 inerit
2135 938 2201 966 esse
2216 928 2248 959 in
2266 929 2386 960 moveri
2403 936 2432 972 et
2442 929 2611 970 quiescere.

1618 971 1848 1012 Quaecumque
1867 972 1996 1012 quidem
2019 972 2112 1012 igitur
2135 972 2323 1012 generabilia
2346 979 2376 1004 et
2394 971 2614 1014 'corruptibilia

1617 1022 1706 1053 sunt,
1731 1022 1760 1046 et
1777 1015 1908 1046 omnino
1932 1026 2013 1056 quae
2032 1016 2202 1056 aliquando
2219 1017 2349 1057 quidem
2372 1023 2455 1055 sunt,
2473 1017 2613 1059 aliquan-

1618 1059 1660 1089 do
1683 1066 1790 1089 autern
1814 1069 1878 1089 non
1898 1066 1990 1097 sunt,
2014 1069 2139 1090 necesse
2163 1066 2208 1090 est
2230 1060 2262 1090 in
2286 1066 2429 1100 tempore
2458 1070 2534 1092 esse.
2557 1061 2613 1092 Est

1618 1102 1703 1132 enim
1726 1103 1890 1143 quoddam
1905 1110 2031 1143 tempus
2055 1103 2168 1142 maius,
2184 1103 2272 1144 quod
2294 1102 2415 1134 excellit
2437 1114 2503 1135 esse
2526 1105 2613 1144 ipso-

1617 1156 1689 1176 rum
1722 1153 1752 1176 et
1784 1153 1943 1177 mensurat
1971 1146 2187 1178 substantiam.
2221 1146 2368 1186 Ipsorum
2400 1154 2507 1178 autem
2530 1157 2614 1188 quae

1613 1200 1679 1220 non
1703 1197 1792 1228 sunt,
1817 1200 2037 1230 quaecumque
2062 1189 2201 1220 continet
2223 1197 2366 1231 tempus,
2391 1190 2450 1221 alia
2481 1192 2613 1232 quidem

1618 1240 1714 1270 erant,
1739 1240 1774 1264 ut
1797 1234 1957 1263 Homerus
1981 1233 2150 1274 aliquando
2175 1241 2248 1272 erat,
2273 1234 2332 1265 alia
2353 1244 2429 1265 vero
2453 1242 2554 1274 erunt,
2577 1242 2614 1267 ut

1619 1276 1800 1307 futurorum
1817 1276 1957 1317 aliquod,
1982 1276 2264 1318 ad'quaecumque
2288 1277 2441 1309 continet:
2472 1285 2502 1310 et
2524 1279 2550 1310 si
2573 1280 2614 1310 ad

1617 1321 1724 1358 ambo,
1747 1327 1879 1361 utraque
1905 1327 1935 1351 et
1957 1327 2043 1351 erant
2070 1327 2100 1351 et
2129 1327 2228 1352 erunt.
2252 1322 2480 1363 Quaecumque
2506 1329 2614 1354 autem

1617 1374 1683 1394 non
1699 1364 1850 1402 continet,
1866 1374 1969 1405 neque
1985 1371 2081 1403 erant,
2092 1374 2195 1406 neque
2210 1372 2293 1404 sunt,
2301 1375 2404 1407 neque
2420 1373 2520 1398 erunt.
2534 1366 2614 1398 Sunt

1617 1415 1723 1438 autem
1739 1407 1924 1438 huiusmodi
1941 1418 2053 1439 eorum
2071 1418 2152 1449 quae
2168 1419 2233 1439 non
2250 1416 2337 1448 sunt,
2357 1420 2496 1451 quorum
2511 1420 2616 1451 oppo-

1617 1451 1674 1482 sita
1690 1462 1813 1492 semper
1829 1459 1918 1491 sunt;
1935 1459 1970 1483 ut
1979 1452 2332 1484 incommensurabilem
2349 1463 2414 1484 esse
2425 1453 2614 1486 diametrum

1617 1506 1740 1536 semper
1763 1503 1828 1534 est,
1853 1502 1883 1526 et
1906 1506 1971 1526 non
1995 1496 2051 1527 erit
2074 1497 2135 1527 hoc
2157 1495 2190 1527 in
2213 1503 2365 1538 tempore.
2398 1498 2482 1538 Ergo
2510 1508 2614 1539 neque

1617 1539 1936 1570 commensurabilem
1953 1547 2034 1570 esse:
2051 1541 2135 1571 unde
2151 1550 2276 1581 semper
2290 1551 2357 1572 non
2376 1548 2432 1580 est,
2449 1541 2523 1583 quia
2536 1541 2614 1573 con-

1616 1584 1746 1614 trarium
1770 1590 1816 1614 est
1839 1583 1867 1614 ei
1891 1584 1979 1625 quod
2006 1594 2129 1624 semper
2152 1591 2207 1616 est.
2237 1585 2385 1622 Quorum
2417 1593 2524 1616 autem
2547 1595 2614 1617 non

1616 1637 1740 1668 semper
1756 1634 1803 1658 est
1817 1628 2020 1666 contrarium,
2039 1628 2116 1659 haec
2132 1635 2163 1659 et
2179 1635 2313 1670 possunt
2329 1639 2395 1660 esse
2410 1635 2440 1661 et
2453 1639 2520 1660 non
2534 1639 2614 1669 esse,

1616 1678 1646 1702 et
1669 1678 1715 1702 est
1737 1671 1895 1712 generatio
1920 1679 1950 1703 et
1973 1671 2133 1713 corruptio
2156 1672 2309 1713 ipsorum.

1550 1775 1599 1804 dit.
1620 1792 1640 1797 —
1662 1776 1830 1804 Ostenditur
1850 1786 1911 1804 non
1932 1786 1993 1805 esse
2014 1786 2032 1805 a
2052 1783 2184 1813 tempore
2204 1777 2393 1813 perfectiones
2413 1777 2570 1814 oppositas.
2593 1793 2614 1800 -

1551 1816 1578 1843 6.
1595 1816 1676 1850 Quae
1698 1822 1764 1844 sunt
1785 1825 1913 1852 semper,
1935 1825 1996 1844 non
2017 1823 2084 1844 sunt
2107 1816 2137 1844 in
2157 1823 2298 1853 tempore.
2321 1817 2470 1845 Probatur.
2493 1818 2522 1853 a)
2537 1816 2614 1852 Quia

1551 1854 1618 1883 talia
1638 1864 1698 1883 non
1713 1854 1897 1883 continentur
1918 1856 1970 1883 sub
1992 1862 2123 1892 tempore
2144 1855 2226 1892 quasi
2248 1857 2410 1892 excedente,
2431 1865 2526 1894 neque
2551 1865 2613 1885 esse

1550 1903 1601 1922 seu
1623 1894 1736 1923 duratio
1751 1903 1852 1923 eorum
1867 1896 1903 1923 ab
1925 1895 1988 1931 ipso
2004 1901 2194 1931 mensuratur,
2209 1904 2275 1923 cum
2289 1895 2319 1923 in
2337 1895 2480 1923 infinitum
2500 1897 2612 1924 durent.

1550 1933 1677 1971 Intellige
1702 1940 1799 1962 tamen
1828 1935 1988 1975 secundum
2009 1935 2090 1971 quod
2115 1931 2184 1963 sunt
2211 1943 2333 1971 semper.
2361 1934 2388 1971 b)
2419 1934 2494 1970 Quia
2514 1934 2612 1964 huius-

1551 1973 1632 2001 modi
1653 1983 1714 2002 non
1734 1974 1883 2010 patiuntur
1902 1983 1919 2002 a
1939 1979 2079 2010 tempore.
2099 1990 2118 1994 -
2142 1983 2169 2010 7.
2193 1973 2269 2009 Quia
2289 1980 2402 2011 tempus
2421 1981 2463 2003 est
2477 1983 2613 2003 mensura

1551 2019 1647 2041 motus
1668 2022 1719 2050 per
1745 2022 1784 2048 se,
1806 2013 1859 2041 erit
1880 2019 1908 2041 et
1929 2013 2032 2050 quietis
2052 2022 2188 2041 mensura
2204 2022 2255 2050 per
2274 2013 2423 2049 accidens3
2441 2023 2507 2042 cum
2528 2013 2610 2052 quies

1551 2052 1586 2080 sit
1601 2052 1630 2080 in
1650 2059 1781 2089 tempore
1803 2053 1875 2081 sicut
1895 2059 1923 2080 et
1943 2059 2048 2081 motus.
2064 2070 2083 2074 -
2098 2053 2125 2080 8.
2145 2054 2220 2081 Cum
2242 2059 2356 2089 tempus
2376 2062 2438 2081 non
2459 2053 2494 2081 sit
2515 2060 2612 2082 motus

1551 2093 1601 2120 sed
1622 2101 1760 2120 numerus
1780 2099 1886 2127 motus,
1908 2101 1982 2128 opus
1996 2101 2057 2120 non
2078 2099 2120 2120 est
2133 2099 2165 2120 ut
2179 2101 2267 2120 omne
2282 2093 2361 2129 quod
2382 2099 2424 2121 est
2437 2092 2468 2120 in
2481 2099 2612 2130 tempore

1552 2138 1717 2167 moveatur;
1745 2131 1884 2168 contingit
1905 2131 1982 2159 enim
2004 2133 2084 2168 quod
2105 2131 2190 2160 etiam
2212 2132 2362 2169 quiescens
2383 2132 2419 2160 sit
2439 2131 2469 2160 in
2489 2141 2612 2161 numero

1552 2177 1657 2199 motus
1673 2188 1692 2192 -
1707 2181 1734 2207 9.
1760 2171 1918 2206 Quiescens
1939 2177 1981 2199 est
2000 2170 2143 2207 privatum
2172 2178 2268 2207 motu,
2292 2172 2374 2208 quod
2394 2178 2492 2200 tamen
2512 2175 2623 2208 aptum·

1552 2217 1652 2238 natum
1673 2217 1716 2238 est
1736 2210 1860 2239 moveri:
1889 2211 1967 2238 unde
1995 2219 2056 2238 esse
2078 2210 2250 2247 quiescentis
2271 2217 2314 2239 est
2333 2220 2395 2240 esse
2415 2211 2457 2239 rei
2481 2210 2612 2247 mobilis,

1552 2259 1585 2278 ac
1599 2250 1721 2286 proinde
1735 2257 1866 2287 tempore
1886 2257 2075 2278 mensuratur.
2092 2249 2251 2285 Quiescens
2265 2250 2351 2287 igitur
2364 2257 2407 2278 est
2421 2250 2451 2279 in
2465 2256 2612 2288 tempore3

1552 2299 1613 2317 non
1640 2296 1736 2318 autem
1760 2296 1792 2317 ut
1820 2289 1985 2326 quiescens,
2014 2290 2064 2317 sed
2085 2296 2257 2326 inquantum
2283 2289 2399 2318 mobile.
2419 2305 2439 2310 —
2465 2299 2508 2318 ιο.
2537 2290 2614 2325 Quia

1553 2338 1586 2357 ex
1613 2329 1752 2366 temporis
1781 2329 1994 2357 mensuratione
2021 2329 2223 2366 cognoscimus
2252 2336 2375 2366 quantus
2405 2329 2441 2358 sit
2461 2335 2558 2358 motus
2585 2334 2614 2358 et

1553 2375 1660 2405 quanta
1684 2369 1773 2405 quies,
1796 2378 1856 2396 non
1881 2371 1980 2396 'autem
2002 2375 2142 2405 quantum
2164 2368 2193 2396 id
2214 2370 2295 2406 quod
2316 2374 2463 2404 movetur3
2485 2369 2614 2406 sequitur

1552 2415 1666 2445 tempus
1683 2408 1799 2444 proprie
1820 2417 1881 2435 esse
1903 2417 2068 2436 mensuram
2089 2407 2150 2436 eius
2165 2409 2244 2444 quod
2263 2414 2395 2437 movetur
2414 2408 2460 2437 vel
2481 2407 2612 2445 quiescit,

1552 2448 1738 2476 solummodo
1761 2447 1927 2485 inquantum
1949 2453 1992 2475 est
2013 2453 2119 2475 motum
2135 2448 2183 2476 vel
2196 2447 2344 2485 quiescens
2351 2458 2361 2482 ;
2381 2454 2478 2476 motus
2493 2447 2611 2484 quidem

1552 2496 1603 2524 per
1624 2495 1662 2522 se,
1685 2486 1788 2524 quietis
1809 2496 1861 2523 per
1881 2486 2023 2515 accidens.
2039 2503 2059 2508 -
2083 2496 2127 2515 11.
2149 2488 2191 2515 Ex
2211 2486 2256 2515 his
2277 2487 2458 2516 concluditur
2477 2487 2557 2524 quod
2578 2496 2612 2516 ea

1553 2535 1626 2563 quae
1647 2535 1708 2554 non
1729 2533 1881 2555 moventur
1901 2535 1996 2563 neque
2023 2526 2182 2562 quiescunt,
2204 2533 2236 2554 ut
2263 2526 2438 2555 substantiae
2454 2533 2611 2563 separatae,

1553 2575 1614 2594 non
1634 2572 1701 2594 sunt
1721 2565 1751 2593 in
1771 2572 1910 2602 ternpore.
1925 2581 1944 2586 -
1964 2573 2006 2594 12.
2021 2567 2122 2602 Neque
2140 2566 2226 2594 etiam
2247 2566 2346 2597 omnia
2366 2575 2428 2594 non
2449 2565 2526 2594 entia
2545 2572 2613 2595 sunt

1552 2605 1583 2633 in
1603 2601 1742 2642 temp'ore.
1763 2606 1806 2633 Ea
1827 2605 1903 2632 enim
1926 2614 1999 2642 quae
2021 2614 2133 2642 semper
2146 2614 2207 2633 non
2229 2612 2303 2640 sunt,
2325 2612 2354 2634 et
2374 2614 2499 2642 quorum
2518 2615 2612 2643 oppo-

1552 2643 1605 2672 sita
1626 2654 1739 2681 semper
1760 2651 1840 2680 sunt,
1862 2654 1923 2672 non
1944 2651 2147 2673 mensurantur
2166 2646 2306 2682 tempore.

1551 2745 1805 2792 durationem,
1826 2753 1939 2793 prout
1957 2746 2099 2782 habent
2119 2757 2200 2782 esse
2228 2745 2534 2783 transmutabile:
2554 2758 2612 2783 se-

1552 2798 1720 2835 cundum
1749 2806 1878 2839 autem
1907 2798 1945 2834 id
1973 2798 2078 2847 quod
2106 2805 2210 2844 sunt,
2240 2810 2318 2834 non
2346 2806 2613 2836 mensurantur

1551 2859 1736 2899 ternpore,
1763 2852 1829 2888 sed
1849 2851 1969 2898 magis
1994 2851 2046 2887 eis
2066 2851 2270 2899 respondet
2292 2863 2392 2887 nunc
2417 2851 2611 2900 temporis,

1552 2911 1593 2940 ut
1612 2906 1726 2952 su'pra
1746 2906 1765 2923 ⁴⁵
1787 2904 1928 2940 dictum
1950 2911 2014 2940 est.
2039 2903 2137 2940 Dicit
2161 2915 2248 2951 ergo
2270 2904 2314 2924 *²⁸
2331 2903 2437 2952 quod
2461 2911 2611 2952 tempus

1554 2965 1608 2993 est
1636 2969 1816 2993 mensura
1839 2956 1955 3005 ipsius
1984 2964 2127 3004 motus,
2159 2963 2195 3001 et
2221 2956 2299 2993 eius
2330 2956 2431 3004 quod
2455 2961 2510 2992 est
2533 2967 2612 2994 mo·

1552 3009 1643 3054 veri,
1665 3021 1734 3057 per
1752 3009 1857 3057 quod
1883 3009 1946 3046 dat
1969 3008 2171 3056 intelligere
2200 3008 2439 3046 durationem
2469 3016 2607 3046 motus.

1554 3063 1750 3098 Mensurat
1782 3069 1908 3098 autem
1938 3069 2088 3110 tempus
2117 3069 2265 3098 motum
2293 3073 2362 3110 per
2388 3062 2478 3109 hoc,
2507 3061 2612 3111 quod

1553 3122 1727 3163 tempore
1754 3114 2024 3151 determinatur
2045 3115 2065 3135 ¹⁸
2083 3114 2207 3162 aliqua
2225 3126 2312 3163 pars
2340 3121 2484 3161 motus,
2513 3125 2612 3164 quae

1555 3174 1747 3203 mensurat
1773 3174 1907 3204 totum.
1944 3167 1991 3203 Et
2019 3167 2093 3203 hoc
2121 3167 2376 3203 necessarium
2412 3174 2486 3213 est;
2524 3166 2612 3216 quia

1553 3219 1857 3268 unumquodque
1886 3227 2124 3256 mensuratur
2150 3231 2219 3268 per
2246 3218 2386 3267 aliquid
2415 3218 2472 3256 sui
2499 3231 2610 3267 gene-

1555 3273 1619 3320 ris,
1652 3281 1692 3309 ut
1720 3272 1853 3310 dicitur
1886 3272 1922 3309 in
1953 3273 1987 3309 X
2015 3271 2310 3320 Metaphysicae.
2331 3272 2351 3293 *³
2370 3272 2418 3308 Et
2444 3272 2519 3309 hoc
2547 3283 2612 3321 ap-

1555 3333 1661 3374 paret
1693 3325 1731 3362 in
1758 3325 1945 3362 mensuris
1978 3324 2291 3372 magnitudinum.
2322 3324 2482 3362 Cubitus
2509 3324 2611 3362 enirn

1556 3385 1750 3415 mensurat
1776 3385 1895 3415 totam
1923 3377 2195 3426 longitudinem
2230 3376 2384 3414 alicuius
2409 3377 2524 3427 panni
2549 3377 2611 3414 vel

1556 3430 1712 3468 alicuius
1738 3430 1835 3478 viae,
1865 3443 1933 3480 per
1959 3431 2034 3467 hoc
2061 3430 2163 3479 quod
2193 3429 2416 3467 determinat
2447 3429 2610 3478 aliquam

1556 3490 1701 3533 partem
1737 3483 1832 3521 illius
1870 3483 2128 3531 longitudinis,
2159 3495 2256 3531 quae
2294 3482 2446 3519 metitur
2476 3489 2608 3519 totum.

1557 3538 1605 3574 Et
1637 3536 1805 3574 similiter
1833 3537 1852 3557 ²*
1881 3548 1949 3585 per
1976 3543 2123 3585 partem
2159 3543 2287 3573 motus
2323 3542 2472 3583 tempus
2504 3545 2609 3571 men-

1557 3597 1659 3626 surat
1677 3596 1799 3626 toturn
1816 3597 1978 3626 motum:
1997 3597 2065 3637 per
2078 3595 2228 3625 motum
2249 3586 2349 3624 enim
2364 3586 2474 3623 unius
2493 3586 2609 3623 horae

2639 411 2651 423 ⁴
2665 410 2731 433 Text.
2747 417 2788 440 119.

2638 717 2650 728 ⁸
2664 716 2731 738 Text.
2747 722 2792 739 120.

2637 2911 2824 2967 λιῗὶιᾳῆιῖᾝᾶ.
2833 2942 2859 2961 ι·

2638 2970 2661 2987 G·
2856 2973 2869 2983 ’Ἃ

2638 3122 2650 3133 ⁸
2668 3122 2818 3144 menno-eutr
2835 3126 2869 3144 1-

2638 3147 2691 3170 tah.
2852 3154 2866 3170 1⁷

2637 3283 2649 3295 ·
2663 3282 2688 3305 S.
2701 3282 2747 3305 Τιι.
2756 3282 2812 3305 teet.
2821 3286 2861 3313 uf

2638 3308 2744 3363 {hij-lib·
2753 3308 2794 3337 IX,
2803 3313 2849 3337 cd,
2863 3342 2869 3357 h:

2637 3570 2696 3618 :lbi-lc
2710 3577 2782 3600 nepa
2796 3574 2818 3593 et
2859 3577 2862 3578 ⁷
