2898 3996
215 636 226 646 ¹*
241 635 309 656 Num.
327 641 375 662 seq.

215 792 226 802 ⁸
240 791 271 812 sit
282 797 421 812 DEFGHNORZ.

210 1428 218 1436 ·
242 1425 327 1453 aliquis
350 1425 417 1447 codd.

246 1458 270 1473 α.

207 2109 217 2117 ’
225 2107 322 2128 etmotis
332 2113 355 2132 Μ,
367 2112 416 2127 mo-

207 2134 238 2154 tis
253 2137 295 2154 cet.
313 2139 354 2153 exc

208 2165 391 2183 LOSTz-rCFGuQY.

208 2187 217 2195 ·
233 2188 256 2206 et
269 2191 316 2206 om.
327 2191 417 2215 neroum

676 418 677 422 ’
686 441 699 465 4
714 429 790 453 non
820 423 874 451 est
893 415 1102 460 continuus,
1124 414 1184 451 hic
1213 416 1375 452 ostendit
1402 417 1505 454 idem

517 495 539 501 »γ
695 489 696 492 =
714 468 919 505 rationibus
940 467 1209 503 communibus
1234 476 1270 504 et
1296 468 1436 516 logicis.
1458 470 1507 506 Et

454 523 548 559 circa
575 523 649 558 hoc
678 522 752 558 duo
782 519 882 556 facit:
912 519 1035 567 primo
1066 519 1153 556 dicit
1182 519 1228 556 de
1263 532 1339 568 quo
1369 528 1425 558 est
1451 521 1505 558 in-

452 575 582 619 tenti0;
617 573 784 610 secundo
818 572 954 620 probat
988 572 1252 620 propositum,
1286 572 1354 609 ibi:
1389 573 1507 610 Omne

452 628 548 664 enim
577 627 676 674 quod
698 630 866 662 movetur
886 625 905 645 ³²
925 631 992 660 etc.
1018 624 1117 660 Dicit
1137 636 1224 672 ergo
1243 625 1380 673 primo,
1402 626 1506 674 quod

452 681 482 717 si
501 679 633 727 aliquis
651 678 742 716 velit
761 677 1038 722 rationabiliter,
1051 676 1147 713 idest
1164 677 1296 724 logice,
1312 677 1504 715 intendere

451 732 499 769 ad
526 731 763 780 propositum
784 729 1072 775 ostendendum,
1093 729 1282 766 videbitur
1305 731 1380 766 hoc
1404 730 1505 767 idem

451 785 567 832 sequi,
589 783 726 820 scilicet
745 782 849 831 quod
869 789 995 818 motus
1024 781 1186 818 reflexus
1210 795 1289 819 non
1310 790 1364 818 est
1381 784 1399 803 ²³³
1417 795 1504 819 con-

450 837 585 882 tinuus,
608 849 652 872 ex
681 835 885 872 rationibus
913 846 1010 882 quae
1039 842 1238 882 ponentur.

504 901 538 926 2.
559 889 705 926 Deinde
735 899 821 923 cum
851 886 957 923 dicit:
992 886 1109 923 Omne
1128 887 1226 923 enim
1255 887 1355 935 quod
1381 899 1504 923 move-

449 948 509 978 tur
536 950 630 988 etc.,
665 940 825 977 ostendit
856 938 1114 988 propositum:
1154 947 1191 980 et
1219 939 1343 987 primo
1381 939 1505 976 solum

448 995 486 1031 in
515 1002 620 1031 motu
654 993 794 1030 reflexo
827 992 957 1038 locali;
991 991 1157 1028 secundo
1188 992 1439 1028 communiter
1466 992 1504 1029 in

449 1047 625 1083 omnibus
650 1045 827 1092 motibus,
848 1044 916 1080 ibi:
948 1044 1120 1092 Amplius
1147 1050 1183 1080 et
1207 1056 1257 1080 ex
1274 1045 1330 1081 his
1349 1045 1504 1093 manife-

447 1106 542 1136 stum
555 1101 573 1120 ³¹³
586 1107 652 1135 etc.
670 1097 794 1134 Prima
809 1097 901 1133 ratio
922 1096 1004 1133 talis
1020 1105 1085 1134 est.
1108 1097 1236 1133 Omne
1252 1098 1355 1145 quod
1370 1109 1503 1134 move-

447 1160 506 1189 tur
525 1151 711 1196 continue,
732 1162 754 1186 a
773 1149 955 1198 principio
982 1149 1039 1186 sui
1058 1157 1185 1192 motus
1204 1149 1392 1186 serebatur
1411 1149 1506 1186 sicut

446 1205 484 1242 in
512 1205 628 1241 finem
662 1203 710 1239 ad
742 1203 816 1239 hoc
842 1201 892 1238 ad
919 1202 1023 1250 quod
1050 1202 1267 1250 pervenite
1293 1202 1504 1245 secundum

446 1257 518 1294 loci
533 1256 792 1302 mutationem,
809 1254 878 1291 nisi
896 1254 1006 1291 fuerit
1019 1254 1159 1302 aliquid
1173 1254 1377 1302 prohibens
1402 1254 1505 1302 (quia

447 1323 468 1347 a
494 1310 719 1358 prohibente
747 1306 928 1356 potuisset
955 1307 993 1343 in
1012 1307 1124 1343 aliam
1151 1314 1298 1355 partem
1328 1307 1503 1352 deflecti).

446 1362 707 1410 Exemplificat
736 1367 862 1396 autem
895 1361 992 1396 hanc
1024 1359 1345 1408 propositionem,
1375 1359 1503 1396 dicens

447 1415 549 1465 quod
575 1414 604 1451 si
625 1413 763 1461 aliquid
779 1415 797 1431 ἦ·
813 1424 881 1461 per
900 1419 1047 1448 motum
1067 1413 1228 1448 localem
1253 1412 1426 1460 pervenit
1454 1412 1503 1449 ad

445 1470 487 1515 B,
503 1480 581 1505 non
600 1467 723 1503 solum
744 1464 897 1514 quando
915 1464 1173 1513 propinquum
1194 1472 1283 1511 erat,
1295 1464 1362 1501 sed
1378 1464 1501 1501 statim

446 1521 597 1570 quando
618 1518 754 1567 incepit
782 1517 944 1563 moveri,
962 1517 1189 1554 movebatur
1208 1517 1256 1553 ad
1275 1518 1323 1553 B:
1349 1529 1427 1553 non
1449 1525 1503 1554 est

446 1574 546 1610 enim
575 1572 697 1620 aliqua
726 1571 818 1607 ratio
861 1581 976 1618 quare
1010 1569 1128 1617 magis
1166 1577 1366 1606 moveatur
1394 1570 1442 1606 ad
1470 1571 1500 1606 B

444 1639 544 1663 nunc
569 1637 683 1674 quam
711 1623 825 1672 prius.
855 1623 903 1659 Et
931 1622 1050 1659 simile
1071 1630 1125 1658 est
1153 1622 1191 1658 in
1214 1621 1293 1658 aliis
1322 1622 1499 1659 motibus.

446 1679 485 1716 Si
501 1686 626 1715 autem
647 1677 696 1712 ita
715 1676 760 1712 sit
778 1675 883 1724 quod
902 1683 1028 1711 motus
1048 1675 1209 1711 reflexus
1225 1674 1270 1711 sit
1290 1674 1499 1722 continuus,

443 1743 579 1768 verum
609 1729 676 1766 erit
703 1728 826 1765 dicere
855 1728 959 1775 quod
987 1727 1025 1764 id
1053 1727 1158 1775 quod
1186 1734 1363 1763 movetur
1390 1728 1437 1764 ab
1466 1730 1500 1763 A

445 1784 484 1820 in
513 1784 556 1829 C,
578 1791 613 1819 et
640 1782 775 1818 iterum
803 1780 1002 1817 reflectitur
1029 1780 1068 1816 in
1095 1782 1141 1826 A,
1163 1780 1339 1816 continue
1367 1792 1499 1816 move-

444 1844 514 1872 tur.
536 1837 636 1882 Ergo
665 1834 702 1870 in
725 1833 848 1882 prima
875 1840 980 1881 parte
1010 1840 1136 1868 motus
1160 1832 1223 1880 qui
1252 1839 1306 1868 est
1333 1833 1381 1868 ab
1410 1834 1443 1868 A
1463 1831 1500 1868 in

446 1889 492 1935 C,
513 1888 739 1924 movebatur
759 1885 807 1922 ad
834 1885 1037 1921 terminum
1057 1885 1209 1921 ultimae
1230 1884 1342 1933 partis
1363 1884 1426 1933 qui
1447 1892 1500 1921 est

445 1943 499 1986 A,
529 1948 564 1976 et
592 1940 643 1976 sic
679 1939 771 1975 dum
803 1945 982 1974 movetur
1010 1938 1056 1974 ab
1085 1939 1140 1983 A,
1171 1945 1348 1973 movetur
1377 1935 1425 1973 ad
1453 1939 1498 1973 A.

446 1993 620 2041 Sequitur
657 2004 745 2038 ergo
782 1991 886 2039 quod
923 1990 1034 2026 simul
1071 1997 1271 2026 moveatur
1308 1989 1500 2026 contrariis

445 2045 626 2082 motibus:
652 2045 740 2092 quia
767 2043 806 2079 in
833 2042 998 2079 motibus
1027 2042 1135 2078 rectis
1156 2043 1174 2062 ⁵*
1191 2042 1418 2078 contrarium
1447 2049 1502 2078 est

445 2097 592 2134 moveri
611 2097 657 2132 ab
678 2096 815 2133 eodem
837 2103 872 2131 et
890 2095 910 2116 ’³
924 2095 961 2132 in
981 2095 1101 2140 idem3
1131 2094 1166 2130 in
1188 2094 1353 2131 motibus
1373 2102 1499 2130 autem

446 2149 685 2187 circularibus
717 2161 794 2185 non
824 2155 877 2184 est
911 2147 1149 2183 contrarium.
1178 2148 1262 2183 Hoc
1291 2155 1416 2182 autem
1447 2154 1514 2182 est

445 2201 687 2251 impossibile,
704 2201 808 2249 quod
829 2200 967 2248 aliquid
996 2200 1107 2236 simul
1128 2207 1329 2236 moveatur
1354 2207 1499 2235 contra-

446 2256 506 2292 riis
535 2254 717 2291 motibus:
749 2265 836 2300 ergo
875 2252 1107 2301 impossibile
1146 2259 1200 2288 est
1232 2252 1337 2300 quod
1373 2260 1498 2288 motus

446 2309 606 2345 reflexus
635 2307 679 2342 sit
708 2306 918 2342 continuus.

501 2361 533 2397 3.
555 2359 700 2396 Deinde
718 2370 804 2394 cum
822 2357 924 2394 dicit:
945 2356 1065 2393 Simul
1082 2362 1205 2393 autem
1221 2362 1256 2392 et
1269 2368 1318 2392 ex
1330 2358 1400 2393 hoc
1415 2365 1497 2402 etc.,

446 2425 490 2449 ex
519 2413 655 2448 eodem
676 2411 803 2447 medio
833 2410 933 2447 ducit
953 2409 1000 2446 ad
1029 2409 1129 2445 aliud
1154 2409 1436 2446 inconveniens.
1460 2410 1497 2445 Si

447 2465 546 2502 enim
567 2463 716 2512 aliquid,
739 2463 830 2500 dum
855 2469 1031 2498 movetur
1050 2462 1097 2498 ab
1118 2464 1162 2508 A,
1183 2469 1360 2498 movetur
1384 2462 1433 2498 ad
1452 2465 1498 2507 A;

445 2530 522 2554 non
550 2525 676 2553 autem
714 2523 836 2564 potest
864 2515 1011 2551 moveri
1049 2514 1096 2550 ad
1124 2516 1157 2550 A
1192 2514 1260 2550 nisi
1290 2527 1334 2550 ex
1373 2515 1498 2563 aliquo

445 2570 709 2618 contraposito,
731 2568 834 2616 quod
859 2568 903 2604 sit
931 2568 974 2614 C,
996 2567 1033 2603 in
1053 2580 1129 2615 quo
1158 2567 1298 2603 mobile
1326 2569 1497 2604 nondum

445 2623 511 2659 fuit
539 2634 624 2659 cum
645 2621 770 2669 incipit
797 2620 945 2657 moveri
964 2621 1011 2656 ab
1040 2621 1091 2655 A:
1122 2619 1289 2667 sequitur
1312 2621 1416 2667 quod
1437 2620 1499 2656 ali-

445 2675 533 2723 quid
571 2682 746 2711 movetur
775 2686 819 2709 ex
848 2674 909 2709 illo
948 2672 1109 2709 termino
1147 2672 1183 2708 in
1213 2684 1289 2720 quo
1318 2684 1395 2708 non
1425 2681 1498 2717 est;

445 2728 549 2776 quod
578 2735 632 2763 est
660 2726 904 2774 impossibile.
943 2726 1035 2761 Non
1069 2724 1169 2760 enim
1203 2732 1326 2772 potest
1359 2725 1499 2773 aliquid

446 2780 620 2816 recedere
650 2792 671 2815 a
700 2780 783 2815 loco
813 2779 850 2814 in
878 2790 955 2826 quo
984 2789 1061 2813 non
1091 2784 1146 2812 est
1168 2774 1195 2812 β.
1225 2776 1286 2812 Sic
1315 2789 1403 2824 ergo
1431 2778 1499 2814 im-

445 2832 622 2881 possibile
656 2839 710 2867 est
737 2831 841 2879 quod
875 2837 1000 2866 motus
1029 2829 1188 2866 reflexus
1218 2829 1260 2864 sit
1290 2830 1498 2867 continuus.

446 2886 494 2921 Et
521 2884 550 2920 si
578 2885 651 2920 hoc
685 2892 739 2919 est
771 2882 1020 2931 impossibile,
1056 2893 1209 2917 necesse
1245 2889 1299 2918 est
1332 2883 1435 2930 quod
1463 2883 1500 2920 in

445 2945 585 2985 puncto
607 2936 818 2972 reflexionis
847 2934 986 2971 mobile
1016 2933 1200 2982 quiescat,
1228 2933 1365 2970 scilicet
1392 2936 1430 2971 in
1456 2935 1498 2972 C.

447 2990 503 3025 Ex
532 3001 607 3037 quo
641 2995 742 3035 patet
775 2987 879 3035 quod
914 2999 991 3023 non
1024 2994 1077 3022 est
1109 2998 1207 3021 unus
1240 2994 1382 3031 motus;
1413 2988 1501 3035 quia

446 3049 572 3078 motus
592 3040 654 3088 qui
676 3040 906 3087 distinguitur
926 3051 993 3088 per
1012 3037 1334 3087 interpositionem
1354 3039 1498 3087 quietis,

447 3106 523 3130 non
553 3101 606 3129 est
634 3105 743 3129 unus.

499 3158 535 3192 4.
557 3145 703 3182 Deinde
734 3157 819 3181 cum
850 3143 952 3180 dicit:
979 3142 1151 3191 Amplius
1189 3148 1222 3178 et
1250 3155 1298 3179 ex
1325 3143 1380 3179 his
1409 3151 1499 3191 etc.,

446 3200 581 3247 probat
609 3197 708 3234 idem
738 3196 982 3234 universalius
1002 3195 1039 3232 in
1069 3195 1235 3244 quolibet
1253 3207 1390 3242 genere
1420 3209 1501 3233 mo-

447 3259 526 3297 tus,
555 3251 672 3287 tribus
711 3250 927 3286 rationibus.
959 3249 1131 3295 Quarum
1169 3248 1291 3296 prima
1319 3248 1399 3284 talis
1435 3257 1499 3285 est.

449 3304 575 3339 Omne
599 3303 701 3352 quod
731 3309 917 3349 movetur,
938 3308 1115 3337 movetur
1139 3301 1262 3348 aliqua
1291 3301 1500 3349 specierum

502 3442 528 3469 a)
541 3438 681 3471 serebatur
698 3437 764 3462 sicut
787 3437 811 3461 in
831 3437 914 3469 finem
934 3437 970 3461 ad
988 3437 1035 3462 hoc
1053 3437 1090 3461 ad
1108 3436 1178 3469 quod
1194 3436 1350 3468 pervenie.—-
1359 3436 1499 3469 serebatur

450 3473 474 3497 in
488 3472 570 3504 finem
591 3473 626 3496 ad
645 3480 717 3504 quem
736 3472 854 3503 pervenit
874 3472 946 3499 PTb,·
968 3472 1034 3496 sicut
1053 3479 1104 3496 om.
1125 3470 1380 3500 AiJfflKMvavas
1400 3479 1445 3503 pro
1462 3472 1498 3504 fi-

451 3514 516 3535 nem,
529 3508 585 3539 fine
604 3507 706 3535 FNRZ:
725 3507 760 3531 ad
778 3507 848 3538 quod
866 3504 918 3530 om'.
938 3507 966 3530 E.

504 3541 528 3573 β)
548 3542 617 3573 quod
635 3546 673 3566 est
687 3542 873 3572 impossibile...
889 3549 939 3565 non
954 3545 1027 3566 σει-
1042 3542 1096 3565 IIoc
1116 3541 1316 3569 homoteleuton,
1337 3541 1406 3572 quod
1425 3541 1499 3566 omit-

1059 233 1402 271 PHYSICORUM
1429 234 1777 271 ARISTOTELIS
1807 235 1902 271 LIB.
1932 235 2018 271 VIII

1561 315 1687 345 motus
1697 321 1811 357 supra
1822 309 1842 330 *
1854 309 2143 357 assignatarum:
2161 319 2196 348 et
2209 312 2377 352 similiter
2386 326 2502 352 omne
2517 315 2621 364 qu‘od
2650 321 2753 350 vav,
2763 323 2815 346 ¹ect·
2825 329 2857 348 ιι·
2867 309 2868 312 ¹

1561 361 1717 408 quiescit
1736 369 1885 409 oportet
1900 362 2004 410 quod
2018 363 2185 412 quiescat
2199 365 2321 413 aliqua
2341 367 2510 415 quietum
2521 368 2542 389 ’¹‘
2551 380 2621 416 op·
2648 376 2657 385 ²
2671 375 2748 404 4⁸1²oe
2760 382 2782 398 v·

1559 413 1769 462 positarum
1797 415 1995 462 praedictis
2015 416 2192 453 motibus.
2215 417 2422 456 Ostensum
2442 427 2497 456 est
2516 420 2619 457 enim

1561 478 1675 514 supra
1693 466 1732 503 in
1751 467 1883 515 quinto
1900 469 1931 514 ⁴⁵,
1952 468 2058 515 quod
2076 481 2155 505 non
2173 477 2297 518 potest
2321 483 2403 508 esse
2426 471 2518 508 alius
2536 484 2620 509 mo-

1561 526 1620 555 tus
1646 526 1796 567 praeter
1824 518 2040 566 assignatos.
2068 522 2309 570 Accipiamus
2337 535 2426 571 ergo
2455 523 2619 572 aliquem

1562 578 1710 607 motum
1740 571 1955 608 distinctum
1972 573 1991 593 ³*
2007 573 2054 609 ab
2083 573 2162 610 aliis
2190 574 2357 612 motibus
2383 576 2458 612 hoc
2485 576 2617 623 modo,

1562 623 1666 671 quod
1694 623 1739 660 sit
1768 623 1944 661 differens
1973 625 2096 674 specie
2124 627 2172 663 ab
2201 627 2292 674 aliis,
2313 627 2407 664 sieut
2431 628 2617 665 dealbatio

1562 675 1685 712 differt
1713 686 1735 712 a
1763 676 2035 724 denigratione;
2065 691 2144 715 non
2171 686 2299 716 autem
2323 679 2376 716 sic
2403 680 2509 729 quod
2535 693 2618 718 rno-

1560 735 1620 763 tus
1649 727 1713 776 qui
1750 729 1928 777 accipitur
1955 730 2200 778 distinguatur
2237 732 2284 769 ab
2314 731 2393 769 aliis
2420 732 2515 769 sicut
2541 745 2618 770 una

1559 791 1648 827 pars
1676 788 1802 817 motus
1831 782 1878 817 ab
1907 783 1987 820 aliis
2013 783 2182 832 partibus
2211 784 2381 821 eiusdem
2410 782 2561 832 motus,'
2577 793 2619 822 ut

1562 843 1637 868 una
1662 844 1750 881 pars
1779 833 2023 872 dealbationis
2061 836 2295 884 distinguitur
2322 838 2369 874 ab
2399 837 2478 874 aliis
2505 837 2617 886 parti-

1561 884 1631 921 bus
1661 885 1907 922 dealbationis
1936 887 2116 926 eiusdem.
2137 891 2305 938 Accepto
2330 901 2419 938 ergo
2447 901 2526 927 uno
2555 889 2617 927 tali

1560 944 1668 973 motu
1702 937 1796 974 sicut
1829 939 1971 976 dictum
2000 948 2071 988 est,
2104 953 2241 978 verum
2277 949 2332 979 est
2360 941 2483 980 dicere
2509 938 2617 990 quod

1559 989 1648 1026 illud
1684 990 1787 1038 quod
1813 1003 1892 1028 non
1924 1004 2076 1041 semper
2109 1001 2285 1030 movetur
2311 995 2386 1031 hoc
2413 1001 2542 1042 motu,
2572 1006 2617 1031 ex

1560 1043 1780 1080 necessitate
1806 1044 1911 1092 prius
1931 1045 2147 1093 quiescebat
2166 1046 2340 1094 opposita
2358 1046 2618 1095 quiete:'sicut

1560 1096 1664 1143 quod
1692 1107 1770 1132 non
1798 1107 1948 1144 semper
1976 1097 2190 1144 dealbatur,
2218 1097 2420 1147 aliquando
2449 1098 2616 1147 quiesce-

1560 1148 1624 1184 bat
1642 1147 1767 1196 quiete
1787 1148 1962 1196 opposita
1981 1149 2220 1186 dealbationi.
2242 1149 2349 1187 Sed*
2364 1151 2459 1188 haec
2476 1163 2616 1200 propo-

1560 1199 1643 1236 sitio
1658 1211 1738 1236 non
1753 1207 1850 1237 esset
1862 1212 1966 1249 vera,
1979 1201 2010 1238 si
2025 1202 2150 1250 aliqua
2162 1213 2250 1250 pars
2271 1202 2518 1240 determinata
2532 1215 2615 1241 mo—

1558 1259 1618 1288 tus
1633 1253 1880 1301 acciperetur:
1896 1265 1975 1290 non
2000 1253 2101 1290 enirn
2127 1262 2182 1291 est
2200 1267 2355 1292 necesse
2377 1262 2419 1292 ut
2432 1255 2617 1304 id*quod

1559 1316 1638 1341 non
1665 1317 1816 1353 semper
1852 1307 2080 1343 movebatur
2107 1307 2179 1343 hac
2214 1315 2321 1356 parte
2349 1307 2614 1356 dealbationis,

1558 1357 1662 1405 quod
1682 1365 1792 1394 antea
1811 1356 2019 1406 quiesceret
2041 1358 2166 1407 quiete
2192 1359 2383 1409 opposita3
2403 1359 2492 1409 quia
2506 1368 2617 1398 antea

1558 1409 1671 1446 etiam
1691 1410 1937 1448 dealbabatur
1957 1412 2029 1448 alia
2055 1419 2160 1460 parte
2184 1412 2441 1450 dealbationis.
2463 1413 2513 1450 Et
2528 1420 2616 1462 pro·
2648 1443 2650 1446 ,

1555 1470 1639 1511 pter
1666 1463 1740 1499 hoc
1769 1462 1957 1510 signanter
1991 1463 2099 1501 dixit:
2126 1469 2161 1500 et
2191 1476 2266 1502 non
2301 1465 2335 1501 si
2373 1465 2500 1513 aliqua
2523 1476 2616 1513 pars

1556 1521 1611 1552 est
1635 1516 1754 1551 totiuS.
1777 1516 1886 1552 Hanc
1913 1524 2039 1554 autern
2057 1517 2358 1565 propositionem
2386 1517 2440 1554 sic
2465 1518 2613 1566 probat.

1556 1569 1733 1604 Duorum
1750 1569 1769 1589 ’³
1783 1568 1968 1617 privative
1985 1569 2247 1618 oppositorum
2267 1582 2422 1607 necesse
2437 1577 2503 1618 est,
2525 1581 2615 1607 cum
2642 1578 2651 1587 ‘

1555 1633 1676 1657 unum
1694 1633 1772 1657 non
1791 1621 1903 1668 inest,
1924 1622 2083 1659 alterum
2101 1622 2222 1659 inesse
2243 1622 2487 1671 susceptibili:
2507 1622 2615 1671 quies

1556 1680 1682 1709 autem
1712 1673 1916 1722 opponitur
1934 1675 2055 1711 motui
2072 1674 2275 1724 privative:
2306 1687 2395 1723 ergo
2415 1674 2445 1712 si
2472 1675 2615 1713 mobile

1556 1733 1634 1762 erat
1661 1725 1814 1773 quando
1834 1726 1904 1762 sibi
1923 1736 2050 1770 motus
2078 1739 2158 1763 non
2177 1727 2306 1774 inerat,
2328 1739 2372 1764 ex
2395 1726 2614 1765 necessitate

1555 1778 1721 1826 sequitur
1749 1778 1854 1826 quod
1881 1786 1970 1816 tunc
1998 1779 2104 1828 quies
2134 1779 2204 1816 sibi
2231 1781 2379 1817 inesset.
2414 1780 2497 1817 Hac
2525 1781 2625 1828 ergo·
2656 1784 2658 1786 ’

1552 1830 1810 1879 propositione
1824 1832 1995 1879 probata,
2007 1844 2052 1868 ex
2062 1831 2207 1868 ratione
2226 1845 2339 1881 supra
2350 1835 2368 1852 ⁴⁵
2378 1833 2502 1880 posita
2511 1844 2615 1870 assu-

1554 1883 1621 1919 mit
1636 1884 1655 1903 *
1671 1883 1871 1931 minorem,
1894 1885 2021 1922 dicens
2041 1884 2143 1932 quod
2163 1884 2194 1921 si
2208 1893 2335 1921 motus
2355 1884 2443 1921 recti
2469 1892 2614 1922 contra-

1555 1935 1597 1972 rii
1616 1942 1703 1972 sunt
1722 1935 1786 1984 qui
1816 1943 1871 1972 est
1889 1938 1936 1974 ab
1965 1939 2000 1973 A
2028 1937 2078 1973 ad
2097 1937 2140 1983 C,
2162 1944 2197 1973 et
2216 1937 2279 1986 qui
2309 1945 2363 1974 est
2386 1949 2409 1974 a
2437 1937 2468 1974 C
2489 1937 2538 1974 ad
2555 1936 2612 1982 A;

1555 1996 1590 2024 et
1626 2001 1704 2025 non
1742 1988 1919 2037 contingit
1956 1989 2067 2026 simul
2105 2001 2185 2026 esse
2222 1997 2347 2026 motus
2385 1988 2612 2026 contrarios:

1554 2041 1794 2077 manifestum
1831 2050 1884 2079 est
1911 2041 2016 2090 quod
2051 2041 2204 2090 quando
2238 2042 2466 2079 movebatur
2501 2043 2550 2080 ab
2577 2043 2613 2079 A

1554 2093 1602 2129 ad
1631 2094 1675 2140 C,
1696 2093 1774 2129 non
1802 2095 2030 2132 movebatur
2047 2102 2137 2131 tunc
2156 2106 2178 2130 a
2197 2094 2228 2130 C
2248 2095 2297 2132 ad
2324 2096 2379 2141 A;
2409 2102 2444 2131 et
2471 2094 2524 2131 sic
2541 2093 2620 2140 isto

1554 2153 1661 2182 motu
1681 2145 1744 2193 qui
1774 2153 1827 2182 est
1847 2157 1869 2181 a
1895 2147 1924 2182 C
1955 2146 2003 2183 ad
2031 2148 2065 2182 A
2093 2159 2171 2183 non
2194 2159 2347 2196 semper
2373 2146 2613 2184 movebatur.

1554 2197 1663 2235 Unde
1693 2198 1904 2235 secundum
1925 2197 2234 2248 propositionem
2261 2199 2522 2248 praemissam,
2547 2211 2612 2236 ne-

1554 2263 1658 2287 cesse
1681 2257 1735 2286 est
1754 2251 1858 2299 quod
1878 2251 2017 2288 mobile
2044 2252 2150 2300 prius
2170 2251 2378 2300 quiesceret
2400 2252 2525 2300 quiete
2544 2264 2612 2302 op-

1552 2305 1686 2352 posita.
1709 2303 1916 2345 Ostensum
1937 2312 1992 2340 est
2009 2312 2138 2341 autem
2157 2305 2194 2341 in
2213 2304 2343 2352 quinto
2361 2305 2392 2350 ²⁸,
2408 2304 2514 2354 quod
2529 2316 2622 2342 mo··

1553 2356 1606 2392 tui
1633 2355 1696 2404 qui
1716 2363 1771 2392 est
1799 2369 1821 2392 a
1850 2357 1901 2403 C,
1932 2357 2137 2405 opponitur
2165 2357 2270 2405 quies
2299 2369 2396 2405 quae
2421 2365 2476 2394 est
2494 2357 2532 2394 in
2560 2357 2610 2394 C:

1554 2421 1642 2456 ergo
1671 2409 1888 2458 quiescebat
1916 2409 1954 2445 in
1983 2410 2026 2446 C.
2048 2410 2139 2446 Non
2168 2421 2256 2456 ergo
2285 2417 2411 2446 motus
2449 2410 2612 2460 reflexus

1555 2469 1632 2498 erat
1659 2473 1757 2497 unus
1786 2469 1822 2497 et
1851 2462 2061 2509 continuus,
2083 2473 2170 2498 cum
2200 2461 2444 2510 distinguatur
2461 2474 2531 2510 per
2557 2461 2611 2499 in-

1553 2513 1839 2562 terpositionem
1868 2514 2011 2562 quietis.

1611 2568 1642 2603 5.
1666 2567 1881 2604 Secundam
1911 2567 2096 2603 rationem
2124 2565 2230 2614 ponit
2257 2566 2325 2602 ibi:
2354 2566 2526 2614 Amplius
2544 2578 2618 2604 ‹zu-⁴

1554 2625 1625 2655 tem
1653 2624 1690 2655 et
1710 2620 1803 2656 haec
1826 2620 1920 2655 ratio
1941 2627 2029 2656 etc.:
2059 2631 2156 2667 quae
2170 2621 2175 2625 ’
2189 2618 2269 2655 talis
2293 2626 2358 2655 est.
2389 2618 2510 2655 Simul
2530 2631 2611 2656 cor—

1555 2671 1740 2719 rumpitur
1777 2684 1854 2708 non
1892 2673 2020 2708 album
2055 2679 2091 2707 et
2118 2679 2315 2718 generatur
2348 2671 2496 2708 album:
2527 2679 2562 2708 et
2590 2683 2610 2708 e

1556 2725 1742 2761 contrario
1772 2725 1883 2761 simul
1912 2724 2164 2772 corrumpitur
2192 2725 2321 2760 album
2354 2731 2390 2760 et
2417 2724 2460 2760 fit
2486 2724 2506 2744 *
2533 2735 2612 2760 non

1555 2778 1695 2814 album.
1718 2777 1794 2813 Sed
1823 2777 1853 2813 si
1873 2784 1998 2814 motus
2027 2777 2188 2814 reflexus
2216 2776 2255 2813 in
2279 2777 2447 2825 quolibet
2474 2788 2611 2824 genere

1555 2830 1600 2866 sit
1629 2830 1845 2876 continuus,
1885 2837 2060 2878 sequetur
2092 2829 2196 2877 quod
2231 2829 2406 2866 continue
2444 2828 2610 2865 'alteratio

1554 2882 1774 2919 terminetur
1802 2882 1850 2919 ad
1884 2883 2034 2928 album,
2070 2889 2106 2918 et
2142 2881 2294 2930 incipiat
2322 2892 2366 2918 ex
2394 2881 2480 2923 albo
2509 2891 2611 2918 rece-

1555 2935 1656 2980 dere,
1687 2942 1723 2971 et
1750 2935 1855 2982 quod
1884 2947 1961 2971 non
1989 2933 2156 2983 quiescet
2187 2933 2237 2970 ibi
2264 2933 2390 2982 aliquo
2419 2941 2609 2981 tempore:

1555 2987 1721 3036 alioquin
1749 2999 1826 3023 non
1856 2995 1952 3023 esset
1980 2986 2156 3023 continua
2180 2985 2359 3032 alteratio,
2389 2985 2419 3021 si
2447 2985 2610 3034 interpo-

1555 3048 1706 3076 neretur
1733 3039 1850 3088 quies.
1882 3039 1958 3076 Sed
1986 3039 2080 3075 sicut
2108 3038 2249 3076 dictum
2278 3045 2343 3084 est,
2374 3050 2462 3074 cum
2490 3038 2532 3075 fit
2559 3037 2610 3075 al-

1555 3093 1660 3138 bum,
1682 3091 1932 3140 corrumpitur
1959 3103 2037 3128 non
2065 3092 2216 3135 album;
2246 3098 2282 3127 et
2310 3102 2398 3127 cum
2426 3089 2611 3128 receditur

1555 3145 1602 3180 ab
1631 3145 1738 3190 albo,
1773 3145 1814 3180 fit
1846 3156 1924 3180 non
1956 3144 2084 3180 album
2113 3149 2137 3180 ⁷.
2169 3143 2355 3191 Sequetur
2388 3155 2477 3190 ergo
2506 3142 2611 3191 quod

1555 3197 1664 3233 simul
1686 3205 1949 3245 corrumpatur
1967 3208 2044 3233 non
2069 3196 2209 3242 album,
2231 3203 2266 3232 et
2283 3195 2348 3235 fiat
2366 3207 2444 3232 non
2464 3195 2608 3232 album:

1556 3249 1643 3297 quia
1663 3249 1731 3286 ista
1758 3249 1826 3286 tria
1845 3256 1931 3286 sunt
1953 3248 1991 3286 in
2011 3248 2148 3286 eodem
2166 3255 2351 3296 tempore,
2373 3247 2510 3284 scilicet
2527 3246 2609 3284 fieri

1555 3303 1700 3348 album,
1731 3309 1766 3338 et
1795 3301 1985 3350 corrumpi
2013 3313 2090 3338 non
2119 3301 2246 3337 album
2263 3330 2272 3348 ,
2303 3308 2338 3337 et
2365 3300 2500 3337 iterum
2528 3299 2610 3336 fieri

1552 3442 1607 3461 tunt
1627 3437 1936 3467 PABCIKMQTVXYab,
1953 3437 2110 3461 restituimus
2129 3444 2159 3461 ex
2178 3436 2268 3461 ceteris
2288 3435 2430 3466 codicibus;
2449 3442 2496 3468 pro
2513 3442 2530 3460 a
2545 3434 2608 3463 1000,

1554 3473 1586 3497 de
1605 3473 1660 3497 Ioco
1679 3472 1773 3496 habent
1793 3472 1846 3497 EG.

1607 3509 1633 3540 γ)
1653 3510 1678 3532 et
1696 3514 1753 3532 cum
1773 3507 1905 3532 receditur
1923 3507 1956 3531 ab
1974 3507 2042 3535 albo,
2054 3506 2090 3539 fit
2109 3513 2159 3531 non
2179 3506 2275 3531 album.
2290 3518 2308 3524 —
2322 3506 2378 3530 Hoc
2396 3505 2488 3530 iterum
2507 3504 2606 3528 homot-

1554 3549 1607 3566 om.
1627 3541 1888 3572 PAC1KMQTVXY;
1908 3549 1956 3573 pro
1973 3541 2007 3566 ab
2025 3541 2092 3570 albo,
2112 3541 2145 3566 de
2163 3541 2222 3566 albo
2241 3540 2316 3565 BDF.

2622 489 2625 492 ·
2647 481 2656 489 ·
2670 479 2733 501 Lect.
2747 485 2780 502 ιιι.

2645 581 2857 631 affirma*

2644 1160 2763 1183 'aeram

2643 1262 2653 1272 ·
2667 1261 2694 1283 Μ
2706 1266 2755 1284 om.
2768 1261 2806 1284 rb.

2642 1841 2652 1859 ἵ
2665 1839 2737 1862 Num.
2745 1846 2766 1862 2.

2642 1895 2651 1903 ·
2666 1893 2738 1914 sumit
2748 1892 2788 1920 rb,
2807 1893 2853 1915 ali-

2641 1919 2694 1947 quis
2706 1919 2851 1942 amnesi-a.
2875 1927 2878 1931 ¹

2639 2310 2871 2340 '12e‹=t.1x,n.3.¹

2638 2725 2866 2780 ammae:
