2898 3996
436 278 511 317 386

1041 272 1383 311 PHYSICORUM
1410 270 1757 308 ARISTOTELIS
1787 269 1880 305 LIB.
1910 269 1995 305 VIII

1165 564 1464 621 LECTIO
1503 557 1871 618 SEPTIMA

598 758 873 790 OSTENDITUR
897 757 939 787 IN
963 755 1153 787 OMNIBUS
1177 753 1405 785 MOBILIBUS
1429 752 1486 782 ET
1509 751 1788 783 MOVENTIBUS
1811 750 2156 782 UNIVERSALITER
2177 748 2439 788 VERIFICARI,

1046 824 1178 855 OMNE
1201 823 1327 860 QUOD
1350 815 1574 852 MOVETUR
1596 821 1655 851 AB
1676 819 1784 851 ALIO
1807 819 1990 851 MOVERI

428 1001 499 1032 Τῶν
524 995 566 1035 δή
592 998 772 1031 κινούντων
796 999 853 1029 καὶ
877 996 1074 1040 κινουμένων
1101 995 1148 1028 τοὶ
1171 995 1229 1039 μὲν
1254 994 1350 1030 ,κατοὶ
1369 994 1490 1036 συμβε-

406 1038 410 1042 ⁴
495 1043 596 1084 βηκός
620 1047 702 1074 κινεῖ
731 1043 788 1073 καὶ
817 1045 979 1081 κινεῖται,
1014 1040 1061 1072 τοὶ
1090 1035 1127 1071 δὲ
1150 1037 1226 1070 καθ’
1257 1037 1367 1072 αὐτοί·
1393 1038 1488 1070 κατα

495 1086 700 1130 συμβεβηκὸς
727 1085 785 1129 μέν
812 1086 878 1117 οἷον
906 1083 968 1116 ὅσα
986 1096 1023 1116 τε
1043 1084 1090 1124 τῷ
1111 1082 1272 1128 ύπσίρχειν
1294 1087 1364 1120 τοῖς
1380 1083 1488 1114 κινοῦ-

494 1143 543 1162 σιν
569 1129 589 1166 ἦ
614 1129 831 1173 κινουμένοις,
850 1130 908 1160 καὶ
934 1127 979 1161 τοὶ
1003 1127 1099 1160 κατοὶ
1123 1126 1250 1172 μόριον,
1277 1127 1325 1160 τοὶ
1349 1123 1386 1159 δὲ
1409 1125 1483 1158 καθ’

496 1174 609 1215 αὐτοὶ,
638 1173 700 1206 ὅσα
725 1173 770 1217 μή
797 1174 844 1214 τῷ
877 1171 1039 1216 ὑπάρχειν
1066 1172 1113 1213 τῷ
1138 1173 1285 1204 κινοῦντι
1318 1170 1338 1208 ἦ
1370 1171 1417 1212 τῷ
1441 1182 1488 1202 κι-

493 1218 654 1262 νουμένῳ,
689 1213 774 1262 μηδὲ
798 1218 846 1258 τῷ
872 1215 984 1260 μόριόν
1015 1227 1048 1248 τι
1075 1213 1188 1248 αὐτῶν
1220 1219 1319 1247 κινεῖν
1345 1213 1365 1251 ἦ
1391 1219 1487 1246 κινεῖ-

493 1262 581 1294 σθαι.
617 1262 686 1293 Τῶν
712 1256 749 1293 δέ
773 1259 848 1292 καθ’
879 1261 972 1292 αὐτοὶ
997 1259 1044 1292 τοὶ
1072 1260 1129 1304 μὲν
1157 1257 1206 1302 ὑφ’
1237 1260 1349 1292 αὐτῶν
1379 1257 1427 1291 τοί
1448 1254 1487 1291 δὲ

494 1307 548 1338 ὑπ’
580 1305 700 1346 ἄλλου,
733 1306 791 1337 καὶ
816 1304 864 1337 τοὶ
888 1303 946 1348 μὲν
972 1303 1065 1348 φύσει
1091 1303 1139 1335 τοὶ
1162 1299 1199 1335 δὲ
1226 1304 1282 1344 βίᾳ
1311 1305 1368 1335 καὶ
1395 1303 1490 1347 παρὰ

528 1349 534 1359 Ι

493 1361 601 1394 φυσιν·

429 1428 470 1461 τό
496 1440 533 1459 τε
558 1428 621 1474 γοίρ
648 1426 734 1460 αὐτὸ
759 1426 808 1472 ὑφ’
839 1428 946 1460 αὑτοῦ
978 1427 1168 1471 κινούμενον
1199 1427 1294 1470 φύσει
1325 1431 1484 1467 κινεῖται,

495 1473 562 1504 οἷον
588 1472 734 1504 ἕκαστον
760 1473 825 1505 τῶν
851 1471 955 1515 ζῴων·
981 1476 1125 1504 κινεῖται
1150 1471 1214 1517 γαρ
1239 1471 1280 1504 τὸ
1295 1471 1379 1513 ζῷον
1400 1468 1487 1504 αὐτὸ

494 1514 544 1559 ὑφ’
567 1517 688 1548 αὑτοῦ·
717 1515 800 1547 ὅσων
825 1516 851 1545 θ’
873 1517 893 1548 γ’)
922 1515 1008 1560 ἀρχὴ
1035 1516 1068 1547 ἐν
1095 1513 1212 1553 αὐτοῖς
1232 1517 1293 1553 τῆς
1314 1514 1485 1556 κινήσεως,

494 1561 610 1592 ταῦτα
635 1559 729 1603 φύσει
749 1559 854 1605 φαμὲν
880 1559 1052 1591 κινεῖσθαι.
1084 1559 1139 1591 Διὸ
1165 1560 1205 1592 τὸ
1223 1561 1282 1604 μὲν
1308 1559 1390 1601 ζῷον
1411 1558 1486 1591 ὅλον

493 1604 587 1648 φύσει
613 1605 702 1638 αὐτὸ
729 1603 832 1636 ἑαυτὸ
857 1609 951 1645 κινεῖ,
979 1604 1019 1637 τὸ
1045 1605 1162 1647 μέντοι
1187 1605 1284 1648 σῶμα
1310 1599 1487 1648 ἐνδέχεται

492 1649 549 1679 καὶ
580 1647 675 1692 φύσει
708 1651 766 1680 καὶ
797 1647 892 1692 παρα
923 1647 1016 1691 φύσιν
1048 1647 1223 1679 κινεῖσθαι·
1250 1643 1398 1691 διαφέρει
1423 1647 1486 1693 γοίρ

495 1693 616 1723 ὁποίαν
643 1706 681 1726 τε
709 1692 746 1726 ἄν
770 1695 896 1729 κίνησιν
921 1692 1113 1734 κινούμενον
1140 1691 1230 1738 τύχῃ
1254 1694 1310 1724 καὶ
1337 1692 1373 1723 ἐκ
1391 1694 1487 1723 ποίου

493 1739 664 1780 στοιχείου
695 1735 908 1773 συνεστηκός.
940 1738 1004 1768 Καὶ
1031 1737 1097 1768 τῶν
1124 1734 1177 1768 ὑπ’
1209 1736 1310 1768 ἄλλου
1339 1735 1489 1779 κινουμέ-

493 1792 554 1811 νων
580 1782 628 1812 τοὶ
653 1781 711 1826 μὲν
737 1780 830 1824 φύσει
853 1784 1012 1821 κινεῖται,
1034 1780 1080 1812 τοὶ
1097 1775 1134 1812 δὲ
1152 1781 1247 1822 παραὶ
1267 1779 1374 1824 φύσιν,
1395 1780 1490 1821 παρὰ

494 1823 587 1868 φύσιν
613 1825 670 1868 μὲν
708 1826 774 1857 οἷον
805 1823 852 1857 τοὶ
882 1824 996 1869 γεηροί
1020 1823 1086 1856 ἄνω
1117 1825 1175 1855 καὶ
1208 1824 1248 1856 τὸ
1281 1825 1344 1867 πῦρ
1377 1822 1485 1856 κάτω.

486 1868 563 1898 Ἔτι
589 1863 626 1900 δὲ
651 1869 698 1902 τοὶ
719 1868 820 1914 μόρια
843 1870 906 1901 τῶν
927 1867 1018 1910 ζῴων
1037 1867 1200 1905 πολλάκις
1224 1872 1368 1899 κινεῖται
1394 1867 1489 1911 παραὶ

494 1911 610 1955 φύσιν,
645 1914 739 1958 παρα
769 1912 831 1950 τοὶς
855 1910 959 1949 θέσεις
986 1913 1044 1943 καὶ
1070 1912 1148 1949 τους
1179 1911 1323 1956 τρόπους
1349 1911 1410 1948 τῆς
1441 1923 1490 1942 κι-

495 1955 634 1994 νῆσεως.

428 1999 493 2030 Καὶ
517 1999 670 2043 μάλιστα
696 1999 737 2031 τὰ
763 1999 830 2031 ὑπό
855 2011 943 2037 τινος
975 1998 1136 2030 κινεῖσθαι
1163 1999 1204 2031 τὸ
1236 1999 1427 2044 κινούμενον
1455 1997 1488 2030 ἐν

495 2047 565 2081 τοῖς
592 2057 640 2076 πα
665 2043 687 2075 οὶ
715 2042 810 2086 φύσιν
843 2043 1045 2086 κινουμένοις
1079 2043 1150 2075 ἐστὶ
1179 2043 1338 2087 φανερόν,
1365 2038 1423 2076 διοὲ
1448 2043 1488 2075 τὸ

495 2083 598 2123 δῆλον
621 2099 706 2119 ειναι
724 2085 780 2119 ὁπ’
803 2087 904 2119 ἄλλου
929 2086 1134 2131 κινούμενον.
1161 2087 1260 2119 Mea-<i
1278 2083 1315 2120 δὲ
1333 2088 1380 2120 τοὶ
1396 2087 1491 2131 παρὰ,

496 2130 589 2173 φύσιν
615 2133 681 2164 τῶν
707 2131 803 2163 κατοὶ
825 2130 918 2175 φύσιν
945 2131 992 2163 τοὶ
1017 2129 1110 2163 αὐτοὶ
1132 2131 1181 2175 ὑφ’
1204 2133 1329 2173 αὐτῶν,
1353 2132 1420 2163 οἷον
1443 2131 1490 2164 τοὶ

495 2175 578 2217 ζῷα·
606 2175 643 2208 οὐ
668 2176 732 2221 γάρ
757 2176 852 2208 τοῦτ’
884 2171 1029 2214 ἄδηλον,
1064 2176 1092 2206 εὶ
1118 2175 1184 2207 ὑπό
1208 2187 1297 2213 τινος
1322 2179 1486 2216 κινεῖται,

498 2219 587 2252 ἀλλοὶ
611 2221 680 2257 πῶς
704 2215 756 2251 δεῖ
779 2215 954 2259 διαλαβεῖν
981 2219 1068 2252 αὐτὸ
1094 2218 1135 2251 τὸ
1159 2221 1269 2250 κινοῦν
1294 2221 1352 2251 καὶ
1377 2220 1417 2251 τὸ
1441 2230 1488 2250 κι-

496 2264 666 2308 νούμενον·
694 2264 780 2295 ἔοικε
805 2263 868 2317 γοὶρ
894 2262 1002 2307 ὥσπερ
1029 2263 1061 2295 ἑν
1087 2267 1156 2300 τοῖς
1183 2265 1309 2300 πλοίοις
1335 2266 1391 2295 καὶ
1418 2267 1488 2300 τοῖς

495 2309 542 2350 μή
560 2308 654 2351 φύσει
678 2317 946 2351 συνισταμενοις,
966 2308 1055 2340 οὕτω
1077 2309 1134 2338 καὶ
1152 2305 1184 2338 ἐν
1204 2312 1273 2345 τοῖς
1291 2307 1385 2350 ζῴοις
1404 2305 1488 2339 εἶναι

495 2351 692 2396 διῃρημένον
718 2351 760 2383 τὸ
782 2352 893 2383 κινοῦν
924 2353 980 2382 καὶ
1007 2351 1048 2383 τὸ
1076 2350 1289 2395 κινούμενον,
1315 2353 1374 2383 καὶ
1399 2350 1488 2383 οὕτω

497 2397 537 2431 τὸ
564 2397 630 2428 πᾶν
659 2393 746 2427 αὐτὸ
770 2400 882 2428 κινεῖν.

430 2439 592 2474 Μάλιστα
617 2437 646 2472 δ’
678 2440 858 2481 ἀπορεῖται
883 2439 924 2472 τὸ
947 2439 1066 2471 λοιπον
1092 2439 1154 2476 τῆς
1180 2438 1350 2482 εἰρημένης
1377 2441 1489 2471 τελευ-

498 2488 599 2522 ταίας
623 2480 826 2526 διαιρέσεως·
847 2485 912 2515 τῶν
930 2483 993 2529 γαρ
1013 2481 1067 2515 ὁπ’
1091 2482 1193 2515 ἄλλου
1218 2483 1417 2526 κινουμένων
1443 2483 1490 2515 τοὶ

496 2529 554 2574 μὲν
580 2528 674 2572 παροὶ
697 2526 791 2571 φύσιν
819 2526 986 2571 ἐθήκαμεν
1011 2526 1184 2568 κινεῖσθαι,
1206 2528 1252 2559 τοὶ
1275 2523 1313 2560 δὲ
1328 2530 1487 2560 λείπεται

498 2572 700 2612 ἀντιθεῖναι,
728 2571 780 2604 ὅτι
806 2571 910 2615 φύσει.
945 2572 1067 2604 Ταῦτα
1092 2566 1122 2602 δ’
1151 2572 1240 2604 ἐστὶν
1269 2572 1290 2603 οἳ
1314 2572 1377 2608 τήν
1406 2570 1488 2604 ἀπο-

496 2621 566 2662 ρίαν
593 2615 765 2661 παροίσχοι
792 2615 829 2647 ἂν
856 2616 921 2648 ὑπὸ
940 2617 1033 2653 τίνος.
1052 2619 1210 2656 κινεῖται,
1232 2616 1297 2648 οἷον
1317 2616 1364 2649 τοὶ
1378 2617 1488 2658 κοῦφα

495 2664 552 2693 καὶ
578 2660 626 2693 τοὶ
650 2661 769 2704 βαρέα·
797 2661 915 2692 ταῦτα
946 2659 1010 2706 γὰρ
1036 2660 1079 2697 εἰς
1106 2660 1163 2703 μὲν
1195 2660 1273 2697 τούς
1301 2658 1488 2704 ἀντικειμέ-

496 2717 568 2742 νους
594 2703 718 2742 τόπους
744 2705 801 2744 βία
829 2709 993 2745 κινεῖται,
1020 2704 1064 2741 εἰς
1089 2700 1127 2736 δὲ
1153 2703 1231 2741 τούς
1262 2704 1419 2745 οἰκείους,
1448 2703 1488 2735 τὸ

497 2750 554 2794 μὲν
579 2750 700 2792 κοῦφον
734 2749 822 2787 ἄνω,
856 2748 896 2782 τὸ
923 2745 959 2779 δέ
986 2748 1071 2790 βαρύ
1097 2747 1214 2788 κάτω,
1247 2747 1351 2792 φύσει.
1387 2748 1431 2780 Τὸ
1455 2743 1484 2779 δ’

498 2794 562 2826 ὑπό
596 2796 684 2830 τίνος
717 2792 831 2824 οὐκέτι
865 2792 1024 2837 φανερόν,
1063 2791 1170 2836 ὥσπερ
1209 2791 1293 2824 ὅταν
1329 2794 1488 2825 κινῶνται

497 2837 591 2881 παρὰ
615 2836 721 2881 φύσιν·

432 2880 472 2913 τό
492 2894 528 2913 τε
550 2881 613 2927 γάρ
641 2879 735 2912 αὐτοὶ
760 2880 809 2923 ὑφ’
829 2881 940 2911 αὐτῶν
960 2879 1061 2933 τραναι
1088 2875 1271 2913 ἀδύνατον·
1290 2879 1431 2923 ζωτικόν
1450 2892 1487 2912 τε

496 2925 559 2971 γάρ
585 2925 690 2957 τοῦτο
714 2925 772 2955 καὶ
798 2925 862 2956 τῶν
889 2923 1042 2968 ἑμψυχων
1066 2920 1168 2965 ἴδιον,

431 2971 490 3001 καὶ
515 2968 651 3000 ἱστάναι
686 2967 723 2999 ἂν
757 2965 902 3000 ἐδύνατο
938 2967 1042 3000 αὐτοί·
1075 2967 1162 3014 λέγω
1193 2964 1221 2999 δ’
1250 2969 1338 3008 οἷον,
1369 2969 1395 3000 εἰ
1427 2969 1487 3001 τοῦ

499 3008 645 3055 βαδίζειν
672 3014 780 3045 αἴτιον
807 3013 915 3052 αὐτῷ,
941 3013 998 3043 καὶ
1023 3013 1085 3044 τοῦ
1110 3012 1156 3055 μή
1182 3007 1344 3055 βαδίζειν·

433 3055 510 3089 ὥστ’
541 3055 613 3088 ἐπεὶ
639 3056 688 3088 ἐπ’
720 3056 812 3096 αὐτῷ
839 3055 879 3088 τὸ
907 3055 972 3087 ἄνω
1004 3055 1158 3099 φέρεσθαι
1189 3058 1236 3088 τῶ
1263 3059 1358 3100 πυρί,
1384 3051 1487 3093 δῆλον

501 3099 554 3133 ὅτι
579 3099 629 3132 ἐπ’
661 3098 753 3140 αὐτῷ
778 3102 834 3131 καὶ
861 3099 902 3131 τὸ
926 3098 1033 3131 κοίτω.
1062 3099 1204 3146 ’Ἃλογον
1246 3101 1333 3133 ἐκαὶ
1351 3101 1391 3133 τὸ
1409 3102 1487 3144 μίαν

499 3147 624 3182 κίνησιν
647 3142 808 3175 κινεῖσθαι
833 3143 934 3188 μόνην
963 3144 1012 3186 ὑφ’
1035 3144 1160 3184 αὐτῶν,
1180 3146 1246 3191 εἴγε
1266 3145 1359 3177 αὐτοὶ
1381 3144 1491 3177 ἐαυτοί

498 3200 657 3221 κινουσιν.

426 3232 503 3264 Ἔτι
529 3234 595 3270 πῶς
622 3228 798 3276 ἐνδέχεται
824 3230 957 3276 συνεχές
985 3242 1018 3262 τι
1042 3232 1099 3262 καὶ
1117 3232 1257 3276 συμφυὲς
1279 3232 1366 3264 αὐτὸ
1385 3233 1490 3265 ἑαυτό

426 3275 430 3280 ’
499 3281 618 3316 κινεῖν;
647 3277 665 3317 ’ᾖ
691 3276 754 3321 γοὶρ
781 3276 812 3307 ἓν
837 3277 894 3306 καὶ
920 3275 1054 3319 συνεχὲς
1079 3276 1125 3319 μή
1154 3276 1235 3318 ἀφῇ,
1263 3276 1376 3318 ταύτῃ
1403 3277 1490 3308 ἀπα-

500 3320 565 3358 θές·
588 3321 656 3352 ἀλλ’
681 3321 699 3361 ᾖ
722 3319 938 3364 κεχώρισται,
958 3319 1072 3361 ταύτῃ
1092 3320 1132 3352 τὸ
1151 3320 1209 3363 μὲν
1230 3320 1352 3364 πέφυκε
1371 3324 1490 3360 ποιεῖν,

502 3365 541 3397 τό
567 3361 603 3395 δὲ
629 3363 784 3408 πάσχειν.
812 3362 891 3395 Ου”τ’
916 3363 980 3406 ἄρα
1003 3364 1134 3396 τούτων
1161 3363 1254 3396 οὐθὲν
1283 3361 1369 3396 αὐτὸ
1388 3364 1492 3397 ἑαυτὸ

500 3412 583 3439 κινεῖ
608 3409 757 3451 (συμφυῆ
783 3407 875 3452 γοίρ),
905 3406 974 3439 οὔτ’
1006 3408 1088 3440 ἄλλο
1114 3409 1248 3453 συνεχὲς
1275 3403 1383 3440 οὐδέν’
1413 3406 1486 3440 ἀλλ’

504 3450 632 3497 ἀνάγκη
658 3447 836 3495 διῃρῆσθαι
863 3450 902 3483 τὸ
927 3453 1036 3483 κινοῦν
1064 3452 1096 3483 ἐν
1123 3451 1254 3494 ἑκσίστῳ
1280 3453 1358 3494 πρὸς
1382 3453 1421 3485 τὸ
1445 3463 1494 3483 κι-

502 3495 675 3538 νούμενον,
705 3497 771 3527 οἷον
798 3494 850 3528 ἐπὶ
877 3496 942 3527 τῶν
972 3495 1106 3540 ἀψύχων
1139 3497 1282 3540 ὁρῶμεν,
1310 3496 1393 3528 ὅταν
1418 3497 1492 3538 κινῇ

505 3550 537 3569 τι
563 3540 626 3571 τῶν
653 3539 805 3583 ἐμψύχων
832 3538 937 3572 αὐτοί.
1178 3543 1179 3546 ’

1541 995 1557 1014 *
1580 994 1779 1025 Moventiurn
1794 993 1888 1034 igitur
1911 999 1941 1023 et
1965 1002 2078 1023 eorum
2092 1002 2174 1033 quae
2192 999 2371 1031 moventur,
2391 992 2452 1023 alia
2469 992 2599 1033 quidem

1608 1045 1738 1069 movent
1754 1044 1784 1068 et
1799 1044 1968 1067 moventur
1983 1036 2159 1067 secundum
2174 1036 2327 1074 accidens,
2343 1036 2403 1066 alia
2421 1042 2528 1066 autem
2546 1046 2602 1077 per

1609 1083 1719 1123 seipsa.
1744 1081 1927 1112 Secundum
1950 1080 2092 1111 accidens
2115 1079 2256 1122 quidem,
2271 1086 2307 1110 ut
2329 1089 2550 1120 quaecumque
2568 1080 2602 1111 in

1556 1154 1560 1159 ,
1608 1136 1646 1156 eo
1670 1125 1758 1167 quod
1774 1131 1847 1155 sunt
1869 1124 1902 1154 in
1918 1123 2119 1154 moventibus
2143 1129 2198 1154 aut
2219 1123 2252 1153 in
2267 1122 2304 1153 iis
2321 1132 2402 1164 quae
2418 1129 2601 1164 moventur,

1608 1177 1638 1200 et
1661 1179 1742 1210 quae
1759 1175 1832 1199 sunt
1855 1167 2031 1198 secundum
2049 1173 2184 1207 partem:
2209 1166 2269 1197 alia
2291 1173 2398 1197 autem
2413 1176 2469 1207 per
2489 1166 2601 1208 seipsa,

1608 1222 1828 1254 quaecumque
1851 1221 1918 1242 non
1940 1211 1973 1241 in
1997 1221 2035 1241 eo
2059 1211 2148 1252 quod
2177 1210 2239 1241 sint
2260 1210 2294 1240 in
2316 1217 2463 1241 movente
2492 1216 2547 1241 aut
2568 1210 2603 1241 in

1607 1257 1655 1287 his
1675 1266 1756 1297 quae
1775 1261 1959 1293 moventur,
1980 1265 2084 1295 neque
2102 1254 2136 1285 in
2151 1263 2190 1284 eo
2205 1255 2294 1295 quod
2311 1254 2502 1295 parsuliqua
2519 1253 2603 1295 ipso-

1608 1311 1681 1331 rum
1697 1307 1805 1331 movet
1820 1306 1875 1330 aut
1892 1305 2048 1329 movetur.
2069 1299 2191 1329 Eorum
2209 1305 2316 1329 autem
2334 1307 2417 1339 quae
2434 1305 2603 1341 moventur

1608 1355 1663 1385 per
1687 1354 1730 1383 se,
1754 1343 1815 1374 alia
1837 1342 1967 1384 quidem
1991 1353 2009 1373 a
2031 1342 2147 1382 seipso,
2163 1341 2224 1372 alia
2241 1352 2316 1372 vero
2340 1342 2378 1372 ab
2394 1341 2473 1380 ali03
2497 1348 2528 1372 et
2543 1341 2603 1382 alia

1608 1388 1738 1429 quidem
1761 1394 1881 1425 natura,
1906 1386 1966 1417 alia
1987 1396 2062 1417 vero
2085 1385 2234 1416 violentia
2252 1392 2283 1416 et
2305 1392 2389 1416 extra
2410 1392 2569 1418 naturam

1542 1432 1640 1470 Quod
1663 1431 1748 1462 enim
1770 1431 1878 1471 ipsum
1901 1440 1919 1460 a
1942 1430 2045 1471 seipso
2069 1436 2224 1467 movetur,
2249 1436 2360 1460 natura
2383 1436 2544 1468 movetur,
2567 1434 2604 1460 ut

1607 1475 1771 1516 quodlibet
1798 1474 1993 1505 animalium.
2022 1474 2169 1504 Movetur
2191 1473 2277 1504 enim
2300 1473 2417 1504 animal
2439 1483 2458 1503 a
2480 1473 2602 1513 seipso,

1608 1529 1886 1561 quorumcumque
1902 1525 2010 1549 autem
2032 1517 2224 1558 principium
2242 1524 2350 1548 motus
2365 1517 2399 1548 in
2413 1517 2522 1558 seipsis
2545 1523 2602 1556 est,

1607 1564 1684 1594 haec
1707 1570 1818 1594 natura
1841 1562 1974 1593 dicimus
1993 1561 2123 1592 moveri.
2149 1561 2241 1592 Unde
2264 1561 2382 1592 animal
2401 1560 2532 1602 quidem
2554 1567 2602 1592 to-

1608 1615 1678 1638 tum
1701 1613 1812 1638 natura
1834 1606 1941 1647 ipsum
1964 1606 2105 1646 seipsum
2123 1611 2245 1636 movet:
2271 1615 2385 1646 corpus
2409 1611 2532 1644 autem,
2555 1614 2603 1636 se-

1609 1651 1750 1682 cundum
1773 1650 1862 1691 quod
1885 1657 1931 1680 est
1954 1659 2086 1690 corpuS‚
2111 1648 2262 1689 contingit
2285 1656 2315 1680 et
2337 1655 2448 1680 natura
2471 1655 2502 1680 et
2520 1655 2604 1680 extra

1608 1702 1753 1726 naturam
1769 1694 1906 1724 moveri:
1924 1693 2024 1726 differt
2042 1693 2127 1724 enim
2143 1693 2319 1724 secundum
2334 1693 2461 1734 qualem
2477 1698 2604 1723 motum

1609 1739 1698 1779 quod
1721 1744 1867 1768 movetur
1890 1737 2026 1775 eveniat,
2051 1743 2081 1767 et
2105 1747 2141 1767 ex
2169 1737 2254 1778 quali
2285 1737 2441 1768 elemento
2472 1741 2603 1768 constet.

1607 1783 1648 1813 Et
1665 1791 1777 1812 eorum
1791 1791 1872 1822 quae
1887 1788 2056 1811 moventur
2071 1782 2109 1811 ab
2126 1780 2199 1819 alio,
2215 1781 2275 1811 alia
2291 1781 2422 1822 quidem
2435 1785 2605 1811 moventur

1608 1833 1729 1864 natura,
1747 1825 1807 1855 alia
1821 1835 1895 1855 vero
1910 1831 1994 1855 extra
2017 1831 2176 1855 naturam:
2202 1831 2286 1855 extra
2301 1824 2604 1865 naturamquidem,

1608 1877 1644 1900 ut
1667 1877 1746 1900 terra
1769 1878 1896 1899 sursum
1910 1875 1940 1899 et
1955 1868 2035 1908 ignis
2052 1868 2212 1898 deorsum.
2235 1868 2385 1908 Amplius
2401 1874 2508 1899 autem
2529 1877 2601 1908 par-

1607 1921 1654 1944 tes
1677 1912 1861 1943 animalium
1885 1911 2045 1942 multoties
2068 1918 2237 1942 moventur
2260 1918 2344 1942 extra
2359 1917 2505 1942 naturam
2518 1909 2604 1944 iuxta

1607 1954 1800 1998 positionem
1823 1963 1853 1987 et
1875 1956 1990 1986 modos
2013 1962 2130 1986 motus.

1542 2002 1558 2021 *
1573 2002 1614 2032 Et
1637 2001 1772 2031 maxime
1795 2000 1916 2030 moveri
1931 2010 1948 2030 a
1963 1999 2105 2040 quodam
2121 1999 2209 2040 quod
2225 2005 2382 2037 movetur,
2405 1998 2439 2028 in
2461 1998 2499 2029 iis
2522 2008 2604 2039 quae

1609 2051 1692 2076 extra
1715 2051 1861 2075 naturam
1887 2050 2073 2081 moventur,
2089 2050 2144 2079 vest
2171 2042 2390 2081 manifestum,
2419 2049 2548 2082 propter
2569 2042 2604 2073 id

1608 2089 1697 2130 quod
1725 2087 1928 2118 manifestum
1952 2093 1998 2117 est
2024 2087 2062 2117 ab
2086 2087 2148 2117 alio
2180 2086 2310 2118 moveri.
2339 2087 2416 2117 Post
2438 2095 2474 2116 ea
2497 2092 2604 2119 autem

1608 2142 1689 2174 quae
1713 2139 1786 2162 sunt
1809 2138 1892 2162 extra
1915 2138 2070 2166 naturam.
2095 2140 2207 2160 eorum
2231 2140 2312 2170 quae
2335 2135 2409 2160 sunt
2427 2129 2605 2163 secundum

1609 2183 1753 2206 naturam
1768 2175 1836 2215 ipsa
1855 2185 1873 2204 a
1889 2174 2008 2214 seipsis,
2028 2181 2064 2205 ut
2082 2173 2238 2204 animalia.
2260 2173 2333 2204 Hoc
2356 2173 2440 2204 enim
2464 2183 2530 2204 non
2545 2172 2604 2205 im-

1609 2219 1811 2250 manifestum
1836 2225 1891 2257 est,
1917 2218 1941 2248 si
1961 2218 1999 2248 ab
2021 2217 2128 2258 aliquo
2152 2224 2335 2255 moventur;
2359 2218 2414 2248 sed
2437 2217 2604 2258 quomodo

1609 2269 1734 2303 oportet
1757 2262 1895 2302 accipere
1918 2262 2025 2302 ipsum
2048 2271 2180 2292 movens
2204 2268 2235 2292 et
2257 2261 2346 2302 quod
2368 2267 2525 2292 movetur.
2549 2261 2605 2293 vi-

1610 2308 1700 2338 detur
1716 2306 1802 2337 enim
1824 2306 1905 2337 sicut
1927 2306 1960 2335 in
1982 2305 2114 2336 navibus
2138 2313 2169 2336 et
2191 2315 2258 2336 non
2276 2312 2388 2336 natura
2411 2305 2604 2337 subsistenti-

1608 2352 1678 2389 bus,
1696 2351 1740 2381 sic
1762 2357 1792 2381 et
1814 2350 1847 2380 in
1870 2349 2058 2380 animalibus
2081 2359 2148 2380 esse
2164 2349 2301 2380 divisum
2316 2359 2450 2380 movens
2466 2355 2497 2380 et
2515 2349 2606 2391 quod

1609 2401 1772 2433 movetur;
1797 2401 1828 2424 et
1850 2394 1894 2424 sic
1917 2403 2012 2424 omne
2035 2393 2143 2433 ipsum
2165 2393 2306 2433 seipsum
2329 2399 2446 2424 movet.

1542 2439 1678 2470 Maxime
1694 2445 1800 2468 autem
1817 2437 1976 2468 dubitatur
1991 2437 2149 2477 reliquum
2166 2437 2265 2467 dictae
2281 2436 2411 2467 ultimae
2430 2430 2603 2468 divisionis.

1609 2483 1731 2513 Eorum
1747 2482 1832 2512 enim
1850 2491 1932 2522 quae
1951 2481 1989 2511 ab
2006 2481 2068 2511 alio
2088 2487 2266 2519 moventur,
2282 2480 2359 2511 haec
2375 2479 2505 2520 quidem
2521 2486 2605 2511 extra

1609 2533 1754 2557 naturam
1786 2525 1953 2566 posuimus
1981 2524 2120 2563 moveri;
2157 2525 2218 2555 alia
2249 2531 2357 2555 autem
2384 2523 2605 2565 relinquuntur

1610 2569 1811 2610 contraponi,
1835 2569 1910 2610 quia
1934 2575 2052 2600 natura.
2077 2569 2164 2599 Haec
2180 2575 2287 2599 autem
2309 2575 2384 2599 sunt
2405 2577 2488 2608 quae
2513 2567 2604 2599 dubi·

1610 2614 1762 2645 tationem
1785 2612 1917 2643 afferunt
1940 2623 1958 2643 a
1980 2623 2045 2653 quo
2070 2619 2248 2650 moventur,
2269 2619 2304 2643 ut
2326 2611 2406 2642 levia
2428 2618 2459 2642 et
2481 2611 2600 2652 gravia:

1609 2658 1685 2688 haec
1709 2657 1794 2687 enim
1821 2657 1853 2687 in
1878 2656 2044 2697 oppositos
2072 2657 2160 2687 locos
2183 2656 2332 2686 violentia
2360 2662 2548 2695 moventur;
2570 2654 2616 2697 in*

1608 2701 1753 2742 proprios
1785 2707 1910 2739 autem,
1940 2701 2007 2730 leve
2037 2700 2167 2741 quidem
2200 2710 2344 2738 sursum,
2375 2709 2467 2739 grave
2497 2705 2604 2730 autem

1610 2746 1770 2783 deorsum,
1787 2751 1906 2775 natura.
1920 2744 1937 2764 *
1947 2746 1975 2774 A
1988 2754 2054 2784 quo
2071 2751 2178 2774 autem
2189 2754 2256 2774 non
2268 2743 2371 2775 adhuc
2386 2742 2600 2783 manifestum,

1609 2789 1689 2820 sicut
1713 2799 1787 2820 cum
1810 2796 1979 2819 moventur
2002 2795 2084 2819 extra
2103 2795 2258 2819 naturam.

1543 2884 1583 2915 Et
1599 2893 1737 2924 namque
1752 2883 1820 2923 ipsa
1837 2893 1854 2913 a
1870 2882 1978 2923 seipsis
1996 2882 2097 2913 dicere
2112 2881 2307 2922 impossibile
2323 2887 2386 2922 est:
2410 2881 2504 2912 vitale
2519 2881 2604 2912 enim

1609 2928 1681 2966 hoc,
1706 2935 1736 2958 et
1759 2927 1972 2957 animatorum
1995 2933 2041 2957 est
2062 2926 2238 2966 proprium.

1543 2972 1583 3003 Et
1607 2971 1706 3002 facere
1736 2977 1815 3001 stare
1843 2977 1980 3011 possent.
2012 2970 2092 3000 Dico
2121 2976 2227 3000 autern
2254 2969 2341 3000 velut
2368 2967 2393 2999 si
2421 2967 2603 2999 ambulandi

1611 3025 1704 3046 causa
1726 3015 1806 3045 inest
1828 3014 1902 3055 ipsi,
1927 3021 1958 3044 et
1979 3024 2044 3044 non
2068 3013 2260 3044 ambulandi.
2409 3049 2412 3052 ,

1544 3059 1649 3097 Quare
1665 3059 1690 3089 si
1709 3058 1742 3088 in
1760 3059 1830 3098 ipso
1848 3065 1894 3089 est
1909 3067 2035 3089 sursum
2052 3057 2123 3088 ferri
2141 3057 2216 3097 igni,
2233 3055 2436 3087 manifestum
2452 3062 2498 3087 est
2516 3055 2605 3097 quod

1610 3102 1642 3133 in
1665 3102 1736 3143 ipso
1760 3109 1790 3133 et
1813 3102 1978 3132 deorsum:
2002 3101 2211 3132 irrationabile
2235 3107 2342 3132 autem
2365 3106 2411 3130 est
2429 3100 2605 3131 secundum

1611 3156 1714 3178 unum
1737 3153 1863 3177 motum
1886 3146 2006 3176 moveri
2037 3145 2143 3176 solum
2166 3155 2184 3175 a
2207 3144 2333 3185 seipsis»,
2363 3144 2389 3174 si
2411 3143 2479 3185 ipsa
2502 3143 2604 3184 seipsa

1611 3197 1750 3221 movent.

1544 3235 1561 3254 *
1581 3234 1744 3275 Amplius,
1772 3234 1938 3274 quomodo
1963 3233 2113 3273 contingit
2137 3232 2325 3263 continuum
2351 3231 2470 3273 aliquid
2497 3231 2605 3272 ipsum

1612 3279 1751 3319 seipsum
1767 3275 1913 3318 movere?
1929 3277 2111 3308 Secundum
2129 3276 2214 3307 enim
2230 3276 2318 3317 quod
2333 3285 2436 3306 unum
2460 3282 2490 3306 et
2505 3274 2604 3306 conti-

1612 3332 1714 3353 nuum
1738 3331 1803 3352 non
1826 3329 1921 3359 tactu,
1946 3321 2122 3352 secundum
2149 3320 2210 3351 hoc
2238 3319 2429 3360 impassibile
2459 3326 2518 3350 est:
2550 3318 2605 3349 sed

1613 3366 1787 3397 secundum
1803 3366 1892 3406 quod
1908 3365 2066 3403 dividitur,
2083 3365 2126 3395 sic
2144 3364 2205 3395 hoc
2220 3363 2349 3405 quidem
2368 3370 2479 3404 aptum
2495 3369 2606 3394 natum

1613 3410 1724 3448 facere,
1741 3410 1819 3440 illud
1832 3419 1905 3440 vero
1921 3409 1995 3450 pati.
2008 3409 2119 3450 Neque
2135 3418 2209 3448 ergo
2230 3408 2354 3438 nullum
2368 3407 2485 3438 horum
2499 3407 2606 3447 ipsum

1614 3454 1753 3494 seipsum
1776 3461 1884 3484 movet
1899 3451 2035 3495 (consita
2058 3452 2142 3484 enim
2158 3450 2255 3493 sunt),
2275 3461 2378 3492 neque
2401 3450 2486 3482 aliud
2509 3449 2606 3481 conti-

1613 3507 1716 3528 nuum
1739 3498 1879 3528 nullum:
1905 3497 1959 3527 sed
1982 3505 2106 3527 necesse
2130 3503 2175 3526 est
2199 3495 2294 3526 dividi
2319 3504 2450 3526 movens
2469 3494 2501 3525 in
2525 3501 2605 3525 uno-

1614 3550 1743 3582 quoque
1763 3541 1802 3571 ad
1832 3541 1863 3570 id
1882 3540 1971 3581 quod
1989 3547 2145 3578 movetur,
2169 3539 2249 3570 sicut
2270 3539 2303 3569 in
2323 3537 2500 3569 inanimatis
2522 3536 2605 3568 vide-

1615 3594 1697 3623 mus,
1723 3594 1796 3615 cum
1820 3590 1945 3615 moveat
1968 3583 2087 3624 aliquid
2110 3583 2322 3614 animatorum
2345 3582 2422 3622 ipsa.

2629 1001 2640 1012 ⁸
2655 1000 2713 1028 Cup.
2726 1005 2758 1022 tv.
2772 999 2827 1029 seq.

2629 1030 2686 1049 text.
2699 1032 2734 1055 27.

2629 2009 2641 2020 '¹
2654 2008 2723 2031 Tm.
2737 2011 2774 2032 28.

2630 2755 2640 2765 ·
2653 2752 2724 2775 Text.
2736 2758 2774 2781 ³⁹·

2631 3240 2643 3252 ⁸
2656 3239 2724 3263 Text.
2737 3244 2776 3268 3⁰·
