2982 4022
261 680 270 689 ·
286 680 362 700 autem
375 684 444 700 toan.

259 789 377 816 *Metapa
386 789 424 810 lib.
432 788 470 815 XI,

259 821 359 865 itibwllffilrl¹
368 815 423 862 Ιοεξ.
426 805 489 862 ἶιὴιῖκ

260 867 295 889 Cf.
307 867 336 888 dc
347 867 429 888 Anima
440 867 469 894 11,

259 900 285 941 st
296 900 341 941 ¹Tv13.
350 899 456 941 ῗέειῗνίι,

256 1368 266 1378 ⁸
282 1368 351 1389 etiarn
367 1367 419 1389 add.
434 1367 468 1394 {aa

257 1400 340 1416 nnnrz.

254 1526 265 1536 ⁸
281 1526 358 1547 activa
375 1532 467 1548 nanno

256 1558 340 1578 varz.

255 1631 265 1641 ⁸
280 1630 408 1652 iudicativa
423 1637 459 1651 to.

254 1739 265 1749 ⁸
274 1738 402 1759 indicativa
410 1744 445 1759 ac.
456 1750 466 1754 -

254 1764 350 1792 iudicat*
358 1771 393 1786 εῡ.

250 2327 260 2337 ⁸
282 2328 305 2347 et
324 2332 365 2347 ars
380 2326 462 2352 codd.;

250 2355 327 2373 autem
341 2359 388 2374 om.
399 2353 441 2374 ab.
452 2364 462 2368 -

250 2379 353 2406 artificio
368 2385 392 2400 Ν.

248 2746 258 2755 ⁸
274 2744 398 2771 artificium
413 2750 451 2765 εκ.

503 277 552 313 66

501 355 593 392 teria
617 355 771 401 domus;
798 355 987 404 quaedam
1011 368 1106 393 vero
1130 357 1272 394 faciunt
1292 369 1378 394 eam
1397 370 1564 406 operose,

501 408 598 444 idest
634 408 832 444 materiam
866 408 1182 456 praeexistentem
1209 410 1248 446 in
1276 418 1410 447 natura
1438 411 1564 460 dispo-

501 468 596 497 nunt
623 460 672 497 ad
700 460 957 509 receptionem
977 462 1140 509 formae,
1168 462 1263 499 sicut
1290 475 1350 500 ars
1370 471 1563 512 carpenta—
1599 484 1602 487 v

502 513 555 549 ria
577 521 777 562 praeparat
795 514 894 561 ligna
922 515 971 551 ad
991 515 1156 551 formam
1175 515 1295 552 navis.
1326 517 1421 553 Item
1442 517 1563 554 consi-

502 565 714 603 derandum
752 574 808 602 est
844 566 949 615 quod
977 579 1048 604 nos
1083 567 1227 604 utimur
1255 568 1434 606 omnibus
1463 582 1562 618 quae

501 626 587 655 sunt
621 618 833 655 secundum
867 626 986 656 artem
1023 620 1140 666 facta,
1174 620 1269 657 sicut
1304 628 1461 670 propter
1491 635 1562 659 nos

501 671 754 707 existentibus.
772 672 855 708 Nos
875 672 1149 709 enim*sumus
1170 674 1460 722 quodammodo
1476 675 1562 712 finis

500 723 674 760 omnium
695 723 956 762 artificialium.
978 726 1028 762 Et
1047 725 1135 762 dicit
1153 727 1451 774 quodammodo:
1474 728 1562 776 quia

476 776 595 817 sicut
613 776 755 814 dictum
776 784 832 814 est
850 777 888 814 in
906 777 1149 826 philosophia
1171 779 1296 827 prima
1313 781 1344 826 ²⁸,
1367 780 1564 828 dupliciter

500 828 634 865 dicitur
664 829 703 866 id
737 829 842 866 cuius
877 842 990 867 causa
1017 831 1071 877 fit,
1105 830 1245 868 scilicet
1268 832 1373 868 cuius
1397 840 1434 869 et
1466 845 1563 881 quo,-

450 900 469 921 5.
499 881 593 918 sicut
620 881 706 918 finis
736 883 874 919 domus
902 890 944 919 ut
972 883 1078 920 cuius
1103 891 1158 920 est
1181 884 1384 932 habitator,
1413 893 1455 922 ut
1484 898 1561 934 quo

500 941 555 970 est
586 934 779 971 habitatio.
814 936 872 971 Ex
905 935 963 972 his
1000 935 1110 983 igitur
1147 936 1318 986 accipere
1355 949 1562 986 possumus

499 986 604 1035 quod
624 986 722 1024 duae
738 995 835 1024 artes
855 994 961 1024 sunt*
965 989 1221 1037 principantes
1240 990 1450 1037 materiam,
1466 991 1563 1028 idest

497 1052 595 1088 quae
624 1040 861 1089 praecipiunt
880 1041 1021 1078 artibus
1041 1041 1263 1079 facientibus
1291 1043 1503 1091 materiam,
1529 1049 1566 1080 et

497 1099 771 1142 cognoscentes,
797 1093 893 1130 idest
913 1093 1160 1131 diiudicantes
1181 1095 1228 1132 de
1247 1095 1358 1143 ipsis;
1387 1109 1465 1133 una
1493 1096 1561 1133 sci-

497 1145 582 1181 licet
601 1157 699 1194 quae
718 1146 844 1193 utitur,
865 1154 902 1183 et
921 1146 993 1183 alia
1012 1159 1109 1196 quae
1131 1155 1185 1184 est
1204 1148 1341 1185 factiva
1366 1149 1560 1196 artificIati‚

496 1197 680 1235 inducens
695 1198 834 1235 scilicet
851 1199 1028 1237 formam.
1045 1201 1094 1237 Et
1107 1201 1203 1237 haec
1217 1208 1274 1237 est
1293 1201 1388 1238 sicut
1406 1202 1563 1239 archite-

497 1251 644 1288 ctonica
659 1259 833 1300 respectu
849 1252 928 1289 eius
946 1265 1044 1301 quae
1061 1253 1226 1301 disponit
1243 1254 1454 1302 materiam,
1467 1255 1562 1292 sicut

497 1304 724 1341 navifactiva
739 1313 912 1353 respectu
927 1306 1197 1354 carpentariae,
1215 1319 1313 1355 quae
1333 1316 1435 1344 secat
1450 1308 1560 1355 ligna:

496 1357 599 1394 unde
637 1357 751 1394 etiam
780 1365 928 1406 oportet
962 1358 1067 1407 quod
1095 1359 1176 1408 ipsa
1203 1360 1223 1380 '¹‘
1250 1371 1310 1396 ars
1344 1360 1484 1397 usualis
1517 1361 1563 1397 sit

497 1410 788 1459 quodammodo
809 1411 1109 1458 architectonica,
1135 1411 1231 1448 idest
1248 1412 1464 1460 principalis
1489 1426 1560 1460 ars,

497 1471 671 1511 respectu
694 1463 866 1501 factivae.
897 1464 1086 1510 Quamvis
1109 1464 1219 1512 igitur
1245 1473 1405 1513 utraque
1433 1465 1480 1502 sit
1504 1478 1560 1502 ar-

497 1516 754 1563 chitectonica,
772 1516 910 1553 scilicet
928 1517 1069 1553 usualis
1090 1525 1126 1553 et
1144 1517 1279 1554 factiva
1297 1519 1326 1564 ²³²,
1343 1525 1471 1555 tamen
1493 1518 1560 1555 dif-

496 1569 640 1606 ferunt:
669 1569 757 1617 quia
780 1569 921 1606 usualis
946 1578 1000 1606 est
1021 1569 1310 1606 architectonica
1334 1570 1559 1620 inquantum

496 1629 551 1658 est
580 1621 835 1669 cognoscitiva
868 1630 904 1658 et
937 1622 1178 1659 diiudicativa
1196 1623 1216 1644 '²‘
1235 1623 1281 1659 de
1316 1623 1455 1670 forma3
1489 1624 1561 1661 alia

496 1683 644 1721 autern,
681 1687 778 1723 quae
808 1682 863 1711 est
890 1675 1182 1711 architectonica
1213 1683 1395 1724 tanquam
1424 1676 1560 1714 factiva

494 1728 653 1774 formae,
675 1735 730 1764 est
749 1728 1006 1775 cognoscitiva
1022 1729 1042 1750 '⁴‘
1057 1728 1248 1775 materiae,
1266 1729 1363 1765 idest
1383 1729 1561 1767 diiudicat

495 1781 542 1817 de
558 1780 727 1817 materia.
744 1781 793 1817 Et
807 1782 881 1817 hoc
901 1781 1114 1818 manifestat
1127 1793 1197 1830 per
1211 1783 1442 1830 exemplum.
1460 1783 1560 1820 Usus

495 1833 596 1870 enirn
626 1834 734 1870 navis
753 1834 914 1882 pertinet
941 1834 990 1871 ad
1018 1835 1333 1882 gubernatorem;
1365 1843 1400 1872 et
1423 1835 1476 1872 sic
1494 1848 1560 1883 gu-

494 1886 709 1923 bernatoria
729 1893 785 1922 est
802 1886 960 1933 usualis,
987 1894 1022 1924 et
1040 1887 1093 1923 sic
1113 1894 1169 1923 est
1192 1887 1481 1926 architectonica
1503 1901 1559 1925 re-

494 1946 625 1988 spectu
653 1938 924 1992 navifactivae,
955 1947 990 1976 et
1019 1940 1212 1987 cognoscit
1239 1948 1276 1977 et
1304 1941 1483 1978 diiudicat
1511 1942 1558 1979 de

494 1993 627 2029 forma.
664 1993 712 2029 Et
739 1992 814 2029 hoc
843 2000 898 2029 est
926 1993 1031 2041 quod
1059 1993 1166 2039 dicit,
1196 1994 1301 2042 quod
1329 1995 1559 2042 gubernator

495 2045 688 2093 cognoscit
722 2054 758 2083 et
788 2045 942 2082 instituit
970 2045 984 2072 ζ
1011 2045 1131 2094 qualis
1159 2046 1297 2083 debeat
1325 2059 1407 2084 esse
1435 2048 1558 2085 forma

493 2098 667 2135 temonis.
702 2099 808 2135 Alius
841 2106 988 2145 autem,
1025 2098 1165 2135 scilicet
1192 2100 1310 2136 factor
1337 2100 1466 2146 navis,
1497 2113 1559 2138 co-

493 2151 638 2199 gnoscit
667 2159 703 2188 et
731 2151 909 2189 diiudicat
941 2163 986 2187 ex
1019 2151 1165 2200 quibus·
1186 2160 1222 2189 et
1249 2153 1423 2201 qualibus
1450 2154 1558 2202 lignis

494 2204 631 2241 debeat
658 2205 741 2242 fieri
762 2205 881 2242 navis.
913 2205 975 2241 Sic
996 2217 1084 2252 ergo
1113 2205 1358 2242 manifestum
1378 2213 1434 2243 est
1453 2207 1558 2255 quod

493 2270 552 2294 ars
573 2270 670 2306 quae
692 2258 835 2295 inducit
858 2258 1034 2305 formam,
1064 2258 1246 2306 praecipit
1267 2259 1334 2295 arti
1355 2271 1452 2307 quae
1472 2260 1559 2296 facit

491 2311 553 2347 vel
583 2310 747 2359 disponit
775 2311 994 2356 materiam;
1024 2323 1084 2347 ars
1114 2318 1241 2347 autem
1271 2313 1291 2331 ⁴*
1317 2324 1415 2360 quae
1443 2312 1558 2349 utitur

492 2363 687 2400 artificiato
716 2365 793 2401 iarn
822 2364 941 2411 facto,
976 2363 1159 2412 praecipit
1186 2364 1254 2400 arti
1289 2377 1387 2413 quae
1415 2365 1558 2402 inducit

491 2417 667 2453 formam.
699 2419 756 2454 Ex
776 2429 853 2466 quo
874 2429 1080 2465 possumus
1109 2417 1279 2466 accipere
1308 2418 1414 2466 quod
1439 2418 1492 2454 sic
1515 2431 1556 2455 se

490 2470 605 2506 habet
624 2470 780 2506 materia
800 2470 849 2506 ad
869 2470 1045 2517 formam,
1067 2470 1162 2506 sicut
1188 2471 1310 2507 forma
1324 2476 1338 2494 '¹
1353 2472 1402 2508 ad
1426 2483 1552 2508 usum.

491 2523 567 2559 Sed
588 2535 678 2560 usus
699 2531 754 2560 est
774 2523 880 2560 cuius
909 2535 1022 2559 causa
1050 2524 1094 2560 fit
1117 2523 1378 2560 artificiatum:
1409 2536 1498 2571 ergo
1520 2532 1555 2561 et

490 2575 613 2612 forma
634 2584 689 2613 est
721 2575 827 2613 cuius
843 2589 957 2613 causa
978 2583 1032 2612 est
1051 2575 1209 2613 materia
1228 2577 1266 2613 in
1286 2576 1552 2614 artificialibus.

490 2629 539 2664 Et
562 2628 657 2666 sicut
684 2629 722 2666 in
750 2629 807 2666 his
837 2642 936 2678 quae
964 2636 1050 2666 sunt
1078 2629 1290 2666 secundum
1320 2637 1451 2675 artem,
1482 2641 1552 2666 nos

489 2681 648 2719 facimus
676 2682 875 2719 materiam
907 2689 1073 2741 propter·
1091 2694 1189 2730 opus
1217 2682 1325 2728 artis,
1365 2682 1470 2730 quod
1499 2689 1554 2718 est

488 2733 614 2783 ipsum
643 2735 883 2772 artificiatum
912 2737 953 2780 ’ς
984 2735 1033 2771 ita
1065 2734 1104 2771 in
1136 2734 1367 2771 naturalibus
1396 2734 1552 2771 materia

488 2787 584 2824 inest
621 2801 644 2824 a
675 2795 810 2825 natura
837 2800 915 2824 non
944 2799 966 2823 a
994 2787 1105 2823 nobis
1134 2787 1230 2823 facta
1249 2785 1276 2833 ⁰,
1307 2787 1551 2824 nihilominus

490 2840 656 2877 eundem
698 2841 844 2878 habens
886 2839 1060 2876 ordinem
1103 2840 1151 2876 ad
1190 2840 1374 2887 formam,
1413 2839 1552 2877 scilicet

489 2894 593 2941 quod
623 2900 678 2930 est
704 2900 860 2942 propter
892 2893 1069 2929 formam.

487 3086 533 3104 ars
545 3079 639 3112 fictilis
652 3079 724 3112 facit
737 3079 784 3108 sE,
804 3086 849 3103 ars
861 3078 992 3112 figularis
1003 3078 1076 3112 facit
1091 3079 1127 3109 G,
1136 3078 1220 3112 figuli
1231 3079 1304 3112 sacit
1318 3079 1377 3110 BV,
1391 3079 1493 3112 figulus
1505 3080 1552 3112 sa-

488 3115 526 3140 cit
539 3115 686 3145 CNOQsK,
705 3114 805 3147 singuli
817 3114 888 3147 facit
907 3114 960 3146 pK,
974 3114 1056 3147 siguli
1066 3114 1176 3147 faciunt
1194 3114 1314 3145 DlTvx3
1327 3114 1399 3148 facit
1413 3122 1467 3139 orn.
1483 3114 1535 3139 RZ.

541 3151 562 3182 ε)
583 3150 652 3174 duae
666 3153 738 3174 artes
751 3153 846 3174 sunt.-
857 3149 925 3174 duae
938 3153 1011 3174 artes
1023 3153 1086 3174 sunt
1099 3156 1166 3182 quae
1180 3153 1243 3174 sunt
1256 3149 1332 3181 CDa,
1348 3149 1416 3174 duae
1430 3153 1503 3174 artes
1517 3150 1551 3180 E,

488 3185 556 3210 duae
575 3188 647 3210 artes
661 3192 728 3217 quae
742 3188 803 3210 sunt
818 3185 978 3209 AlKTVX.-
988 3184 1038 3209 Pro
1047 3185 1240 3217 principantes,
1257 3185 1452 3217 principiantes
1471 3185 1512 3210 ed.
1527 3192 1551 3214 a,

483 3220 646 3252 principales
666 3220 706 3245 ed.
725 3220 753 3249 b,
773 3220 819 3244 sed
844 3220 869 3244 in
889 3220 1046 3244 correctione
1065 3225 1209 3245 erratorum
1227 3219 1303 3244 habet
1321 3221 1339 3245 I.
1353 3220 1538 3252 principantes
1545 3228 1553 3250 ,-

488 3256 627 3281 materiam
647 3263 700 3280 om.
720 3255 756 3286 ῦς
776 3255 845 3280 idest
862 3263 915 3280 om.
934 3255 1012 3288 pEG3
1033 3263 1080 3288 pro
1095 3255 1274 3287 praecipiunt,
1293 3255 1494 3287 principiantur
1514 3255 1551 3286 Q,

484 3291 674 3322 principantur
688 3295 735 3315 cet.
747 3291 821 3315 codd.
833 3298 884 3315 exc.
896 3290 955 3322 EG,
971 3298 1019 3322 pro
1034 3290 1219 3319 diiudicantes,
1232 3290 1378 3315 dividentes
1391 3290 1552 3322 F,1·udican-

489 3329 526 3350 tes
546 3326 627 3355 FGY,
648 3326 845 3350 indiuiduantes
865 3326 930 3355 HM;
949 3334 996 3358 pro
1009 3333 1076 3358 quae
1091 3326 1243 3359 cstsactiva
1261 3325 1412 3358 arttjiciati,
1432 3333 1499 3358 quae
1513 3328 1553 3350 est

482 3361 588 3393 sactiva
607 3344 715 3394 artificii
734 3361 842 3390 EGHN,
862 3368 929 3393 quae
948 3364 987 3386 est
999 3361 1232 3394 factiva‚sci1icet
1250 3368 1317 3392 quae
1336 3364 1375 3386 est
1385 3361 1493 3402 factiva
1507 3368 1552 3385 ar-

489 3396 591 3427 tificiati
610 3396 963 3421 ABCDFIKMORVXYZm
974 3396 1024 3421 Pro
1043 3396 1249 3421 architectonica
1268 3396 1326 3420 editi
1345 3401 1371 3420 et
1387 3393 1488 3428 plurimi
1509 3403 1551 3420 co-

490 3431 558 3454 dices
578 3431 656 3455 modo
674 3431 893 3460 architectonica,
914 3432 993 3456 modo
1011 3432 1158 3457 architecta
1177 3431 1218 3456 vel
1236 3430 1438 3460 «architectoria,-
1453 3431 1499 3455 sed
1519 3430 1550 3455 cf.

489 3470 628 3497 utrumque
647 3470 753 3490 textum.

542 3499 567 3531 ζ)
587 3500 749 3531 gubernator
767 3501 902 3542 cognoscit
916 3505 942 3526 et
956 3502 1080 3527 instituit.
1096 3516 1115 3520 -
1131 3502 1181 3526 Pro
1199 3502 1371 3534 gubernator,
1391 3501 1550 3542 gubernato-

489 3534 532 3558 ria
552 3535 636 3563 ΕΟΗ,
662 3536 707 3559 sed
731 3535 762 3559 cf.
786 3537 870 3560 statim
891 3537 996 3569 sactor,·
1022 3545 1068 3569 pro
1087 3537 1223 3570 cognoscit
1249 3540 1276 3562 et
1300 3536 1428 3565 instituit,
1454 3536 1550 3562 consti-

490 3569 542 3593 tuit
560 3572 585 3593 et
604 3569 718 3594 instituit
737 3571 771 3599 Ι,
790 3572 925 3603 cognoscit
943 3575 968 3596 et
986 3572 1123 3597 constituit
1142 3573 1174 3603 F,
1190 3572 1325 3606 cognoscit
1348 3575 1374 3597 et
1392 3571 1507 3596 instituit
1525 3575 1551 3597 et

1136 278 1481 317 PHYSICORUM
1509 280 1858 317 ARISTOTELIS
1889 281 1982 317 LIB.
2014 282 2045 317 ΙΙ

1672 359 1784 396 Unde
1804 358 1971 408 sequitur
1990 359 2092 407 quod
2112 358 2283 396 eiusdem
2303 359 2478 398 scientiae
2497 361 2674 399 naturalis

1619 411 1664 448 sit
1701 411 1940 448 considerare
1968 411 2166 448 materiam
2196 419 2232 448 et
2259 412 2436 450 formam.

1672 476 1708 512 9.
1747 465 1918 501 Tertiam
1951 464 2134 501 rationem
2166 464 2274 513 ponit
2305 464 2379 502 ibi:
2413 465 2586 514 Amplius
2617 477 2676 503 eo-

1618 529 1704 553 rum
1733 525 1824 554 etc.:
1859 529 1957 566 quae
1985 517 2066 554 talis
2095 524 2160 554 est.
2208 518 2355 554 Eorum
2387 528 2486 565 quae
2514 525 2600 563 sunt
2627 518 2680 555 ad>

1617 569 1769 618 aliquid,
1781 582 1858 606 una
1873 577 1929 606 est
1942 569 2107 607 scientia.
2125 570 2200 607 Sed
2215 570 2372 607 materia
2384 577 2439 607 est
2453 570 2500 607 de
2515 581 2676 608 numero

1618 633 1753 658 eorum
1772 634 1870 670 quae
1891 630 1977 659 sunt
1996 622 2045 659 ad
2064 622 2216 670 aliquid,
2238 622 2327 671 quia
2346 622 2479 659 dicitur
2501 629 2510 643 ¹
2533 623 2583 660 ad
2601 623 2676 660 for-

1617 686 1734 711 mam.
1751 675 1868 721 Quod
1883 687 1961 712 non
1980 674 2067 712 ideo
2089 675 2221 712 dicitur
2240 675 2347 724 quasi
2361 675 2442 724 ipsa
2461 674 2618 712 materia
2632 675 2678 712 sit

1617 726 1655 763 in
1674 739 1812 774 genere
1840 728 2041 775 relationis,
2063 728 2131 765 sed
2159 728 2247 776 quia
2277 727 2427 765 cuilibet
2445 728 2591 765 formae
2613 727 2690 765 de„

1617 779 1839 816 terminatur
1855 780 2010 829 propria
2028 780 2206 817 materia:
2235 788 2270 818 et
2288 781 2366 817 hoc
2391 788 2447 818 est
2465 780 2570 829 quod
2589 780 2676 817 sub-

1618 831 1687 878 dit,
1716 832 1823 880 quod
1851 834 1921 870 sub
1950 833 2022 870 alia
2041 833 2165 870 forma
2184 840 2333 882 oportet
2352 845 2434 870 esse
2455 833 2568 870 aliam
2596 844 2676 869 ma-

1616 884 1761 921 teriam.
1791 885 1903 922 Unde
1931 885 2152 934 relinquitur
2170 886 2275 934 quod
2299 886 2471 923 eiusdem
2499 885 2676 923 scientiae

1617 937 1793 974 naturalis
1823 939 1843 959 *⁴
1871 938 1918 975 sit
1945 938 2183 975 considerare
2212 939 2376 976 formam
2405 947 2441 975 et
2463 938 2674 976 materiam.

1676 1002 1732 1027 10.
1762 990 1911 1027 Deinde
1931 1002 2019 1028 cum
2041 990 2142 1028 dicit:
2177 992 2301 1039 Usque
2323 991 2375 1028 ad
2392 997 2572 1039 quantum
2592 998 2675 1038 etc„

1617 1042 1781 1080 ostendit
1807 1051 1991 1091 quantum
2020 1056 2061 1080 se
2081 1043 2257 1080 extendat
2286 1043 2535 1080 consideratio
2557 1043 2676 1080 scien-

1616 1095 1688 1132 tiae
1722 1096 1899 1133 naturalis
1934 1096 2047 1137 circa,
2067 1096 2244 1132 formam.
2283 1097 2332 1132 Et
2360 1095 2456 1132 circa
2491 1097 2567 1132 hoc
2599 1095 2676 1133 duo

1617 1147 1726 1184 facit:
1759 1148 1885 1197 primo
1917 1156 2051 1186 movet
2083 1148 2343 1196 quaestionem
2381 1149 2500 1195 hanc,
2539 1147 2678 1186 scilicet

1616 1213 1738 1248 usque
1767 1201 1816 1238 ad
1844 1208 2028 1250 quantum
2061 1207 2234 1248 oporteat
2261 1200 2470 1237 naturalem
2505 1200 2676 1238 conside—

1618 1265 1700 1290 rare
1729 1253 1777 1290 de
1797 1254 1920 1290 forma
1940 1261 1976 1290 et
1995 1252 2200 1302 quidditate
2220 1252 2273 1289 rei
2302 1255 2412 1299 (nam
2437 1253 2676 1290 considerare

1617 1306 1759 1343 formas
1783 1313 1820 1349 et
1839 1306 2064 1355 quidditates
2093 1317 2220 1342 rerum
2240 1305 2406 1342 absolute
2422 1305 2573 1343 videtur
2590 1318 2675 1354 per-

1617 1359 1735 1395 tinere
1749 1365 1763 1380 ’‘
1778 1358 1827 1395 ad
1855 1358 2126 1407 philosophum
2146 1357 2348 1407 primum);
2376 1359 2546 1396 secundo
2566 1358 2677 1396 solvit

1616 1411 1722 1459 quod
1750 1411 1845 1448 sicut
1867 1411 2039 1448 medicus
2068 1410 2281 1447 considerat
2308 1422 2483 1458 nervum,
2513 1419 2549 1448 et
2569 1411 2675 1449 faber

1616 1476 1681 1500 aes
1708 1476 1830 1512 usque
1859 1464 1909 1500 ad
1936 1463 2102 1512 aliquem
2130 1463 2347 1510 terminum,
2376 1463 2426 1500 ita
2445 1471 2482 1500 et
2499 1464 2676 1501 naturalis

1616 1517 1769 1554 formas.
1800 1516 1973 1554 Medicus
2002 1516 2104 1554 enim
2132 1528 2211 1553 non
2240 1516 2453 1554 considerat
2481 1516 2528 1554 de
2555 1529 2675 1554 nervo

1615 1569 1840 1618 inquantum
1870 1577 1926 1606 est
1953 1581 2104 1616 nervus,
2134 1570 2209 1606 hoc
2237 1569 2339 1606 enim
2362 1569 2524 1618 pertinet
2544 1570 2593 1606 ad
2611 1581 2676 1607 na·-

1615 1624 1788 1669 turalem,
1818 1623 1886 1660 sed
1913 1622 2137 1671 inquantum
2167 1630 2223 1659 est
2250 1622 2463 1659 subiectum
2492 1622 2675 1668 sanitatis;

1617 1683 1652 1712 et
1671 1675 1839 1712 similiter
1857 1675 1963 1712 faber
1991 1675 2038 1712 de
2066 1687 2153 1712 aere
2174 1687 2253 1712 non
2273 1674 2498 1724 inquantum
2518 1682 2573 1712 est
2591 1687 2675 1723 aes,
2701 1688 2704 1690 ·

1616 1729 1683 1765 sed
1702 1729 1927 1777 inquantum
1943 1734 1998 1764 est
2011 1728 2224 1765 subiectum
2243 1735 2386 1765 statuae
2405 1736 2469 1765 aut
2489 1727 2676 1765 alicuius*

1615 1781 1848 1818 huiusmodi.
1879 1782 1929 1818 Et
1955 1780 2123 1818 similiter
2151 1781 2329 1818 naturalis
2356 1793 2435 1818 non
2464 1781 2676 1819 considerat

1617 1834 1663 1871 de
1683 1835 1807 1871 forma
1826 1834 2051 1882 inquantum
2071 1841 2126 1870 est
2141 1834 2276 1880 forma,
2293 1834 2359 1871 sed
2379 1833 2605 1882 inquantum
2619 1841 2676 1871 est

1615 1887 1652 1924 in
1673 1887 1840 1925 materia.
1871 1888 1920 1923 Et
1947 1886 2033 1923 ideo
2053 1886 2148 1923 sicut
2166 1886 2337 1924 medicus
2358 1886 2396 1924 in
2415 1894 2562 1924 tanturn
2582 1898 2673 1924 con-

1615 1940 1753 1977 siderat
1782 1939 1829 1977 de
1857 1952 1976 1977 nervo
2005 1939 2043 1976 in
2063 1947 2247 1988 quantum
2275 1940 2436 1989 pertinet
2463 1940 2511 1977 ad
2539 1939 2674 1978 sanita·

1614 2001 1712 2041 tem,
1752 1993 1857 2030 cuius
1893 2005 2005 2030 causa
2039 1992 2251 2030 considerat
2285 2005 2470 2039 nervum;
2508 1993 2676 2030 similiter

1614 2047 1791 2083 naturalis
1805 2046 1843 2083 in
1862 2053 2008 2082 tantum
2025 2047 2045 2068 ⁸²
2060 2046 2272 2083 considerat
2291 2047 2338 2084 de
2357 2046 2480 2083 forma
2498 2046 2538 2083 in
2557 2057 2674 2094 quan-

1613 2107 1694 2136 tum
1724 2100 1839 2136 habet
1867 2111 1949 2135 esse
1977 2098 2015 2135 in
2043 2098 2211 2135 materia.

1666 2153 1715 2188 Et
1742 2152 1829 2189 ideo
1856 2151 2040 2188 terminus
2069 2151 2377 2188 considerationis
2404 2150 2580 2188 scientiae
2608 2163 2673 2188 na-

1612 2205 1739 2242 turalis
1760 2213 1815 2242 est
1834 2204 1931 2241 circa
1959 2204 2101 2241 formas
2121 2216 2219 2252 quae
2239 2204 2395 2254 quidem
2409 2204 2429 2225 ⁸
2443 2211 2530 2242 sunt
2547 2203 2673 2252 aliquo

1612 2258 1730 2295 modo
1759 2264 1975 2306 separatae,
2005 2257 2073 2294 sed
2100 2265 2229 2294 tamen
2254 2269 2337 2293 esse
2362 2257 2504 2295 habent
2530 2257 2570 2294 in
2592 2269 2673 2295 ma⁴

1611 2311 1713 2348 teria.
1744 2312 1792 2347 Et
1810 2310 2031 2347 huiusmodi
2049 2310 2196 2346 formae
2223 2317 2310 2347 sunt
2337 2309 2490 2346 animae
2511 2309 2672 2348 rationa—

1610 2365 1679 2400 les:
1692 2408 1697 2411 μ
1709 2376 1808 2412 quae
1828 2363 1983 2412 quidem
1996 2370 2090 2405 ,sunt
2107 2370 2303 2411 separatae
2322 2363 2547 2411 inquantum
2567 2362 2672 2401 intel-

1610 2416 1746 2453 lectiva
1763 2416 1882 2454 virtus
1903 2417 1924 2437 ²¹⁸
1943 2428 2024 2453 non
2045 2422 2100 2452 est
2127 2422 2231 2452 actus
2259 2415 2415 2452 alicuius
2439 2415 2570 2463 organi
2589 2427 2671 2452 cor-

1609 2469 1760 2518 poralis,
1781 2469 1877 2506 sicut
1894 2469 2013 2506 virtus
2030 2467 2153 2505 visiva
2182 2475 2238 2504 est
2256 2474 2360 2504 actus
2389 2467 2506 2514 oculi;
2535 2467 2604 2505 sed
2630 2467 2670 2506 in

1609 2521 1766 2558 materia
1799 2529 1886 2558 sunt
1918 2521 2142 2570 inquantum
2171 2520 2262 2557 dant
2295 2533 2376 2558 esse
2410 2521 2583 2558 naturale
2606 2520 2669 2557 tali

1609 2574 1768 2623 corpori.
1799 2575 1848 2610 Et
1866 2575 1971 2622 quod
1991 2573 2063 2610 sint
2082 2574 2120 2610 in
2138 2572 2306 2621 materia,
2335 2585 2404 2622 per
2420 2574 2495 2610 hoc
2513 2573 2668 2622 probat,

1608 2627 1713 2676 quod
1741 2627 1864 2663 forma
1898 2626 2095 2663 cuiuslibet
2121 2626 2176 2663 rei
2207 2634 2405 2674 generatae
2439 2638 2484 2663 ex
2511 2626 2669 2664 materia

1608 2688 1663 2716 est
1690 2680 1814 2716 forma
1833 2679 1910 2716 *in
1939 2679 2112 2716 materia:
2141 2679 2191 2716 ad
2217 2679 2303 2716 hoc‘
2320 2679 2422 2716 enim
2448 2678 2669 2717 terminatur

1606 2733 1808 2780 generatio,
1829 2740 1870 2769 ut
1889 2733 2012 2769 forma
2044 2732 2089 2769 sit
2116 2732 2155 2769 in
2175 2732 2342 2769 materia.
2366 2732 2444 2769 Sed
2466 2733 2586 2769 horno
2606 2729 2667 2780 g'e-

1606 2794 1757 2822 neratur
1781 2798 1825 2822 ex
1845 2785 2002 2822 materia
2022 2793 2059 2822 et
2077 2785 2124 2821 ab
2148 2785 2318 2833 homine,
2338 2785 2446 2834 quasi
2467 2785 2515 2822 ab
2535 2793 2668 2832 agente

1604 2838 1758 2887 proprio
1779 2839 1815 2885 ²³²,
1839 2846 1874 2875 et
1892 2851 1914 2875 a
1937 2839 2016 2875 sole
2035 2846 2217 2887 tanquam
2237 2839 2285 2875 ab
2305 2845 2439 2886 agente
2465 2838 2668 2875 universati

1605 2899 1778 2940 respectu
1805 2891 2091 2939 generabilium:
2126 2891 2228 2928 unde
2257 2891 2426 2940 sequitur
2457 2891 2562 2939 quod
2589 2890 2667 2928 ani-

1607 3079 1686 3120 Iignis
1706 3079 1819 3108 ΑΙΚΤα,
1844 3086 1881 3103 ex
1904 3079 1996 3111 quibus
2015 3079 2056 3104 vel
2073 3079 2193 3111 qualibus
2216 3079 2296 3112 lignis
2314 3078 2495 3110 EGHMNRZ,
2518 3084 2556 3104 ex
2573 3079 2666 3111 qulbus

1606 3115 1686 3181 1¹8„ss
1705 3114 1774 3174 ξιξ-ιιι
1783 3150 1989 3183 sorma.-sicut
2006 3156 2033 3174 se
2052 3149 2129 3174 habet
2141 3149 2235 3182 forma
2254 3149 2448 3174 EGHN.·-Lin‚
2462 3156 2518 3182 seq.
2533 3157 2581 3182 pro
2599 3149 2666 3175 arti-

1599 3184 1732 3217 ficiatum,
1743 3184 1884 3216 artificium
1900 3185 1935 3214 N3
1949 3192 1996 3218 pro
2010 3191 2075 3217 ergo
2087 3187 2121 3213 et,
2132 3187 2158 3209 et
2167 3184 2246 3209 etiam
2262 3184 2317 3214 ΕΗ,
2327 3190 2391 3217 ergo
2406 3183 2426 3209 F
2431 3192 2438 3216 ς
2453 3187 2492 3209 est
2506 3190 2566 3217 post
2570 3186 2667 3218 forma

1606 3227 1659 3245 om.
1679 3219 1753 3244 codd.
1772 3227 1825 3244 exc.
1846 3220 1950 3251 EFGN3
1970 3227 2018 3252 pro
2037 3222 2076 3244 est
2094 3224 2154 3251 post
2171 3226 2260 3248 causa,
2274 3219 2312 3252 fit
2329 3219 2408 3244 EHN.

1660 3253 1684 3287 Θ)
1705 3262 1756 3280 ηοη
1775 3262 1792 3279 a
1809 3252 1882 3279 nobis
1888 3257 2062 3288 factm—non
2076 3254 2140 3279 alibi
2153 3255 2230 3286 facta
2249 3254 2414 3287 AKVXplO,
2433 3262 2484 3279 non
2499 3254 2607 3281 aliunde
2618 3254 2665 3288 sa-

1606 3293 1649 3315 cta
1664 3290 1717 3320 CsI,
1738 3297 1789 3315 non
1804 3289 1876 3314 alibi.
1894 3290 1957 3314 al'a
1977 3290 2050 3315 nobis
2063 3289 2141 3323 sacta
2159 3290 2189 3319 S,
2210 3290 2249 3315 uel
2267 3290 2317 3315 etsi
2330 3296 2381 3315 non
2398 3290 2518 3315 manibus
2537 3297 2588 3315 non
2603 3289 2667 3315 alibi

1600 3325 1679 3359 facta
1697 3325 1721 3350 Τ
1740 3325 1925 3350 correctionem
1945 3325 2110 3358 marginalem
2130 3325 2206 3349 textui
2227 3325 2372 3350 inserendo.
2390 3325 2514 3357 Legimus
2533 3333 2592 3350 cum
2611 3324 2666 3350 Pab

1606 3365 1631 3385 et
1651 3366 1698 3385 cet.
1718 3361 1816 3385 codd.-
1826 3361 1915 3385 Statim
1936 3366 1994 3394 post
2013 3360 2181 3385 nihilominus
2201 3361 2218 3384 S
2237 3360 2295 3385 add.
2313 3360 2350 3385 al’
2361 3360 2479 3386 ulterius.

1660 3397 1678 3428 ι)
1698 3396 1761 3428 quia
1780 3395 1886 3421 dicitur.
1896 3409 1915 3414 -
1925 3399 1951 3421 et
1964 3396 2063 3421 dicitur
2076 3394 2191 3424 PEGab5
2208 3395 2246 3420 ad
2253 3397 2374 3429 sormam
2387 3403 2441 3421 om.
2455 3395 2534 3428 EpG5
2553 3402 2601 3429 pro
2613 3401 2664 3419 non

1607 3431 1673 3461 ideo,
1688 3431 1746 3456 ideo
1766 3438 1816 3456 non
1837 3430 2099 3463 PAGHIKOQSTpL
2115 3436 2139 3455 et
2152 3431 2201 3460 ιὼς
2220 3438 2268 3463 pro
2287 3430 2393 3461 dicitur,
2407 3430 2472 3456 dicit
2485 3431 2518 3462 Η,
2533 3430 2592 3455 dico
2604 3429 2650 3454 EG
2656 3437 2663 3461 ;

1606 3474 1652 3498 pro
1676 3466 1752 3498 quasi
1775 3466 1844 3498 ipsa,
1869 3467 1940 3498 quod
1965 3467 2022 3499 ipsa
2040 3465 2235 3494 DEHRTVZa,
2260 3466 2323 3498 quia
2348 3465 2405 3497 ipsa
2429 3463 2629 3490 PBGlKMNXb.
2646 3477 2665 3484 -

1606 3501 1695 3526 Statim
1715 3501 1754 3526 ΡΞ
1772 3510 1825 3526 om.
1838 3502 1900 3534 quia
1919 3507 1977 3526 ante
1995 3501 2107 3529 cuiIibet,
2127 3509 2174 3533 pro
2193 3508 2245 3533 quo
2264 3500 2505 3533 PABCGHRSZpE
2523 3504 2550 3525 et
2565 3499 2608 3524 ab
2627 3500 2663 3524 le-

1605 3542 1668 3569 gunt
1686 3537 1830 3562 cuiuslibet.

1658 3572 1683 3603 κ)
1704 3572 1808 3597 videtur
1822 3572 1966 3604 pertineo-a
1974 3571 2116 3604 -pertinet
2134 3571 2240 3597 EGM.-
2249 3571 2300 3596 Pro
2317 3570 2432 3596 secundo
2449 3570 2536 3599 soluit,
2548 3569 2662 3595 secundo

490 3603 614 3637 intelligit
634 3604 664 3629 N.
682 3618 701 3624 -
719 3605 768 3629 Pro
787 3613 823 3630 ex
841 3606 933 3638 quibus
952 3610 978 3631 et
996 3607 1116 3639 qualibus
1135 3607 1228 3640 lignis,
1253 3615 1291 3633 ex
1310 3607 1403 3640 quibus
1421 3607 1551 3639 aliquibus
1604 3607 1682 3632 solvit
1700 3607 1788 3632 dicens
1808 3607 1914 3637 HRYZ,
1934 3611 1960 3632 et
1977 3606 2055 3632 soluit
2073 3611 2121 3631 cet.
2140 3611 2166 3632 et
2184 3614 2200 3631 a
2215 3607 2239 3632 b.

2704 949 2715 959 ⁸
2729 948 2847 971 namralis
2867 954 2916 972 on.

2704 981 2768 997 EGRZ·

2703 1736 2714 1748 “
2728 1736 2820 1765 altqutd
2831 1742 2882 1759 unz.

2701 2056 2713 2068 t
2731 2058 2841 2084 quanm
2858 2062 2912 2079 Acin

2701 2088 2756 2104 vxa.

2700 2214 2712 2226 ⁸
2721 2214 2812 2243 quidem
2819 2221 2868 2238 om.
2875 2221 2911 2238 m.

2697 2423 2808 2473 Lam.
2818 2424 2908 2448 ‘'²⁶¹¹‘'

2694 2690 2906 2738 figor-»mont

2695 2723 2740 2740 a.
2848 2726 2851 2729 “

2694 2849 2907 2899 ὲοέῗᾜξὲἔηὲ
