2950 4004
1155 286 1266 324 CAP.
1295 285 1347 332 v,
1377 285 1526 322 LECT.
1556 286 1591 323 x

2384 286 2449 321 131

1049 493 1347 550 LECTIO
1386 494 1700 548 DECIMA

296 637 572 670 OSTENDITUR
587 636 806 675 QUOMODO
821 636 1045 673 INFINITUM
1059 635 1136 674 SIT,
1149 635 1293 665 NEMPE
1307 635 1398 666 NON
1415 635 1540 666 SICUT
1556 635 1635 666 ENS
1652 636 1693 665 IN
1708 635 1838 673 ACTU‚
1855 636 1933 666 SED
1949 636 2074 667 SICUT
2089 636 2168 667 ENS
2185 637 2227 666 IN
2241 635 2459 667 POTENTIA

838 713 860 720 —
881 697 1208 728 COMPARANTUR
1236 697 1294 727 AD
1319 697 1498 728 INVICEM
1520 698 1702 728 DIVERSA
1726 698 1914 729 INFINITA

285 830 363 864 ’Ὀτι
387 828 445 873 μὲν
473 826 527 860 οὖν
554 827 700 872 ἐνεργείᾳ
726 826 785 857 οὐκ
811 825 884 856 ἐστι
908 825 1005 868 σῶμα
1032 824 1182 869 ἄπειρον,
1207 826 1347 868 φανερόν

359 874 397 906 ἐκ
412 870 557 904 τούτων.
576 869 653 902 ’Ότι
669 865 699 901 δ’
720 870 748 900 εἰ
764 868 811 913 μή
830 869 920 901 ἐστιν
941 869 1074 914 α”πειρον
1095 870 1220 910 ἁπλῶς,
1237 869 1350 901 πολλοὶ

362 911 520 949 ἀδύνατα
539 914 727 958 συμβαίνει,
745 908 861 949 δῆλον·
886 913 949 945 τοῦ
975 925 1012 945 τε
1028 913 1092 959 γάρ
1113 913 1232 958 χρόνου
1252 913 1349 946 ἔσται

360 971 410 998 τις
437 958 524 1004 ἀρχή
548 960 605 990 καὶ
632 956 795 998 τελευτή,
820 958 878 988 καὶ
903 956 951 989 τά
974 956 1097 1002 μεγέθη
1124 958 1161 989 οὐ
1191 953 1349 1000 διαιρεταὶ

358 1005 403 1041 εἰς
454 1001 575 1048 εγέθη,
599 1004 658 1033 καὶ
691 1000 826 1045 ἀριθμός
852 1001 911 1032 οὐκ
940 1001 1038 1032 ἐσται
1065 1001 1211 1044 ἄπειρος.
1240 1001 1347 1033 Ὅταν

357 1044 396 1080 δὲ
419 1013 640 1090 ἕιωρισμένων
667 1044 772 1082 οὕτως
803 1040 994 1089 μηδετέρως
1026 1047 1188 1087 φαίνηται
1218 1041 1348 1089 ἐνδέχε-

358 1091 455 1132 σθαι,
486 1087 669 1127 διαιτητοῦ
693 1084 764 1131 δεῖ,
788 1090 847 1120 καὶ
876 1084 979 1125 δῆλον
1012 1087 1065 1121 ὅτι
1090 1090 1158 1127 πῶς
1183 1089 1242 1132 μὲν
1275 1089 1349 1122 ἔστι

360 1137 428 1174 πῶς
453 1131 482 1167 δ’
511 1133 561 1166 οὔ.

292 1179 442 1226 Λέγεται
466 1175 508 1215 δή
535 1177 576 1210 τό
601 1174 685 1208 εἶναι
712 1177 752 1208 τό
805 1177 836 1208 ἐν
862 1171 1013 1219 δυνάμει,
1031 1177 1072 1208 τό
1088 1175 1126 1208 δέ
1144 1176 1349 1221 ἐντελεχείᾳ·

359 1226 416 1255 καὶ
442 1224 482 1256 τό
502 1222 636 1265 ἄπειρον
656 1219 729 1252 ἔστι
746 1233 804 1265 μεν
825 1219 1011 1264 προσθέσει,
1032 1219 1106 1252 ἔστι
1122 1216 1234 1252 δὲκαὶ
1254 1222 1351 1265 ἀφαι-

360 1267 459 1309 ρέσει·
490 1266 531 1300 τὸ
566 1261 603 1296 δὲ
635 1263 772 1310 μέγεθος
810 1263 864 1297 ὅτι
895 1264 953 1308 μὲν
983 1265 1061 1296 κατ’
1092 1263 1258 1310 ἐνέργειαν
1291 1266 1351 1297 οὐκ

360 1312 452 1344 ἔστιν
485 1310 640 1352 ἄπειρον,
667 1313 820 1353 εἴρηται,
850 1303 1010 1351 διαιρέσει
1034 1303 1063 1340 δ’
1092 1309 1196 1341 ἐστίν·
1223 1310 1261 1341 οὐ
1286 1310 1350 1355 γάρ

359 1354 511 1401 χαλεπὸν
546 1353 672 1385 ἀνελεῖν
703 1353 766 1390 τάς
801 1351 949 1396 ἀτόμους
979 1352 1149 1398 γραμμάς.
1187 1354 1351 1386 Λείπεται

361 1399 417 1431 οὖν
442 1394 582 1430 δυνάμει
607 1394 692 1428 εἶναι
717 1396 758 1429 τό
785 1397 932 1437 ἄπειρον.

363 1438 416 1474 δεῖ
437 1437 475 1474 δὲ
500 1453 541 1473 το
566 1437 704 1484 δυνάμει
731 1439 764 1471 ὃν
789 1439 993 1484 λαμβάνειν,
1019 1438 1127 1483 ὥσπερ
1153 1440 1180 1470 εἰ
1205 1437 1350 1472 δυνατόν

361 1487 456 1519 τοῦτ’
481 1480 666 1528 ἀνδριάντα
691 1481 789 1524 εἶναι,
809 1485 848 1522 ὠς
873 1485 931 1516 καὶ
957 1484 1054 1515 ἔσται
1079 1484 1178 1516 τοῦτ’
1202 1481 1350 1528 ἀνδριάς,

362 1529 451 1563 οὕτω
482 1531 540 1560 καὶ
571 1528 650 1560 ἄπει
673 1528 707 1559 όν
740 1539 794 1568 τι,
821 1529 837 1559 ὃ
864 1528 961 1560 ἔσται
987 1528 1147 1572 ἐνεργείᾳ·
1176 1528 1249 1559 ἀλλ’
1279 1529 1351 1562 ἐπεὶ

293 1443 339 1476 Οὗ

362 1573 542 1618 πολλαχῶς
566 1571 607 1604 τό
631 1583 730 1612 ειναι,
749 1570 858 1615 ὥσπερ
881 1573 901 1607 ἡ
921 1571 1029 1614 ἡμέρα
1055 1572 1127 1604 ἐστὶ
1151 1574 1208 1603 καὶ
1227 1574 1242 1604 ὁ
1262 1573 1350 1619 ἀγών
1372 1575 1374 1578 “

361 1619 409 1659 τῷ
429 1618 479 1649 ἀεὶ
499 1616 581 1648 ἄλλο
598 1618 655 1647 καὶ
675 1616 757 1647 ἄλλο
774 1615 938 1659 γίνεσθαι,
955 1615 1043 1647 οὕτω
1064 1617 1123 1646 καὶ
1139 1616 1180 1647 τό
1200 1615 1348 1661 ἄπειρον.

359 1663 426 1692 Καὶ
443 1660 506 1706 γάρ
533 1660 586 1691 ἐπὶ
612 1658 743 1691 τούτων
770 1659 843 1691 ἐστὶ
867 1661 924 1690 καὶ
948 1654 1087 1702 δυνάμει
1103 1661 1160 1690 καὶ
1187 1660 1349 1706 ἐνεργείᾳ·

355 1703 527 1748 Ὀλύμπια
550 1701 615 1748 γάρ
641 1704 715 1735 ἐστι
738 1704 796 1734 καὶ
821 1703 869 1743 τῷ
894 1698 1060 1735 δύνασθαι
1085 1702 1144 1734 τόν
1172 1705 1286 1749 ἀγῶνα
1304 1708 1354 1750 γί-

361 1747 474 1780 νεσθαι
497 1748 556 1778 καὶ
581 1748 628 1787 τῷ
653 1745 830 1792 γίνεσθαι,

287 1792 414 1829 Ἀλλως
438 1787 467 1822 δ’
491 1790 523 1822 ἐν
548 1802 586 1822 τε
611 1792 660 1832 τῷ
678 1789 782 1834 χρόνῳ
803 1785 905 1826 δῆλον
923 1789 963 1821 τό
984 1789 1119 1830 ἄπειρον
1137 1792 1194 1821 καὶ
1212 1792 1267 1823 ἐπὶ
1285 1792 1351 1823 τῶν

363 1835 540 1880 ἀνθρώπων
564 1836 623 1865 καὶ
648 1835 703 1866 ἐπὶ
728 1835 790 1870 τῆς
816 1829 1007 1877 διαιρέσεως
1032 1834 1098 1864 τῶν
1124 1834 1283 1879 μεγεθῶν.

288 1880 392 1917 Ὃλως
418 1879 476 1923 μὲν
501 1878 565 1924 γάρ
590 1877 696 1915 οὕτως
723 1878 795 1910 ἐστὶ
821 1877 862 1909 τὸ
888 1877 1036 1921 ἄπειρον,
1056 1878 1103 1918 τῷ
1123 1879 1175 1911 ἀεὶ
1195 1879 1277 1911 ἄλλο
1295 1881 1351 1910 καὶ

362 1923 445 1956 ἄλλο
476 1921 731 1964 λαμβάνεσθαι,
764 1923 822 1953 καὶ
846 1921 888 1953 τὸ
917 1920 1173 1965 λαμβανόμενον
1207 1923 1266 1965 μὲν
1301 1921 1352 1954 ἀεὶ

360 1965 444 2007 εἶναι
470 1979 555 1999 πεπε
578 1966 735 2011 ασμένον,
764 1965 836 1998 ἀλλ’
866 1963 916 1997 ἀεί
941 1977 978 2010 γε
1005 1963 1117 2008 ἕτερον
1141 1968 1199 1999 καὶ
1225 1966 1349 2011 ἕτερον.

353 2011 456 2043 ’Ὦστε
481 2010 522 2043 τό
549 2022 683 2052 απειρον
709 2007 747 2041 οὐ
771 2005 823 2040 δεῖ
844 2009 1029 2053 λαμβάνειν
1056 2011 1096 2047 ὠς
1119 2005 1198 2042 τόδε
1216 2023 1262 2051 τι,
1284 2011 1352 2042 οἷον

364 2054 534 2099 ἄνθρωπον
560 2054 580 2091 ἦ
608 2055 728 2095 οὶκίαν,
749 2053 821 2085 ἀλλ’
851 2054 892 2090 ὠς
919 2054 939 2088 ἡ
966 2052 1075 2097 ἡμέρα
1098 2053 1239 2100 λέγεται
1260 2056 1318 2086 καὶ
1337 2056 1352 2086 ὁ

364 2099 467 2145 ἀγών,
493 2099 539 2136 οἷς
565 2098 605 2130 τό
631 2096 716 2130 εἶναι
743 2098 805 2142 οὐχ
828 2098 870 2134 ὠς
895 2097 994 2129 οὐσία
1018 2109 1068 2134 τις
1093 2098 1248 2144 γέγονεν,
1277 2097 1349 2131 ἀλλ’

363 2143 415 2176 ἀεὶ
440 2141 472 2175 ἑν
497 2142 624 2187 γενέσει
649 2141 671 2179 ἦ
696 2141 814 2186 φθορᾷ,
841 2142 868 2172 εὶ
892 2143 949 2173 καὶ
975 2141 1246 2186 πεπερασμένον,
1276 2141 1347 2175 ἀλλ’

365 2187 415 2220 ἀεί
439 2199 478 2232 γε
504 2187 616 2231 ἕτερον
640 2187 698 2218 καὶ
722 2185 848 2229 ἕτερον.
1334 2224 1336 2228 ,

291 2231 381 2263 Ἀλλ’
403 2229 434 2262 ἐν
451 2230 510 2274 μὲν
531 2234 602 2268 τοῖς
627 2228 811 2276 μεγέθεσιν,
832 2227 1058 2271 ὑπομένοντος
1078 2230 1139 2260 τοῦ
1155 2228 1351 2273 ληφθέντος,

364 2276 469 2308 τοῦτο
494 2274 681 2319 συμβαίνει,
701 2272 754 2306 ἐπὶ
779 2269 816 2305 δέ
842 2273 904 2303 τοῦ
928 2271 1047 2318 χρόνου
1072 2274 1129 2303 καὶ
1147 2274 1212 2306 τῶν
1234 2273 1355 2316 ἀνθρώ-

363 2331 432 2351 πων
458 2317 673 2363 φθειρομένων
701 2316 805 2355 οὕτως
831 2315 917 2347 ὥστε
943 2316 989 2360 μή
1018 2316 1214 2348 ἐπιλείπειν.

295 2363 341 2395 Τό
365 2358 403 2395 δὲ
426 2362 521 2395 κατά
545 2361 719 2406 πρόσθεσιν
745 2362 786 2394 τό
812 2358 900 2392 αὐτό
926 2361 997 2392 ἐστί
1024 2372 1092 2397 πως
1117 2363 1175 2392 καὶ
1200 2361 1241 2392 τό
1258 2361 1353 2393 κατά

346 2402 535 2450 διαίρεσιν·
561 2407 594 2438 ἑν
618 2406 683 2451 γοὶρ
708 2406 756 2446 τῷ
789 2404 1029 2448 πεπερασμένῳ
1058 2405 1154 2436 κατά
1179 2403 1352 2449 πρόσθεσιν

362 2453 494 2497 γίνεται
513 2449 827 2494 ἀντεστραμμένως·
848 2448 867 2490 ᾗ
885 2449 948 2493 γάρ
971 2443 1202 2492 διαιρούμενον
1230 2450 1352 2493 ὁρᾶται

362 2495 407 2532 εἰς
433 2494 582 2536 ἄπειρον,
602 2494 717 2537 ταύτῃ
743 2491 1000 2537 προστιθέμενον
1026 2496 1184 2535 φανεῖται
1210 2493 1289 2535 πρὸς
1314 2494 1354 2526 τὸ

363 2537 553 2583 ὡρισμένον·
582 2535 613 2570 ἐν
631 2538 695 2584 γάρ
713 2538 760 2579 τῷ
779 2537 1018 2579 πεπερασμένῳ
1036 2535 1166 2582 μεγέθει
1186 2535 1223 2568 ὂὶν
1240 2537 1353 2577 λαβών

364 2593 413 2619 τις
438 2581 613 2626 ὡρισμένον
644 2580 888 2625 προσλαμβάνῃ
915 2581 962 2622 τῷ
988 2579 1081 2621 αὐτῷ
1106 2580 1213 2626 λόγῳ,
1240 2582 1285 2624 μή
1313 2582 1354 2613 τό

364 2625 452 2658 αὐτό
476 2637 510 2658 τι
534 2625 670 2671 μέγεθος
697 2626 744 2666 τῷ
771 2624 833 2665 ’όλῳ
861 2623 1131 2670 περιλαμβάνων,
1154 2625 1192 2656 οὐ
1217 2620 1353 2665 διέξεισι

365 2670 406 2702 τὸ
427 2669 690 2712 πεπερασμένον·
710 2669 768 2700 ἐάν
787 2664 816 2699 δ’
840 2669 945 2706 οὕτως
967 2667 1054 2710 αὔξῃ
1072 2669 1131 2700 τόν
1148 2668 1248 2714 λόγον
1267 2669 1353 2702 ὥστε

366 2714 418 2744 ἀεί
443 2723 477 2744 τι
494 2712 536 2743 τὸ
558 2710 644 2744 αὐτὸ
670 2713 929 2755 περιλαμβάνειν
955 2711 1106 2757 μέγεθος,
1124 2708 1272 2754 διέξεισι,
1295 2709 1354 2746 διαὶ

365 2755 407 2788 τό
431 2756 499 2788 πᾶν
529 2755 571 2787 τό
603 2756 853 2800 πεπερασμένον
888 2754 1095 2798 ἀναιρεῖσθαι
1126 2758 1252 2796 ὁτῳοῦν
1282 2759 1354 2802 ὠρι-

366 2798 483 2844 σμένῳ.
502 2798 629 2836 Ἀλλως
653 2799 711 2842 μὲν
738 2798 794 2831 οὖν
821 2800 880 2832 οὐκ
905 2799 1010 2840 ἔστιν,
1039 2799 1143 2837 οὕτως
1167 2796 1196 2831 δ’
1218 2801 1291 2832 ἔστι
1312 2800 1353 2833 τό

367 2842 522 2886 ἄπειρον,
548 2838 685 2886 δυνάμει
711 2855 748 2875 τε
772 2845 830 2874 καὶ
856 2843 908 2875 ἐπὶ
932 2842 1035 2875 καθαι
1058 2843 1135 2875 ε’σει.
1171 2845 1239 2885 Καὶ
1263 2845 1355 2876 ἐντε-

364 2888 480 2930 λεχείᾳ
505 2882 542 2918 δέ
568 2887 677 2927 ἐστίν,
703 2888 744 2925 ὥς
769 2886 832 2922 τήν
858 2885 984 2930 ’ἡμέραν
1014 2898 1099 2918 ειναι
1122 2888 1264 2933 λέγομεν
1294 2890 1352 2920 καὶ

366 2931 425 2964 τόν
453 2930 589 2976 ἀγῶνα,
621 2933 679 2962 καὶ
710 2926 850 2972 δυνάμει
883 2930 988 2967 οὕτως
1013 2931 1054 2968 ὠς
1079 2931 1100 2966 ἡ
1127 2930 1207 2971 ὕλη,
1232 2934 1289 2963 καὶ
1316 2932 1353 2963 οὐ

364 2973 437 3006 καθ’
463 2974 564 3015 αὑτό,
583 2975 624 3011 ὡς
649 2974 690 3006 τὸ
715 2986 800 3007 πεπε
823 2974 980 3019 ασμένον.
1005 2976 1070 3007 Καὶ
1094 2975 1191 3007 κατά
1216 2974 1354 3020 πρόσθε-

365 3030 413 3050 σιν
439 3013 482 3055 δή
508 3017 614 3055 οὕτως
642 3017 775 3060 ἄπειρον
801 2987 939 3063 δυνάμει
964 3019 1069 3059 ἐστίν,
1089 3018 1105 3050 ὃ
1123 3019 1235 3052 ταύτό
1257 3020 1354 3066 λέγο-

365 3074 423 3106 μεν
449 3062 574 3105 τρόπον
599 3061 680 3093 τινά
703 3061 787 3094 εἶναι
812 3064 860 3105 τῷ
892 3063 987 3095 κατά
1017 3058 1190 3106 διαίρεσιν·
1218 3064 1267 3096 ἀεὶ
1293 3064 1351 3108 μὲν

365 3104 429 3151 γάρ
455 3117 489 3138 τι
514 3106 622 3138 αὐτοῦ
648 3105 709 3146 ἔξω
735 3107 833 3139 ἔσται
856 3105 1061 3150 λαμβάνειν,

299 3149 338 3181 οὗ
363 3148 479 3192 μέντοι
504 3149 686 3191 ὑπερβαλεῖ
708 3151 837 3188 παντὸς
858 3149 1037 3194 ὡρισμένου
1055 3149 1225 3196 μεγέθους,
1244 3150 1352 3195 ὥσπερ

318 3200 320 3204 “
367 3192 421 3224 ἐπὶ
446 3192 509 3229 τήν
534 3188 692 3235 διαίρεσιν
718 3194 919 3239 ύπερβάλλει
937 3194 1065 3232 παντὸς
1082 3194 1276 3239 ὡρισμένου,
1294 3197 1352 3227 καὶ

367 3236 465 3268 ἔσται
489 3236 651 3270 ἔλαττον.

292 3279 395 3312 ’Ὥστε
419 3275 456 3311 δὲ
481 3281 609 3316 παντὸς
627 3280 846 3334 ύπετρβάλλειν
868 3282 962 3314 κατά
981 3281 1043 3317 τήν
1063 3281 1249 3324 πρόσθεσιν,
1273 3277 1352 3314 οὐδὲ

365 3318 504 3366 δυνάμει
530 3322 639 3356 οἷόντε
663 3335 761 3364 ειναι,
787 3326 878 3368 εἴπερ
902 3323 951 3367 μή
975 3325 1048 3357 ἐστι
1072 3326 1167 3357 κατά
1187 3325 1351 3369 συμβεβη-

364 3367 421 3404 κός
447 3368 637 3412 ἐντελεχείᾳ
669 3366 823 3411 ἄπειρον,
849 3367 956 3411 ὥσπερ
981 3370 1078 3412 φασὶν
1106 3371 1134 3400 οἱ
1159 3369 1350 3415 φυσιολόγοι

367 3411 407 3442 τό
433 3411 494 3451 ἔξω
519 3412 614 3454 σῶμα
638 3411 700 3442 τοῦ
721 3410 859 3454 κόσμου,
879 3411 916 3443 οὗ
942 3411 962 3447 -ἠ
989 3411 1085 3443 οὐσία
1102 3411 1123 3447 ἦ
1142 3412 1207 3456 ‹nl-rip
1226 3411 1248 3448 ἦ
1267 3413 1349 3444 ἄλλο

366 3467 400 3486 τι
425 3455 594 3494 τοιοῦτον,
616 3453 749 3498 ἄπειρον
775 3452 871 3486 εἶναι.
902 3455 991 3486 Ἀλλ’
1012 3455 1039 3486 εἰ
1064 3455 1110 3498 μή
1136 3455 1245 3487 οἷόντε
1265 3453 1349 3488 εἶναι

367 3498 500 3543 ἄπειρον
534 3499 726 3542 ἐντελεχείᾳ
757 3499 854 3540 σῶμα
886 3497 1045 3534 αἰσθητόν
1075 3497 1183 3540 οὕτω,
1210 3500 1348 3543 φανερόν

367 3541 420 3574 ὅτι
452 3536 530 3574 οὐδὲ
557 3537 696 3585 δυνάμει
722 3540 759 3573 ὀὲν
785 3544 834 3578 εἴη
858 3542 954 3574 κατά
977 3541 1168 3586 πρόσθεσιν,
1205 3543 1276 3574 ἀλλ’
1306 3542 1347 3584 ἥ,

365 3585 473 3630 ὥσπερ
498 3587 639 3630 εἴρηται,
669 3585 966 3630 ἀντεστραμμένως
992 3586 1035 3627 τῇ
1061 3580 1231 3628 διαιρέσει·

1404 827 1421 846 *
1436 828 1534 865 Quod
1552 829 1682 870 quidem
1701 830 1794 869 igitur
1813 836 1883 860 actu
1907 840 2021 869 corpus
2037 839 2103 859 non
2120 829 2159 859 sit
2174 827 2343 866 infinitum,
2360 829 2459 859 mani-
2486 837 2496 846 ⁸

1471 873 1587 903 festum
1610 883 1646 903 ex
1668 873 1726 904 his.
1743 873 1760 892 *
1776 874 1873 910 Quod
1899 881 2004 904 autem
2027 873 2052 903 si
2071 883 2136 903 non
2156 872 2194 902 sit
2212 871 2371 903 infinitum
2385 873 2459 902 sim-

1471 917 1610 956 pliciter,
1638 917 1738 947 multa
1766 917 1973 957 impossibilia
2001 917 2155 954 accidant,
2188 916 2379 946 manfestum
2404 923 2459 947 est.

1471 961 1640 1000 Temporis
1664 961 1749 991 enim
1773 961 1829 991 erit
1851 961 2013 1001 quoddam
2036 960 2227 1000 principium
2257 966 2286 990 et
2315 959 2402 998 finis;
2431 967 2461 990 et

1471 1004 1703 1043 magnitudines
1726 1015 1792 1034 non
1815 1005 1982 1034 divisibiles
2005 1005 2038 1034 in
2064 1004 2313 1044 magnitudines3
2343 1010 2373 1034 et
2402 1014 2460 1034 nu-

1471 1046 1577 1078 m‘erus
1593 1058 1659 1078 non
1674 1048 1731 1078 erit
1746 1048 1896 1079 infinitus.
1922 1048 2007 1079 Cum
2027 1055 2144 1086 autem,
2169 1047 2380 1078 determinatis
2399 1047 2460 1085 sic,

1471 1098 1585 1122 neutro
1604 1092 1702 1121 modo
1721 1092 1847 1123 videtur
1871 1092 2068 1131 contingere,
2092 1093 2133 1122 ob
2157 1091 2218 1121 hoc
2244 1091 2386 1122 videlicet
2416 1098 2462 1121 est

1467 1135 1671 1166 manifestum
1694 1136 1782 1176 quod
1801 1135 1844 1165 sic
1867 1136 1997 1176 quidem
2020 1142 2080 1174 est,
2105 1135 2147 1166 sic
2166 1142 2272 1165 autem
2295 1145 2371 1165 non.

1405 1177 1528 1210 Dicitur
1550 1179 1644 1219 igitur
1667 1189 1732 1209 esse
1756 1179 1840 1209 aliud
1864 1179 1993 1219 quidem
2009 1179 2159 1219 potentia,
2180 1179 2264 1208 aliud
2281 1188 2355 1208 vero
2379 1185 2460 1209 actu.

1472 1223 1513 1253 Et
1535 1222 1694 1254 infinitum
1713 1229 1758 1253 est
1774 1223 1904 1263 quidem
1923 1223 2131 1262 appositione,
2151 1229 2196 1253 est
2213 1229 2319 1252 autem
2335 1229 2364 1253 et
2380 1222 2461 1252 abla-

1472 1267 1568 1298 tione.
1594 1266 1780 1306 Magnitudo
1797 1273 1914 1304 autem,
1931 1267 2018 1307 quod
2035 1266 2163 1307 quidem
2182 1273 2252 1296 actu
2271 1276 2335 1296 non
2360 1266 2398 1296 sit
2415 1266 2461 1296 in-

1472 1310 1570 1348 finita,
1586 1311 1705 1341 dictum
1727 1317 1787 1340 est:
1817 1310 1970 1340 divisione
1995 1317 2100 1340 autem
2122 1317 2177 1340 est.
2199 1311 2272 1339 Non
2295 1310 2379 1340 enim
2404 1309 2461 1340 dif-

1472 1354 1552 1385 ficile
1579 1355 1735 1384 destruere
1765 1354 1966 1385 indivisibiles
1989 1354 2097 1385 lineas.
2113 1354 2129 1373 *
2143 1353 2342 1394 Relinquitur
2370 1354 2464 1393 igitur

1473 1398 1614 1438 potentia
1637 1408 1702 1428 esse
1725 1397 1894 1428 infinitum.

1406 1442 1480 1472 Non
1499 1448 1626 1481 oportet
1641 1448 1747 1471 autem
1770 1442 1911 1481 potentia
1930 1451 1984 1471 ens
2007 1441 2156 1481 accipere,
2180 1440 2260 1470 sicut
2275 1440 2300 1470 si
2316 1440 2463 1479 possibile

1469 1485 1508 1515 sit
1530 1485 1592 1515 hoc
1616 1491 1751 1516 statuam
1769 1495 1820 1514 aes
1843 1495 1924 1523 esse,
1949 1486 2037 1526 quod
2061 1491 2091 1515 et
2117 1484 2173 1514 erit
2191 1484 2251 1514 hoc
2278 1490 2392 1522 statua;
2421 1484 2463 1514 sic

1474 1535 1504 1559 et
1525 1528 1695 1566 infinitum,
1719 1529 1808 1569 quod
1827 1529 1883 1559 erit
1899 1535 1979 1559 actu.
1998 1529 2059 1559 Sed
2081 1528 2235 1569 quoniam
2251 1528 2464 1567 multipliciter

1474 1579 1520 1603 est
1543 1582 1619 1610 esse,
1643 1573 1917 1613 quemadmodum
1936 1573 2000 1603 dies
2021 1579 2051 1603 et
2073 1582 2155 1612 agon
2171 1572 2203 1602 in
2233 1581 2356 1611 semper
2379 1572 2464 1602 aliud

1474 1623 1504 1646 et
1527 1616 1612 1646 aliud
1634 1616 1711 1653 fieri,
1736 1616 1778 1646 sic
1803 1623 1832 1646 et
1854 1616 2013 1647 infinitum
2041 1623 2095 1646 est.
2119 1617 2160 1646 Et
2190 1625 2328 1655 namque
2351 1616 2383 1645 in
2415 1615 2464 1645 his

1470 1666 1515 1690 est
1539 1666 1568 1690 et
1591 1660 1730 1699 potentia
1747 1667 1776 1690 et
1799 1666 1879 1690 actu.
1905 1659 2055 1700 Olympia
2071 1660 2156 1690 enim
2180 1666 2253 1690 sunt
2268 1659 2345 1689 etin
2370 1669 2462 1699 posse

1475 1713 1610 1743 agonem
1630 1702 1705 1742 fieri,
1731 1710 1760 1733 et
1782 1703 1815 1733 in
1835 1714 1872 1734 eo
1889 1704 1977 1744 quod
1999 1703 2043 1734 fit.

1407 1796 1506 1827 Aliter
1529 1803 1635 1827 autem
1658 1803 1688 1826 et
1706 1796 1738 1826 in
1757 1803 1899 1836 tempore
1922 1797 2123 1827 manifestum
2145 1797 2232 1837 quod
2251 1795 2410 1827 infinitum
2433 1803 2463 1826 et

1474 1841 1507 1870 in
1530 1840 1722 1878 hominibus,
1747 1847 1777 1870 et
1799 1840 1832 1869 in
1857 1840 2008 1870 divisione
2031 1840 2296 1880 magnitudinum.

1409 1883 1551 1914 Omnino
1575 1884 1705 1924 quidem
1728 1883 1812 1913 enim
1844 1884 1887 1914 sic
1911 1891 1956 1914 est
1982 1883 2151 1921 infinitum,
2175 1884 2207 1914 in
2231 1894 2354 1924 semper
2379 1883 2463 1913 aliud

1475 1934 1505 1958 et
1528 1928 1614 1958 aliud
1636 1927 1834 1967 accipiendo;
1858 1934 1888 1958 et
1910 1935 2074 1967 acceptum
2097 1928 2226 1967 quidem
2249 1937 2372 1967 semper
2398 1937 2463 1956 esse

1474 1971 1610 2009 finitum,
1627 1972 1682 2001 sed
1705 1981 1828 2011 semper
1843 1972 1974 2002 alterum
1998 1978 2028 2002 et
2050 1971 2192 2002 alterum.
2204 1971 2220 1990 *
2235 1972 2339 2008 Quare
2362 1970 2463 2001 infini-

1475 2022 1545 2046 tum
1568 2025 1633 2045 non
1657 2021 1783 2055 oportet
1805 2015 1943 2056 accipere
1966 2015 2045 2045 sicut
2067 2015 2128 2045 hoc
2147 2015 2280 2055 aliquid,
2303 2022 2339 2045 ut
2361 2015 2463 2045 homi-

1475 2069 1549 2089 nem
1572 2066 1626 2089 aut
1645 2059 1794 2097 domum;
1811 2059 1865 2089 sed
1889 2059 1968 2090 sicut
1985 2059 2049 2089 dies
2065 2059 2176 2089 dicitur
2193 2065 2223 2089 et
2238 2069 2331 2098 agon,
2348 2058 2462 2098 quibus

1475 2113 1541 2133 esse
1556 2113 1621 2133 non
1637 2103 1716 2132 sicut
1735 2103 1906 2133 substantia
1921 2103 2076 2144 quaedam
2091 2102 2210 2133 facturn
2225 2109 2279 2133 est.
2303 2102 2364 2133 Sed
2383 2112 2463 2132 sem-

1475 2157 1530 2187 per
1551 2147 1585 2176 in
1608 2146 1807 2186 generatione
1823 2154 1877 2178 aut
1892 2147 2092 2187 corruptione
2114 2146 2254 2186 finitum,
2273 2147 2326 2176 sed
2342 2156 2464 2186 semper

1475 2191 1609 2221 alterum
1632 2197 1663 2221 et
1685 2191 1828 2221 alterum.

1409 2235 1470 2265 Sed
1492 2235 1525 2264 in
1549 2234 1817 2274 magnitudinibus
1842 2234 1986 2274 quidem,
2014 2241 2214 2274 permanente
2238 2241 2380 2273 accepto,
2403 2234 2464 2264 hoc

1475 2278 1600 2308 accidit:
1625 2278 1657 2308 in
1681 2277 1863 2308 hominibus
1887 2285 1993 2309 autem
2008 2285 2038 2308 et
2056 2285 2209 2318 tempore,
2227 2278 2396 2317 corruptis,
2421 2278 2463 2308 sic

1475 2328 1511 2351 ut
1534 2332 1599 2352 non
1623 2322 1662 2351 sit
1685 2321 1823 2352 deficere.

1408 2366 1425 2384 *
1442 2366 1539 2402 Quod
1554 2372 1661 2395 autem
1678 2366 1852 2395 secundum
1869 2365 2112 2405 appositionem,
2123 2365 2207 2395 idem
2224 2365 2463 2405 quodammodo

1476 2416 1521 2439 est
1544 2416 1574 2439 et
1597 2409 1684 2449 quod
1708 2415 1753 2439 est
1772 2410 1947 2439 secundum
1971 2409 2166 2439 divisionem.
2195 2409 2356 2439 Infinitum
2379 2409 2464 2439 enim

1476 2453 1650 2483 secundum
1673 2453 1905 2493 appositionem
1920 2453 1955 2483 fit
1969 2463 1985 2483 e
1998 2453 2163 2484 contrario:
2186 2454 2360 2483 secundum
2376 2454 2464 2493 quod

1476 2497 1560 2527 enim
1585 2497 1720 2527 divisum
1743 2497 1865 2527 videtur
1886 2497 1920 2527 in
1943 2496 2119 2535 infinitum,
2147 2496 2190 2526 sic
2213 2497 2394 2536 appositum
2417 2498 2462 2527 vi-

1477 2541 1599 2571 debitur
1615 2541 1654 2570 ad
1670 2541 1920 2571 determinatum.
1948 2541 1982 2570 In
1998 2540 2066 2571 finit
2101 2540 2185 2570 enim
2199 2540 2413 2580 magnitudine
2437 2541 2462 2571 si

1476 2585 1630 2625 accipiens
1653 2584 1764 2625 aliquis
1784 2584 2035 2623 determinatum,
2053 2584 2182 2624 accipiet
2205 2584 2313 2614 eadem
2333 2584 2461 2622 ratione,

1476 2638 1542 2658 non
1565 2629 1696 2658 eandem
1720 2628 1859 2669 aliquam
1881 2628 2131 2668 magnitudinem
2154 2628 2272 2658 ratione
2296 2628 2460 2667 accipiens,

1475 2683 1541 2703 non
1562 2672 1701 2703 transibit
1716 2672 1851 2702 finitum.
1877 2672 1930 2702 Sin
1949 2683 2023 2704 vero
2039 2672 2082 2702 sic
2098 2678 2278 2711 augmentet
2296 2672 2461 2710 rationem,

1475 2723 1511 2747 ut
1533 2726 1657 2756 semper
1679 2716 1812 2746 eandem
1834 2717 1972 2756 aliquam
1995 2716 2034 2746 sit
2049 2716 2186 2756 accipere
2202 2716 2461 2755 magnitudinem,

1475 2760 1616 2790 transibit
1630 2759 1766 2797 finitum,
1780 2767 1907 2800 propter
1921 2760 1952 2789 id
1968 2761 2055 2800 quod
2072 2770 2166 2790 omne
2181 2759 2306 2789 finitum
2325 2759 2459 2789 absumi-

1475 2811 1526 2834 tur
1541 2804 1683 2844 quolibet
1705 2803 1805 2834 finito.
1829 2804 1927 2834 Aliter
1941 2804 2071 2844 quidem
2086 2803 2179 2843 igitur
2194 2813 2259 2833 non
2279 2810 2334 2841 est,
2351 2804 2393 2833 sic
2407 2814 2461 2834 au-

1475 2854 1540 2878 tem
1559 2854 1604 2878 est
1619 2847 1792 2886 infinitum,
1817 2847 1957 2887 potentia
1973 2854 2003 2878 et
2022 2847 2183 2878 divisione.
2204 2847 2253 2877 Et.
2267 2854 2336 2877 actu
2355 2854 2460 2877 autem

1475 2897 1531 2929 est,
1556 2891 1636 2921 sicut
1651 2891 1735 2921 diem
1751 2901 1816 2921 esse
1839 2891 1972 2922 dicimus
1997 2898 2027 2922 et
2049 2898 2198 2931 agonem;
2221 2897 2250 2921 et
2264 2891 2403 2931 potentia
2419 2891 2462 2922 sic

1475 2935 1555 2965 sicut
1577 2935 1750 2973 materiam,
1771 2942 1801 2966 et
1819 2945 1884 2965 non
1900 2945 1955 2975 per
1970 2946 2003 2965 se
2017 2935 2096 2966 sicut
2114 2935 2248 2965 finitum.
2270 2935 2287 2954 *
2299 2935 2338 2965 Et
2354 2945 2461 2966 secun-

1475 2979 1553 3009 dum
1568 2979 1801 3019 appositionem
1816 2979 1910 3018 igitur
1924 2979 1967 3009 sic
1982 2979 2142 3010 infinitum
2154 2979 2293 3019 potentia
2308 2986 2362 3017 est,
2374 2980 2462 3019 quod

1474 3022 1559 3052 idem
1575 3023 1707 3053 dicimus
1723 3023 1962 3063 quodammodo
1980 3033 2045 3054 esse
2069 3023 2097 3054 ei
2120 3023 2208 3063 quod
2227 3029 2272 3053 est
2288 3024 2461 3054 secundum

1475 3066 1677 3096 divisionem:
1701 3077 1824 3107 semper
1847 3067 1977 3107 quidem
2003 3067 2087 3097 enim
2117 3066 2236 3107 aliquid
2258 3066 2355 3106 ipsius
2379 3074 2461 3097 extra

1474 3117 1520 3140 est
1542 3120 1690 3150 accipere.

1406 3154 1481 3184 Non
1504 3161 1608 3184 tamen
1633 3154 1752 3184 excellit
1781 3164 1910 3184 omnem
1935 3154 2170 3184 determinatam
2201 3153 2459 3193 magnitudinem,

1474 3197 1554 3228 sicut
1575 3197 1607 3227 in
1632 3197 1784 3228 divisione
1799 3198 1918 3228 excedit
1933 3207 2063 3228 omnem
2077 3198 2324 3235 determinatam,
2348 3203 2378 3226 et
2404 3197 2460 3226 erit

1473 3241 1587 3272 minor.

1407 3285 1512 3322 Quare
1536 3285 1682 3315 excellere
1705 3295 1800 3315 omne
1819 3285 1994 3315 secundum
2017 3284 2257 3324 appositionem,
2274 3293 2375 3323 neque
2398 3293 2456 3323 po-

1473 3329 1567 3358 tentia
1590 3329 1738 3368 possibile
1767 3335 1812 3358 est
1842 3335 1924 3358 esse:
1949 3327 2105 3368 siquidem
2128 3337 2193 3357 non
2216 3334 2260 3357 est
2283 3327 2456 3357 secundum

1472 3372 1613 3402 accidens
1637 3379 1707 3402 actu
1730 3371 1908 3409 infinitum,
1933 3371 2012 3400 sicut
2035 3370 2142 3400 dicunt
2165 3370 2347 3411 physiologi
2372 3377 2454 3401 extra

1472 3425 1586 3455 corpus
1603 3416 1724 3454 mundi,
1742 3415 1829 3445 cuius
1847 3414 2015 3445 substantia
2039 3420 2085 3444 est
2099 3424 2150 3444 aer
2166 3421 2219 3444 aut
2241 3414 2326 3444 aliud
2349 3414 2457 3445 huius-

1472 3459 1569 3490 modi.
1599 3459 1659 3489 Sed
1682 3459 1707 3489 si
1737 3469 1802 3488 non
1826 3458 1973 3497 possibile
1996 3465 2041 3488 est
2068 3467 2133 3488 esse
2157 3458 2316 3489 infinitum
2342 3468 2456 3498 corpus

1471 3502 1614 3532 sensibile
1631 3509 1700 3532 actu
1725 3502 1777 3539 sic,
1794 3501 1996 3532 manifestum
2019 3502 2106 3542 quod
2122 3511 2224 3542 neque
2243 3502 2382 3542 potentia
2397 3504 2456 3534 uti-

1472 3556 1533 3586 que
1550 3546 1606 3576 erit
1625 3546 1797 3576 secundum
1817 3545 2067 3585 appositionem3
2091 3546 2144 3576 sed
2161 3553 2225 3585 aut,
2242 3546 2321 3578 sicut
2337 3546 2455 3578 dictum

1473 3596 1529 3627 est,
1553 3599 1569 3619 e
1594 3589 1747 3619 contrario
1772 3589 1926 3619 divisioni.

2519 836 2573 864 Seq,
2595 837 2651 864 Cap.
2676 842 2699 856 v.

2486 862 2552 884 Text.
2566 863 2601 890 56.

2486 889 2496 899 ⁴¹
2511 888 2567 916 Cap.
2582 895 2614 910 vr.

2490 1359 2498 1366 ·
2514 1357 2580 1378 Text.
2595 1363 2628 1385 57.

2491 1980 2499 1988 ·
2513 1978 2579 2000 Text.
2595 1980 2630 2006 58.

2491 2373 2501 2383 *
2515 2371 2581 2393 Text.
2597 2377 2632 2399 59.

2488 2945 2498 2955 ⁸
2513 2945 2579 2967 Text.
2594 2945 2632 2967 60.
