2898 3996
206 3391 215 3399 ⁰
231 3389 291 3411 idest
314 3389 363 3411 rab.

438 253 515 299 452

1047 251 1391 289 PHYSICORUM
1418 253 1764 290 ARISTOTELIS
1794 253 1887 290 LIB.
1917 255 2003 292 VIII

961 474 1260 531 LECTIO
1299 477 2092 534 VIGESIMASECUNDA

647 626 925 657 OSTENDITUR
948 625 1069 663 QUOD
1093 626 1293 657 PROPTER
1315 626 1636 659 DIVERSITATEM
1659 628 1896 668 MOTORUM,
1920 629 2093 660 DEFICIT
2117 629 2410 673 CONTINUITAS

721 683 804 714 VEL
827 682 984 714 UNITAS
1007 683 1175 721 MOTUS,
1201 683 1243 714 IN
1267 683 1518 721 QUIBUSDAM
1542 684 1660 722 QUAE
1684 685 1908 717 VIDENTUR
1931 685 2154 718 CONTINUE
2177 687 2343 718 MOVERI

439 813 514 857 Περὶ
530 806 568 843 δὲ
584 811 852 866 τῶννφερομένων
873 813 982 850 καλῶς
1003 812 1071 856 ἔχει
1088 807 1297 856 διαπορῆσαι
1315 821 1393 843 τινα
1415 810 1497 842 ἀπο·
1549 812 1567 832 *
1582 812 1630 844 De
1645 813 1692 844 his
1709 821 1816 846 autem
1831 825 1912 856 quae
1928 815 2080 856 feruntur,
2097 818 2176 848 bene
2197 827 2229 848 se
2244 818 2338 849 habet
2353 817 2496 849 dubitare
2510 827 2610 860 quan-
2637 825 2648 837 ⁸

507 858 579 898 ρίαν
598 868 743 900 πρωτον.
770 857 806 887 Ει
823 857 887 901 γὰρ
904 858 971 889 πᾶν
989 857 1030 889 τὸ
1051 855 1244 899 κινούμενον
1269 858 1414 887 κινεῖται
1433 854 1498 886 ὑπὸ

507 901 610 942 τινός,
638 900 699 933 ὅσοι
724 900 770 944 μή
797 902 891 934 αὐτοὶ
915 901 1026 934 ἑαυτοὶ
1048 904 1142 941 κινεῖ,
1163 900 1231 937 πῶς
1255 902 1399 931 κινεῖται
1425 898 1497 930 ἔνια,

506 945 648 989 συνεχῶς
681 945 726 989 μή
763 945 957 990 ἁπτομένου
990 945 1053 978 τοῦ
1088 942 1316 983 κινήσαντος,
1351 942 1417 974 οἷον
1452 941 1499 974 τοὶ

505 988 727 1033 ῥιπτούμενα.
1065 1001 1067 1003 ’

440 1036 477 1067 Εἰ
502 1034 529 1066 δ’
554 1032 624 1076 ἅμα
649 1037 732 1064 κινεῖ
753 1034 811 1064 καὶ
838 1033 920 1066 ἄλλο
946 1044 980 1065 τι
1006 1034 1022 1064 ὁ
1045 1031 1199 1073 κινήσας,
1220 1032 1286 1064 οἷον
1312 1030 1371 1063 τὸν
1399 1027 1496 1074 ἀέρα,

508 1080 540 1115 ὃς
565 1077 755 1121 κινούμενος
783 1082 882 1117 κινεῖ,
915 1078 1033 1121 ὁμοίως
1065 1072 1236 1109 ἀδύνατον
1267 1077 1329 1108 τοῦ
1363 1073 1497 1117 πρώτου

506 1122 553 1168 μή
580 1121 774 1165 οἱπτομένου
798 1118 884 1164 μηδὲ
913 1123 1084 1158 κινοῦντος
1112 1119 1295 1161 κινεῖσθαι,
1323 1119 1397 1152 ἀλλ’
1427 1117 1498 1161 ἅμα

507 1165 624 1199 πάντα
648 1168 705 1198 καὶ
729 1165 890 1198 κινεῖσθαι
913 1167 970 1198 καὶΙ
997 1164 1212 1207 πεπαῦσθαι,
1239 1164 1323 1196 ὅταν
1349 1162 1390 1195 τὰ
1413 1163 1500 1207 πρῶ-

507 1222 566 1243 τον
591 1210 701 1241 κινοῦν
735 1209 933 1251 παύσηται,
958 1211 1016 1242 καὶ
1041 1210 1069 1241 εἰ
1094 1213 1184 1242 ποιεῖ
1212 1208 1321 1251 ὥσπερ
1348 1208 1368 1244 ἡ
1393 1206 1495 1247 λίθος,

508 1256 574 1287 οἷον
599 1257 683 1285 κινεῖ
707 1254 723 1286 ὃ
748 1253 909 1293 ἐκίνησεν.

434 1298 582 1345 Ἀνοίγκη
607 1293 650 1334 δή
677 1298 783 1331 τοῦτο
808 1299 867 1342 μέν
897 1297 1026 1344 λέγειν,
1055 1296 1108 1330 ὅτι
1132 1297 1174 1329 τὸ
1200 1297 1331 1340 πρῶτον
1356 1294 1496 1329 κινῆσαν

507 1346 597 1375 ποιεῖ’
620 1341 728 1375 οἷόντε
752 1347 867 1383 κινεῖν,
887 1341 908 1379 ἦ
926 1342 985 1374 τὸν
1013 1340 1096 1386 ἀέρα
1120 1341 1279 1373 τοιοῦτον
1304 1339 1326 1376 ἦ
1351 1339 1392 1372 vd
1411 1333 1496 1381 ὕδωρ

507 1387 529 1423 ἥ
554 1397 587 1419 τι
614 1386 696 1418 ἄλλο
721 1388 879 1419 τοιοῦτον
913 1386 928 1418 ὃ
961 1385 1084 1429 πέφυκε
1115 1389 1214 1416 κινεῖν
1239 1385 1296 1416 καὶ
1319 1380 1494 1416 κινεῖσθαι.

503 1429 591 1462 Ἀλλ’
613 1428 675 1475 οὐχ
694 1429 764 1475 ἅμα.
791 1431 942 1463 παύεται
966 1430 1077 1461 κινοῦν
1101 1431 1159 1460 καὶ
1181 1428 1388 1472 κινούμενον,
1409 1426 1499 1461 ἄλλα

505 1473 697 1518 κινούμενον
722 1475 780 1518 μὲν
807 1475 891 1519 ἅμα,
920 1473 1003 1506 ὅταν
1030 1475 1046 1505 ὁ
1070 1474 1166 1504 κινῶν
1185 1473 1362 1510 παύσηται
1386 1469 1496 1512 κινῶν,

505 1520 616 1551 κινοῦν
642 1514 678 1549 δὲ
704 1518 755 1550 ἔτι
781 1519 866 1552 ἐστί·
892 1514 944 1549 διὸ
968 1519 1026 1549 καὶ
1058 1519 1201 1550 κινεῖταί
1229 1529 1262 1549 τι
1290 1517 1393 1550 ἄλλου
1423 1514 1498 1559 ἑχό-

506 1573 616 1607 μενον·
642 1564 698 1594 καὶ
725 1563 779 1594 ἐπὶ
806 1562 932 1595 τούτου
960 1562 975 1593 ὀ
1002 1559 1105 1599 αὐτὸς
1130 1561 1241 1607 λόγος.
1268 1561 1420 1593 Παύεται
1445 1560 1496 1602 δέ,

508 1607 592 1639 ὅταν
617 1606 771 1639 ὲλοίττων
801 1608 821 1644 ἡ
852 1602 992 1650 δύναμις
1022 1607 1083 1639 τοῦ
1113 1611 1212 1637 κινεῖν
1243 1605 1425 1652 ἐγγένηται
1450 1607 1497 1648 τῷ

507 1650 665 1696 ἐχομένῳ.
691 1650 792 1689 Τέλος
817 1647 854 1683 δὲ
880 1650 1044 1691 παύεται,
1066 1649 1149 1682 ὅταν
1169 1650 1291 1695 μηκέτι
1312 1649 1438 1693 ποιήσῃ
1457 1651 1497 1684 τό

507 1695 668 1740 πρότερον
693 1697 817 1736 κινοῦν,
847 1695 936 1727 ἀλλα
959 1694 1151 1738 κινούμενον
1173 1695 1286 1737 μόνον.
1318 1696 1440 1727 Ταῦτα
1464 1690 1493 1726 δ’

508 1739 638 1785 ἀνάγκη
667 1737 738 1782 ἅμα
763 1738 946 1780 παύεσθαι,
965 1739 1006 1771 τὸ
1031 1738 1090 1782 μὲν
1115 1741 1238 1781 κινοῦν,
1264 1738 1304 1771 τὸ
1330 1734 1367 1771 δὲ
1391 1738 1499 1770 κινού-

506 1795 616 1828 μενον,
642 1785 699 1814 καὶ
726 1783 788 1820 τήν
815 1782 893 1821 ὅλην
917 1785 1056 1820 κίνησιν.

440 1827 530 1866 Αὕτη
557 1828 615 1871 μὲν
650 1825 705 1859 οὖν
736 1828 768 1859 ἐν
797 1831 868 1865 τοῖς
902 1823 1131 1871 ἐνδεχομέναις
1162 1827 1222 1859 ὁτὲ
1249 1826 1307 1870 μὲν
1335 1825 1498 1858 κινεῖσθαι

508 1874 566 1906 ὀτὲ
589 1867 617 1903 δ’
639 1871 771 1916 ἠρεμεῖν
797 1872 993 1927 ἐγγίγνεται
1011 1872 1031 1908 ἡ
1053 1874 1192 1912 κίνησις,
1211 1873 1266 1903 καὶ
1287 1871 1324 1902 ού
1342 1871 1496 1915 συνεχής,

508 1916 597 1950 ἀλλοὶ
625 1918 800 1959 φαίνεται·
826 1920 847 1953 ἢ
872 1915 936 1961 γοὶρ
963 1914 1080 1958 ἐφεξῆς
1108 1915 1212 1947 ὄντων
1243 1913 1263 1951 ἦ
1298 1915 1497 1958 ἁπτομένων

507 1961 609 1994 ἐστίν·
637 1961 675 1992 ού
700 1960 764 2006 γάρ
790 1961 822 1992 ἓν
849 1962 889 1993 τὸ
913 1961 1038 2000 κινοῦν,
1060 1957 1134 1992 ἀλλ’
1157 1959 1304 2004 ἐχόμενοι
1326 1959 1497 1996 ἀλλήλων.

507 2005 562 2037 Διό
587 2007 643 2036 καὶ
670 2005 702 2036 ἐν
730 2003 800 2047 ἀέρι
825 2007 882 2036 καὶ
909 2004 941 2035 ἐν
964 1999 1066 2036 ὕδατι
1083 2006 1215 2049 γίνεται
1241 2005 1260 2040 ἡ
1286 2003 1434 2040 τοιαύτη
1452 2006 1499 2034 κί-

507 2061 610 2090 νησις,
637 2049 676 2085 ἦν
699 2047 835 2093 λέγουσί
861 2060 948 2085 τινες
975 2048 1250 2091 ἀντιπερίστασιν
1275 2045 1372 2080 εἶναι.
1403 2042 1502 2078 Ἀδύ-

507 2105 611 2125 νατον
644 2088 681 2124 δὲ
715 2092 822 2130 ἄλλως
852 2092 899 2125 τοὶ
931 2090 1146 2135 ἀπορηθέντα
1177 2091 1288 2133 λύειν,
1316 2092 1343 2122 εἰ
1367 2091 1414 2136 μή
1441 2091 1499 2124 τὸν

508 2136 677 2180 εἰρημένον
703 2135 843 2180 τρόπον.
866 2138 907 2167 'H
931 2131 959 2167 δ’
984 2134 1259 2180 ἀντιπερίστασις
1287 2134 1357 2179 ἅμα
1382 2135 1499 2168 πάντα

506 2180 666 2212 κινεῖσθαι
693 2185 782 2212 ποιεῖ
803 2181 861 2212 καὶ
885 2184 998 2212 κινεῖν·
1025 2179 1112 2212 ὥστε
1136 2182 1192 2211 καὶ
1220 2179 1402 2213 παύεσθαι.
1431 2180 1498 2210 Νῦν

508 2220 545 2256 δὲ
563 2227 718 2269 φαίνεταί
735 2236 769 2257 τι
788 2225 819 2255 ἓν
839 2223 1031 2268 κινούμενον
1053 2225 1209 2268 συνεχῶς·
1232 2224 1298 2256 ὑπὸ
1316 2226 1405 2261 τίνος
1423 2221 1497 2264 οὖν;

509 2267 546 2300 ου’
571 2269 634 2315 γὰρ
661 2268 725 2300 ὑπὸ
751 2269 814 2300 τοῦ
842 2266 962 2301 αὑτοῦ.

495 2376 644 2403 ΞΥΝοΡεῐς.
669 2391 703 2395 -
731 2384 754 2402 1.
776 2375 987 2411 Argumentum
1009 2381 1037 2402 et
1065 2374 1167 2403 divisio
1188 2380 1288 2403 textus.
1304 2389 1323 2394 —
1344 2374 1501 2402 Dubitatio.

443 2415 556 2451 Corpus
576 2414 739 2451 proiectum
761 2423 821 2442 non
843 2421 885 2442 est
906 2415 942 2442 de
963 2423 1086 2442 numero
1108 2423 1209 2442 eorum
1231 2423 1305 2451 quae
1326 2420 1444 2442 movent
1459 2423 1502 2442 se-

441 2455 517 2490 ipsa,
533 2463 600 2491 ergo
616 2461 746 2481 movetur
756 2455 790 2481 ab
803 2453 868 2481 alio.
882 2454 938 2481 Sed
954 2463 1019 2482 curn
1030 2463 1149 2482 movens
1161 2453 1311 2490 corporale
1327 2459 1442 2482 moveat
1450 2462 1501 2490 per

441 2500 618 2528 contactum,
641 2493 786 2530 quaeritur
807 2494 958 2529 quomodo
980 2493 1107 2529 proiecta
1128 2500 1298 2521 moveantur
1318 2493 1403 2521 etiam
1421 2499 1499 2529 post-

441 2543 528 2570 quam
544 2542 603 2561 non
614 2539 769 2569 tanguntur
782 2542 799 2560 a
813 2539 955 2561 movente.
971 2550 990 2554 -
1005 2540 1031 2560 2.
1047 2533 1213 2560 Excluditur
1226 2532 1332 2561 solutio
1347 2541 1420 2569 quae
1432 2532 1502 2560 dici-

441 2580 487 2600 tur
507 2573 592 2600 fuisse
606 2572 742 2607 Platonis,
758 2582 861 2608 nempe
876 2573 956 2608 quod
977 2572 1130 2608 proiiciens
1145 2572 1194 2608 qui
1212 2572 1307 2608 primo
1325 2572 1415 2600 movit
1429 2572 1499 2608 lapi-

441 2613 516 2647 dem,
532 2612 616 2640 simul
631 2611 720 2639 movit
734 2611 841 2648 aliquid
863 2611 949 2647 aliud,
965 2618 1034 2648 puta
1055 2620 1159 2646 aerem,
1175 2618 1202 2639 et
1216 2621 1265 2639 aer
1286 2618 1382 2639 motus
1404 2617 1501 2639 movet

441 2652 564 2688 lapidem
586 2651 671 2679 etiam
686 2658 751 2687 post
765 2658 929 2679 contactum
944 2651 1128 2687 proiicientis.
1144 2651 1201 2678 Sed
1222 2651 1292 2678 haec
1313 2650 1418 2678 solutio
1439 2660 1500 2678 non

442 2698 559 2719 evacuat
579 2689 792 2719 difficultatem:
808 2700 876 2719 nam
891 2690 1020 2718 similiter
1033 2690 1146 2718 videtur
1166 2690 1343 2726 impossibile
1357 2690 1438 2726 quod
1451 2699 1500 2718 aer

442 2737 600 2765 moveatur,
615 2740 675 2758 non
696 2737 829 2767 tangente
850 2739 944 2767 neque
972 2736 1106 2758 movente
1127 2729 1222 2766 primo
1244 2735 1373 2764 motore,
1395 2739 1499 2765 nempe

442 2770 504 2806 ipso
532 2770 714 2806 proiiciente:
737 2770 848 2798 videtur
875 2769 952 2797 enim
981 2768 1191 2804 necessarium,
1215 2769 1294 2805 quod
1316 2769 1401 2796 simul
1429 2769 1499 2796 dum

441 2810 565 2846 primum
582 2819 700 2838 movens
722 2816 826 2845 movet,
842 2809 942 2837 omnia
956 2815 1135 2843 moveantur,
1152 2815 1179 2836 et
1200 2809 1269 2836 dum
1288 2808 1413 2844 primurn
1436 2818 1499 2836 mo—

441 2859 510 2877 vens
531 2856 621 2877 cessat
642 2859 659 2877 a
680 2850 833 2884 movendo,
849 2849 949 2877 omnia
970 2848 1126 2885 quiescant.
1142 2848 1203 2875 -·3.
1226 2847 1337 2876 solutio
1359 2847 1498 2876 Aristote-

442 2888 484 2916 lis.
500 2889 628 2916 Primum
650 2898 785 2923 movens,
808 2897 912 2925 nempe
934 2887 1102 2925 proiiciens,
1125 2888 1173 2915 dat
1194 2888 1322 2915 secundo
1351 2886 1498 2922 moventi,

443 2927 546 2956 scilicet
557 2928 614 2956 aeri
629 2928 672 2956 vel
683 2928 761 2956 alteri
772 2927 887 2964 corpori
902 2934 970 2964 apto
986 2928 1023 2955 ad
1038 2927 1214 2955 movendum
1229 2936 1353 2963 corpora
1362 2926 1498 2963 proiecta,

442 2976 502 2995 non
524 2968 617 2995 solum
639 2968 718 3004 quod
740 2974 897 3002 moveatur,
909 2967 959 2995 sed
974 2967 1060 2995 etiam
1081 2967 1161 3003 quod
1182 2972 1298 2994 moveat
1318 2966 1404 2994 aliud.
1424 2966 1499 3001 Quia

641 3084 674 3113 χ
707 3075 881 3117 ostquam
923 3068 1178 3116 Philosophus
1216 3066 1380 3104 ostendit
1422 3066 1497 3104 duo

706 3133 803 3170 quae
837 3128 923 3158 sunt
960 3119 1170 3158 necessaria
1207 3119 1256 3156 ad
1293 3119 1497 3168 principale

638 3173 661 3219 >7*
678 3210 688 3221 s
705 3174 942 3222 propositum
999 3171 1305 3219 ostendendum,
1361 3172 1499 3209 scilicet

567 3227 569 3231 ’
594 3254 597 3260 ,
647 3221 687 3256 >¹
707 3227 810 3274 quod
838 3225 1005 3275 potentia
1031 3225 1137 3262 finita
1170 3237 1248 3261 non
1275 3225 1393 3273 possit
1417 3237 1498 3261 mo-

694 3291 732 3315 re
759 3279 925 3326 infinito,
961 3286 997 3315 et
1028 3279 1133 3326 quod
1161 3277 1327 3326 potentia
1356 3277 1498 3314 infinita

444 3343 521 3367 non
540 3331 658 3379 possit
677 3344 758 3368 esse
778 3331 815 3368 in
835 3331 1091 3379 magnitudine
1120 3330 1245 3376 finita;
1275 3342 1375 3367 nunc
1395 3342 1498 3367 acce-

445 3383 498 3419 dit
517 3385 564 3420 ad
583 3384 824 3431 probandum
849 3384 1009 3431 tertium,
1031 3383 1169 3420 scilicet
1187 3383 1207 3404 ³²
1226 3382 1407 3420 unitatem
1427 3383 1499 3431 pri—

445 3435 496 3471 mi
526 3436 693 3473 motoris.
724 3437 772 3473 Et
791 3436 888 3473 circa
916 3437 990 3473 hoc
1015 3436 1091 3473 duo
1121 3436 1224 3473 facit:
1253 3435 1378 3485 primo
1399 3435 1499 3472 enim

446 3488 607 3525 ostendit
629 3489 732 3537 quod
752 3497 906 3538 propter
934 3489 1189 3526 diversitatem
1210 3496 1416 3535 motorum,
1437 3488 1500 3525 de-

446 3540 522 3576 ficit
550 3541 771 3578 continuitas
800 3542 860 3578 vel
889 3541 1010 3578 unitas
1039 3549 1176 3587 motus,
1207 3541 1244 3578 in
1273 3541 1499 3589 quibusdam

1618 857 1692 888 dam
1715 858 1944 890 dubitationem
1966 861 2117 901 primum.
2145 860 2178 892 Si
2201 861 2286 892 enim
2309 872 2406 893 omne
2429 863 2518 903 quod
2539 871 2611 893 mo-

1617 908 1718 941 vetur,
1741 910 1887 934 movetur
1910 905 1948 934 ab
1967 905 2088 946 aliquo,
2111 915 2331 947 quaecumque
2345 916 2412 937 non
2426 906 2496 947 ipsa
2509 906 2611 947 seipsa

1617 953 1763 985 movent;
1777 947 1944 988 quomodo
1967 955 2137 980 moventur
2152 949 2257 990 aliqua
2280 950 2440 990 continue,
2460 960 2526 981 non
2544 957 2611 982 tan-

1617 996 1709 1030 gente
1728 1000 1767 1020 eo
1786 992 1875 1032 quod
1893 999 2011 1032 movet,
2031 1001 2067 1024 ut
2085 991 2242 1033 proiecta?

2637 825 2805 875 Teii-qhefq’·
2832 857 2842 869 ὓ

1552 1031 1585 1063 Si
1600 1040 1707 1064 autem
1722 1034 1817 1065 simul
1832 1043 1940 1067 movet
1954 1042 1985 1067 et
2003 1037 2088 1068 aliud
2104 1036 2223 1076 aliquid
2238 1036 2293 1077 qui
2309 1043 2428 1074 movet,
2444 1043 2481 1068 ut
2495 1047 2610 1077 aerem,
2657 1030 2661 1038 ’

1618 1077 1674 1118 qui
1692 1085 1800 1109 motus
1820 1087 1938 1118 movet,
1954 1080 2096 1112 similiter
2111 1080 2316 1120 impossibile,
2336 1080 2440 1120 primo
2462 1090 2530 1111 non
2544 1087 2611 1112 tau-

1617 1128 1710 1161 gente
1739 1132 1843 1163 neque
1866 1131 2025 1163 movente,
2049 1124 2188 1163 moveri;
2216 1124 2271 1155 sed
2293 1124 2389 1155 simul
2411 1124 2519 1155 omnia
2541 1134 2612 1156 mo-

1617 1165 1699 1204 veri,
1724 1173 1754 1197 et
1772 1167 1929 1208 quiescere
1954 1178 2028 1198 curn
2050 1169 2191 1209 primum
2214 1178 2347 1199 movens
2365 1168 2525 1210 quiescet;
2557 1168 2615 1200 eui

1619 1208 1692 1240 facit
1707 1210 1787 1242 sicut
1801 1211 1892 1252 lapis,
1907 1218 1943 1243 ut
1960 1219 2069 1244 movet
2083 1213 2172 1253 quod
2188 1212 2299 1244 movit.

1551 1296 1685 1327 Necesse
1708 1303 1815 1328 autem
1837 1298 1900 1329 hoc
1923 1299 2053 1340 quidem
2076 1300 2188 1339 dicere,
2212 1300 2302 1340 quod
2324 1299 2465 1340 primum
2480 1309 2612 1332 movens

1619 1339 1692 1372 facit
1714 1342 1863 1382 possibile
1894 1350 1924 1374 et
1955 1353 2083 1375 movere
2112 1351 2167 1376 aut
2194 1353 2298 1374 aerem
2327 1344 2529 1383 huiusmodi,
2560 1350 2615 1376 aut

1619 1394 1736 1425 aquam
1759 1394 1814 1418 aut
1836 1386 1922 1417 aliud
1951 1387 2072 1429 aliquid
2093 1389 2155 1420 tale
2182 1388 2272 1429 quod
2301 1395 2412 1429 aptum
2434 1395 2547 1420 natum
2568 1394 2615 1421 nt

1619 1439 1757 1465 movere,
1782 1437 1812 1462 et
1834 1432 1966 1463 moveri.
1991 1432 2061 1463 Sed·
2082 1442 2148 1464 non
2171 1432 2267 1464 simul
2289 1439 2402 1473 pausat
2428 1441 2561 1463 movens
2583 1437 2615 1463 et

1619 1474 1707 1514 quod
1725 1482 1888 1507 movetur:
1913 1477 1968 1507 sed
1989 1476 2079 1518 quod
2100 1484 2246 1508 movetur
2268 1476 2399 1518 quidem
2420 1476 2517 1508 simul
2539 1485 2615 1508 cum

1619 1527 1752 1549 movens
1776 1519 1910 1560 quievit,
1933 1530 2067 1551 movens
2089 1528 2196 1552 autern
2218 1521 2322 1552 adhuc
2345 1526 2400 1552 est.
2429 1518 2522 1552 Unde
2544 1529 2614 1551 mo-

1617 1567 1708 1592 vetur
1732 1572 1805 1594 cum
1835 1564 1897 1595 alio
1926 1564 2090 1604 habitum,
2121 1572 2152 1596 et
2173 1564 2206 1595 in
2229 1564 2290 1596 hoc
2313 1565 2424 1595 eadem
2454 1563 2533 1595 ratio
2557 1568 2612 1596 est.

1601 1607 1608 1612 ”
1618 1605 1733 1638 Pausat
1751 1615 1868 1647 autem,
1886 1618 1960 1639 cum
1976 1609 2081 1640 minor
2095 1609 2192 1640 virtus
2211 1609 2361 1640 movendi
2376 1607 2431 1639 fiat
2445 1608 2478 1638 in
2494 1607 2612 1640 habito.

1577 1662 1580 1669 ·
1618 1649 1764 1682 Tandem
1779 1659 1886 1683 autem
1901 1653 2044 1694 quiescit,
2068 1663 2142 1684 cum
2164 1662 2230 1683 non
2254 1652 2390 1692 amplius
2413 1651 2507 1683 faeiat
2525 1651 2615 1692 quod

1618 1694 1706 1734 prius
1721 1706 1864 1736 movens,
1888 1698 1944 1728 sed
1966 1704 2093 1728 motum
2116 1697 2232 1728 solum.
2257 1697 2344 1728 Haec
2367 1702 2474 1727 autem
2489 1705 2614 1727 neeesse

1619 1745 1665 1769 est
1688 1739 1783 1771 simul
1805 1751 1957 1782 pausare,
1988 1741 2050 1773 hoc
2085 1741 2214 1783 quidem
2241 1751 2392 1781 movens,
2422 1740 2485 1771 hoc
2507 1747 2614 1772 autem

1618 1789 1755 1823 motum,
1775 1791 1805 1816 et
1822 1792 1928 1816 totum
1946 1793 2082 1816 motum.
2224 1807 2226 1809 -

1552 1826 1613 1858 Hic
1629 1827 1760 1868 quidem
1774 1829 1869 1870 igitur
1891 1829 1924 1860 in
1940 1828 2193 1870 contingentibus
2210 1829 2381 1870 aliquando
2397 1828 2529 1870 quidem
2543 1837 2614 1860 mo-

1618 1871 1682 1902 veri
1713 1873 1883 1914 aliquando
1914 1873 2044 1914 quidem
2074 1872 2247 1914 quiescere,
2279 1872 2315 1904 fit
2337 1879 2463 1904 motus:
2495 1879 2526 1917 et
2548 1872 2615 1904 non

1620 1915 1801 1956 continuus,
1825 1917 1880 1948 sed
1898 1917 2031 1948 videtur.
2055 1919 2121 1948 Aut
2143 1917 2228 1947 enim
2247 1924 2476 1958 consequenter
2492 1915 2614 1948 entium

1620 1968 1666 1991 est
1680 1968 1734 1992 aut
1747 1961 1960 2001 tangentium:
1981 1971 2047 1992 non
2064 1961 2149 1992 enim
2167 1971 2270 1992 unum
2285 1971 2429 1999 movens,
2441 1961 2496 1991 sed
2510 1960 2616 1993 habim

1621 2004 1811 2036 adinvicem
1834 2012 1926 2036 sunt:
1952 2006 2036 2036 unde
2060 2013 2090 2036 et
2107 2005 2141 2035 in
2159 2015 2228 2036 aere
2252 2012 2283 2035 et
2304 2005 2336 2035 in
2353 2015 2435 2046 aqua
2449 2004 2485 2036 fit
2505 2004 2615 2036 huius-

1620 2049 1709 2079 modi
1732 2057 1849 2080 motus.
1867 2050 1974 2086 Quem
1997 2050 2105 2080 dicunt
2128 2049 2258 2090 quidam
2273 2049 2514 2089 antiperistasim
2529 2055 2614 2084 enez,

1620 2092 1816 2133 impossibile
1846 2100 1953 2124 autem
1986 2093 2073 2124 aliter
2105 2093 2253 2134 opposita
2285 2093 2406 2124 solvere
2440 2093 2500 2124 nisi
2530 2092 2615 2125 dicto

1620 2137 1730 2167 modo.
1755 2137 1988 2178 Antiperistasis
2011 2144 2118 2168 autem
2141 2137 2237 2168 simul
2265 2137 2373 2168 omnia
2401 2135 2522 2173 moveri
2545 2135 2618 2178 facit

1621 2187 1651 2211 et
1674 2188 1819 2222 movere:
1853 2191 1949 2222 quare
1977 2188 2007 2212 et
2035 2181 2210 2222 quiescunt.
2243 2181 2336 2212 Nunc
2364 2188 2472 2213 autern
2493 2180 2616 2222 videtur

1620 2235 1724 2255 unum
1753 2225 1872 2266 aliquid
1895 2226 1984 2266 quod
2014 2225 2164 2256 continue
2196 2232 2343 2256 movetur
2370 2235 2388 2256 a
2409 2233 2616 2266 quocumque

1621 2267 1700 2311 (non
1723 2269 1808 2299 enim
1831 2269 1870 2299 ab
1894 2268 2032 2312 eodem).

1553 2383 1622 2402 vero
1643 2383 1760 2402 movere
1775 2380 1803 2402 et
1815 2373 1925 2402 moveri
1939 2383 2000 2402 non
2015 2380 2082 2402 sunt
2096 2374 2132 2402 de
2149 2373 2317 2402 necessitate
2330 2374 2362 2402 in
2375 2374 2489 2408 eodem,
2503 2372 2612 2403 idcirco

1554 2415 1712 2443 secundum
1728 2423 1849 2442 movens
1863 2423 1925 2441 non
1939 2413 2025 2442 simul
2045 2419 2136 2442 cessat
2153 2413 2263 2441 moveri
2283 2419 2312 2441 et
2332 2422 2458 2442 movere.
2474 2413 2614 2448 Quamvis

1554 2453 1630 2481 enirn
1652 2452 1748 2481 statim
1768 2462 1801 2481 ac
1822 2453 1948 2490 primum
1967 2461 2087 2481 movens
2102 2456 2194 2481 cessat
2213 2461 2339 2488 movere,
2354 2452 2440 2481 simul
2453 2453 2614 2482 secundum

1554 2499 1644 2520 cesset
1658 2492 1783 2527 moveri;
1798 2499 1895 2520 tamen
1909 2493 2004 2520 adhue
2018 2498 2115 2520 movet
2128 2491 2157 2520 id
2172 2493 2252 2529 quod
2266 2498 2308 2520 est
2322 2492 2376 2520 sibi
2389 2499 2612 2529 consequenter:

1553 2533 1589 2560 de
1618 2541 1677 2568 quo
1699 2538 1741 2560 est
1768 2532 1868 2560 eadem
1890 2531 1979 2566 ratio,
2001 2533 2082 2568 quod
2101 2531 2238 2560 nimirum
2263 2538 2360 2560 manet
2379 2540 2499 2560 movens
2526 2532 2613 2561 etiam

1554 2572 1672 2608 quando
1687 2580 1748 2599 non
1769 2578 1908 2599 movetur.
1925 2571 1981 2599 Sed
2003 2571 2071 2608 quia
2090 2571 2178 2599 virtus
2199 2571 2308 2599 motiva
2322 2580 2357 2599 eo
2379 2571 2476 2600 minor
2489 2578 2532 2600 est
2552 2581 2612 2610 quo

1554 2610 1644 2647 magis
1659 2610 1820 2647 posteriora
1840 2610 1985 2639 moventia
2006 2610 2112 2639 distant
2132 2619 2149 2638 a
2167 2611 2274 2647 primo,
2295 2611 2362 2639 ideo
2383 2610 2436 2639 erit
2455 2610 2613 2648 aliquando

1553 2650 1700 2686 pervenire
1711 2651 1747 2678 ad
1759 2659 1878 2678 movens
1890 2651 1970 2686 quod
1981 2659 2041 2678 non
2052 2651 2101 2678 det
2111 2650 2226 2686 corpori
2237 2656 2448 2687 consequenter
2457 2659 2487 2678 se
2497 2650 2615 2679 habenti

1553 2689 1686 2717 virtutem
1703 2690 1849 2724 movendi,
1865 2690 1915 2717 sed
1930 2690 2013 2718 faciat
2027 2690 2122 2726 ipsum
2136 2691 2341 2718 tantummodo
2355 2689 2480 2725 moveri;
2494 2696 2523 2718 et
2533 2696 2612 2726 tune,

1553 2730 1623 2756 dum
1637 2730 1693 2757 hoc
1707 2729 1840 2757 ultimum
1855 2738 1975 2757 movens
1990 2736 2081 2758 cessat
2092 2738 2216 2765 movere,
2233 2729 2354 2758 cessabit
2367 2738 2419 2766 per
2433 2738 2613 2767 consequens

1553 2775 1630 2796 totus
1656 2775 1761 2796 motus.
1779 2786 1797 2790 -
1817 2778 1845 2803 4.
1868 2769 2056 2797 Concluditur
2076 2769 2156 2806 quod
2177 2775 2274 2797 motus
2300 2768 2495 2805 proiectionis,
2511 2767 2561 2806 qui
2581 2768 2614 2798 fit

1553 2808 1582 2836 in
1615 2808 1784 2844 corporibus
1815 2817 1888 2845 quae
1916 2807 2055 2845 contingit
2082 2808 2238 2846 aliquando
2266 2807 2375 2836 moveri
2401 2815 2429 2836 et
2455 2807 2612 2846 aliquando

1553 2847 1707 2884 quiescere,
1722 2847 1787 2876 licet
1801 2848 1930 2876 videatur
1944 2848 2098 2876 continuus
2119 2854 2237 2884 propter
2258 2847 2372 2876 mobilis
2386 2847 2536 2883 unitatem,
2549 2855 2613 2876 non

1551 2893 1649 2915 tamen
1663 2893 1705 2915 est
1719 2887 1873 2915 continuus
1894 2894 2011 2924 propter
2032 2887 2144 2916 diversa
2162 2886 2316 2916 moventia.
2332 2888 2392 2915 Aut
2411 2886 2489 2915 enirn
2503 2893 2547 2916 est
2560 2886 2613 2915 iste

1552 2933 1648 2955 motus
1670 2936 1687 2955 a
1707 2926 1837 2963 pluribus
1865 2927 2047 2955 moventibus
2069 2933 2279 2964 consequenter
2299 2935 2329 2954 se
2356 2925 2540 2962 habentibus,
2562 2932 2612 2955 aut

1551 2975 1569 2994 a
1589 2965 1718 3003 pluribus
1739 2966 1927 2994 moventibus·
1935 2975 1965 2994 se
1985 2966 2168 3003 tangentibus
2183 2966 2229 3002 (cf,
2245 2965 2292 2994 lib.
2311 2966 2345 3001 V,
2359 2965 2422 2994 lect.
2443 2967 2484 3001 v).

1552 3066 1761 3104 mobilibus*
1776 3079 1873 3115 quae
1892 3066 2071 3104 videntur
2090 3066 2266 3103 continue
2286 3066 2455 3113 moveri;
2479 3078 2611 3104 secun-

1554 3120 1603 3157 do
1624 3119 1786 3157 ostendit
1804 3131 1848 3156 ex
1867 3120 1941 3156 hoc
1960 3119 2064 3168 quod
2082 3119 2250 3168 primum
2270 3127 2462 3156 motorem
2481 3131 2612 3157 neces-

1553 3185 1594 3209 se
1614 3179 1669 3209 est
1688 3185 1769 3209 esse
1788 3184 1921 3219 unum,
1942 3172 2009 3208 ibi:
2039 3172 2225 3214 Quoniam
2245 3177 2369 3209 autem
2389 3172 2426 3209 in
2445 3172 2609 3210 ἤϊε-*οἵα
2638 3180 2648 3189 ·

1555 3225 1663 3262 Circa
1691 3225 1858 3274 primum
1886 3225 1956 3261 tria
1983 3224 2084 3262 facit:
2112 3225 2237 3274 primo
2264 3225 2366 3261 enim
2385 3233 2518 3263 movet
2545 3224 2611 3262 du—

1554 3277 1775 3315 bitationem
1813 3278 1861 3315 de
1897 3277 1955 3314 his
1993 3289 2091 3326 quae
2128 3277 2399 3326 proiiciuntur;
2441 3277 2610 3315 secundo

1554 3330 1666 3368 solvit
1699 3330 1993 3377 dubitationem,
2023 3330 2094 3367 ibi:
2122 3331 2286 3368 Necesse
2322 3336 2446 3367 autem
2474 3330 2494 3351 *
2522 3337 2610 3376 etc.;

1554 3383 1661 3420 tertio
1691 3383 1853 3420 ostendit
1872 3395 1917 3420 ex
1937 3383 2011 3420 hoc
2031 3384 2133 3432 quod
2153 3390 2280 3420 motus
2301 3382 2468 3432 eorporis
2487 3382 2611 3432 proie-

1556 3435 1603 3472 cti
1623 3448 1701 3473 non
1717 3443 1772 3472 est
1791 3435 2002 3482 continuus,
2023 3435 2090 3472 ibi:
2109 3436 2189 3472 Hic
2211 3435 2358 3484 quidem
2378 3435 2494 3485 igitur
2507 3435 2527 3457 *
2541 3442 2609 3472 etc.

1556 3488 1665 3525 Circa
1693 3489 1860 3537 primum
1890 3488 1966 3525 duo
1996 3488 2101 3525 facit:
2129 3488 2254 3536 primo
2277 3487 2386 3537 ponit
2412 3486 2610 3524 dubitatio-

1556 3553 1666 3587 nem;
1696 3540 1863 3578 secundo
1890 3540 2051 3578 excludit
2069 3540 2262 3588 quandam
2282 3539 2521 3587 solutionem,
2542 3538 2609 3576 ibi:

2638 3338 2648 3348 ·
2662 3335 2734 3359 Num.
2747 3341 2769 3367 3.

2638 3439 2771 3467 'Num-4⁴
