2982 4022
521 286 570 322 30

285 374 358 395 ·a11·a
374 373 427 395 add·
441 378 493 395 Λυσι
517 364 604 401 licet
633 375 679 400 ex
707 375 806 412 aqua
834 368 1032 410 generatur
1060 362 1187 408 caro),
1218 368 1254 397 et
1281 360 1312 397 si
1339 360 1475 397 iterum
1495 372 1540 397 ex
1559 362 1579 381 ⁴*

280 406 402 425 onrvxv.

278 427 290 438 ⁸
303 426 353 447 alia
368 432 416 447 om.
430 431 490 447 ,texo

278 458 390 480 qrvxvpi.

277 479 288 490 '
311 479 392 506 aliqua
414 478 450 499 ed.
461 484 490 504 a,

276 505 359 532 aliqua
370 505 446 525 minor
455 505 490 526 pb.

278 534 286 541 ·
307 531 400 552 excellit
420 531 489 552 codd.

279 563 329 579 cxc.
344 563 456 579 neroum.

278 688 289 699 ’⁶
307 689 384 709 autem
404 693 490 713 Atxoqs

278 720 352 739 rvxv,
369 720 416 735 om.
432 720 481 736 cra.

277 742 286 751 ·
301 741 326 762 in
339 746 403 768 aqua
418 740 469 762 aab.

276 1006 287 1017 '⁵
295 1008 372 1027 autem
383 1012 430 1028 om.
438 1012 490 1028 aaz.

278 1059 289 1070 '
303 1058 405 1080 manebit
418 1065 454 1080 ar.

379 1116 392 1132 0

275 1533 283 1540 ·
298 1537 378 1558 aquae
395 1537 487 1553 anxias

276 1563 401 1585 rvzpscsu,
411 1562 432 1580 et
441 1558 489 1579 for-

276 1588 298 1606 te
313 1584 403 1605 melius.

371 1621 388 1636 r.

276 1747 284 1755 ”
299 1746 323 1767 ei
336 1752 383 1768 om.
398 1752 452 1768 toa.

274 2015 281 2023 ·
297 2016 374 2035 autem
389 2020 436 2035 om.
448 2014 486 2035 'uz

274 2046 329 2061 cua.

273 2066 372 2093 ‘posuit
384 2066 420 2087 ed.
435 2072 449 2087 a
464 2069 487 2087 et

272 2093 340 2114 codd.
363 2099 412 2113 exc.
429 2099 484 2114 run.

272 2121 282 2131 ⁶
300 2119 367 2140 duxit
379 2124 483 2146 ζΛΒεικιο

272 2152 364 2172 ervxv
373 2162 378 2167 .

275 2383 285 2392 ⁸
299 2382 323 2402 si
335 2382 469 2409 accipiatur

275 2415 323 2429 om.
338 2414 404 2435 cape.

275 2542 282 2549 ”
294 2540 433 2566 proceditur
446 2546 488 2560 pst·-

275 2567 390 2591 onmmab,
403 2572 487 2593 proce-

277 2593 311 2614 tiil
325 2599 351 2619 n,
372 2592 487 2620 procede-

275 2622 314 2640 tur
328 2625 350 2641 z.

518 417 668 454 residua
696 428 796 464 aqua
822 416 889 452 fiat
916 414 987 451 alia
1003 415 1022 436 ²³²
1042 413 1249 461 segregatio
1279 413 1415 460 carnis;
1445 425 1579 463 quam-

517 470 575 508 vis
603 482 756 518 semper
784 474 978 505 remaneat
1004 466 1130 503 minor
1147 467 1168 487 ¹*
1186 466 1373 515 quantitas
1401 466 1522 503 carnis
1540 466 1579 503 in

517 535 634 572 aqua,
663 529 793 558 tamen
821 519 1041 568 magnitudo
1076 519 1196 556 carnis
1214 531 1293 556 non
1312 519 1456 556 excedit
1472 520 1493 540 *
1511 519 1579 556 ali-

517 587 631 625 quam
645 575 884 623 parvitatem,
901 573 997 610 idest
1011 572 1191 620 contingit
1209 572 1300 609 dare
1315 572 1480 621 aliquam
1495 584 1580 621 par-

516 640 608 666 vam
627 639 848 664 mensuram
878 625 1010 673 carnis,
1031 637 1107 673 qua
1126 637 1205 662 non
1224 624 1292 661 erit
1310 625 1437 662 minor
1455 625 1579 673 aliqua

518 693 621 727 caro,
650 687 693 717 ut
712 692 758 716 ex
785 678 969 728 superiori
999 677 1141 714 ratione
1161 685 1329 727 apparet.
1350 678 1437 715 Hoc
1456 690 1544 725 ergo
1559 678 1579 699 *

516 733 662 780 habito,
692 732 798 781 quod
832 731 957 780 aliqua
984 731 1004 751 ²⁸
1031 730 1077 767 sit
1104 743 1224 779 parva
1253 742 1340 767 caro
1374 743 1451 780 qua
1477 731 1581 767 nulla

517 787 563 823 sit
599 786 744 833 minor,
775 785 828 821 sic
864 783 1047 832 procedit.
1084 783 1124 820 Si
1153 795 1198 820 ex
1235 795 1334 831 aqua
1365 790 1581 831 segregatur

517 851 605 876 caro
639 846 675 875 et
702 838 837 875 iterum
866 836 937 873 alia
975 848 1083 883 caro,
1113 844 1178 873 aut
1214 837 1324 873 stabit
1351 836 1420 873 ista
1457 847 1580 884 segre-

515 892 616 940 gatio
636 898 700 928 aut
718 903 808 928 non.
839 889 878 926 Si
904 889 1025 934 stabit,
1047 901 1136 937 ergo
1156 889 1195 925 in
1215 889 1364 926 residua
1383 901 1482 937 aqua
1501 900 1581 925 non

517 945 585 982 erit
605 956 709 990 caro;
740 951 776 980 et
795 942 847 980 sic
866 954 945 978 non
973 941 1041 978 erit
1069 941 1265 991 quodlibet
1282 941 1321 979 in
1340 941 1529 991 quolibet&
1550 941 1582 978 si

516 1006 644 1035 autem
666 998 686 1019 *
713 1009 791 1034 non
820 995 941 1042 stabit,
972 1006 1061 1042 ergo
1089 994 1128 1031 in
1156 1007 1255 1044 aqua
1283 1007 1436 1043 semper
1458 1007 1581 1032 rema·-

516 1051 654 1088 nebit*
681 1050 806 1098 aliqua
824 1060 912 1097 pars
936 1046 1078 1093 carnis;
1108 1047 1157 1084 ita
1185 1055 1314 1085 tamen
1342 1048 1447 1097 quod
1466 1047 1504 1084 in
1523 1060 1581 1084 se-

517 1103 642 1141 cunda
669 1101 929 1150 segregatione
954 1099 1000 1136 sit
1018 1100 1144 1137 minor
1157 1106 1169 1122 ⁰
1188 1113 1305 1149 quam
1325 1100 1364 1138 in
1381 1100 1523 1149 prima,
1545 1107 1582 1137 et

516 1157 554 1193 in
573 1155 679 1193 tertia
698 1155 825 1192 minor
853 1164 969 1202 quarn
989 1151 1028 1189 in
1047 1153 1226 1191 secunda.
1255 1155 1305 1190 Et
1330 1166 1417 1190 cum
1437 1165 1517 1190 non
1536 1153 1582 1190 sit

516 1208 747 1247 descendere
776 1207 814 1243 in
832 1205 1058 1255 parvitatem
1077 1206 1241 1255 partium
1261 1206 1299 1243 in
1318 1206 1520 1254 infinitum,
1539 1213 1582 1243 ut

516 1262 659 1300 dictum
679 1269 746 1308 est,
767 1260 850 1296 illae
877 1258 1059 1295 minimae
1086 1267 1212 1308 partes
1240 1259 1362 1296 carnis
1391 1267 1500 1296 erunt
1519 1271 1580 1296 ae-

515 1316 646 1364 quales
675 1321 712 1351 et
738 1312 906 1350 infinitae
934 1323 1096 1349 numero
1116 1313 1155 1349 in
1174 1312 1299 1361 aliqua
1328 1325 1427 1362 aqua
1453 1312 1578 1349 finita:

515 1367 683 1416 alioquin
711 1379 790 1404 non
818 1366 1042 1414 procederet
1070 1365 1107 1401 in
1135 1365 1324 1402 infinitum
1359 1365 1579 1413 segregatio.

516 1421 694 1470 Sequitur
720 1419 853 1467 igitur,
885 1418 915 1456 si
943 1418 1150 1467 segregatio
1179 1430 1257 1455 non
1286 1426 1366 1465 stat,
1394 1419 1462 1455 sed
1481 1430 1580 1454 sem-

514 1486 583 1522 per
610 1473 650 1510 in
677 1472 868 1509 infinitum
897 1479 1117 1509 removetur
1145 1483 1232 1507 caro
1263 1482 1307 1507 ex
1335 1483 1444 1519 aqua,
1475 1470 1580 1519 quod

515 1527 554 1563 in
582 1526 707 1574 aliqua
735 1524 994 1572 magnitudine
1022 1524 1140 1570 finita,
1161 1523 1300 1560 scilicet
1327 1535 1427 1572 aqua
1445 1524 1477 1570 *,
1507 1523 1580 1560 sint

516 1579 706 1628 quaedam
726 1577 832 1615 finita
847 1578 1058 1628 secundum
1083 1576 1330 1624 quantitatem
1346 1581 1364 1598 π
1385 1583 1420 1612 et
1439 1588 1580 1625 aequa-

515 1633 562 1668 lia
596 1632 644 1669 ad
672 1631 838 1668 invicem
872 1637 908 1666 et
939 1629 1084 1666 infinita
1111 1629 1323 1666 secundum
1351 1641 1578 1676 numerum,

515 1684 654 1721 scilicet
690 1683 859 1720 infinitae
894 1683 1075 1719 minimae
1107 1689 1233 1730 partes
1271 1682 1412 1718 carnis:
1442 1690 1478 1719 et
1505 1683 1580 1719 hoc

516 1745 577 1774 est>
593 1736 826 1786 impossibile
847 1743 883 1772 et
903 1735 1133 1772 contrarium
1153 1734 1186 1771 ei
1209 1735 1228 1755 ’²‘
1252 1734 1359 1783 quod
1378 1747 1492 1783 supra
1510 1748 1580 1784 po-

514 1790 627 1827 situm
657 1797 723 1835 est,
753 1788 892 1825 scilicet
919 1788 1024 1836 quod
1045 1799 1160 1824 omne
1187 1799 1325 1835 corpus
1353 1787 1503 1824 finitum
1524 1800 1579 1824 re—

514 1850 663 1880 secatur
681 1843 729 1878 ab
750 1842 875 1890 aliquo
897 1853 1056 1891 corpore
1084 1840 1204 1876 finito.
1235 1841 1336 1888 Ergo
1357 1847 1394 1877 et
1411 1841 1579 1889 primurn

514 1896 582 1933 fuit
609 1894 861 1944 impossibile,
891 1894 1031 1930 scilicet
1059 1893 1163 1942 quod
1192 1893 1389 1941 quodlibet
1417 1902 1515 1931 esset
1542 1894 1580 1931 in

514 1949 694 1998 quolibet,
723 1955 766 1984 ut
792 1949 1037 1995 Anaxagoras
1065 1946 1204 1995 posuit.

574 2013 631 2038 12.
654 2000 986 2037 Considerandum
1015 2007 1070 2036 est
1089 2006 1216 2035 autem
1236 1999 1256 2020 *
1275 1998 1380 2047 quod
1399 2011 1479 2036 non
1498 1999 1578 2036 sine

515 2067 629 2092 causa
652 2054 906 2102 Philosophus
934 2052 1144 2102 apposuit*
1171 2052 1344 2100 aequalia
1368 2052 1407 2088 in
1430 2052 1504 2088 hoc
1523 2053 1579 2089 ul-

514 2108 608 2145 timo
628 2106 909 2144 inconvenienti
929 2106 978 2143 ad
995 2105 1099 2154 quod
1119 2105 1222 2142 du‘cit
1238 2105 1267 2141 *.
1289 2105 1380 2141 Non
1401 2104 1503 2141 enim
1524 2113 1579 2142 est

515 2160 789 2198 inconveniens
822 2158 927 2207 quod
959 2159 997 2195 in
1030 2158 1158 2207 aliquo
1191 2157 1299 2194 finito
1334 2157 1407 2194 sint
1433 2157 1579 2195 infinita

514 2213 739 2263 inaequalia,
760 2213 790 2249 si
813 2213 1025 2249 attendatur
1053 2211 1146 2247 ratio
1175 2210 1411 2259 quantitatis:
1439 2211 1528 2260 quia
1547 2211 1578 2247 si

516 2266 705 2304 dividatur
733 2266 955 2302 continuum
984 2264 1195 2301 secundum
1227 2263 1388 2300 eandem
1416 2276 1581 2312 propor-

515 2320 678 2366 tionem,
712 2319 781 2355 erit
806 2318 1016 2367 procedere
1049 2317 1087 2353 in
1119 2316 1326 2363 infinitum,
1355 2323 1398 2352 ut
1424 2323 1515 2365 puta
1547 2317 1578 2353 si

515 2372 721 2420 accipiatur
741 2373 760 2393 ’¹‘
779 2371 929 2408 tertium
957 2370 1071 2407 totius
1101 2377 1137 2406 et
1155 2370 1306 2406 tertium
1335 2369 1431 2405 tertii
1459 2377 1496 2406 et
1524 2369 1578 2406 sic

515 2425 716 2473 deinceps;
746 2424 813 2461 sed
841 2432 969 2461 tamen
997 2430 1121 2471 partes
1150 2429 1327 2471 acceptae
1362 2434 1440 2459 non
1470 2430 1578 2459 erunt

515 2478 693 2527 aequales
721 2477 932 2514 secundum
962 2475 1220 2524 quantitatem.
1252 2475 1328 2512 Sed
1349 2475 1380 2511 si
1398 2476 1465 2514 fiat
1483 2475 1577 2512 divi-

515 2531 570 2567 sio
599 2543 669 2579 per
695 2538 820 2579 partes
849 2530 1036 2578 aequales,
1058 2541 1136 2565 non
1165 2529 1232 2565 erit
1258 2528 1468 2577 procedere
1491 2529 1511 2550 ²⁸
1538 2528 1577 2564 in

514 2584 725 2629 infinitum,
756 2583 867 2620 etiam
897 2582 926 2618 si
955 2583 1035 2618 sola
1064 2582 1157 2618 ratio
1187 2581 1400 2629 quantitatis
1429 2581 1467 2617 in
1496 2593 1577 2617 cor-

514 2649 607 2686 pore
634 2636 902 2673 mathematico
933 2635 1202 2671 consideretur.

1640 158 1661 173 R

1161 282 1506 320 PHYSICORUM
1532 282 1880 320 ARISTOTELIS
1910 283 2003 320 LIB.
2034 285 2048 320 I

1633 369 1781 398 remoto
1810 361 1936 411 aliquo
1964 362 2008 399 fit
2039 361 2184 409 minus,
2220 375 2308 400 cum
2341 375 2457 400 omne
2490 371 2613 402 totum
2647 364 2694 402 sit

1633 414 1756 451 maius
1784 427 1852 451 sua
1878 422 2005 463 parte3
2036 426 2124 452 cum
2144 421 2272 452 autem
2291 415 2478 464 quantitas
2506 417 2628 454 carnis
2647 417 2694 454 sit

1633 467 1881 504 determinata
1909 468 2120 506 secundum
2149 467 2449 516 magnitudinem
2471 476 2508 506 et
2529 469 2692 519 parvita-

1632 527 1710 557 tem
1728 526 1754 567 Ρ,
1783 528 1825 557 ut
1853 533 1897 557 ex
1919 520 2024 558 dictis
2041 528 2154 570 patet,
2176 533 2331 558 necesse
2351 529 2406 559 est
2425 534 2507 559 esse
2526 522 2691 572 aliquam

1633 573 1833 610 minimam
1853 585 2022 620 carnem;
2045 586 2132 622 ergo
2152 575 2200 611 ab
2221 586 2265 611 ea
2280 574 2300 595 '¹‘
2319 586 2398 611 non
2411 581 2535 623 potest
2553 575 2693 624 aliquid

1633 626 1830 674 segregari,
1860 626 1948 675 quia
1975 626 2029 663 sic
2057 634 2154 663 esset
2181 626 2320 675 aliquid
2344 627 2470 664 minus
2489 627 2650 666 minimo
2664 634 2690 665 ⁶.

1634 679 1726 716 Non
1752 679 1862 726 igitur
1881 691 1926 715 ex
1944 679 2114 729 quolibet
2139 687 2265 729 potest
2290 680 2374 717 fieri
2402 680 2599 729 quodlibet
2623 693 2694 730 per

1634 731 1943 779 segregationem.

1693 795 1750 831 14.
1781 784 1963 831 Quintam
1992 783 2176 822 rationem
2204 785 2312 834 ponit
2338 785 2408 822 ibi:
2436 786 2609 835 Amplius
2627 797 2695 823 au-

1634 841 1706 873 tem
1735 836 1772 873 in
1801 837 1953 885 infinitis
1980 838 2199 886 corporibus
2218 845 2309 875 etc.:
2329 851 2428 887 quae
2455 839 2538 876 talis
2567 846 2634 877 est.
2655 838 2696 876 Si

1634 889 1802 926 infinitae
1821 897 1946 938 partes
1967 890 2264 940 uniuscuiusque
2284 899 2371 928 sunt
2388 892 2427 928 in
2445 904 2694 941 unoquoque,

1636 949 1672 978 et
1696 941 1891 991 quodlibet
1919 950 1975 979 est
2001 942 2039 980 in
2068 943 2248 992 quolibet,
2268 944 2447 993 sequetur
2474 945 2580 994 quod
2606 945 2645 982 in
2675 946 2695 967 *

1634 994 1787 1031 infinitis
1816 995 2039 1044 corporibus
2067 996 2139 1033 sint
2166 996 2332 1034 infinitae
2359 1005 2484 1046 partes
2513 998 2634 1036 carnis
2660 1006 2696 1036 et

1634 1047 1801 1084 infinitae
1820 1055 1945 1097 partes
1965 1049 2155 1096 sanguinis
2172 1050 2235 1087 vel
2255 1051 2416 1087 cerebri:
2438 1058 2474 1087 et
2492 1058 2694 1099 quantum-

1635 1112 1801 1149 cumque
1828 1100 1916 1138 inde
1944 1109 2165 1150 separentur
2193 1103 2224 1149 ³³,
2254 1103 2379 1140 adhuc
2406 1111 2605 1141 remanent
2630 1104 2694 1142 ibi.

1636 1153 1865 1201 Sequeretur
1884 1155 1904 1173 ⁴*
1929 1166 2018 1202 ergo
2047 1154 2152 1203 quod
2185 1154 2330 1191 infinita
2362 1163 2449 1193 sunt
2472 1156 2511 1193 in
2542 1156 2696 1194 infinitis

1634 1205 1828 1251 infinities;
1849 1206 1954 1255 quod
1983 1214 2038 1243 est
2064 1207 2331 1244 irrationabile.

1694 1259 1750 1295 15.
1767 1258 1915 1295 Deinde
1932 1271 2020 1295 curn
2041 1258 2146 1296 dicit.-
2163 1260 2374 1308 Nunquam
2393 1266 2518 1298 autem
2531 1267 2547 1283 f
2568 1273 2696 1311 segre-

1633 1311 1803 1360 gandum
1819 1323 1897 1348 esse
1912 1318 1994 1358 ete„
2010 1311 2202 1360 improbat
2219 1312 2451 1361 praedictam
2465 1314 2696 1363 positionem

1634 1365 1883 1411 Anaxagorae
1903 1370 2088 1412 quantum
2109 1364 2158 1401 ad
2176 1365 2338 1402 modum
2356 1367 2537 1415 ponendi.
2554 1368 2603 1404 Et
2620 1368 2696 1405 hoc

1634 1415 1846 1464 dupliciter:
1869 1416 1995 1465 primo
2024 1416 2113 1465 quia
2141 1429 2220 1454 non
2247 1417 2474 1466 intelligebat
2499 1420 2696 1469 propriam

1632 1468 1884 1516 positionem;
1905 1469 2074 1506 secundo
2102 1469 2191 1519 quia
2210 1483 2288 1508 non
2315 1471 2481 1508 habebat
2503 1473 2697 1510 sufficiens

1634 1520 1824 1558 motivum
1844 1521 1892 1558 ad
1910 1521 2135 1570 ponendum
2156 1535 2241 1560 eam
2262 1525 2294 1571 ²¹³,
2314 1523 2381 1561 ibi:
2401 1525 2494 1563 Non
2514 1531 2612 1562 recte
2629 1537 2697 1563 au-

1633 1579 1706 1610 tem
1726 1575 1746 1594 *
1770 1581 1840 1611 etc.
1869 1574 1969 1611 Dicit
2005 1587 2095 1623 ergo
2122 1575 2248 1624 primo
2281 1577 2386 1625 quod
2413 1577 2452 1615 in
2479 1578 2555 1615 hoc
2591 1579 2698 1627 quod

2717 579 2727 591 ‘
2741 584 2769 602 eo
2782 579 2923 604 πυκινοῦ.

2815 639 2831 656 C

2720 946 2732 958 ⁶
2746 945 2771 968 tn
2785 951 2834 968 om.
2843 951 2934 970 nuzo

2722 978 2854 1001 Qvnpou.
2869 994 2871 996 ,
2893 999 2898 1004 ,

2721 1108 2732 1120 '
2740 1109 2866 1136 separetur
2873 1114 2934 1136 tao..

2722 1161 2731 1170 ·
2738 1160 2771 1182 Se
2810 1163 2850 1183 tur
2856 1167 2882 1189 Q,
2889 1161 2934 1184 Se-

2722 1192 2767 1215 que
2819 1191 2863 1210 cet.

2821 1275 2837 1293 τ

2723 1533 2852 1582 ἑίεπῗω.
2862 1534 2933 1558 codd.

2725 1587 2735 1596 '¹
2747 1586 2820 1609 Nam.
2829 1592 2878 1616 aeq.

1634 1626 1724 1663 dixit
1737 1627 1768 1674 ³²,
1789 1627 1894 1675 quod
1913 1627 2119 1675 segregatio
2140 1641 2337 1678 nunquam
2360 1629 2524 1678 finietur,
2540 1631 2699 1668 nescivit
2723 1639 2733 1649 ·
2746 1637 2899 1663 ameum.

1633 1678 1726 1727 quid
1745 1679 1896 1726 diceret,
1913 1680 2088 1728 quamvis
2107 1681 2234 1730 aliquo
2254 1682 2373 1720 modo
2391 1695 2528 1720 verum
2550 1683 2694 1730 dixerit;

1634 1731 1722 1780 quia
1741 1731 1949 1769 accidentia
1976 1745 2174 1782 nunquam
2200 1742 2362 1783 possunt
2383 1736 2548 1784 separari
2567 1749 2590 1773 a
2607 1737 2696 1774 sub-

1633 1784 1775 1821 stantiis
1795 1790 1819 1832 ¹¹,
1841 1792 1878 1821 et
1895 1783 2024 1822 tamen
2042 1787 2211 1835 ponebat
2223 1787 2517 1836 permixtionem
2536 1801 2616 1827 non
2636 1802 2696 1827 so-

1632 1837 1712 1874 lum
1729 1849 1934 1886 corporum
1949 1839 2017 1875 sed
2032 1839 2146 1876 etiam
2159 1841 2178 1861 ’¹‘
2193 1840 2457 1878 accidentium.
2476 1841 2577 1879 Cum
2593 1842 2696 1880 enim

1633 1890 1774 1938 aliquid
1793 1891 1836 1928 fit
1854 1891 1996 1938 album,
2014 1891 2162 1929 dicebat
2181 1893 2286 1942 quod
2304 1894 2379 1930 hoc
2397 1894 2514 1931 fiebat
2528 1907 2598 1944 per
2611 1896 2697 1932 abs-

1631 1943 1854 1980 tractionem
1875 1944 2059 1981 albedinis
2075 1945 2180 1994 prius
2196 1946 2437 1984 commixtae.
2454 1947 2494 1984 Si
2509 1947 2620 1995 igitur
2633 1960 2696 1985 co-

1631 1996 1730 2032 lores
1756 2003 1791 2032 et
1809 1997 1881 2033 alia
1899 1997 2119 2035 huiusmodi
2139 1998 2347 2036 accidentia
2365 2007 2558 2049 ponantur
2573 2002 2594 2023 *
2614 2013 2696 2038 esse

1633 2049 1849 2096 commixta,
1869 2057 1912 2086 ut
1929 2050 2010 2099 ipse
2030 2050 2197 2098 dicebat3
2227 2052 2258 2088 si
2285 2052 2430 2102 aliquis,
2451 2053 2526 2090 hoc
2554 2066 2695 2103 suppo-

1631 2101 1715 2148 sito,
1736 2101 1835 2139 dicat
1862 2103 1967 2150 quod
1995 2103 2125 2140 omnia
2157 2105 2363 2142 commixta
2389 2113 2550 2154 possunt
2572 2119 2695 2155 segre—

1631 2155 1720 2202 gari,
1738 2163 1960 2204 sequeretur
1981 2157 2000 2176 ’¹‘
2023 2157 2128 2205 quod
2154 2157 2199 2194 sit
2227 2158 2357 2194 album
2378 2166 2415 2195 et
2433 2159 2647 2197 sanativum
2666 2165 2693 2208 5',

1632 2215 1668 2244 et
1692 2220 1771 2244 non
1798 2208 1844 2244 sit
1870 2208 2025 2257 aliquod
2045 2209 2258 2247 subiectum
2278 2210 2325 2247 de
2355 2223 2431 2260 quo
2461 2211 2632 2249 dicantur
2659 2220 2696 2250 et

1630 2260 1669 2297 in
1688 2273 1765 2309 quo
1786 2261 1878 2307 sint;
1898 2261 2005 2310 quod
2029 2270 2084 2299 est
2102 2262 2348 2311 impossibile.
2370 2264 2608 2313 Relinquitur
2629 2265 2694 2314 igi-

1630 2321 1690 2350 tur
1712 2314 1787 2350 hoc
1813 2325 1951 2351 verum
1981 2326 2074 2362 esse,
2093 2316 2200 2364 quod
2227 2316 2307 2354 non
2335 2317 2465 2354 omnia
2490 2318 2695 2356 commixta

1629 2374 1790 2415 possunt
1803 2367 2000 2414 segregari,
2017 2367 2047 2404 si
2066 2368 2276 2405 accidentia
2291 2369 2404 2407 etiam
2420 2371 2694 2408 commiscean-

1629 2427 1690 2456 tur
1710 2421 1740 2456 Ξῖ
1763 2419 1840 2456 Sed
1861 2431 1905 2455 ex
1927 2420 2002 2456 hoc
2030 2420 2198 2469 sequitur
2215 2422 2500 2460 inconveniens.
2522 2424 2695 2461 Ponebat

1632 2472 1734 2509 enirn
1762 2474 2007 2519 Anaxagoras
2036 2473 2141 2521 quod
2170 2474 2300 2510 omnia
2328 2486 2350 2511 a
2372 2475 2559 2524 principio
2589 2484 2695 2514 erant

1631 2525 1848 2571 commixta,
1870 2525 1936 2562 sed
1956 2525 2162 2562 intellectus
2186 2526 2351 2575 incoepit
2378 2539 2590 2575 segregare:
2610 2529 2692 2578 qui-

1631 2590 1795 2626 cumque
1815 2585 1942 2614 autem
1973 2579 1992 2599 ³³³
2020 2578 2229 2615 intellectus
2265 2580 2411 2628 quaerit
2438 2581 2561 2618 facere
2587 2582 2692 2630 quod

1629 2631 1862 2679 impossibile
1879 2638 1934 2667 est
1952 2630 2046 2677 fieri,
2064 2638 2118 2667 est
2132 2631 2311 2669 indecens
2325 2632 2544 2671 intellectus.
2562 2635 2691 2682 Quare

574 2691 631 2726 13.
662 2690 846 2736 Quartam
876 2688 1061 2725 rationem
1088 2687 1196 2736 ponit
1223 2686 1295 2722 ibi:
1319 2686 1383 2722 Aa
1398 2686 1492 2722 haec
1509 2697 1576 2721 au·
1601 2721 1604 2746 Ι
1628 2683 1901 2721 inconveniens
1930 2683 1998 2720 erit
2024 2683 2231 2721 intellectus
2268 2673 2328 2721 ille
2357 2685 2604 2734 impossibilia
2635 2687 2691 2725 in-

514 2749 586 2779 tem
614 2743 648 2779 si
674 2754 785 2779 omne
813 2749 900 2778 etc.:
930 2753 1028 2789 quae
1056 2740 1138 2776 talis
1173 2746 1237 2775 est.
1276 2739 1403 2774 Omne
1438 2750 1576 2786 corpus
1600 2749 1604 2789 1
1628 2737 1799 2783 tendens,
1819 2737 1853 2773 si
1877 2748 1966 2773 vere
1992 2737 2093 2783 velit,
2114 2737 2210 2774 idest
2236 2738 2396 2775 totaliter
2422 2740 2513 2776 velit
2531 2744 2549 2766 κ
2567 2752 2690 2788 segre-

570 2906 594 2941 ο)
615 2907 651 2931 sit
669 2906 765 2930 minor.
778 2919 798 2924 -
812 2904 894 2929 Codd.
907 2912 958 2928 exc.
974 2904 1034 2928 HsC
1053 2911 1105 2928 om.
1125 2903 1168 2932 sit,
1189 2904 1260 2935 quod
1279 2903 1383 2935 quidem
1403 2911 1455 2927 non
1475 2903 1576 2928 videtur

516 2942 566 2966 hoc
585 2943 642 2966 loco
661 2941 779 2964 absolute
798 2940 984 2970 necessarium;
1005 2947 1063 2963 nam
1079 2943 1136 2963 ante
1151 2939 1238 2963 minor
1251 2943 1335 2970 potest
1350 2938 1506 2970 subintelligi
1518 2946 1576 2963 ver-

517 2977 579 3001 bum
599 2975 757 3003 remanebit,
783 2975 853 3007 quod
878 2975 954 3006 paulo
974 2982 1051 3006 supra
1074 2973 1189 2998 habetur.
1210 2975 1331 2998 Attamen
1355 2974 1430 2998 lectio
1450 2974 1468 2997 P
1489 2974 1575 3005 quoad

517 3012 627 3036 formam
641 3011 732 3035 melior
746 3010 882 3034 videtum—-
894 3009 1014 3033 Similiter
1029 3014 1088 3041 post
1102 3009 1208 3033 alteram
1223 3009 1317 3033 lineam
1332 3009 1406 3033 codd.
1416 3016 1508 3033 omnes
1522 3016 1575 3033 orn.

518 3049 547 3071 ut
566 3047 664 3071 dictum
684 3048 731 3070 est.

571 3082 600 3113 π)
608 3081 692 3114 finita
704 3080 846 3105 secundum
860 3079 1042 3111 quantitatem.
1056 3091 1075 3098 ο-
1089 3079 1134 3103 Est
1148 3079 1222 3103 lectio
1237 3078 1399 3111 PF.-finita
1417 3078 1522 3111 quidem
1535 3085 1575 3103 se-

518 3116 632 3142 cundum
652 3115 826 3148 quantitatem
845 3114 1126 3144 ABIKLOQSTVXY,
1138 3114 1221 3147 finita
1239 3114 1380 3139 secundum
1400 3114 1575 3146 quantitatem

518 3151 623 3184 quidem
635 3149 909 3182 DEGHMNab,finita
922 3149 1051 3181 quaedam
1063 3147 1182 3181 (quidam
1199 3148 1232 3183 R)
1243 3149 1385 3174 secundum
1399 3149 1574 3181 quantitatem

519 3187 592 3219 sz,
609 3186 713 3218 infinita
725 3188 751 3210 et
763 3185 904 3210 secundum
920 3185 1093 3216 quantitatem
1100 3184 1182 3216 finita
1193 3182 1323 3218 (cet.om.)
1333 3184 1474 3209 secundum
1486 3191 1576 3208 nume-

519 3230 578 3246 rum
589 3222 639 3246 (3.-
647 3221 697 3245 Pro
711 3223 736 3245 et
745 3221 874 3252 aequalia,
885 3222 911 3244 et
922 3220 960 3244 vel
972 3219 1093 3251 aequalia
1104 3220 1132 3249 E,
1147 3220 1186 3243 vel
1195 3219 1316 3252 aequalia
1327 3219 1400 3250 HpD.
1410 3219 1531 3251 aequalia
1541 3219 1575 3243 M.

571 3256 596 3290 ρ)
617 3255 835 3281 determinata...
856 3258 882 3279 et
897 3255 1068 3286 parvitatem.
1082 3268 1101 3272 —
1115 3254 1195 3278 Codd.
1216 3262 1269 3278 exc.
1288 3254 1378 3278 EGRZ
1398 3254 1575 3278 determinata

519 3295 544 3317 et
562 3291 714 3317 secundum.
730 3291 827 3315 Deinde
841 3290 984 3314 DEGHMN
1001 3294 1193 3322 prosequuntur
1207 3292 1232 3313 et
1245 3289 1387 3314 secundum
1397 3289 1576 3320 parvitatem,-

518 3328 586 3351 undc
605 3331 674 3359 patet
693 3326 762 3358 quod
782 3325 878 3350 DHMN
899 3326 986 3357 legunt
1009 3325 1185 3350 determinata
1203 3327 1229 3349 et
1246 3324 1388 3349 secundum
1414 3324 1575 3357 magnitudi-

520 3369 576 3386 nem
596 3365 622 3386 et
640 3361 781 3386 secundum
796 3361 967 3393 parvitatem,
988 3368 1055 3392 quae
1075 3360 1149 3384 lectio
1168 3360 1258 3383 melior
1276 3359 1385 3384 videtur.

573 3396 599 3428 σ)
618 3397 679 3428 quia
693 3397 755 3421 sic...
771 3396 858 3420 minus
871 3396 986 3420 minimo.
998 3408 1018 3414 —
1032 3395 1113 3419 Codd.
1128 3394 1350 3424 ABClKQTVXY
1363 3394 1401 3419 sic
1414 3393 1493 3427 (sicut
1510 3394 1576 3418 ABC

521 3431 569 3464 IK)
589 3432 656 3455 enim
676 3434 742 3456 esset
759 3431 862 3463 aliquid
881 3430 999 3463 (aliquid
1016 3438 1069 3455 om.
1085 3430 1132 3462 lY)
1154 3430 1239 3454 minus
1265 3430 1389 3459 minimo,·
1407 3430 1431 3454 O
1450 3429 1488 3454 sic
1506 3429 1574 3454 enim

521 3469 586 3490 esset
605 3466 705 3497 aliquid
724 3466 810 3490 minus
829 3466 951 3495 minimo,
971 3466 1042 3498 quod
1060 3469 1099 3490 est
1112 3465 1228 3498 salsum,
1247 3465 1315 3490 sicut
1333 3464 1404 3497 quod
1422 3464 1523 3496 aliquid
1541 3464 1576 3489 sit

517 3501 596 3532 prius
611 3501 744 3532 principio
759 3501 862 3532 primo,-
882 3502 901 3525 L
916 3502 978 3533 quia
992 3503 1091 3525 remoto
1111 3500 1155 3525 illo
1174 3501 1206 3524 ab
1225 3500 1273 3525 hoc
1285 3500 1334 3533 flet
1349 3498 1441 3532 (marg.
1455 3500 1513 3524 add.
1528 3499 1575 3524 mi-

522 3536 586 3566 nus)
607 3536 714 3560 minimo
737 3539 762 3559 et
781 3537 818 3560 sic
836 3539 902 3560 esset
926 3536 1027 3568 aliquid
1050 3536 1136 3560 minus
1161 3535 1283 3565 minimm
1308 3535 1369 3559 Rsz
1389 3535 1450 3567 quia
1476 3538 1576 3559 remoto

523 3570 578 3597 illo,
600 3570 685 3594 adhuc
696 3571 777 3602 fleret
797 3571 881 3595 minus
902 3571 1009 3595 minimo
1029 3571 1151 3603 (minimo
1170 3579 1223 3595 om.
1237 3571 1272 3602 Z)
1292 3573 1318 3595 et
1336 3570 1373 3595 sic
1391 3573 1457 3595 esset
1475 3570 1577 3602 aliquid

523 3605 607 3629 minus
628 3606 744 3630 minimo.
764 3606 845 3629 Ceteri
861 3605 954 3630 habent
973 3606 1108 3631 lectionem
1128 3614 1205 3639 quam
1221 3605 1361 3630 retinemus
1376 3613 1406 3630 ex
1419 3605 1504 3636 Pinna,
1519 3612 1576 3630 mu-

1627 2908 1680 2928 tato
1698 2903 1807 2935 aliquod
1825 2903 1851 2927 in
1869 2903 1980 2936 aliquid,
1995 2904 2066 2936 quod
2085 2908 2125 2928 est
2142 2904 2259 2928 omnium
2274 2904 2348 2929 codd.
2362 2912 2415 2930 exc.
2430 2905 2461 2936 D,
2476 2906 2520 2939 qui
2534 2906 2628 2932 omittit
2639 2906 2689 2933 hoc

1627 2938 1746 2963 verbum.

1681 2972 1707 3007 τ)
1727 2973 1870 3005 Nunquam
1883 2976 1980 2998 autem.
1994 2973 2057 2998 —lta
2076 2974 2180 3006 antiqua
2198 2975 2292 3005 versio,
2306 2982 2373 3008 quae
2387 2975 2412 2999 in
2431 2975 2509 3000 Piana
2527 2975 2648 3008 habetur;
2663 2982 2689 3003 at

1628 3009 1702 3033 codd.
1717 3016 1809 3032 omnes
1822 3014 1934 3041 ponunt:
1948 3009 2122 3041 Nequaquam
2137 3016 2201 3042 ergo
2216 3008 2319 3043 (autem
2339 3009 2390 3044 H).
2403 3010 2554 3036 Retinemus
2574 3011 2687 3043 Pianam,

1628 3051 1695 3076 quae
1714 3043 1852 3067 conformis
1871 3048 1911 3068 est
1930 3048 1984 3068 tum
2004 3044 2080 3068 textui
2096 3049 2151 3068 tum
2170 3045 2320 3076 expositioni
2340 3052 2418 3077 quam
2432 3046 2508 3070 tradit
2526 3053 2548 3070 s.
2562 3046 2687 3078 Thomas,

1628 3078 1778 3111 segregatio
1793 3086 1927 3110 nunquam
1939 3079 2067 3111 finietur;
2086 3079 2132 3103 sed
2151 3079 2228 3104 simul
2248 3080 2400 3105 adnotamus
2415 3081 2486 3112 quod
2504 3089 2582 3114 supra
2594 3090 2620 3107 n.
2633 3089 2648 3115 7
2662 3083 2688 3107 in

1628 3113 1753 3138 divisione
1768 3118 1850 3137 textus
1864 3114 1924 3138 satis
1940 3113 2074 3138 manifeste
2087 3114 2187 3138 videtur
2200 3115 2306 3140 indicata
2319 3115 2393 3140 lectio
2408 3114 2482 3140 codd.
2496 3123 2542 3148 per
2554 3117 2619 3142 illud
2629 3125 2688 3142 ver-

1628 3149 1690 3173 bum
1710 3149 1999 3180 nequaquam-Linea
2018 3149 2135 3181 sequenti
2156 3150 2235 3174 PHab
2253 3157 2306 3175 orn.
2317 3150 2496 3182 praedictam.

1681 3183 1706 3215 υ)
1726 3184 1848 3215 separari
1870 3191 1887 3208 a
1911 3184 2073 3209 substantiis.
2086 3198 2106 3203 —
2121 3184 2140 3209 F
2159 3186 2299 3218 segregari
2322 3186 2379 3210 loco
2397 3187 2520 3217 separari
2525 3194 2534 3216 ;
2553 3187 2688 3213 ACKSTV

1628 3219 1749 3243 subiectis
1768 3219 1825 3243 loco
1837 3219 1999 3244 substantiis.
2014 3219 2122 3252 Insuper
2141 3220 2238 3244 LSZsD
2253 3220 2400 3245 immediate
2419 3221 2515 3246 addunt
2528 3223 2606 3247 etita
2620 3230 2687 3248 nuu-

1628 3261 1706 3286 quam
1725 3253 1840 3286 finietur
1856 3254 1919 3286 (siat
1938 3254 1967 3286 Z)
1986 3255 2138 3287 segregatio
2157 3255 2245 3288 quoad
2262 3255 2311 3281 hoc
2330 3255 2430 3288 (quoad
2447 3256 2496 3282 hoc
2513 3265 2568 3282 om.
2582 3258 2688 3290 Lan).-

1629 3289 1699 3313 1.oco
1713 3292 1838 3314 ettamen
1857 3289 2131 3322 ACKOSTVXYpLsI
2150 3289 2245 3315 habent
2262 3293 2289 3315 et
2307 3290 2376 3321 inde,
2393 3291 2419 3322 Q
2430 3294 2456 3316 et
2475 3292 2542 3324 ipse5
2561 3293 2607 3318 aed
2626 3298 2688 3318 sunt

1628 3324 1755 3349 manifesti
1775 3331 1875 3349 errores
1894 3325 2099 3349 amanuensium.

1682 3358 1709 3393 φ)
1730 3359 2019 3384 sanativum.·-sanum
2040 3360 2068 3391 P,
2081 3363 2204 3385 sanatum
2221 3361 2307 3386 BCVZ
2322 3366 2442 3394 corrupte
2460 3369 2508 3394 pro
2526 3362 2685 3393 sanativum,

1628 3395 1699 3427 quod
1713 3394 1807 3419 habent
1822 3399 1869 3419 cet.
1880 3399 1904 3419 et
1919 3402 1935 3418 a
1946 3395 1968 3419 b.
1978 3409 1997 3413 -
2006 3395 2063 3420 Lin.
2078 3403 2133 3428 seq.
2148 3404 2196 3428 pro
2209 3396 2317 3429 aliquod
2330 3397 2482 3427 subiectum,
2492 3397 2600 3430 aliquod
2611 3397 2687 3422 aliud

1627 3430 1770 3454 subiectum
1790 3430 1864 3454 codd.
1879 3437 1932 3454 exc.
1947 3430 2096 3463 EHMNpG.

1680 3464 1709 3499 χ)
1731 3464 1848 3490 totaliter
1867 3465 2036 3490 velih—velit
2054 3473 2107 3490 om.
2125 3466 2212 3496 codd.,
2226 3474 2256 3492 ex
2275 3467 2369 3500 quibua
2385 3468 2407 3492 D
2426 3466 2487 3500 legit
2503 3466 2528 3492 si
2546 3473 2606 3492 vere
2623 3467 2686 3492 velit

1629 3500 1814 3525 universaliter·
1830 3500 1897 3525 idest
1916 3501 2035 3525 totaliter
2048 3507 2190 3534 segregare
2196 3509 2205 3531 ,·
2229 3502 2248 3526 L
2272 3503 2296 3527 si
2310 3509 2370 3527 vere
2384 3502 2445 3528 velit
2459 3501 2527 3527 idest
2542 3508 2686 3535 segregare

1630 3535 1763 3565 totaliter,-
1792 3535 1812 3559 E
1838 3535 1862 3560 si
1886 3542 1946 3560 vere
1970 3535 2093 3568 intelligit
2118 3536 2185 3561 idest
2209 3538 2328 3562 totaliter
2351 3542 2508 3571 segregatim·
2535 3536 2556 3560 C
2577 3536 2602 3562 si
2624 3537 2686 3561 vetit

1631 3570 1721 3603 (mnrg.
1735 3571 1792 3595 add.
1806 3570 1882 3603 idest)
1903 3571 2021 3595 totaliter·
2038 3577 2180 3604 segregare
2185 3578 2194 3600 ;
2213 3571 2232 3595 Z
2255 3572 2279 3598 si
2297 3579 2358 3597 vero
2381 3572 2444 3598 velit
2461 3571 2580 3597 totaliter
2595 3578 2685 3604 segre-

1630 3612 1711 3639 gare;
1729 3612 1747 3630 a
1766 3605 1826 3638 legit
1844 3611 1873 3630 ut
1891 3605 1920 3635 E.
1935 3606 1981 3630 sed
1994 3613 2040 3638 pro
2059 3612 2127 3636 vere,
2143 3613 2204 3630 vero
2223 3614 2282 3632 cum
2301 3608 2332 3632 A.

2721 1849 2733 1862 ⁸
2746 1849 2817 1872 enam
2826 1856 2876 1873 om.
2883 1856 2915 1873 nr.

2722 1881 2779 1899 oux.

2721 2008 2872 2061 ...5th
2883 2013 2934 2056 §.¹¹¹²

2720 2163 2921 2192 “arm-rm

2720 2194 2766 2238 aa
2822 2192 2920 2214 &0210

2817 2253 2834 2279 φ

2719 2431 2731 2444 ’
2745 2432 2924 2455 comma-r

2719 2474 2803 2506 rentiu-
2815 2490 2837 2507 z.

2717 2589 2729 2600 ⁶
2743 2588 2804 2611 enim
2819 2595 2935 2615 Ασιοαπ

2718 2621 2757 2642 ιγ,
2771 2615 2847 2643 igitur
2855 2622 2878 2644 r,
2891 2622 2933 2638 er-
2975 2638 2979 2641 ,

2717 2647 2751 2670 go
2765 2647 2801 2664 az.
