2898 3996
439 314 515 350 280

440 390 689 440 compositam
718 402 764 427 ex
791 389 909 426 tribus
937 387 1259 436 magnitudinibus
1291 387 1498 425 indivisibi-

438 443 546 491 libus,
576 454 738 491 quarum
766 454 843 479 una
871 441 916 478 sit
933 442 1013 488 AB,
1034 440 1106 477 alia
1123 441 1201 487 BC,
1227 439 1333 477 tertia
1352 440 1434 478 CD.
1455 441 1498 478 In

441 495 578 533 eodem
606 502 733 532 autem
761 501 933 543 tempore
962 500 1111 542 oportet
1139 492 1244 542 quod
1270 492 1411 530 tardius
1440 505 1497 530 se-

441 548 607 586 cundum
621 546 853 597 praedictam
869 545 1158 595 proportionem
1171 552 1404 594 pertranseat
1417 557 1497 582 ma-

439 600 672 650 gnitudinem
700 599 951 648 compositam
971 611 1017 636 ex
1036 598 1183 635 duabus
1210 597 1498 635 indivisibilibus

440 652 780 701 magnitudinibus,
820 663 918 700 quae
952 651 997 688 sit
1030 650 1252 698 magnitudo
1282 651 1364 688 EZI
1389 650 1413 687 ζ.
1449 651 1499 688 Et

440 706 527 755 quia
546 713 696 754 tempus
716 703 894 742 dividitur
917 703 1010 740 sicut
1031 711 1066 740 et
1084 703 1321 751 magnitudo,
1342 715 1498 740 necesse

440 766 496 795 est
512 757 623 807 {quod
650 765 799 806 tempus
831 756 870 794 in
898 769 975 805 quo
1002 755 1172 794 velocius
1199 755 1398 805 pertransit
1423 762 1498 792 tres

439 810 682 848 indivisibiles
710 809 999 858 magnitudines,
1026 808 1215 846 dividatur
1242 809 1280 845 in
1307 808 1377 845 tria
1403 807 1498 845 indi-

437 862 613 910 visibilia3
643 862 731 912 quia
768 869 916 911 oportet
943 862 1049 911 quod
1084 861 1241 910 aequale
1275 861 1314 898 in
1350 860 1499 909 aequali

438 923 611 965 tempore
638 922 878 964 pertranseat.
902 914 956 951 Sit
982 926 1071 962 ergo
1091 921 1242 963 tempus
1262 913 1415 950 KLMN
1445 912 1498 950 di-

437 968 564 1007 visum
588 968 627 1006 in
658 968 727 1005 tria
754 966 993 1005 indivisibilia
1011 973 1036 1003 η.
1064 966 1141 1004 Sed
1169 966 1258 1015 quia
1290 965 1432 1003 tardius
1459 965 1499 1003 in

439 1021 576 1058 eodem
612 1028 784 1069 tempore
823 1027 1001 1058 movetur
1037 1031 1107 1068 per
1133 1019 1238 1066 EZI,
1277 1030 1374 1068 quae
1411 1026 1500 1056 sunt

439 1074 537 1111 duae
564 1073 840 1121 magnitudines
860 1072 1117 1120 indivisibiles,
1142 1084 1299 1109 necesse
1319 1078 1375 1108 est
1393 1071 1499 1120 quod

437 1134 587 1175 tempus
620 1126 808 1163 dividatur
834 1125 874 1162 in
903 1125 979 1162 duo
1004 1125 1145 1162 media:
1176 1132 1212 1162 et
1239 1124 1293 1162 sic
1320 1131 1498 1174 sequetur

438 1179 542 1228 quod
567 1178 790 1216 indivisibile
811 1178 1010 1215 dividatur.
1041 1177 1244 1228 Oportebit
1263 1176 1364 1214 enim
1393 1177 1498 1226 quod

437 1231 579 1269 tardius
614 1244 732 1269 unam
771 1230 1071 1279 magnitudinem
1107 1230 1374 1268 indivisibilem
1413 1242 1497 1279 per-

492 1405 518 1440 ζ)
539 1412 606 1438 quae
624 1405 660 1430 sit
678 1404 836 1438 magnitudo
849 1403 919 1429 EZI.
930 1417 950 1423 —
962 1410 1030 1436 quae
1042 1403 1077 1429 sit
1091 1404 1249 1437 magnitudo
1264 1403 1319 1433 EF,
1334 1403 1385 1428 FG
1397 1402 1501 1428 Pinna.-

438 1442 554 1474 Pergunt
571 1440 641 1465 Pub.-
659 1440 695 1465 Et
713 1440 776 1472 quia
793 1442 895 1472 tempus
914 1439 1000 1464 dividi
1013 1442 1104 1471 potest
1120 1439 1189 1464 sicut
1207 1439 1287 1464 etiam
1306 1437 1473 1471 magnitudo.

491 1475 518 1510 η)
539 1480 641 1508 tempus
653 1475 766 1500 KLMN
776 1475 889 1500 divisum
905 1475 931 1499 in
946 1475 1000 1499 tria
1018 1474 1199 1499 indivisibilia.
1211 1487 1231 1492 —
1243 1476 1346 1506 tempus
1361 1473 1420 1503 KL,
1436 1472 1499 1502 LM,

437 1512 500 1537 MN
511 1516 559 1537 etc.
573 1519 590 1537 a
600 1511 614 1536 b
624 1515 650 1536 et
658 1511 759 1536 Venett.
774 1509 848 1542 1504,
862 1509 936 1542 1545,
950 1510 1020 1543 quod
1030 1514 1170 1542 sequentes
1181 1508 1306 1534 editiones
1315 1513 1500 1541 transponunt:

1062 309 1408 347 PHYSICORUM
1434 309 1781 347 ARISTOTELIS
1811 309 1905 347 LIB.
1933 309 1984 346 VI

1553 396 1716 427 transeat
1747 388 1787 426 in
1813 400 1892 426 uno
1925 387 2143 425 indivisibili
2175 395 2347 437 tempore
2380 395 2417 426 et
2445 388 2613 427 dimidio.

1553 443 1645 480 Non
1673 441 1775 479 enim
1802 448 1927 491 potest
1955 441 2028 478 dici
2055 441 2160 490 quod
2195 453 2314 478 unam
2347 440 2615 479 indivisibilem

1554 494 1852 543 magnitudinem
1878 501 2043 531 transeat
2065 494 2104 531 in
2125 505 2205 530 uno
2230 493 2444 531 indivisibili
2467 502 2615 544 tempo-

1553 560 1610 594 re;
1631 548 1719 597 quia
1738 547 1791 584 sic
1809 559 1887 584 non
1905 547 2009 596 prius
2027 547 2048 567 *
2067 552 2288 584 moveretur
2308 546 2479 584 velocius
2497 559 2614 597 quam

1553 601 1706 638 tardius.
1727 601 1828 648 Ergo
1849 599 2070 649 relinquitur
2097 599 2201 648 quod
2223 598 2364 636 tardius
2382 607 2616 648 pertranseat

1555 653 1821 691 indivisibilem
1840 652 2140 701 magnitudinem
2159 651 2199 689 in
2217 651 2315 701 pluri
2334 663 2451 700 quam
2479 652 2518 689 in
2534 665 2614 690 uno

1553 706 1769 744 indivisibili
1791 713 1975 755 tempore,
2001 713 2038 743 et
2060 705 2099 742 in
2121 704 2259 742 minori
2285 716 2402 754 quam
2420 705 2460 742 in
2480 706 2500 727 *
2521 705 2615 743 duo·

1553 759 1641 806 bus;
1671 766 1708 796 et
1739 758 1793 795 sic
1825 758 2015 808 oportebit
2045 770 2167 795 unum
2204 757 2432 795 indivisibile
2464 765 2615 807 tempus

1555 811 1683 848 dividi.
1713 812 1762 848 Et
1789 811 1928 848 eodem
1957 810 2075 848 modo
2109 810 2278 860 sequitur
2310 810 2416 860 quod
2447 810 2616 849 indivisi-

1553 863 1636 900 bilis
1663 863 1885 911 magnitudo
1915 863 2120 911 dividatur,
2155 863 2185 901 si
2213 870 2378 913 ponatur
2405 863 2510 913 quod
2542 870 2614 901 tar-

1552 916 1638 960 dius
1664 923 1864 954 moveatur
1877 928 1946 965 per
1964 923 2038 953 tres
2057 916 2303 954 indivisibiles
2322 916 2614 966 magnitudines,

1553 969 1592 1006 in
1610 969 1728 1006 tribus
1742 969 2032 1007 indivisibilibus
2045 969 2291 1018 temporibus.
2310 969 2490 1007 Velocius
2510 969 2614 1007 enim

1553 1022 1593 1060 in
1618 1034 1697 1060 uno
1725 1021 1940 1060 indivisibili
1959 1028 2134 1071 tempore
2161 1021 2380 1060 movebitur
2394 1034 2466 1071 per
2482 1023 2568 1072 plus
2595 1023 2616 1044 *

1553 1088 1671 1126 quam
1698 1087 1767 1124 per
1792 1087 1911 1112 unam
1938 1074 2206 1112 indivisibilem
2229 1075 2540 1124 magnitudinem,
2579 1083 2616 1112 et

1552 1142 1622 1179 per
1648 1128 1774 1166 minus
1803 1140 1919 1177 quam
1947 1140 2017 1177 per
2037 1129 2057 1149 *³
2077 1127 2344 1164 duas.-Unde
2371 1127 2614 1166 manifestum

1552 1183 1615 1230 fit,
1654 1181 1759 1230 quod
1795 1181 1941 1218 nullum
1979 1180 2203 1217 continuum
2237 1187 2363 1229 potest
2400 1192 2483 1217 esse
2520 1180 2616 1219 indi-

1551 1234 1711 1273 visibile.

1556 1405 1659 1434 tempus
1671 1401 1785 1426 divisum
1800 1401 1826 1426 in
1840 1401 1899 1430 KL,
1914 1400 1976 1430 LM,
1990 1399 2056 1431 MN,
2070 1400 2125 1426 tria
2139 1399 2346 1426 indinisibilia.-
2357 1401 2414 1426 Lin.
2425 1408 2481 1434 seq.
2493 1408 2542 1434 pro
2556 1400 2621 1427 El!

1554 1437 1632 1462 Piana
1650 1437 1727 1462 habet
1741 1436 1797 1465 EF,
1812 1436 1872 1461 FG.
1892 1436 2031 1466 Quomodo
2050 1435 2246 1469 intelligendum
2265 1436 2298 1460 sit
2316 1436 2387 1470 quod
2405 1436 2530 1470 sequitur,
2549 1443 2618 1470 quae

1553 1474 1616 1498 sunt
1634 1472 1703 1497 duae
1722 1471 1921 1505 magnitudines
1939 1470 2126 1502 indivisibiles,
2145 1470 2311 1496 manifestum
2330 1475 2371 1497 est
2393 1478 2424 1496 ex
2446 1479 2526 1505 supra
2543 1471 2617 1497 dicti·

1554 1508 1587 1533 de
1605 1507 1730 1533 divisione
1748 1506 1930 1540 magnitudinis
1948 1506 2047 1532 ABCD.

2640 561 2653 573 ⁴
2662 561 2719 590 plue
2729 567 2840 585 amuco.

2641 716 2652 727 ⁸
2665 716 2691 738 ἐκ
2704 721 2753 738 om.
2767 715 2804 739 rb.

2641 1032 2652 1044 ⁸
2662 1031 2746 1060 plures
2759 1031 2813 1055 rab.

2640 1142 2652 1154 ⁸
2662 1147 2710 1170 per
2724 1146 2773 1165 om.
2787 1141 2841 1165 nb.
