2898 3996
450 283 524 321 360
1063 277 1410 315 PHYSICORUM
1435 276 1782 315 ARISTOTELIS
1811 278 1906 314 LIB.
1933 278 2003 315 VII

339 378 368 394 ur
380 378 401 394 v·
450 369 510 399 tur
534 362 554 382 θ’
581 371 651 409 pro
681 358 837 396 dimidio
866 358 928 395 vel
957 354 1073 405 'duplo
1102 355 1220 404 ipsius
1247 354 1411 404 mobilis,
1440 356 1508 393 sed

450 426 520 464 pro
550 411 707 450 dimidio
743 418 780 448 et
811 410 928 459 duplo
966 421 1012 446 ex
1043 415 1150 457 parte
1186 407 1240 444 rei
1271 407 1311 445 in
1343 419 1418 459 qua
1452 404 1509 445 e‘st

451 473 590 513 motus,
625 463 763 501 scilieet
791 463 812 484 ¹⁸
838 461 1024 510 qualitatis
1053 467 1118 498 aut
1145 459 1380 509 quantitatis,
1409 472 1506 510 quae

449 518 500 556 ita
527 530 566 555 se
589 517 730 554 habent
756 515 795 552 in
823 514 898 552 istis
919 513 1069 551 duobus
1089 512 1275 562 motibus,
1304 512 1400 550 sicut
1425 513 1507 550 lon—

450 570 578 619 gitudo
612 568 719 618 spatii
747 567 785 605 in
813 573 920 604 motu
948 565 1069 602 locali:
1099 564 1266 617 alioquin
1298 577 1377 602 non
1405 565 1507 602 simi-

321 637 335 653 ο
379 637 396 652 1·
449 623 531 660 liter
558 629 656 659 esset
688 620 727 658 in
753 619 830 657 istis
857 619 878 640 '²
905 618 1073 655 motibus
1107 625 1143 655 et
1174 617 1213 654 in
1244 625 1354 655 motu
1385 617 1504 654 locali.

451 677 494 712 In
512 682 619 711 motu
648 673 749 710 enim
777 671 896 719 locali,
927 670 1070 708 dietum
1100 677 1155 708 est
1174 671 1194 692 *²
1214 671 1319 719 quod
1346 669 1376 707 si
1403 677 1506 707 tanta

1560 355 1728 405 potentia
1755 363 1888 393 movet
1914 362 2061 408 tantum
2085 357 2248 406 mobile«,
2278 358 2462 397 medietas
2489 371 2622 398 move·-

1560 407 1614 445 bit
1641 407 1883 445 medietatem
1912 408 2082 446 mobilis:
2110 409 2173 447 hic
2199 417 2329 448 autem
2354 411 2489 450 dicitur
2514 413 2621 462 quod

1561 459 1744 498 medietas
1772 461 1868 498 forte
1894 460 1986 498 nihil
2013 461 2197 500 movebit.
2232 463 2310 501 Sed
2337 463 2620 513 intelligendum

1561 520 1617 550 est
1649 513 1696 550 de
1724 520 1804 550 toto
1837 513 1970 551 mobili
2004 513 2168 562 integro:
2203 515 2294 564 quia
2321 515 2443 554 virtus
2475 517 2621 556 motiva

1561 565 1755 603 dimidiata
1778 566 1799 587 ¹⁸
1827 578 1907 603 non
1934 566 2107 604 movebit
2133 566 2272 616 ipsum,
2292 579 2417 618 neque
2443 576 2514 618 per
2539 577 2620 608 tan-
2647 580 2658 590 ·

1559 624 1639 655 tam
1671 618 1917 667 quantitatem
1945 626 2010 656 aut
2036 619 2266 669 qualitatem,
2291 628 2417 670 neque
2443 621 2621 671 petreius

1560 670 1744 708 medium.
2590 685 2593 691 ¹
