<?xml version="1.0" encoding="UTF-8"?>
<!DOCTYPE html PUBLIC "-//W3C//DTD XHTML 1.0 Transitional//EN"
    "http://www.w3.org/TR/xhtml1/DTD/xhtml1-transitional.dtd">
<html xmlns="http://www.w3.org/1999/xhtml" xml:lang="en" lang="en">
 <head>
  <title>
</title>
<meta http-equiv="Content-Type" content="text/html;charset=utf-8" />
  <meta name='ocr-system' content='tesseract 3.04.00' />
  <meta name='ocr-capabilities' content='ocr_page ocr_carea ocr_par ocr_line ocrx_word'/>
</head>
<body>
  <div class='ocr_page' id='page_1' title='image "./operaomniaiussui02thom/operaomniaiussui02thom_0402.png"; bbox 0 0 2898 3996; ppageno 0'>
   <div class='ocr_carea' id='block_1_1' title="bbox 445 301 520 349">
    <p class='ocr_par' dir='ltr' id='par_1_1' title="bbox 445 301 520 349">
     <span class='ocr_line' id='line_1_1' title="bbox 445 301 520 349; baseline -0.027 -11"><span class='ocrx_word' id='word_1_1' title='bbox 445 301 520 349; x_wconf 89' lang='lat'>376</span> 
     </span>
    </p>
   </div>
   <div class='ocr_carea' id='block_1_2' title="bbox 1050 290 2007 332">
    <p class='ocr_par' dir='ltr' id='par_1_2' title="bbox 1050 290 2007 332">
     <span class='ocr_line' id='line_1_2' title="bbox 1050 290 2007 332; baseline -0.007 0"><span class='ocrx_word' id='word_1_2' title='bbox 1050 292 1396 332; x_wconf 89' lang='lat' dir='ltr'>PHYSICORUM</span> <span class='ocrx_word' id='word_1_3' title='bbox 1422 290 1769 328; x_wconf 89' lang='lat' dir='ltr'>ARISTOTELIS</span> <span class='ocrx_word' id='word_1_4' title='bbox 1799 290 1892 326; x_wconf 92' lang='lat' dir='ltr'><strong>LIB.</strong></span> <span class='ocrx_word' id='word_1_5' title='bbox 1921 290 2007 326; x_wconf 89' lang='lat' dir='ltr'><strong>VIII</strong></span> 
     </span>
    </p>
   </div>
   <div class='ocr_carea' id='block_1_3' title="bbox 1190 530 1870 608">
    <p class='ocr_par' dir='ltr' id='par_1_3' title="bbox 1190 530 1870 608">
     <span class='ocr_line' id='line_1_3' title="bbox 1190 530 1870 608; baseline -0.006 -19"><span class='ocrx_word' id='word_1_6' title='bbox 1190 533 1491 589; x_wconf 91' lang='lat' dir='ltr'><strong>LECTIO</strong></span> <span class='ocrx_word' id='word_1_7' title='bbox 1530 530 1870 608; x_wconf 80' lang='lat' dir='ltr'><strong>QUARTA</strong></span> 
     </span>
    </p>
   </div>
   <div class='ocr_carea' id='block_1_4' title="bbox 555 689 2515 731">
    <p class='ocr_par' dir='ltr' id='par_1_4' title="bbox 555 689 2515 731">
     <span class='ocr_line' id='line_1_4' title="bbox 555 689 2515 731; baseline -0.003 -3"><span class='ocrx_word' id='word_1_8' title='bbox 555 695 818 728; x_wconf 90' lang='lat' dir='ltr'>SOLVUNTUR</span> <span class='ocrx_word' id='word_1_9' title='bbox 842 693 1071 731; x_wconf 87' lang='lat' dir='ltr'><strong>RATIONES,</strong></span> <span class='ocrx_word' id='word_1_10' title='bbox 1094 693 1152 723; x_wconf 87' lang='lat' dir='ltr'>EX</span> <span class='ocrx_word' id='word_1_11' title='bbox 1175 691 1330 729; x_wconf 88' lang='lat' dir='ltr'><strong>QUIBUS</strong></span> <span class='ocrx_word' id='word_1_12' title='bbox 1353 689 1478 727; x_wconf 88' lang='lat' dir='ltr'><strong>SEQUI</strong></span> <span class='ocrx_word' id='word_1_13' title='bbox 1503 689 1697 720; x_wconf 86' lang='lat' dir='ltr'><strong>VIDETUR</strong></span> <span class='ocrx_word' id='word_1_14' title='bbox 1720 689 1844 727; x_wconf 92' lang='lat' dir='ltr'><strong>QUOD</strong></span> <span class='ocrx_word' id='word_1_15' title='bbox 1871 690 2028 722; x_wconf 91' lang='lat' dir='ltr'>MOTUS</span> <span class='ocrx_word' id='word_1_16' title='bbox 2050 690 2142 722; x_wconf 92' lang='lat' dir='ltr'>NON</span> <span class='ocrx_word' id='word_1_17' title='bbox 2166 691 2334 722; x_wconf 87' lang='lat' dir='ltr'>SEMPER</span> <span class='ocrx_word' id='word_1_18' title='bbox 2356 691 2515 723; x_wconf 91' lang='lat' dir='ltr'><strong>FUERIT</strong></span> 
     </span>
    </p>
   </div>
   <div class='ocr_carea' id='block_1_5' title="bbox 445 820 1505 1138">
    <p class='ocr_par' dir='ltr' id='par_1_5' title="bbox 445 820 1505 1138">
     <span class='ocr_line' id='line_1_5' title="bbox 445 820 1502 873; baseline -0.009 -9"><span class='ocrx_word' id='word_1_19' title='bbox 445 833 497 864; x_wconf 82' lang='grc' dir='ltr'><strong>Τοί</strong></span> <span class='ocrx_word' id='word_1_20' title='bbox 519 826 548 862; x_wconf 85' lang='grc' dir='ltr'>δ’</span> <span class='ocrx_word' id='word_1_21' title='bbox 578 832 718 864; x_wconf 76' lang='grc' dir='ltr'><strong>ἐναντία</strong></span> <span class='ocrx_word' id='word_1_22' title='bbox 744 828 879 866; x_wconf 75' lang='grc' dir='ltr'>τούτοις</span> <span class='ocrx_word' id='word_1_23' title='bbox 907 828 943 859; x_wconf 74' lang='grc' dir='ltr'>οὐ</span> <span class='ocrx_word' id='word_1_24' title='bbox 967 827 1118 873; x_wconf 79' lang='grc' dir='ltr'>χαλεπὸν</span> <span class='ocrx_word' id='word_1_25' title='bbox 1144 825 1247 857; x_wconf 89' lang='grc' dir='ltr'>λύειν.</span> <span class='ocrx_word' id='word_1_26' title='bbox 1275 823 1386 865; x_wconf 82' lang='grc' dir='ltr'>Δόξειε</span> <span class='ocrx_word' id='word_1_27' title='bbox 1410 820 1440 856; x_wconf 89' lang='grc' dir='ltr'>δ’</span> <span class='ocrx_word' id='word_1_28' title='bbox 1463 823 1502 856; x_wconf 77' lang='grc' dir='ltr'>ἂν</span> 
     </span>
     <span class='ocr_line' id='line_1_6' title="bbox 512 867 1504 916; baseline -0.008 -9"><span class='ocrx_word' id='word_1_29' title='bbox 512 873 548 907; x_wconf 82' lang='grc' dir='ltr'>ἐκ</span> <span class='ocrx_word' id='word_1_30' title='bbox 574 875 640 907; x_wconf 84' lang='grc' dir='ltr'>τῶν</span> <span class='ocrx_word' id='word_1_31' title='bbox 673 871 810 908; x_wconf 81' lang='grc' dir='ltr'>τοιῶνδε</span> <span class='ocrx_word' id='word_1_32' title='bbox 840 874 1020 904; x_wconf 82' lang='grc' dir='ltr'>σκοποῦσιν</span> <span class='ocrx_word' id='word_1_33' title='bbox 1053 867 1248 916; x_wconf 79' lang='grc' dir='ltr'>ἐνδέχεσθαι</span> <span class='ocrx_word' id='word_1_34' title='bbox 1274 869 1431 912; x_wconf 83' lang='grc' dir='ltr'>μάλιστα</span> <span class='ocrx_word' id='word_1_35' title='bbox 1454 870 1504 900; x_wconf 89' lang='grc' dir='ltr'>κί-</span> 
     </span>
     <span class='ocr_line' id='line_1_7' title="bbox 510 912 1502 960; baseline -0.007 -9"><span class='ocrx_word' id='word_1_36' title='bbox 510 930 602 956; x_wconf 91' lang='grc' dir='ltr'>νησιν</span> <span class='ocrx_word' id='word_1_37' title='bbox 627 916 711 950; x_wconf 79' lang='grc' dir='ltr'>εἶναί</span> <span class='ocrx_word' id='word_1_38' title='bbox 741 929 827 949; x_wconf 85' lang='grc' dir='ltr'>ποτε</span> <span class='ocrx_word' id='word_1_39' title='bbox 856 916 903 960; x_wconf 77' lang='grc' dir='ltr'>μή</span> <span class='ocrx_word' id='word_1_40' title='bbox 937 914 1039 948; x_wconf 74' lang='grc' dir='ltr'>οὖσαν</span> <span class='ocrx_word' id='word_1_41' title='bbox 1068 914 1170 955; x_wconf 76' lang='grc' dir='ltr'>ὅλως,</span> <span class='ocrx_word' id='word_1_42' title='bbox 1203 914 1335 957; x_wconf 83' lang='grc' dir='ltr'>πρῶτον</span> <span class='ocrx_word' id='word_1_43' title='bbox 1361 913 1420 957; x_wconf 77' lang='grc' dir='ltr'>μέν</span> <span class='ocrx_word' id='word_1_44' title='bbox 1447 912 1502 945; x_wconf 78' lang='grc' dir='ltr'>ὅτι</span> 
     </span>
     <span class='ocr_line' id='line_1_8' title="bbox 511 956 1505 1007; baseline -0.005 -13"><span class='ocrx_word' id='word_1_45' title='bbox 511 958 652 1007; x_wconf 77' lang='grc' dir='ltr'>οὐδεμία</span> <span class='ocrx_word' id='word_1_46' title='bbox 679 957 782 999; x_wconf 81' lang='grc' dir='ltr'>ἀίδιος</span> <span class='ocrx_word' id='word_1_47' title='bbox 808 959 999 1005; x_wconf 82' lang='grc' dir='ltr'>μεταβολή·</span> <span class='ocrx_word' id='word_1_48' title='bbox 1021 958 1200 1003; x_wconf 74' lang='grc' dir='ltr'>μεταβολή</span> <span class='ocrx_word' id='word_1_49' title='bbox 1220 957 1284 1004; x_wconf 82' lang='grc' dir='ltr'>γοὶρ</span> <span class='ocrx_word' id='word_1_50' title='bbox 1303 956 1424 990; x_wconf 78' lang='grc' dir='ltr'>ἅπασα</span> <span class='ocrx_word' id='word_1_51' title='bbox 1445 956 1505 989; x_wconf 89' lang='grc' dir='ltr'>πέ-</span> 
     </span>
     <span class='ocr_line' id='line_1_9' title="bbox 510 1002 1503 1051; baseline -0.005 -13"><span class='ocrx_word' id='word_1_52' title='bbox 510 1018 607 1051; x_wconf 82' lang='grc' dir='ltr'>φυκεν</span> <span class='ocrx_word' id='word_1_53' title='bbox 633 1006 669 1038; x_wconf 87' lang='grc' dir='ltr'>ἔκ</span> <span class='ocrx_word' id='word_1_54' title='bbox 694 1017 782 1042; x_wconf 85' lang='grc' dir='ltr'>τινος</span> <span class='ocrx_word' id='word_1_55' title='bbox 807 1007 851 1042; x_wconf 83' lang='grc' dir='ltr'>εἵς</span> <span class='ocrx_word' id='word_1_56' title='bbox 877 1016 924 1045; x_wconf 82' lang='grc' dir='ltr'>τι,</span> <span class='ocrx_word' id='word_1_57' title='bbox 950 1003 1031 1035; x_wconf 76' lang='grc' dir='ltr'>ὥστ’</span> <span class='ocrx_word' id='word_1_58' title='bbox 1063 1002 1192 1049; x_wconf 85' lang='grc' dir='ltr'>ἀνάγκη</span> <span class='ocrx_word' id='word_1_59' title='bbox 1219 1002 1330 1040; x_wconf 86' lang='grc' dir='ltr'>πάσης</span> <span class='ocrx_word' id='word_1_60' title='bbox 1354 1002 1503 1046; x_wconf 87' lang='grc' dir='ltr'>μεταβο-</span> 
     </span>
     <span class='ocr_line' id='line_1_10' title="bbox 509 1045 1505 1093; baseline -0.005 -12"><span class='ocrx_word' id='word_1_61' title='bbox 509 1052 569 1088; x_wconf 81' lang='grc' dir='ltr'>λῆς</span> <span class='ocrx_word' id='word_1_62' title='bbox 594 1047 679 1082; x_wconf 84' lang='grc' dir='ltr'>εἶναι</span> <span class='ocrx_word' id='word_1_63' title='bbox 705 1050 807 1092; x_wconf 86' lang='grc' dir='ltr'>πέρας</span> <span class='ocrx_word' id='word_1_64' title='bbox 833 1048 1007 1080; x_wconf 78' lang='grc' dir='ltr'>τάναντία</span> <span class='ocrx_word' id='word_1_65' title='bbox 1033 1045 1065 1079; x_wconf 79' lang='grc' dir='ltr'>ἐν</span> <span class='ocrx_word' id='word_1_66' title='bbox 1088 1047 1135 1085; x_wconf 77' lang='grc' dir='ltr'>οἷς</span> <span class='ocrx_word' id='word_1_67' title='bbox 1155 1049 1325 1093; x_wconf 85' lang='grc' dir='ltr'>γίγνεται,</span> <span class='ocrx_word' id='word_1_68' title='bbox 1344 1047 1388 1083; x_wconf 83' lang='grc' dir='ltr'>εἰς</span> <span class='ocrx_word' id='word_1_69' title='bbox 1408 1046 1505 1079; x_wconf 80' lang='grc' dir='ltr'>ἄπει-</span> 
     </span>
     <span class='ocr_line' id='line_1_11' title="bbox 510 1088 952 1138; baseline -0.005 -12"><span class='ocrx_word' id='word_1_70' title='bbox 510 1106 564 1138; x_wconf 89' lang='grc' dir='ltr'>ρον</span> <span class='ocrx_word' id='word_1_71' title='bbox 588 1090 626 1126; x_wconf 82' lang='grc' dir='ltr'>δὲ</span> <span class='ocrx_word' id='word_1_72' title='bbox 649 1093 810 1125; x_wconf 76' lang='grc' dir='ltr'>κινεῖσθαι</span> <span class='ocrx_word' id='word_1_73' title='bbox 835 1088 952 1135; x_wconf 84' lang='grc' dir='ltr'>μηδέν.</span> 
     </span>
    </p>
   </div>
   <div class='ocr_carea' id='block_1_6' title="bbox 435 1174 1503 1402">
    <p class='ocr_par' dir='ltr' id='par_1_6' title="bbox 435 1174 1503 1402">
     <span class='ocr_line' id='line_1_12' title="bbox 435 1174 1502 1236; baseline -0.004 -23"><span class='ocrx_word' id='word_1_74' title='bbox 435 1182 512 1214; x_wconf 87' lang='grc' dir='ltr'>Ἔτι</span> <span class='ocrx_word' id='word_1_75' title='bbox 549 1182 670 1236; x_wconf 75' lang='grc' dir='ltr'>ὁρῶμεν</span> <span class='ocrx_word' id='word_1_76' title='bbox 704 1180 758 1213; x_wconf 77' lang='grc' dir='ltr'>ὅτι</span> <span class='ocrx_word' id='word_1_77' title='bbox 794 1174 941 1211; x_wconf 79' lang='grc' dir='ltr'>δυνατόν</span> <span class='ocrx_word' id='word_1_78' title='bbox 976 1177 1154 1216; x_wconf 86' lang='grc' dir='ltr'>κινηθῆναι</span> <span class='ocrx_word' id='word_1_79' title='bbox 1185 1177 1275 1223; x_wconf 70' lang='grc' dir='ltr'>μήτε</span> <span class='ocrx_word' id='word_1_80' title='bbox 1308 1178 1502 1221; x_wconf 88' lang='grc' dir='ltr'>κινούμενον</span> 
     </span>
     <span class='ocr_line' id='line_1_13' title="bbox 509 1218 1502 1271; baseline -0.005 -14"><span class='ocrx_word' id='word_1_81' title='bbox 509 1224 591 1270; x_wconf 75' lang='grc' dir='ltr'>μήτ’</span> <span class='ocrx_word' id='word_1_82' title='bbox 613 1236 689 1271; x_wconf 87' lang='grc' dir='ltr'>εχον</span> <span class='ocrx_word' id='word_1_83' title='bbox 717 1225 749 1256; x_wconf 80' lang='grc' dir='ltr'>ὲν</span> <span class='ocrx_word' id='word_1_84' title='bbox 776 1224 887 1266; x_wconf 81' lang='grc' dir='ltr'>ἑαυτῷ</span> <span class='ocrx_word' id='word_1_85' title='bbox 912 1218 1078 1268; x_wconf 87' lang='grc' dir='ltr'>μηδεμίαν</span> <span class='ocrx_word' id='word_1_86' title='bbox 1102 1225 1243 1263; x_wconf 87' lang='grc' dir='ltr'>κίνησιν,</span> <span class='ocrx_word' id='word_1_87' title='bbox 1261 1222 1327 1254; x_wconf 82' lang='grc' dir='ltr'>οἷον</span> <span class='ocrx_word' id='word_1_88' title='bbox 1354 1222 1409 1255; x_wconf 84' lang='grc' dir='ltr'>ἐπὶ</span> <span class='ocrx_word' id='word_1_89' title='bbox 1436 1222 1502 1254; x_wconf 84' lang='grc' dir='ltr'>τῶν</span> 
     </span>
     <span class='ocr_line' id='line_1_14' title="bbox 509 1263 1503 1315; baseline -0.003 -14"><span class='ocrx_word' id='word_1_90' title='bbox 509 1269 665 1315; x_wconf 81' lang='grc' dir='ltr'>ἀψύχων,</span> <span class='ocrx_word' id='word_1_91' title='bbox 691 1268 736 1300; x_wconf 79' lang='grc' dir='ltr'>ὦν</span> <span class='ocrx_word' id='word_1_92' title='bbox 763 1268 841 1300; x_wconf 85' lang='grc' dir='ltr'>οὔτε</span> <span class='ocrx_word' id='word_1_93' title='bbox 870 1268 967 1312; x_wconf 81' lang='grc' dir='ltr'>μέρος</span> <span class='ocrx_word' id='word_1_94' title='bbox 1001 1263 1096 1299; x_wconf 77' lang='grc' dir='ltr'>οὐδὲν</span> <span class='ocrx_word' id='word_1_95' title='bbox 1122 1267 1202 1299; x_wconf 83' lang='grc' dir='ltr'>οὔτε</span> <span class='ocrx_word' id='word_1_96' title='bbox 1228 1266 1269 1298; x_wconf 76' lang='grc' dir='ltr'>τὰ</span> <span class='ocrx_word' id='word_1_97' title='bbox 1295 1265 1371 1298; x_wconf 84' lang='grc' dir='ltr'>ὅλον</span> <span class='ocrx_word' id='word_1_98' title='bbox 1396 1265 1503 1298; x_wconf 82' lang='grc' dir='ltr'>κινού-</span> 
     </span>
     <span class='ocr_line' id='line_1_15' title="bbox 508 1306 1502 1358; baseline -0.004 -12"><span class='ocrx_word' id='word_1_99' title='bbox 508 1325 623 1358; x_wconf 87' lang='grc' dir='ltr'>μενον,</span> <span class='ocrx_word' id='word_1_100' title='bbox 652 1313 724 1345; x_wconf 86' lang='grc' dir='ltr'>ἀλλ’</span> <span class='ocrx_word' id='word_1_101' title='bbox 753 1310 917 1356; x_wconf 74' lang='grc' dir='ltr'>ἠρεμοῦν,</span> <span class='ocrx_word' id='word_1_102' title='bbox 943 1313 1088 1344; x_wconf 81' lang='grc' dir='ltr'>κινεῖταί</span> <span class='ocrx_word' id='word_1_103' title='bbox 1114 1323 1211 1344; x_wconf 85' lang='grc' dir='ltr'>ποτε.</span> <span class='ocrx_word' id='word_1_104' title='bbox 1244 1312 1392 1356; x_wconf 80' lang='grc' dir='ltr'>Προσῆκε</span> <span class='ocrx_word' id='word_1_105' title='bbox 1417 1306 1455 1342; x_wconf 88' lang='grc' dir='ltr'>δὲ</span> <span class='ocrx_word' id='word_1_106' title='bbox 1480 1309 1502 1347; x_wconf 71' lang='grc' dir='ltr'>ἦ</span> 
     </span>
     <span class='ocr_line' id='line_1_16' title="bbox 509 1352 1500 1402; baseline -0.004 -12"><span class='ocrx_word' id='word_1_107' title='bbox 509 1358 559 1390; x_wconf 85' lang='grc' dir='ltr'>ἀεὶ</span> <span class='ocrx_word' id='word_1_108' title='bbox 577 1357 740 1389; x_wconf 82' lang='grc' dir='ltr'>κινεῖσθαι</span> <span class='ocrx_word' id='word_1_109' title='bbox 757 1355 778 1393; x_wconf 75' lang='grc' dir='ltr'>ἦ</span> <span class='ocrx_word' id='word_1_110' title='bbox 796 1352 984 1400; x_wconf 85' lang='grc' dir='ltr'>μηδέποτε,</span> <span class='ocrx_word' id='word_1_111' title='bbox 1001 1358 1092 1400; x_wconf 85' lang='grc' dir='ltr'>εἴπερ</span> <span class='ocrx_word' id='word_1_112' title='bbox 1109 1355 1156 1400; x_wconf 76' lang='grc' dir='ltr'>μή</span> <span class='ocrx_word' id='word_1_113' title='bbox 1173 1358 1306 1402; x_wconf 85' lang='grc' dir='ltr'>γίνεται</span> <span class='ocrx_word' id='word_1_114' title='bbox 1325 1355 1384 1388; x_wconf 83' lang='grc' dir='ltr'>οὐκ</span> <span class='ocrx_word' id='word_1_115' title='bbox 1403 1353 1500 1388; x_wconf 75' lang='grc' dir='ltr'>οὖσα·</span> 
     </span>
    </p>
   </div>
   <div class='ocr_carea' id='block_1_7' title="bbox 441 1440 1504 2814">
    <p class='ocr_par' dir='ltr' id='par_1_7' title="bbox 441 1440 1504 2814">
     <span class='ocr_line' id='line_1_17' title="bbox 443 1440 1502 1488; baseline -0.001 -11"><span class='ocrx_word' id='word_1_116' title='bbox 443 1446 531 1478; x_wconf 75' lang='grc' dir='ltr'>πολύ</span> <span class='ocrx_word' id='word_1_117' title='bbox 555 1440 593 1477; x_wconf 80' lang='grc' dir='ltr'>δὲ</span> <span class='ocrx_word' id='word_1_118' title='bbox 618 1445 772 1488; x_wconf 86' lang='grc' dir='ltr'>μάλιστα</span> <span class='ocrx_word' id='word_1_119' title='bbox 797 1444 838 1476; x_wconf 77' lang='grc' dir='ltr'>τὸ</span> <span class='ocrx_word' id='word_1_120' title='bbox 870 1445 1028 1477; x_wconf 85' lang='grc' dir='ltr'>τοιοῦτον</span> <span class='ocrx_word' id='word_1_121' title='bbox 1057 1444 1114 1476; x_wconf 79' lang='grc' dir='ltr'>ἐπὶ</span> <span class='ocrx_word' id='word_1_122' title='bbox 1140 1444 1206 1475; x_wconf 82' lang='grc' dir='ltr'>τῶν</span> <span class='ocrx_word' id='word_1_123' title='bbox 1232 1442 1387 1488; x_wconf 79' lang='grc' dir='ltr'>ἐμψύχων</span> <span class='ocrx_word' id='word_1_124' title='bbox 1416 1440 1502 1476; x_wconf 81' lang='grc' dir='ltr'>εἶναι</span> 
     </span>
     <span class='ocr_line' id='line_1_18' title="bbox 506 1485 1501 1535; baseline -0.001 -14"><span class='ocrx_word' id='word_1_125' title='bbox 506 1490 658 1534; x_wconf 81' lang='grc' dir='ltr'>φανερόν·</span> <span class='ocrx_word' id='word_1_126' title='bbox 697 1485 855 1532; x_wconf 75' lang='grc' dir='ltr'>οὐδεμιᾶς</span> <span class='ocrx_word' id='word_1_127' title='bbox 891 1489 955 1535; x_wconf 81' lang='grc' dir='ltr'>γαίρ</span> <span class='ocrx_word' id='word_1_128' title='bbox 990 1489 1022 1520; x_wconf 80' lang='grc' dir='ltr'>ἐν</span> <span class='ocrx_word' id='word_1_129' title='bbox 1058 1489 1137 1532; x_wconf 74' lang='grc' dir='ltr'>’ἡμῖν</span> <span class='ocrx_word' id='word_1_130' title='bbox 1173 1487 1308 1526; x_wconf 81' lang='grc' dir='ltr'>ἐνούσης</span> <span class='ocrx_word' id='word_1_131' title='bbox 1341 1487 1501 1526; x_wconf 79' lang='grc' dir='ltr'>κινήσεως</span> 
     </span>
     <span class='ocr_line' id='line_1_19' title="bbox 507 1530 1502 1578; baseline -0.001 -13"><span class='ocrx_word' id='word_1_132' title='bbox 507 1535 628 1574; x_wconf 78' lang='grc' dir='ltr'>ἐνίοτε,</span> <span class='ocrx_word' id='word_1_133' title='bbox 650 1531 722 1566; x_wconf 84' lang='grc' dir='ltr'>ἀλλ’</span> <span class='ocrx_word' id='word_1_134' title='bbox 748 1533 978 1578; x_wconf 70' lang='grc' dir='ltr'>ἡσυχάζοντες</span> <span class='ocrx_word' id='word_1_135' title='bbox 1006 1531 1092 1575; x_wconf 80' lang='grc' dir='ltr'>ὅμως</span> <span class='ocrx_word' id='word_1_136' title='bbox 1117 1530 1302 1576; x_wconf 85' lang='grc' dir='ltr'>κινούμεθά</span> <span class='ocrx_word' id='word_1_137' title='bbox 1326 1544 1425 1574; x_wconf 86' lang='grc' dir='ltr'>ποτε,</span> <span class='ocrx_word' id='word_1_138' title='bbox 1444 1535 1502 1565; x_wconf 86' lang='grc' dir='ltr'>καὶ</span> 
     </span>
     <span class='ocr_line' id='line_1_20' title="bbox 507 1575 1502 1624; baseline -0.002 -14"><span class='ocrx_word' id='word_1_139' title='bbox 507 1577 680 1624; x_wconf 82' lang='grc' dir='ltr'>ἐγγίνεται</span> <span class='ocrx_word' id='word_1_140' title='bbox 711 1575 744 1609; x_wconf 77' lang='grc' dir='ltr'>ἐν</span> <span class='ocrx_word' id='word_1_141' title='bbox 775 1578 852 1620; x_wconf 79' lang='grc' dir='ltr'>ἡμῖν</span> <span class='ocrx_word' id='word_1_142' title='bbox 883 1576 918 1618; x_wconf 80' lang='grc' dir='ltr'>ἐξ</span> <span class='ocrx_word' id='word_1_143' title='bbox 949 1578 1042 1620; x_wconf 76' lang='grc' dir='ltr'>ἡμῶν</span> <span class='ocrx_word' id='word_1_144' title='bbox 1076 1577 1189 1609; x_wconf 79' lang='grc' dir='ltr'>αὐτῶν</span> <span class='ocrx_word' id='word_1_145' title='bbox 1223 1576 1311 1621; x_wconf 74' lang='grc' dir='ltr'>ἀρχή</span> <span class='ocrx_word' id='word_1_146' title='bbox 1342 1577 1502 1616; x_wconf 77' lang='grc' dir='ltr'>κινήσεως</span> 
     </span>
     <span class='ocr_line' id='line_1_21' title="bbox 508 1617 1502 1667; baseline -0.002 -13"><span class='ocrx_word' id='word_1_147' title='bbox 508 1623 636 1663; x_wconf 79' lang='grc' dir='ltr'>ἐνίοτε,</span> <span class='ocrx_word' id='word_1_148' title='bbox 661 1621 722 1653; x_wconf 75' lang='grc' dir='ltr'>κᾶν</span> <span class='ocrx_word' id='word_1_149' title='bbox 755 1617 859 1665; x_wconf 81' lang='grc' dir='ltr'>μηδὲν</span> <span class='ocrx_word' id='word_1_150' title='bbox 891 1621 1008 1662; x_wconf 79' lang='grc' dir='ltr'>ἔξωθεν</span> <span class='ocrx_word' id='word_1_151' title='bbox 1039 1621 1172 1664; x_wconf 68' lang='grc' dir='ltr'>κινήσῃ.</span> <span class='ocrx_word' id='word_1_152' title='bbox 1207 1623 1316 1655; x_wconf 80' lang='grc' dir='ltr'>Τοῦτο</span> <span class='ocrx_word' id='word_1_153' title='bbox 1348 1622 1412 1667; x_wconf 81' lang='grc' dir='ltr'>γοὶρ</span> <span class='ocrx_word' id='word_1_154' title='bbox 1446 1622 1502 1654; x_wconf 75' lang='grc' dir='ltr'>ἐπὶ</span> 
     </span>
     <span class='ocr_line' id='line_1_22' title="bbox 508 1663 1501 1710; baseline 0 -13"><span class='ocrx_word' id='word_1_155' title='bbox 508 1667 573 1698; x_wconf 83' lang='grc' dir='ltr'>τῶν</span> <span class='ocrx_word' id='word_1_156' title='bbox 602 1665 736 1710; x_wconf 82' lang='grc' dir='ltr'>ἀψύχων</span> <span class='ocrx_word' id='word_1_157' title='bbox 764 1666 827 1710; x_wconf 87' lang='grc' dir='ltr'>οὐχ</span> <span class='ocrx_word' id='word_1_158' title='bbox 855 1667 978 1710; x_wconf 83' lang='grc' dir='ltr'>ὁρῶμεν</span> <span class='ocrx_word' id='word_1_159' title='bbox 1013 1666 1154 1708; x_wconf 80' lang='grc' dir='ltr'>ὁμοίως,</span> <span class='ocrx_word' id='word_1_160' title='bbox 1182 1666 1255 1698; x_wconf 80' lang='grc' dir='ltr'>ἀλλ’</span> <span class='ocrx_word' id='word_1_161' title='bbox 1285 1663 1336 1698; x_wconf 83' lang='grc' dir='ltr'>ἀεὶ</span> <span class='ocrx_word' id='word_1_162' title='bbox 1360 1669 1444 1697; x_wconf 77' lang='grc' dir='ltr'>κινεῖ</span> <span class='ocrx_word' id='word_1_163' title='bbox 1466 1678 1501 1699; x_wconf 91' lang='grc' dir='ltr'>τι</span> 
     </span>
     <span class='ocr_line' id='line_1_23' title="bbox 507 1705 1500 1755; baseline -0.001 -13"><span class='ocrx_word' id='word_1_164' title='bbox 507 1709 602 1742; x_wconf 81' lang='grc' dir='ltr'>αὐτοὶ</span> <span class='ocrx_word' id='word_1_165' title='bbox 626 1712 691 1742; x_wconf 84' lang='grc' dir='ltr'>τῶν</span> <span class='ocrx_word' id='word_1_166' title='bbox 727 1709 845 1751; x_wconf 79' lang='grc' dir='ltr'>ἔξωθεν</span> <span class='ocrx_word' id='word_1_167' title='bbox 879 1710 1005 1755; x_wconf 82' lang='grc' dir='ltr'>ἕτερον·</span> <span class='ocrx_word' id='word_1_168' title='bbox 1034 1710 1075 1742; x_wconf 78' lang='grc' dir='ltr'>τὸ</span> <span class='ocrx_word' id='word_1_169' title='bbox 1099 1705 1137 1741; x_wconf 86' lang='grc' dir='ltr'>δὲ</span> <span class='ocrx_word' id='word_1_170' title='bbox 1160 1710 1245 1752; x_wconf 78' lang='grc' dir='ltr'>ζῷον</span> <span class='ocrx_word' id='word_1_171' title='bbox 1277 1707 1365 1742; x_wconf 79' lang='grc' dir='ltr'>αὐτό</span> <span class='ocrx_word' id='word_1_172' title='bbox 1394 1721 1500 1754; x_wconf 81' lang='grc' dir='ltr'>φαμεν</span> 
     </span>
     <span class='ocr_line' id='line_1_24' title="bbox 507 1753 1500 1799; baseline -0.001 -12"><span class='ocrx_word' id='word_1_173' title='bbox 507 1754 611 1787; x_wconf 74' lang='grc' dir='ltr'>ἑαυτὸ</span> <span class='ocrx_word' id='word_1_174' title='bbox 635 1758 748 1787; x_wconf 83' lang='grc' dir='ltr'>κινεῖν.</span> <span class='ocrx_word' id='word_1_175' title='bbox 777 1753 871 1787; x_wconf 64' lang='lat' dir='ltr'>‘&#39;sse-‘r&#39;</span> <span class='ocrx_word' id='word_1_176' title='bbox 899 1757 990 1798; x_wconf 82' lang='grc' dir='ltr'>εἴπερ</span> <span class='ocrx_word' id='word_1_177' title='bbox 1016 1754 1132 1799; x_wconf 82' lang='grc' dir='ltr'>ἠρεμεῖ</span> <span class='ocrx_word' id='word_1_178' title='bbox 1162 1755 1249 1786; x_wconf 83' lang='grc' dir='ltr'>ποτὲ</span> <span class='ocrx_word' id='word_1_179' title='bbox 1274 1753 1441 1798; x_wconf 80' lang='grc' dir='ltr'>πάμπαν,</span> <span class='ocrx_word' id='word_1_180' title='bbox 1468 1753 1500 1786; x_wconf 81' lang='grc' dir='ltr'>ἐν</span> 
     </span>
     <span class='ocr_line' id='line_1_25' title="bbox 509 1796 1504 1845; baseline -0.002 -14"><span class='ocrx_word' id='word_1_181' title='bbox 509 1798 656 1840; x_wconf 72' lang='grc' dir='ltr'>ἀκινήτῳ</span> <span class='ocrx_word' id='word_1_182' title='bbox 685 1801 811 1836; x_wconf 86' lang='grc' dir='ltr'>κίνησις</span> <span class='ocrx_word' id='word_1_183' title='bbox 837 1797 875 1830; x_wconf 77' lang='grc' dir='ltr'>ἂν</span> <span class='ocrx_word' id='word_1_184' title='bbox 901 1798 1036 1845; x_wconf 82' lang='grc' dir='ltr'>γένοιτο</span> <span class='ocrx_word' id='word_1_185' title='bbox 1062 1798 1096 1839; x_wconf 78' lang='grc' dir='ltr'>ἐξ</span> <span class='ocrx_word' id='word_1_186' title='bbox 1123 1798 1232 1830; x_wconf 80' lang='grc' dir='ltr'>αὐτοῦ</span> <span class='ocrx_word' id='word_1_187' title='bbox 1256 1800 1314 1829; x_wconf 87' lang='grc' dir='ltr'>καὶ</span> <span class='ocrx_word' id='word_1_188' title='bbox 1340 1796 1399 1830; x_wconf 72' lang='grc' dir='ltr'>οὐκ</span> <span class='ocrx_word' id='word_1_189' title='bbox 1425 1797 1504 1838; x_wconf 76' lang='grc' dir='ltr'>ἔξω·</span> 
     </span>
     <span class='ocr_line' id='line_1_26' title="bbox 508 1838 1502 1888; baseline -0.001 -14"><span class='ocrx_word' id='word_1_190' title='bbox 508 1841 574 1875; x_wconf 85' lang='grc' dir='ltr'>Θεν.</span> <span class='ocrx_word' id='word_1_191' title='bbox 600 1844 638 1875; x_wconf 85' lang='grc' dir='ltr'>Εἰ</span> <span class='ocrx_word' id='word_1_192' title='bbox 663 1840 691 1875; x_wconf 82' lang='grc' dir='ltr'>δ’</span> <span class='ocrx_word' id='word_1_193' title='bbox 721 1844 753 1875; x_wconf 82' lang='grc' dir='ltr'>ἒν</span> <span class='ocrx_word' id='word_1_194' title='bbox 777 1841 848 1885; x_wconf 77' lang='grc' dir='ltr'>ζῴῳ</span> <span class='ocrx_word' id='word_1_195' title='bbox 874 1844 981 1875; x_wconf 76' lang='grc' dir='ltr'>τοῦτο</span> <span class='ocrx_word' id='word_1_196' title='bbox 1006 1838 1154 1874; x_wconf 76' lang='grc' dir='ltr'>δυνατὸν</span> <span class='ocrx_word' id='word_1_197' title='bbox 1178 1841 1354 1888; x_wconf 84' lang='grc' dir='ltr'>γενέσθαι,</span> <span class='ocrx_word' id='word_1_198' title='bbox 1381 1844 1415 1874; x_wconf 88' lang='grc' dir='ltr'>τί</span> <span class='ocrx_word' id='word_1_199' title='bbox 1439 1853 1502 1873; x_wconf 91' lang='grc' dir='ltr'>κω-</span> 
     </span>
     <span class='ocr_line' id='line_1_27' title="bbox 505 1886 1498 1931; baseline -0.002 -12"><span class='ocrx_word' id='word_1_200' title='bbox 505 1887 577 1919; x_wconf 85' lang='grc' dir='ltr'>λύει</span> <span class='ocrx_word' id='word_1_201' title='bbox 601 1887 643 1919; x_wconf 63' lang='lat' dir='ltr'>*cd</span> <span class='ocrx_word' id='word_1_202' title='bbox 669 1886 758 1919; x_wconf 71' lang='grc' dir='ltr'>αὐτὸ</span> <span class='ocrx_word' id='word_1_203' title='bbox 782 1887 952 1930; x_wconf 72' lang='grc' dir='ltr'>συμβῆναι</span> <span class='ocrx_word' id='word_1_204' title='bbox 981 1889 1039 1919; x_wconf 85' lang='grc' dir='ltr'>καὶ</span> <span class='ocrx_word' id='word_1_205' title='bbox 1069 1886 1166 1919; x_wconf 74' lang='grc' dir='ltr'>κατα</span> <span class='ocrx_word' id='word_1_206' title='bbox 1190 1886 1232 1918; x_wconf 73' lang='grc' dir='ltr'>τὸ</span> <span class='ocrx_word' id='word_1_207' title='bbox 1266 1888 1355 1926; x_wconf 80' lang='grc' dir='ltr'>πᾶν;</span> <span class='ocrx_word' id='word_1_208' title='bbox 1382 1887 1410 1917; x_wconf 85' lang='grc' dir='ltr'>εἰ</span> <span class='ocrx_word' id='word_1_209' title='bbox 1434 1886 1498 1931; x_wconf 78' lang='grc' dir='ltr'>γάρ</span> 
     </span>
     <span class='ocr_line' id='line_1_28' title="bbox 507 1929 1499 1976; baseline -0.001 -13"><span class='ocrx_word' id='word_1_210' title='bbox 507 1929 539 1963; x_wconf 85' lang='grc' dir='ltr'>ὲν</span> <span class='ocrx_word' id='word_1_211' title='bbox 565 1933 667 1975; x_wconf 81' lang='grc' dir='ltr'>μικρῷ</span> <span class='ocrx_word' id='word_1_212' title='bbox 690 1931 803 1974; x_wconf 80' lang='grc' dir='ltr'>κόσμῳ</span> <span class='ocrx_word' id='word_1_213' title='bbox 827 1933 981 1976; x_wconf 85' lang='grc' dir='ltr'>γίνεται,</span> <span class='ocrx_word' id='word_1_214' title='bbox 1012 1933 1070 1962; x_wconf 86' lang='grc' dir='ltr'>καὶ</span> <span class='ocrx_word' id='word_1_215' title='bbox 1096 1931 1130 1962; x_wconf 81' lang='grc' dir='ltr'>ἐν</span> <span class='ocrx_word' id='word_1_216' title='bbox 1155 1930 1305 1976; x_wconf 85' lang='grc' dir='ltr'>μεγάλῳ·</span> <span class='ocrx_word' id='word_1_217' title='bbox 1330 1932 1388 1962; x_wconf 82' lang='grc' dir='ltr'>καὶ</span> <span class='ocrx_word' id='word_1_218' title='bbox 1413 1932 1441 1962; x_wconf 80' lang='grc' dir='ltr'>εἰ</span> <span class='ocrx_word' id='word_1_219' title='bbox 1466 1931 1499 1962; x_wconf 84' lang='grc' dir='ltr'>ὲν</span> 
     </span>
     <span class='ocr_line' id='line_1_29' title="bbox 506 1971 1499 2021; baseline -0.003 -13"><span class='ocrx_word' id='word_1_220' title='bbox 506 1977 554 2016; x_wconf 77' lang='grc' dir='ltr'>τῷ</span> <span class='ocrx_word' id='word_1_221' title='bbox 577 1975 703 2019; x_wconf 84' lang='grc' dir='ltr'>κόσμῳ,</span> <span class='ocrx_word' id='word_1_222' title='bbox 721 1976 783 2009; x_wconf 79' lang='grc' dir='ltr'>κάν</span> <span class='ocrx_word' id='word_1_223' title='bbox 803 1978 850 2018; x_wconf 81' lang='grc' dir='ltr'>τῷ</span> <span class='ocrx_word' id='word_1_224' title='bbox 874 1977 1011 2020; x_wconf 81' lang='grc' dir='ltr'>ἀπείρῳ,</span> <span class='ocrx_word' id='word_1_225' title='bbox 1030 1977 1121 2019; x_wconf 80' lang='grc' dir='ltr'>εἴπερ</span> <span class='ocrx_word' id='word_1_226' title='bbox 1139 1971 1318 2021; x_wconf 81' lang='grc' dir='ltr'>ἐνδέχεται</span> <span class='ocrx_word' id='word_1_227' title='bbox 1337 1973 1499 2007; x_wconf 79' lang='grc' dir='ltr'>κινεῖσθαι</span> 
     </span>
     <span class='ocr_line' id='line_1_30' title="bbox 508 2019 1080 2064; baseline -0.002 -14"><span class='ocrx_word' id='word_1_228' title='bbox 508 2020 549 2051; x_wconf 64' lang='lat' dir='ltr'>‘ro‘</span> <span class='ocrx_word' id='word_1_229' title='bbox 575 2020 724 2064; x_wconf 84' lang='grc' dir='ltr'>ἄπειρον,</span> <span class='ocrx_word' id='word_1_230' title='bbox 749 2022 808 2052; x_wconf 81' lang='grc' dir='ltr'>καὶ</span> <span class='ocrx_word' id='word_1_231' title='bbox 833 2020 964 2064; x_wconf 77' lang='grc' dir='ltr'>ἠρεμεῖν</span> <span class='ocrx_word' id='word_1_232' title='bbox 991 2019 1080 2051; x_wconf 80' lang='grc' dir='ltr'>ὅλον.</span> 
     </span>
     <span class='ocr_line' id='line_1_31' title="bbox 441 2060 1500 2109; baseline -0.001 -15"><span class='ocrx_word' id='word_1_233' title='bbox 441 2063 578 2095; x_wconf 85' lang='grc' dir='ltr'>Τούτων</span> <span class='ocrx_word' id='word_1_234' title='bbox 602 2060 645 2100; x_wconf 74' lang='grc' dir='ltr'>δή</span> <span class='ocrx_word' id='word_1_235' title='bbox 671 2064 713 2095; x_wconf 60' lang='lat' dir='ltr'>‘ro‘</span> <span class='ocrx_word' id='word_1_236' title='bbox 737 2065 796 2109; x_wconf 79' lang='grc' dir='ltr'>μὲν</span> <span class='ocrx_word' id='word_1_237' title='bbox 827 2065 958 2109; x_wconf 81' lang='grc' dir='ltr'>πρῶτον</span> <span class='ocrx_word' id='word_1_238' title='bbox 989 2065 1026 2095; x_wconf 92' lang='grc' dir='ltr'>λε</span> <span class='ocrx_word' id='word_1_239' title='bbox 1055 2061 1128 2103; x_wconf 85' lang='grc' dir='ltr'>θέν,</span> <span class='ocrx_word' id='word_1_240' title='bbox 1160 2063 1201 2096; x_wconf 80' lang='grc' dir='ltr'>τὸ</span> <span class='ocrx_word' id='word_1_241' title='bbox 1226 2062 1272 2107; x_wconf 73' lang='grc' dir='ltr'>μή</span> <span class='ocrx_word' id='word_1_242' title='bbox 1298 2061 1362 2099; x_wconf 71' lang='grc' dir='ltr'>τήν</span> <span class='ocrx_word' id='word_1_243' title='bbox 1388 2063 1500 2099; x_wconf 73' lang='grc' dir='ltr'>αὑτήν</span> 
     </span>
     <span class='ocr_line' id='line_1_32' title="bbox 510 2107 1499 2152; baseline -0.003 -12"><span class='ocrx_word' id='word_1_244' title='bbox 510 2107 562 2140; x_wconf 74' lang='grc' dir='ltr'>ἀεὶ</span> <span class='ocrx_word' id='word_1_245' title='bbox 584 2110 642 2139; x_wconf 86' lang='grc' dir='ltr'>καὶ</span> <span class='ocrx_word' id='word_1_246' title='bbox 667 2111 745 2152; x_wconf 82' lang='grc' dir='ltr'>μίαν</span> <span class='ocrx_word' id='word_1_247' title='bbox 772 2110 819 2150; x_wconf 81' lang='grc' dir='ltr'>τῷ</span> <span class='ocrx_word' id='word_1_248' title='bbox 853 2108 976 2151; x_wconf 79' lang='grc' dir='ltr'>ἀριθμῷ</span> <span class='ocrx_word' id='word_1_249' title='bbox 1002 2118 1088 2139; x_wconf 87' lang='grc' dir='ltr'>ειναι</span> <span class='ocrx_word' id='word_1_250' title='bbox 1113 2107 1177 2144; x_wconf 75' lang='grc' dir='ltr'>την</span> <span class='ocrx_word' id='word_1_251' title='bbox 1209 2110 1335 2144; x_wconf 88' lang='grc' dir='ltr'>κίνησιν</span> <span class='ocrx_word' id='word_1_252' title='bbox 1365 2107 1429 2143; x_wconf 75' lang='grc' dir='ltr'>την</span> <span class='ocrx_word' id='word_1_253' title='bbox 1455 2107 1499 2144; x_wconf 84' lang='grc' dir='ltr'>εἰς</span> 
     </span>
     <span class='ocr_line' id='line_1_33' title="bbox 508 2150 1498 2198; baseline -0.003 -14"><span class='ocrx_word' id='word_1_254' title='bbox 508 2152 556 2184; x_wconf 83' lang='grc' dir='ltr'>τοὶ</span> <span class='ocrx_word' id='word_1_255' title='bbox 581 2152 810 2195; x_wconf 80' lang='grc' dir='ltr'>ἀντικείμενα,</span> <span class='ocrx_word' id='word_1_256' title='bbox 830 2151 927 2196; x_wconf 81' lang='grc' dir='ltr'>ὀρθῶς</span> <span class='ocrx_word' id='word_1_257' title='bbox 952 2151 1106 2198; x_wconf 85' lang='grc' dir='ltr'>λέγεται·</span> <span class='ocrx_word' id='word_1_258' title='bbox 1133 2153 1239 2184; x_wconf 82' lang='grc' dir='ltr'>τοῦτο</span> <span class='ocrx_word' id='word_1_259' title='bbox 1264 2151 1323 2194; x_wconf 82' lang='grc' dir='ltr'>μὲν</span> <span class='ocrx_word' id='word_1_260' title='bbox 1339 2150 1403 2194; x_wconf 78' lang='grc' dir='ltr'>γάρ</span> <span class='ocrx_word' id='word_1_261' title='bbox 1421 2153 1498 2188; x_wconf 79' lang='grc' dir='ltr'>ἴσως</span> 
     </span>
     <span class='ocr_line' id='line_1_34' title="bbox 509 2195 1499 2242; baseline -0.003 -13"><span class='ocrx_word' id='word_1_262' title='bbox 509 2196 716 2242; x_wconf 77' lang='grc' dir='ltr'>ἀναγκαῖον,</span> <span class='ocrx_word' id='word_1_263' title='bbox 742 2199 832 2241; x_wconf 87' lang='grc' dir='ltr'>εἴπερ</span> <span class='ocrx_word' id='word_1_264' title='bbox 865 2197 911 2241; x_wconf 70' lang='grc' dir='ltr'>μγ)</span> <span class='ocrx_word' id='word_1_265' title='bbox 939 2197 988 2229; x_wconf 81' lang='grc' dir='ltr'>ἀεὶ</span> <span class='ocrx_word' id='word_1_266' title='bbox 1019 2198 1098 2239; x_wconf 83' lang='grc' dir='ltr'>μίαν</span> <span class='ocrx_word' id='word_1_267' title='bbox 1129 2198 1187 2227; x_wconf 80' lang='grc' dir='ltr'>καὶ</span> <span class='ocrx_word' id='word_1_268' title='bbox 1219 2195 1281 2231; x_wconf 73' lang='grc' dir='ltr'>την</span> <span class='ocrx_word' id='word_1_269' title='bbox 1315 2195 1425 2231; x_wconf 73' lang='grc' dir='ltr'>αὐτ-ἡν</span> <span class='ocrx_word' id='word_1_270' title='bbox 1452 2196 1499 2235; x_wconf 80' lang='grc' dir='ltr'>τῷ</span> 
     </span>
     <span class='ocr_line' id='line_1_35' title="bbox 509 2237 1501 2284; baseline -0.003 -12"><span class='ocrx_word' id='word_1_271' title='bbox 509 2240 632 2284; x_wconf 81' lang='grc' dir='ltr'>ἀριθμῷ</span> <span class='ocrx_word' id='word_1_272' title='bbox 666 2238 751 2272; x_wconf 83' lang='grc' dir='ltr'>εἶναι</span> <span class='ocrx_word' id='word_1_273' title='bbox 780 2237 928 2274; x_wconf 75' lang='grc' dir='ltr'>δυνατόν</span> <span class='ocrx_word' id='word_1_274' title='bbox 953 2241 1017 2276; x_wconf 76' lang='grc' dir='ltr'>τήν</span> <span class='ocrx_word' id='word_1_275' title='bbox 1043 2240 1104 2272; x_wconf 82' lang='grc' dir='ltr'>τοῦ</span> <span class='ocrx_word' id='word_1_276' title='bbox 1131 2239 1240 2272; x_wconf 81' lang='grc' dir='ltr'>αὐτοῦ</span> <span class='ocrx_word' id='word_1_277' title='bbox 1272 2241 1329 2270; x_wconf 85' lang='grc' dir='ltr'>καὶ</span> <span class='ocrx_word' id='word_1_278' title='bbox 1356 2239 1427 2276; x_wconf 78' lang='grc' dir='ltr'>ἑνὸς</span> <span class='ocrx_word' id='word_1_279' title='bbox 1451 2241 1501 2269; x_wconf 90' lang='grc' dir='ltr'>κί-</span> 
     </span>
     <span class='ocr_line' id='line_1_36' title="bbox 507 2278 1498 2331; baseline -0.001 -16"><span class='ocrx_word' id='word_1_280' title='bbox 507 2295 612 2327; x_wconf 88' lang='grc' dir='ltr'>νησιν·</span> <span class='ocrx_word' id='word_1_281' title='bbox 637 2285 725 2331; x_wconf 84' lang='grc' dir='ltr'>λέγω</span> <span class='ocrx_word' id='word_1_282' title='bbox 749 2279 778 2315; x_wconf 90' lang='grc' dir='ltr'>δ’</span> <span class='ocrx_word' id='word_1_283' title='bbox 800 2286 868 2317; x_wconf 83' lang='grc' dir='ltr'>οἷον</span> <span class='ocrx_word' id='word_1_284' title='bbox 894 2285 1035 2328; x_wconf 81' lang='grc' dir='ltr'>πότερον</span> <span class='ocrx_word' id='word_1_285' title='bbox 1055 2284 1116 2320; x_wconf 80' lang='grc' dir='ltr'>τῆς</span> <span class='ocrx_word' id='word_1_286' title='bbox 1135 2285 1212 2328; x_wconf 83' lang='grc' dir='ltr'>μιᾶς</span> <span class='ocrx_word' id='word_1_287' title='bbox 1238 2278 1361 2328; x_wconf 76' lang='grc' dir='ltr'>χορδῆς</span> <span class='ocrx_word' id='word_1_288' title='bbox 1380 2283 1424 2320; x_wconf 86' lang='grc' dir='ltr'>εἷς</span> <span class='ocrx_word' id='word_1_289' title='bbox 1441 2286 1498 2314; x_wconf 80' lang='grc' dir='ltr'>καὶ</span> 
     </span>
     <span class='ocr_line' id='line_1_37' title="bbox 509 2327 1498 2375; baseline -0.002 -15"><span class='ocrx_word' id='word_1_290' title='bbox 509 2329 525 2360; x_wconf 81' lang='grc' dir='ltr'>ὁ</span> <span class='ocrx_word' id='word_1_291' title='bbox 551 2328 655 2365; x_wconf 78' lang='grc' dir='ltr'>αὐτὸς</span> <span class='ocrx_word' id='word_1_292' title='bbox 682 2328 837 2375; x_wconf 78' lang='grc' dir='ltr'>φθόγγος,</span> <span class='ocrx_word' id='word_1_293' title='bbox 865 2329 885 2365; x_wconf 79' lang='grc' dir='ltr'>ἦ</span> <span class='ocrx_word' id='word_1_294' title='bbox 914 2330 964 2361; x_wconf 81' lang='grc' dir='ltr'>ἀεὶ</span> <span class='ocrx_word' id='word_1_295' title='bbox 990 2327 1116 2372; x_wconf 84' lang='grc' dir='ltr'>ἕτερος,</span> <span class='ocrx_word' id='word_1_296' title='bbox 1137 2330 1254 2372; x_wconf 79' lang='grc' dir='ltr'>ὁμοίως</span> <span class='ocrx_word' id='word_1_297' title='bbox 1278 2327 1419 2371; x_wconf 80' lang='grc' dir='ltr'>ἐχούσης</span> <span class='ocrx_word' id='word_1_298' title='bbox 1441 2329 1498 2358; x_wconf 82' lang='grc' dir='ltr'>καὶ</span> 
     </span>
     <span class='ocr_line' id='line_1_38' title="bbox 505 2367 1498 2427; baseline -0.001 -24"><span class='ocrx_word' id='word_1_299' title='bbox 505 2372 711 2416; x_wconf 83' lang='grc' dir='ltr'>κινουμένης.</span> <span class='ocrx_word' id='word_1_300' title='bbox 744 2375 834 2405; x_wconf 85' lang='grc' dir='ltr'>Ἀλλ’</span> <span class='ocrx_word' id='word_1_301' title='bbox 865 2373 964 2416; x_wconf 77' lang='grc' dir='ltr'>ὅμως,</span> <span class='ocrx_word' id='word_1_302' title='bbox 993 2371 1163 2427; x_wconf 69' lang='grc' dir='ltr'>ὁποτέρως</span> <span class='ocrx_word' id='word_1_303' title='bbox 1189 2372 1266 2404; x_wconf 82' lang='grc' dir='ltr'>ποτ’</span> <span class='ocrx_word' id='word_1_304' title='bbox 1292 2373 1374 2416; x_wconf 78' lang='grc' dir='ltr'>ἔχει,</span> <span class='ocrx_word' id='word_1_305' title='bbox 1403 2367 1498 2403; x_wconf 80' lang='grc' dir='ltr'>οὐδὲν</span> 
     </span>
     <span class='ocr_line' id='line_1_39' title="bbox 506 2416 1499 2461; baseline -0.001 -14"><span class='ocrx_word' id='word_1_306' title='bbox 506 2416 627 2448; x_wconf 84' lang='grc' dir='ltr'>κωλύει</span> <span class='ocrx_word' id='word_1_307' title='bbox 652 2419 730 2461; x_wconf 79' lang='grc' dir='ltr'>μίαν</span> <span class='ocrx_word' id='word_1_308' title='bbox 763 2419 821 2449; x_wconf 88' lang='grc' dir='ltr'>καὶ</span> <span class='ocrx_word' id='word_1_309' title='bbox 846 2417 909 2454; x_wconf 73' lang='grc' dir='ltr'>τήν</span> <span class='ocrx_word' id='word_1_310' title='bbox 936 2416 1046 2452; x_wconf 69' lang='grc' dir='ltr'>αὐτην</span> <span class='ocrx_word' id='word_1_311' title='bbox 1079 2420 1164 2448; x_wconf 84' lang='grc' dir='ltr'>ειναί</span> <span class='ocrx_word' id='word_1_312' title='bbox 1191 2427 1269 2447; x_wconf 88' lang='grc' dir='ltr'>τινα</span> <span class='ocrx_word' id='word_1_313' title='bbox 1294 2417 1342 2457; x_wconf 79' lang='grc' dir='ltr'>τῷ</span> <span class='ocrx_word' id='word_1_314' title='bbox 1375 2416 1499 2460; x_wconf 75' lang='grc' dir='ltr'>συνεχῆ</span> 
     </span>
     <span class='ocr_line' id='line_1_40' title="bbox 507 2456 1499 2504; baseline -0.001 -12"><span class='ocrx_word' id='word_1_315' title='bbox 507 2458 591 2492; x_wconf 80' lang='grc' dir='ltr'>εἶναι</span> <span class='ocrx_word' id='word_1_316' title='bbox 626 2463 684 2493; x_wconf 80' lang='grc' dir='ltr'>καὶ</span> <span class='ocrx_word' id='word_1_317' title='bbox 721 2457 839 2494; x_wconf 77' lang='grc' dir='ltr'>ἀΐδιον.</span> <span class='ocrx_word' id='word_1_318' title='bbox 875 2462 982 2498; x_wconf 87' lang='grc' dir='ltr'>Δῆλον</span> <span class='ocrx_word' id='word_1_319' title='bbox 1014 2456 1042 2492; x_wconf 85' lang='grc' dir='ltr'>δ’</span> <span class='ocrx_word' id='word_1_320' title='bbox 1072 2462 1170 2494; x_wconf 73' lang='grc' dir='ltr'>ἔσται</span> <span class='ocrx_word' id='word_1_321' title='bbox 1204 2461 1332 2504; x_wconf 81' lang='grc' dir='ltr'>μᾶλλον</span> <span class='ocrx_word' id='word_1_322' title='bbox 1365 2460 1401 2491; x_wconf 83' lang='grc' dir='ltr'>ἐκ</span> <span class='ocrx_word' id='word_1_323' title='bbox 1433 2461 1499 2491; x_wconf 86' lang='grc' dir='ltr'>τῶν</span> 
     </span>
     <span class='ocr_line' id='line_1_41' title="bbox 507 2504 668 2548; baseline 0.006 -12"><span class='ocrx_word' id='word_1_324' title='bbox 507 2504 668 2548; x_wconf 79' lang='grc' dir='ltr'>ύστὲρων.</span> 
     </span>
     <span class='ocr_line' id='line_1_42' title="bbox 510 2545 1500 2592; baseline -0.001 -12"><span class='ocrx_word' id='word_1_325' title='bbox 510 2545 546 2580; x_wconf 81' lang='grc' dir='ltr'>δὲ</span> <span class='ocrx_word' id='word_1_326' title='bbox 570 2549 730 2581; x_wconf 83' lang='grc' dir='ltr'>κινεῖσθαι</span> <span class='ocrx_word' id='word_1_327' title='bbox 756 2549 802 2591; x_wconf 73' lang='grc' dir='ltr'>μη</span> <span class='ocrx_word' id='word_1_328' title='bbox 826 2548 1020 2592; x_wconf 82' lang='grc' dir='ltr'>κινούμενον</span> <span class='ocrx_word' id='word_1_329' title='bbox 1054 2545 1149 2580; x_wconf 79' lang='grc' dir='ltr'>οὐδὲν</span> <span class='ocrx_word' id='word_1_330' title='bbox 1178 2547 1328 2588; x_wconf 80' lang='grc' dir='ltr'>ἄτοπον,</span> <span class='ocrx_word' id='word_1_331' title='bbox 1356 2547 1414 2580; x_wconf 80' lang='grc' dir='ltr'>ἑοὶν</span> <span class='ocrx_word' id='word_1_332' title='bbox 1442 2548 1500 2579; x_wconf 81' lang='grc' dir='ltr'>ὁτὲ</span> 
     </span>
     <span class='ocr_line' id='line_1_43' title="bbox 506 2587 1500 2636; baseline -0.002 -12"><span class='ocrx_word' id='word_1_333' title='bbox 506 2593 564 2636; x_wconf 82' lang='grc' dir='ltr'>μὲν</span> <span class='ocrx_word' id='word_1_334' title='bbox 591 2591 612 2635; x_wconf 77' lang='grc' dir='ltr'>’ᾗ</span> <span class='ocrx_word' id='word_1_335' title='bbox 638 2595 678 2625; x_wconf 71' lang='grc' dir='ltr'>τε)</span> <span class='ocrx_word' id='word_1_336' title='bbox 702 2595 842 2629; x_wconf 80' lang='grc' dir='ltr'>κινῆσαν</span> <span class='ocrx_word' id='word_1_337' title='bbox 869 2592 1002 2634; x_wconf 80' lang='grc' dir='ltr'>ἔξωθεν,</span> <span class='ocrx_word' id='word_1_338' title='bbox 1023 2593 1080 2625; x_wconf 74' lang='grc' dir='ltr'>ὁτὲ</span> <span class='ocrx_word' id='word_1_339' title='bbox 1105 2587 1142 2624; x_wconf 80' lang='grc' dir='ltr'>δὲ</span> <span class='ocrx_word' id='word_1_340' title='bbox 1167 2591 1228 2636; x_wconf 67' lang='grc' dir='ltr'>μή.</span> <span class='ocrx_word' id='word_1_341' title='bbox 1254 2593 1364 2624; x_wconf 80' lang='grc' dir='ltr'>Τοῦτο</span> <span class='ocrx_word' id='word_1_342' title='bbox 1382 2591 1500 2635; x_wconf 87' lang='grc' dir='ltr'>μέντοι</span> 
     </span>
     <span class='ocr_line' id='line_1_44' title="bbox 506 2632 1499 2683; baseline -0.002 -14"><span class='ocrx_word' id='word_1_343' title='bbox 506 2638 575 2674; x_wconf 83' lang='grc' dir='ltr'>πῶς</span> <span class='ocrx_word' id='word_1_344' title='bbox 603 2637 640 2669; x_wconf 69' lang='grc' dir='ltr'>ἁῖν</span> <span class='ocrx_word' id='word_1_345' title='bbox 668 2640 731 2679; x_wconf 86' lang='grc' dir='ltr'>εἴη,</span> <span class='ocrx_word' id='word_1_346' title='bbox 757 2637 939 2680; x_wconf 82' lang='grc' dir='ltr'>ζητητέον·</span> <span class='ocrx_word' id='word_1_347' title='bbox 964 2637 1054 2683; x_wconf 86' lang='grc' dir='ltr'>λέγω</span> <span class='ocrx_word' id='word_1_348' title='bbox 1079 2632 1117 2668; x_wconf 82' lang='grc' dir='ltr'>δὲ</span> <span class='ocrx_word' id='word_1_349' title='bbox 1141 2636 1230 2668; x_wconf 72' lang='grc' dir='ltr'>ὥστε</span> <span class='ocrx_word' id='word_1_350' title='bbox 1257 2636 1297 2667; x_wconf 81' lang='grc' dir='ltr'>τὸ</span> <span class='ocrx_word' id='word_1_351' title='bbox 1323 2636 1411 2668; x_wconf 78' lang='grc' dir='ltr'>αὐτὸ</span> <span class='ocrx_word' id='word_1_352' title='bbox 1433 2636 1499 2667; x_wconf 74' lang='grc' dir='ltr'>ὑπὸ</span> 
     </span>
     <span class='ocr_line' id='line_1_45' title="bbox 505 2679 1500 2724; baseline -0.001 -11"><span class='ocrx_word' id='word_1_353' title='bbox 505 2682 567 2714; x_wconf 82' lang='grc' dir='ltr'>τοῦ</span> <span class='ocrx_word' id='word_1_354' title='bbox 593 2680 703 2713; x_wconf 79' lang='grc' dir='ltr'>αὑτοῦ</span> <span class='ocrx_word' id='word_1_355' title='bbox 727 2683 900 2719; x_wconf 80' lang='grc' dir='ltr'>κινητικοῦ</span> <span class='ocrx_word' id='word_1_356' title='bbox 927 2681 1023 2718; x_wconf 78' lang='grc' dir='ltr'>ὄντος</span> <span class='ocrx_word' id='word_1_357' title='bbox 1050 2681 1109 2712; x_wconf 82' lang='grc' dir='ltr'>ὁτὲ</span> <span class='ocrx_word' id='word_1_358' title='bbox 1135 2681 1193 2724; x_wconf 76' lang='grc' dir='ltr'>μὲν</span> <span class='ocrx_word' id='word_1_359' title='bbox 1223 2679 1407 2721; x_wconf 77' lang='grc' dir='ltr'>κινεῖσθαι,</span> <span class='ocrx_word' id='word_1_360' title='bbox 1442 2681 1500 2712; x_wconf 77' lang='grc' dir='ltr'>ὁτὲ</span> 
     </span>
     <span class='ocr_line' id='line_1_46' title="bbox 505 2720 1502 2772; baseline 0 -16"><span class='ocrx_word' id='word_1_361' title='bbox 505 2721 542 2757; x_wconf 86' lang='grc' dir='ltr'>δὲ</span> <span class='ocrx_word' id='word_1_362' title='bbox 567 2725 627 2769; x_wconf 87' lang='grc' dir='ltr'>μη’·</span> <span class='ocrx_word' id='word_1_363' title='bbox 655 2722 750 2758; x_wconf 78' lang='grc' dir='ltr'>οὐδὲν</span> <span class='ocrx_word' id='word_1_364' title='bbox 774 2726 838 2772; x_wconf 77' lang='grc' dir='ltr'>γάρ</span> <span class='ocrx_word' id='word_1_365' title='bbox 865 2724 937 2758; x_wconf 80' lang='grc' dir='ltr'>ἄλλ’</span> <span class='ocrx_word' id='word_1_366' title='bbox 961 2725 1081 2769; x_wconf 78' lang='grc' dir='ltr'>ἀπορεῖ</span> <span class='ocrx_word' id='word_1_367' title='bbox 1106 2726 1122 2756; x_wconf 81' lang='grc' dir='ltr'>ὁ</span> <span class='ocrx_word' id='word_1_368' title='bbox 1147 2725 1254 2757; x_wconf 82' lang='grc' dir='ltr'>τοῦτο</span> <span class='ocrx_word' id='word_1_369' title='bbox 1279 2723 1385 2770; x_wconf 87' lang='grc' dir='ltr'>λέγων</span> <span class='ocrx_word' id='word_1_370' title='bbox 1405 2723 1425 2760; x_wconf 77' lang='grc' dir='ltr'>ἦ</span> <span class='ocrx_word' id='word_1_371' title='bbox 1444 2720 1502 2756; x_wconf 78' lang='grc' dir='ltr'>διαὶ</span> 
     </span>
     <span class='ocr_line' id='line_1_47' title="bbox 506 2763 1498 2814; baseline -0.001 -13"><span class='ocrx_word' id='word_1_372' title='bbox 506 2772 538 2801; x_wconf 86' lang='grc' dir='ltr'>τί</span> <span class='ocrx_word' id='word_1_373' title='bbox 565 2770 624 2801; x_wconf 79' lang='grc' dir='ltr'>οὐκ</span> <span class='ocrx_word' id='word_1_374' title='bbox 644 2771 693 2802; x_wconf 80' lang='grc' dir='ltr'>ἀεὶ</span> <span class='ocrx_word' id='word_1_375' title='bbox 712 2771 759 2803; x_wconf 77' lang='grc' dir='ltr'>τά</span> <span class='ocrx_word' id='word_1_376' title='bbox 776 2771 835 2814; x_wconf 81' lang='grc' dir='ltr'>μὲν</span> <span class='ocrx_word' id='word_1_377' title='bbox 855 2769 972 2814; x_wconf 69' lang='grc' dir='ltr'>ἠρεμεῖ</span> <span class='ocrx_word' id='word_1_378' title='bbox 992 2771 1057 2802; x_wconf 85' lang='grc' dir='ltr'>τῶν</span> <span class='ocrx_word' id='word_1_379' title='bbox 1077 2769 1196 2810; x_wconf 85' lang='grc' dir='ltr'>ὄντων,</span> <span class='ocrx_word' id='word_1_380' title='bbox 1218 2768 1264 2800; x_wconf 85' lang='grc' dir='ltr'>τοὶ</span> <span class='ocrx_word' id='word_1_381' title='bbox 1283 2763 1321 2800; x_wconf 80' lang='grc' dir='ltr'>δὲ</span> <span class='ocrx_word' id='word_1_382' title='bbox 1340 2772 1498 2801; x_wconf 84' lang='grc' dir='ltr'>κινεῖται.</span> 
     </span>
    </p>
   </div>
   <div class='ocr_carea' id='block_1_8' title="bbox 439 2548 484 2580">
    <p class='ocr_par' dir='ltr' id='par_1_8' title="bbox 439 2548 484 2580">
     <span class='ocr_line' id='line_1_48' title="bbox 439 2548 484 2580; baseline 0.044 -2"><span class='ocrx_word' id='word_1_383' title='bbox 439 2548 484 2580; x_wconf 82' lang='grc' dir='ltr'>Τὸ</span> 
     </span>
    </p>
   </div>
   <div class='ocr_carea' id='block_1_9' title="bbox 439 2896 1501 3646">
    <p class='ocr_par' dir='ltr' id='par_1_9' title="bbox 439 2896 1501 3646">
     <span class='ocr_line' id='line_1_49' title="bbox 439 2896 1500 2946; baseline 0 -15"><span class='ocrx_word' id='word_1_384' title='bbox 439 2900 600 2933; x_wconf 80' lang='grc' dir='ltr'>Μάλιστα</span> <span class='ocrx_word' id='word_1_385' title='bbox 624 2896 654 2932; x_wconf 89' lang='grc' dir='ltr'>δ’</span> <span class='ocrx_word' id='word_1_386' title='bbox 677 2901 715 2933; x_wconf 75' lang='grc' dir='ltr'>ἂν</span> <span class='ocrx_word' id='word_1_387' title='bbox 740 2896 848 2942; x_wconf 82' lang='grc' dir='ltr'>δόξειε</span> <span class='ocrx_word' id='word_1_388' title='bbox 875 2902 914 2934; x_wconf 74' lang='grc' dir='ltr'>τὸ</span> <span class='ocrx_word' id='word_1_389' title='bbox 942 2904 1056 2946; x_wconf 89' lang='grc' dir='ltr'>τρίτον</span> <span class='ocrx_word' id='word_1_390' title='bbox 1083 2900 1171 2945; x_wconf 78' lang='grc' dir='ltr'>ἔχειν</span> <span class='ocrx_word' id='word_1_391' title='bbox 1199 2899 1357 2945; x_wconf 78' lang='grc' dir='ltr'>ἀπορίαν,</span> <span class='ocrx_word' id='word_1_392' title='bbox 1378 2900 1419 2938; x_wconf 77' lang='grc' dir='ltr'>ὥς</span> <span class='ocrx_word' id='word_1_393' title='bbox 1446 2899 1500 2945; x_wconf 86' lang='grc' dir='ltr'>ἑγ-</span> 
     </span>
     <span class='ocr_line' id='line_1_50' title="bbox 505 2943 1500 2990; baseline 0 -15"><span class='ocrx_word' id='word_1_394' title='bbox 505 2945 702 2990; x_wconf 84' lang='grc' dir='ltr'>γιγνομένης</span> <span class='ocrx_word' id='word_1_395' title='bbox 730 2945 788 2976; x_wconf 82' lang='grc' dir='ltr'>οὐκ</span> <span class='ocrx_word' id='word_1_396' title='bbox 814 2946 950 2983; x_wconf 81' lang='grc' dir='ltr'>ἐνούσης</span> <span class='ocrx_word' id='word_1_397' title='bbox 976 2944 1136 2988; x_wconf 82' lang='grc' dir='ltr'>πρότερον</span> <span class='ocrx_word' id='word_1_398' title='bbox 1162 2943 1334 2985; x_wconf 76' lang='grc' dir='ltr'>κινήσεως,</span> <span class='ocrx_word' id='word_1_399' title='bbox 1355 2944 1396 2976; x_wconf 77' lang='grc' dir='ltr'>τὸ</span> <span class='ocrx_word' id='word_1_400' title='bbox 1422 2956 1500 2987; x_wconf 90' lang='grc' dir='ltr'>συμ-</span> 
     </span>
     <span class='ocr_line' id='line_1_51' title="bbox 505 2988 1501 3034; baseline -0.001 -14"><span class='ocrx_word' id='word_1_401' title='bbox 505 2991 620 3029; x_wconf 80' lang='grc' dir='ltr'>βαῖνον</span> <span class='ocrx_word' id='word_1_402' title='bbox 640 2989 695 3021; x_wconf 81' lang='grc' dir='ltr'>ἐπὶ</span> <span class='ocrx_word' id='word_1_403' title='bbox 714 2991 778 3021; x_wconf 85' lang='grc' dir='ltr'>τῶν</span> <span class='ocrx_word' id='word_1_404' title='bbox 798 2989 967 3034; x_wconf 84' lang='grc' dir='ltr'>ἐμψύχων·</span> <span class='ocrx_word' id='word_1_405' title='bbox 987 2989 1130 3033; x_wconf 72' lang='grc' dir='ltr'>’ἠρεμοῦν</span> <span class='ocrx_word' id='word_1_406' title='bbox 1174 2990 1212 3033; x_wconf 80' lang='grc' dir='ltr'>άρ</span> <span class='ocrx_word' id='word_1_407' title='bbox 1230 2988 1393 3033; x_wconf 82' lang='grc' dir='ltr'>πρότερον</span> <span class='ocrx_word' id='word_1_408' title='bbox 1411 2988 1501 3032; x_wconf 75' lang='grc' dir='ltr'>μετα</span> 
     </span>
     <span class='ocr_line' id='line_1_52' title="bbox 507 3001 1500 3075; baseline -0.002 -10"><span class='ocrx_word' id='word_1_409' title='bbox 507 3034 624 3065; x_wconf 78' lang='grc' dir='ltr'>ταῦτα</span> <span class='ocrx_word' id='word_1_410' title='bbox 650 3028 792 3075; x_wconf 80' lang='grc' dir='ltr'>βαδίζει,</span> <span class='ocrx_word' id='word_1_411' title='bbox 818 3035 1020 3071; x_wconf 67' lang='grc' dir='ltr'>κινήσαντος</span> <span class='ocrx_word' id='word_1_412' title='bbox 1046 3034 1112 3065; x_wconf 86' lang='grc' dir='ltr'>τῶν</span> <span class='ocrx_word' id='word_1_413' title='bbox 1139 3001 1257 3074; x_wconf 51' lang='grc' dir='ltr'>ἔξωθεν</span> <span class='ocrx_word' id='word_1_414' title='bbox 1283 3028 1430 3073; x_wconf 74' lang='grc' dir='ltr'>οὐδενός,</span> <span class='ocrx_word' id='word_1_415' title='bbox 1458 3033 1500 3068; x_wconf 77' lang='grc' dir='ltr'>ὠς</span> 
     </span>
     <span class='ocr_line' id='line_1_53' title="bbox 506 3071 1501 3123; baseline -0.001 -16"><span class='ocrx_word' id='word_1_416' title='bbox 506 3071 610 3109; x_wconf 79' lang='grc' dir='ltr'>δοκεῖ.</span> <span class='ocrx_word' id='word_1_417' title='bbox 637 3078 747 3109; x_wconf 83' lang='grc' dir='ltr'>Τοῦτο</span> <span class='ocrx_word' id='word_1_418' title='bbox 772 3073 801 3109; x_wconf 87' lang='grc' dir='ltr'>δ’</span> <span class='ocrx_word' id='word_1_419' title='bbox 824 3078 896 3110; x_wconf 79' lang='grc' dir='ltr'>ἐστὶ</span> <span class='ocrx_word' id='word_1_420' title='bbox 921 3074 1049 3121; x_wconf 82' lang='grc' dir='ltr'>ψευδές·</span> <span class='ocrx_word' id='word_1_421' title='bbox 1079 3078 1202 3122; x_wconf 78' lang='grc' dir='ltr'>ὁρῶμεν</span> <span class='ocrx_word' id='word_1_422' title='bbox 1226 3077 1290 3123; x_wconf 75' lang='grc' dir='ltr'>γάρ</span> <span class='ocrx_word' id='word_1_423' title='bbox 1319 3077 1371 3109; x_wconf 81' lang='grc' dir='ltr'>ἀεί</span> <span class='ocrx_word' id='word_1_424' title='bbox 1394 3088 1428 3109; x_wconf 90' lang='grc' dir='ltr'>τι</span> <span class='ocrx_word' id='word_1_425' title='bbox 1451 3087 1501 3106; x_wconf 90' lang='grc' dir='ltr'>κι-</span> 
     </span>
     <span class='ocr_line' id='line_1_54' title="bbox 506 3115 1499 3165; baseline 0.001 -14"><span class='ocrx_word' id='word_1_426' title='bbox 506 3120 662 3165; x_wconf 87' lang='grc' dir='ltr'>νούμενον</span> <span class='ocrx_word' id='word_1_427' title='bbox 690 3121 721 3152; x_wconf 84' lang='grc' dir='ltr'>ὲν</span> <span class='ocrx_word' id='word_1_428' title='bbox 747 3123 794 3163; x_wconf 85' lang='grc' dir='ltr'>τῷ</span> <span class='ocrx_word' id='word_1_429' title='bbox 819 3122 890 3164; x_wconf 70' lang='grc' dir='ltr'>ζῴῳ</span> <span class='ocrx_word' id='word_1_430' title='bbox 916 3123 981 3155; x_wconf 81' lang='grc' dir='ltr'>τῶν</span> <span class='ocrx_word' id='word_1_431' title='bbox 1007 3121 1201 3165; x_wconf 84' lang='grc' dir='ltr'>συμφύτων·</span> <span class='ocrx_word' id='word_1_432' title='bbox 1223 3121 1349 3153; x_wconf 89' lang='grc' dir='ltr'>τούτου</span> <span class='ocrx_word' id='word_1_433' title='bbox 1374 3115 1414 3152; x_wconf 76' lang='grc' dir='ltr'>δὲ</span> <span class='ocrx_word' id='word_1_434' title='bbox 1437 3121 1499 3157; x_wconf 78' lang='grc' dir='ltr'>τῆς</span> 
     </span>
     <span class='ocr_line' id='line_1_55' title="bbox 505 3163 1499 3208; baseline 0.001 -13"><span class='ocrx_word' id='word_1_435' title='bbox 505 3165 664 3202; x_wconf 79' lang='grc' dir='ltr'>κινήσεως</span> <span class='ocrx_word' id='word_1_436' title='bbox 692 3165 750 3197; x_wconf 77' lang='grc' dir='ltr'>οὐκ</span> <span class='ocrx_word' id='word_1_437' title='bbox 776 3166 862 3198; x_wconf 74' lang='grc' dir='ltr'>αὐτο</span> <span class='ocrx_word' id='word_1_438' title='bbox 890 3167 930 3198; x_wconf 72' lang='grc' dir='ltr'>τό</span> <span class='ocrx_word' id='word_1_439' title='bbox 955 3167 1039 3208; x_wconf 74' lang='grc' dir='ltr'>ζῷον</span> <span class='ocrx_word' id='word_1_440' title='bbox 1066 3168 1189 3207; x_wconf 89' lang='grc' dir='ltr'>αἴτιον,</span> <span class='ocrx_word' id='word_1_441' title='bbox 1211 3165 1302 3198; x_wconf 74' lang='grc' dir='ltr'>ἀλλά,</span> <span class='ocrx_word' id='word_1_442' title='bbox 1326 3165 1366 3197; x_wconf 72' lang='lat' dir='ltr'>‘td</span> <span class='ocrx_word' id='word_1_443' title='bbox 1393 3163 1499 3208; x_wconf 86' lang='grc' dir='ltr'>περιέ-</span> 
     </span>
     <span class='ocr_line' id='line_1_56' title="bbox 506 3206 1501 3254; baseline -0.002 -14"><span class='ocrx_word' id='word_1_444' title='bbox 506 3220 564 3254; x_wconf 90' lang='grc' dir='ltr'>χον</span> <span class='ocrx_word' id='word_1_445' title='bbox 589 3211 678 3246; x_wconf 83' lang='grc' dir='ltr'>ἴσως.</span> <span class='ocrx_word' id='word_1_446' title='bbox 706 3207 796 3242; x_wconf 55' lang='lat' dir='ltr'>Atia-6</span> <span class='ocrx_word' id='word_1_447' title='bbox 821 3206 859 3242; x_wconf 85' lang='grc' dir='ltr'>δέ</span> <span class='ocrx_word' id='word_1_448' title='bbox 883 3222 988 3254; x_wconf 86' lang='grc' dir='ltr'>φαμεν</span> <span class='ocrx_word' id='word_1_449' title='bbox 1015 3210 1121 3243; x_wconf 82' lang='grc' dir='ltr'>εἀυτὸ</span> <span class='ocrx_word' id='word_1_450' title='bbox 1145 3214 1245 3242; x_wconf 80' lang='grc' dir='ltr'>κινεῖν</span> <span class='ocrx_word' id='word_1_451' title='bbox 1265 3209 1302 3241; x_wconf 81' lang='grc' dir='ltr'>οὗ</span> <span class='ocrx_word' id='word_1_452' title='bbox 1320 3210 1435 3242; x_wconf 78' lang='grc' dir='ltr'>πᾶσαν</span> <span class='ocrx_word' id='word_1_453' title='bbox 1452 3210 1501 3238; x_wconf 88' lang='grc' dir='ltr'>κί-</span> 
     </span>
     <span class='ocr_line' id='line_1_57' title="bbox 505 3249 1496 3294; baseline 0 -11"><span class='ocrx_word' id='word_1_454' title='bbox 505 3265 616 3294; x_wconf 83' lang='grc' dir='ltr'>νησιν,</span> <span class='ocrx_word' id='word_1_455' title='bbox 651 3253 741 3285; x_wconf 73' lang='grc' dir='ltr'>ἀλλα</span> <span class='ocrx_word' id='word_1_456' title='bbox 765 3254 828 3290; x_wconf 73' lang='grc' dir='ltr'>τήν</span> <span class='ocrx_word' id='word_1_457' title='bbox 860 3255 955 3286; x_wconf 75' lang='grc' dir='ltr'>κατά</span> <span class='ocrx_word' id='word_1_458' title='bbox 984 3254 1103 3287; x_wconf 79' lang='grc' dir='ltr'>τόπον.</span> <span class='ocrx_word' id='word_1_459' title='bbox 1139 3249 1243 3286; x_wconf 77' lang='grc' dir='ltr'>Οὐδὲν</span> <span class='ocrx_word' id='word_1_460' title='bbox 1277 3252 1333 3285; x_wconf 79' lang='grc' dir='ltr'>οὖν</span> <span class='ocrx_word' id='word_1_461' title='bbox 1357 3251 1496 3292; x_wconf 85' lang='grc' dir='ltr'>κωλύει,</span> 
     </span>
     <span class='ocr_line' id='line_1_58' title="bbox 505 3293 1500 3374; baseline 0 -46"><span class='ocrx_word' id='word_1_462' title='bbox 505 3299 633 3338; x_wconf 77' lang='grc' dir='ltr'>μᾶλλον</span> <span class='ocrx_word' id='word_1_463' title='bbox 658 3293 689 3328; x_wconf 79' lang='grc' dir='ltr'>δ’</span> <span class='ocrx_word' id='word_1_464' title='bbox 715 3299 791 3335; x_wconf 83' lang='grc' dir='ltr'>ἴσως</span> <span class='ocrx_word' id='word_1_465' title='bbox 819 3299 1028 3344; x_wconf 79' lang='grc' dir='ltr'>ἀναγκαῖον,</span> <span class='ocrx_word' id='word_1_466' title='bbox 1056 3299 1104 3339; x_wconf 82' lang='grc' dir='ltr'>τῷ</span> <span class='ocrx_word' id='word_1_467' title='bbox 1130 3298 1266 3342; x_wconf 76' lang='grc' dir='ltr'>σώματι</span> <span class='ocrx_word' id='word_1_468' title='bbox 1292 3297 1420 3334; x_wconf 75' lang='grc' dir='ltr'>πολλάς</span> <span class='ocrx_word' id='word_1_469' title='bbox 1447 3297 1500 3374; x_wconf 47' lang='grc' dir='ltr'>ἑγ-</span> 
     </span>
     <span class='ocr_line' id='line_1_59' title="bbox 505 3341 1495 3387; baseline 0.001 -16"><span class='ocrx_word' id='word_1_470' title='bbox 505 3341 678 3386; x_wconf 76' lang='grc' dir='ltr'>γίγνεσθαι</span> <span class='ocrx_word' id='word_1_471' title='bbox 702 3341 847 3379; x_wconf 74' lang='grc' dir='ltr'>κινήσεις</span> <span class='ocrx_word' id='word_1_472' title='bbox 873 3343 938 3375; x_wconf 73' lang='grc' dir='ltr'>ὑπὸ</span> <span class='ocrx_word' id='word_1_473' title='bbox 964 3345 1026 3375; x_wconf 74' lang='grc' dir='ltr'>τοῦ</span> <span class='ocrx_word' id='word_1_474' title='bbox 1052 3342 1281 3387; x_wconf 85' lang='grc' dir='ltr'>περιέχοντος,</span> <span class='ocrx_word' id='word_1_475' title='bbox 1306 3341 1438 3373; x_wconf 87' lang='grc' dir='ltr'>τούτων</span> <span class='ocrx_word' id='word_1_476' title='bbox 1487 3343 1495 3354; x_wconf 88' lang='grc'><strong>’</strong></span> 
     </span>
     <span class='ocr_line' id='line_1_60' title="bbox 507 3380 1497 3430; baseline 0.003 -14"><span class='ocrx_word' id='word_1_477' title='bbox 507 3387 594 3422; x_wconf 86' lang='grc' dir='ltr'>ὲνίας</span> <span class='ocrx_word' id='word_1_478' title='bbox 621 3385 683 3421; x_wconf 71' lang='grc' dir='ltr'>τήν</span> <span class='ocrx_word' id='word_1_479' title='bbox 714 3380 867 3418; x_wconf 83' lang='grc' dir='ltr'>διάνοιαν</span> <span class='ocrx_word' id='word_1_480' title='bbox 893 3386 912 3423; x_wconf 76' lang='grc' dir='ltr'>ἦ</span> <span class='ocrx_word' id='word_1_481' title='bbox 941 3387 1003 3423; x_wconf 74' lang='grc' dir='ltr'>την</span> <span class='ocrx_word' id='word_1_482' title='bbox 1032 3387 1134 3430; x_wconf 83' lang='grc' dir='ltr'>ὄρεξιν</span> <span class='ocrx_word' id='word_1_483' title='bbox 1165 3390 1282 3426; x_wconf 78' lang='grc' dir='ltr'>κινεῖν,</span> <span class='ocrx_word' id='word_1_484' title='bbox 1309 3383 1434 3422; x_wconf 76' lang='grc' dir='ltr'>ἐκείνην</span> <span class='ocrx_word' id='word_1_485' title='bbox 1459 3382 1497 3419; x_wconf 83' lang='grc' dir='ltr'>δὲ</span> 
     </span>
     <span class='ocr_line' id='line_1_61' title="bbox 510 3425 1497 3474; baseline 0.002 -14"><span class='ocrx_word' id='word_1_486' title='bbox 510 3429 549 3460; x_wconf 77' lang='grc' dir='ltr'>τὸ</span> <span class='ocrx_word' id='word_1_487' title='bbox 576 3427 651 3460; x_wconf 77' lang='grc' dir='ltr'>ὅλον</span> <span class='ocrx_word' id='word_1_488' title='bbox 678 3425 741 3466; x_wconf 72' lang='grc' dir='ltr'>ἤδη</span> <span class='ocrx_word' id='word_1_489' title='bbox 764 3430 847 3471; x_wconf 81' lang='grc' dir='ltr'>ζῷον</span> <span class='ocrx_word' id='word_1_490' title='bbox 864 3435 977 3471; x_wconf 79' lang='grc' dir='ltr'>κινεῖν,</span> <span class='ocrx_word' id='word_1_491' title='bbox 999 3432 1114 3463; x_wconf 80' lang='grc' dir='ltr'>ὁποῖον</span> <span class='ocrx_word' id='word_1_492' title='bbox 1133 3431 1307 3474; x_wconf 84' lang='grc' dir='ltr'>συμβαίνει</span> <span class='ocrx_word' id='word_1_493' title='bbox 1324 3431 1397 3474; x_wconf 77' lang='grc' dir='ltr'>περὶ</span> <span class='ocrx_word' id='word_1_494' title='bbox 1418 3431 1497 3469; x_wconf 77' lang='grc' dir='ltr'>τούς</span> 
     </span>
     <span class='ocr_line' id='line_1_62' title="bbox 509 3470 1498 3520; baseline 0.002 -16"><span class='ocrx_word' id='word_1_495' title='bbox 509 3472 641 3509; x_wconf 79' lang='grc' dir='ltr'>ὕπνους·</span> <span class='ocrx_word' id='word_1_496' title='bbox 670 3473 868 3511; x_wconf 78' lang='grc' dir='ltr'>αἰσθητικῆς</span> <span class='ocrx_word' id='word_1_497' title='bbox 893 3476 952 3516; x_wconf 74' lang='grc' dir='ltr'>μέν</span> <span class='ocrx_word' id='word_1_498' title='bbox 977 3475 1041 3520; x_wconf 75' lang='grc' dir='ltr'>γάρ</span> <span class='ocrx_word' id='word_1_499' title='bbox 1068 3470 1225 3518; x_wconf 80' lang='grc' dir='ltr'>οὐδεμιᾶς</span> <span class='ocrx_word' id='word_1_500' title='bbox 1244 3471 1382 3511; x_wconf 76' lang='grc' dir='ltr'>ἐνούσης</span> <span class='ocrx_word' id='word_1_501' title='bbox 1406 3474 1498 3511; x_wconf 71' lang='grc' dir='ltr'>κινῆ-</span> 
     </span>
     <span class='ocr_line' id='line_1_63' title="bbox 507 3515 1500 3564; baseline 0.004 -17"><span class='ocrx_word' id='word_1_502' title='bbox 507 3528 608 3554; x_wconf 86' lang='grc' dir='ltr'>σεως,</span> <span class='ocrx_word' id='word_1_503' title='bbox 637 3515 770 3554; x_wconf 77' lang='grc' dir='ltr'>ἐνούσης</span> <span class='ocrx_word' id='word_1_504' title='bbox 795 3517 911 3559; x_wconf 80' lang='grc' dir='ltr'>μέντοι</span> <span class='ocrx_word' id='word_1_505' title='bbox 939 3518 1048 3559; x_wconf 87' lang='grc' dir='ltr'>τινός,</span> <span class='ocrx_word' id='word_1_506' title='bbox 1076 3519 1243 3564; x_wconf 75' lang='grc' dir='ltr'>ἐγείρεται</span> <span class='ocrx_word' id='word_1_507' title='bbox 1268 3517 1315 3550; x_wconf 78' lang='grc' dir='ltr'>τοὶ</span> <span class='ocrx_word' id='word_1_508' title='bbox 1337 3518 1407 3560; x_wconf 77' lang='grc' dir='ltr'>ζῷα</span> <span class='ocrx_word' id='word_1_509' title='bbox 1433 3518 1500 3551; x_wconf 87' lang='grc' dir='ltr'>πά-</span> 
     </span>
     <span class='ocr_line' id='line_1_64' title="bbox 507 3560 1496 3606; baseline 0.006 -17"><span class='ocrx_word' id='word_1_510' title='bbox 507 3560 569 3589; x_wconf 88' lang='grc' dir='ltr'>λιν.</span> <span class='ocrx_word' id='word_1_511' title='bbox 598 3560 703 3592; x_wconf 60' lang='lat' dir='ltr'>&#39;Auni</span> <span class='ocrx_word' id='word_1_512' title='bbox 727 3561 791 3605; x_wconf 68' lang='grc' dir='ltr'>γάρ</span> <span class='ocrx_word' id='word_1_513' title='bbox 817 3562 956 3606; x_wconf 73' lang='grc' dir='ltr'>φανερόν</span> <span class='ocrx_word' id='word_1_514' title='bbox 990 3562 1088 3594; x_wconf 79' lang='grc' dir='ltr'>ἔσται</span> <span class='ocrx_word' id='word_1_515' title='bbox 1120 3565 1178 3594; x_wconf 85' lang='grc' dir='ltr'>καὶ</span> <span class='ocrx_word' id='word_1_516' title='bbox 1204 3565 1276 3606; x_wconf 78' lang='grc' dir='ltr'>περὶ</span> <span class='ocrx_word' id='word_1_517' title='bbox 1303 3561 1435 3595; x_wconf 87' lang='grc' dir='ltr'>τούτων</span> <span class='ocrx_word' id='word_1_518' title='bbox 1461 3563 1496 3595; x_wconf 76' lang='grc' dir='ltr'>ἐκ</span> 
     </span>
     <span class='ocr_line' id='line_1_65' title="bbox 512 3602 781 3646; baseline 0.004 -13"><span class='ocrx_word' id='word_1_519' title='bbox 512 3604 575 3634; x_wconf 86' lang='grc' dir='ltr'>τῶν</span> <span class='ocrx_word' id='word_1_520' title='bbox 601 3602 781 3646; x_wconf 73' lang='grc' dir='ltr'>ἆπομένων.</span> 
     </span>
    </p>
   </div>
   <div class='ocr_carea' id='block_1_10' title="bbox 1557 829 2621 2016">
    <p class='ocr_par' dir='ltr' id='par_1_10' title="bbox 1557 829 2620 1181">
     <span class='ocr_line' id='line_1_66' title="bbox 1557 829 2619 866; baseline 0.006 -6"><span class='ocrx_word' id='word_1_521' title='bbox 1557 829 1574 848; x_wconf 93' lang='grc'>*</span> <span class='ocrx_word' id='word_1_522' title='bbox 1598 829 1763 862; x_wconf 83' lang='lat' dir='ltr'>Contraria</span> <span class='ocrx_word' id='word_1_523' title='bbox 1786 837 1893 862; x_wconf 84' lang='lat' dir='ltr'>autem</span> <span class='ocrx_word' id='word_1_524' title='bbox 1916 831 1964 862; x_wconf 90' lang='lat' dir='ltr'>his</span> <span class='ocrx_word' id='word_1_525' title='bbox 1987 841 2053 863; x_wconf 90' lang='lat' dir='ltr'>non</span> <span class='ocrx_word' id='word_1_526' title='bbox 2077 832 2202 864; x_wconf 84' lang='lat' dir='ltr'>difficile</span> <span class='ocrx_word' id='word_1_527' title='bbox 2226 839 2272 864; x_wconf 90' lang='lat' dir='ltr'>est</span> <span class='ocrx_word' id='word_1_528' title='bbox 2294 833 2424 865; x_wconf 87' lang='lat' dir='ltr'>solvere.</span> <span class='ocrx_word' id='word_1_529' title='bbox 2455 834 2619 866; x_wconf 82' lang='lat' dir='ltr'>videbitur</span> 
     </span>
     <span class='ocr_line' id='line_1_67' title="bbox 1624 875 2620 918; baseline 0.006 -14"><span class='ocrx_word' id='word_1_530' title='bbox 1624 881 1731 905; x_wconf 86' lang='lat' dir='ltr'>autem</span> <span class='ocrx_word' id='word_1_531' title='bbox 1745 884 1781 905; x_wconf 89' lang='lat' dir='ltr'>ex</span> <span class='ocrx_word' id='word_1_532' title='bbox 1797 875 1982 906; x_wconf 89' lang='lat' dir='ltr'>huiusmodi</span> <span class='ocrx_word' id='word_1_533' title='bbox 1998 876 2277 916; x_wconf 84' lang='lat' dir='ltr'>considerantibus,</span> <span class='ocrx_word' id='word_1_534' title='bbox 2288 878 2468 918; x_wconf 87' lang='lat' dir='ltr'>contingere</span> <span class='ocrx_word' id='word_1_535' title='bbox 2483 879 2620 910; x_wconf 81' lang='lat' dir='ltr'><strong>maxime</strong></span> 
     </span>
     <span class='ocr_line' id='line_1_68' title="bbox 1624 918 2618 960; baseline 0.006 -12"><span class='ocrx_word' id='word_1_536' title='bbox 1624 925 1751 949; x_wconf 90' lang='lat' dir='ltr'>motum</span> <span class='ocrx_word' id='word_1_537' title='bbox 1777 928 1843 949; x_wconf 88' lang='lat' dir='ltr'>esse</span> <span class='ocrx_word' id='word_1_538' title='bbox 1867 918 2057 960; x_wconf 80' lang='lat' dir='ltr'>aliquando,</span> <span class='ocrx_word' id='word_1_539' title='bbox 2083 930 2157 951; x_wconf 88' lang='lat' dir='ltr'>cum</span> <span class='ocrx_word' id='word_1_540' title='bbox 2181 931 2248 951; x_wconf 88' lang='lat' dir='ltr'>non</span> <span class='ocrx_word' id='word_1_541' title='bbox 2276 928 2357 952; x_wconf 89' lang='lat' dir='ltr'>esset</span> <span class='ocrx_word' id='word_1_542' title='bbox 2386 922 2529 954; x_wconf 86' lang='lat' dir='ltr'>omnino.</span> <span class='ocrx_word' id='word_1_543' title='bbox 2553 922 2618 954; x_wconf 86' lang='lat' dir='ltr'>Pri-</span> 
     </span>
     <span class='ocr_line' id='line_1_69' title="bbox 1623 962 2617 1006; baseline 0.006 -14"><span class='ocrx_word' id='word_1_544' title='bbox 1623 972 1715 993; x_wconf 87' lang='lat' dir='ltr'>mum</span> <span class='ocrx_word' id='word_1_545' title='bbox 1743 962 1884 1004; x_wconf 90' lang='lat' dir='ltr'>quidem,</span> <span class='ocrx_word' id='word_1_546' title='bbox 1904 962 1979 1003; x_wconf 84' lang='lat' dir='ltr'>quia</span> <span class='ocrx_word' id='word_1_547' title='bbox 2001 973 2105 1004; x_wconf 87' lang='lat' dir='ltr'>neque</span> <span class='ocrx_word' id='word_1_548' title='bbox 2133 974 2197 995; x_wconf 91' lang='lat' dir='ltr'>una</span> <span class='ocrx_word' id='word_1_549' title='bbox 2219 972 2370 1006; x_wconf 88' lang='lat' dir='ltr'>perpetua</span> <span class='ocrx_word' id='word_1_550' title='bbox 2396 966 2531 998; x_wconf 85' lang='lat' dir='ltr'>mutatio</span> <span class='ocrx_word' id='word_1_551' title='bbox 2562 973 2617 998; x_wconf 89' lang='lat' dir='ltr'>est.</span> 
     </span>
     <span class='ocr_line' id='line_1_70' title="bbox 1623 1006 2619 1052; baseline 0.005 -16"><span class='ocrx_word' id='word_1_552' title='bbox 1623 1006 1758 1037; x_wconf 80' lang='lat' dir='ltr'>Mutatio</span> <span class='ocrx_word' id='word_1_553' title='bbox 1782 1006 1867 1036; x_wconf 91' lang='lat' dir='ltr'>enim</span> <span class='ocrx_word' id='word_1_554' title='bbox 1891 1006 1995 1037; x_wconf 91' lang='lat' dir='ltr'>omnis</span> <span class='ocrx_word' id='word_1_555' title='bbox 2018 1014 2091 1047; x_wconf 86' lang='lat' dir='ltr'>apta</span> <span class='ocrx_word' id='word_1_556' title='bbox 2113 1015 2186 1039; x_wconf 87' lang='lat' dir='ltr'>nata</span> <span class='ocrx_word' id='word_1_557' title='bbox 2207 1015 2253 1039; x_wconf 91' lang='lat' dir='ltr'>est</span> <span class='ocrx_word' id='word_1_558' title='bbox 2267 1018 2303 1039; x_wconf 91' lang='lat' dir='ltr'>ex</span> <span class='ocrx_word' id='word_1_559' title='bbox 2319 1010 2461 1050; x_wconf 89' lang='lat' dir='ltr'>quodam</span> <span class='ocrx_word' id='word_1_560' title='bbox 2478 1010 2512 1040; x_wconf 88' lang='lat' dir='ltr'>in</span> <span class='ocrx_word' id='word_1_561' title='bbox 2527 1011 2619 1052; x_wconf 92' lang='lat' dir='ltr'>quid-</span> 
     </span>
     <span class='ocr_line' id='line_1_71' title="bbox 1624 1051 2620 1091; baseline 0.005 -11"><span class='ocrx_word' id='word_1_562' title='bbox 1624 1051 1714 1081; x_wconf 83' lang='lat' dir='ltr'>dam:</span> <span class='ocrx_word' id='word_1_563' title='bbox 1744 1060 1840 1091; x_wconf 89' lang='lat' dir='ltr'>quare</span> <span class='ocrx_word' id='word_1_564' title='bbox 1869 1060 1994 1081; x_wconf 89' lang='lat' dir='ltr'>necesse</span> <span class='ocrx_word' id='word_1_565' title='bbox 2025 1057 2072 1082; x_wconf 89' lang='lat' dir='ltr'>est</span> <span class='ocrx_word' id='word_1_566' title='bbox 2099 1051 2204 1082; x_wconf 89' lang='lat' dir='ltr'>omnis</span> <span class='ocrx_word' id='word_1_567' title='bbox 2233 1052 2418 1083; x_wconf 80' lang='lat' dir='ltr'>mutationis</span> <span class='ocrx_word' id='word_1_568' title='bbox 2432 1053 2620 1086; x_wconf 63' lang='lat' dir='ltr'>›tei-minum</span> 
     </span>
     <span class='ocr_line' id='line_1_72' title="bbox 1625 1094 2620 1135; baseline 0.005 -11"><span class='ocrx_word' id='word_1_569' title='bbox 1625 1104 1691 1125; x_wconf 89' lang='lat' dir='ltr'>esse</span> <span class='ocrx_word' id='word_1_570' title='bbox 1708 1094 1861 1125; x_wconf 85' lang='lat' dir='ltr'>contraria</span> <span class='ocrx_word' id='word_1_571' title='bbox 1882 1094 1916 1124; x_wconf 91' lang='lat' dir='ltr'>in</span> <span class='ocrx_word' id='word_1_572' title='bbox 1939 1095 2056 1135; x_wconf 87' lang='lat' dir='ltr'>quibus</span> <span class='ocrx_word' id='word_1_573' title='bbox 2073 1094 2123 1126; x_wconf 86' lang='lat' dir='ltr'>fit:</span> <span class='ocrx_word' id='word_1_574' title='bbox 2142 1095 2176 1126; x_wconf 89' lang='lat' dir='ltr'>in</span> <span class='ocrx_word' id='word_1_575' title='bbox 2194 1095 2354 1127; x_wconf 87' lang='lat' dir='ltr'>infinitum</span> <span class='ocrx_word' id='word_1_576' title='bbox 2369 1103 2481 1128; x_wconf 63' lang='lat' dir='ltr'>autem&gt;</span> <span class='ocrx_word' id='word_1_577' title='bbox 2499 1098 2620 1129; x_wconf 86' lang='lat' dir='ltr'>moveri</span> 
     </span>
     <span class='ocr_line' id='line_1_73' title="bbox 1625 1139 1761 1181; baseline 0 -12"><span class='ocrx_word' id='word_1_578' title='bbox 1625 1139 1761 1181; x_wconf 75' lang='lat' dir='ltr'>nullum.</span> 
     </span>
    </p>

    <p class='ocr_par' dir='ltr' id='par_1_11' title="bbox 1557 1182 2620 1443">
     <span class='ocr_line' id='line_1_74' title="bbox 1557 1182 2620 1227; baseline 0.005 -16"><span class='ocrx_word' id='word_1_579' title='bbox 1557 1182 1574 1201; x_wconf 88' lang='grc'>*</span> <span class='ocrx_word' id='word_1_580' title='bbox 1587 1182 1753 1223; x_wconf 87' lang='lat' dir='ltr'>Amplius,</span> <span class='ocrx_word' id='word_1_581' title='bbox 1777 1182 1921 1212; x_wconf 88' lang='lat' dir='ltr'>videmus</span> <span class='ocrx_word' id='word_1_582' title='bbox 1945 1182 2098 1223; x_wconf 86' lang='lat' dir='ltr'>quoniam</span> <span class='ocrx_word' id='word_1_583' title='bbox 2127 1183 2276 1224; x_wconf 89' lang='lat' dir='ltr'>possibile</span> <span class='ocrx_word' id='word_1_584' title='bbox 2300 1190 2346 1215; x_wconf 84' lang='lat' dir='ltr'>est</span> <span class='ocrx_word' id='word_1_585' title='bbox 2368 1185 2508 1224; x_wconf 88' lang='lat' dir='ltr'>moveri,</span> <span class='ocrx_word' id='word_1_586' title='bbox 2531 1185 2620 1227; x_wconf 91' lang='lat' dir='ltr'>quod</span> 
     </span>
     <span class='ocr_line' id='line_1_75' title="bbox 1624 1227 2620 1270; baseline 0.004 -13"><span class='ocrx_word' id='word_1_587' title='bbox 1624 1236 1727 1267; x_wconf 90' lang='lat' dir='ltr'>neque</span> <span class='ocrx_word' id='word_1_588' title='bbox 1757 1232 1904 1256; x_wconf 89' lang='lat' dir='ltr'>movetur</span> <span class='ocrx_word' id='word_1_589' title='bbox 1931 1236 2034 1267; x_wconf 90' lang='lat' dir='ltr'>neque</span> <span class='ocrx_word' id='word_1_590' title='bbox 2062 1227 2180 1258; x_wconf 87' lang='lat' dir='ltr'>habens</span> <span class='ocrx_word' id='word_1_591' title='bbox 2207 1227 2240 1258; x_wconf 92' lang='lat' dir='ltr'>in</span> <span class='ocrx_word' id='word_1_592' title='bbox 2264 1228 2368 1269; x_wconf 89' lang='lat' dir='ltr'>seipso</span> <span class='ocrx_word' id='word_1_593' title='bbox 2391 1238 2494 1270; x_wconf 88' lang='lat' dir='ltr'>neque</span> <span class='ocrx_word' id='word_1_594' title='bbox 2517 1238 2620 1261; x_wconf 91' lang='lat' dir='ltr'>unum</span> 
     </span>
     <span class='ocr_line' id='line_1_76' title="bbox 1623 1269 2620 1314; baseline 0.004 -14"><span class='ocrx_word' id='word_1_595' title='bbox 1623 1277 1766 1309; x_wconf 89' lang='lat' dir='ltr'>motum;</span> <span class='ocrx_word' id='word_1_596' title='bbox 1800 1276 1836 1300; x_wconf 91' lang='lat' dir='ltr'>ut</span> <span class='ocrx_word' id='word_1_597' title='bbox 1866 1269 1899 1300; x_wconf 91' lang='lat' dir='ltr'>in</span> <span class='ocrx_word' id='word_1_598' title='bbox 1927 1269 2126 1309; x_wconf 83' lang='lat' dir='ltr'>inanimatis,</span> <span class='ocrx_word' id='word_1_599' title='bbox 2154 1281 2294 1312; x_wconf 90' lang='lat' dir='ltr'>quorum</span> <span class='ocrx_word' id='word_1_600' title='bbox 2323 1281 2427 1313; x_wconf 88' lang='lat' dir='ltr'>neque</span> <span class='ocrx_word' id='word_1_601' title='bbox 2456 1282 2527 1314; x_wconf 83' lang='lat' dir='ltr'>pars</span> <span class='ocrx_word' id='word_1_602' title='bbox 2555 1273 2620 1305; x_wconf 88' lang='lat' dir='ltr'>ulla</span> 
     </span>
     <span class='ocr_line' id='line_1_77' title="bbox 1624 1315 2620 1358; baseline 0.004 -14"><span class='ocrx_word' id='word_1_603' title='bbox 1624 1324 1727 1355; x_wconf 88' lang='lat' dir='ltr'>neque</span> <span class='ocrx_word' id='word_1_604' title='bbox 1750 1320 1856 1345; x_wconf 87' lang='lat' dir='ltr'>totum</span> <span class='ocrx_word' id='word_1_605' title='bbox 1878 1321 2035 1354; x_wconf 86' lang='lat' dir='ltr'>movetur,</span> <span class='ocrx_word' id='word_1_606' title='bbox 2059 1315 2114 1346; x_wconf 88' lang='lat' dir='ltr'>sed</span> <span class='ocrx_word' id='word_1_607' title='bbox 2132 1315 2296 1356; x_wconf 82' lang='lat' dir='ltr'>quiescens</span> <span class='ocrx_word' id='word_1_608' title='bbox 2311 1323 2458 1348; x_wconf 80' lang='lat' dir='ltr'>movetur</span> <span class='ocrx_word' id='word_1_609' title='bbox 2476 1318 2620 1358; x_wconf 84' lang='lat' dir='ltr'>quando·</span> 
     </span>
     <span class='ocr_line' id='line_1_78' title="bbox 1623 1357 2620 1403; baseline 0.004 -14"><span class='ocrx_word' id='word_1_610' title='bbox 1623 1368 1697 1399; x_wconf 87' lang='lat' dir='ltr'>que.</span> <span class='ocrx_word' id='word_1_611' title='bbox 1729 1357 1888 1390; x_wconf 89' lang='lat' dir='ltr'>Convenit</span> <span class='ocrx_word' id='word_1_612' title='bbox 1910 1365 2018 1390; x_wconf 87' lang='lat' dir='ltr'>autem</span> <span class='ocrx_word' id='word_1_613' title='bbox 2040 1365 2096 1390; x_wconf 85' lang='lat' dir='ltr'>aut</span> <span class='ocrx_word' id='word_1_614' title='bbox 2124 1369 2247 1400; x_wconf 85' lang='lat' dir='ltr'>semper</span> <span class='ocrx_word' id='word_1_615' title='bbox 2275 1360 2396 1391; x_wconf 85' lang='lat' dir='ltr'>moveri</span> <span class='ocrx_word' id='word_1_616' title='bbox 2426 1367 2480 1392; x_wconf 87' lang='lat' dir='ltr'>aut</span> <span class='ocrx_word' id='word_1_617' title='bbox 2502 1371 2620 1403; x_wconf 78' lang='lat' dir='ltr'>nequa-</span> 
     </span>
     <span class='ocr_line' id='line_1_79' title="bbox 1623 1402 2343 1443; baseline 0.004 -11"><span class='ocrx_word' id='word_1_618' title='bbox 1623 1413 1732 1443; x_wconf 89' lang='lat' dir='ltr'>quam,</span> <span class='ocrx_word' id='word_1_619' title='bbox 1756 1402 1782 1433; x_wconf 92' lang='lat' dir='ltr'>si</span> <span class='ocrx_word' id='word_1_620' title='bbox 1805 1402 1936 1443; x_wconf 85' lang='lat' dir='ltr'>quidem</span> <span class='ocrx_word' id='word_1_621' title='bbox 1958 1412 2026 1434; x_wconf 89' lang='lat' dir='ltr'>non</span> <span class='ocrx_word' id='word_1_622' title='bbox 2048 1402 2084 1434; x_wconf 82' lang='lat' dir='ltr'>fit</span> <span class='ocrx_word' id='word_1_623' title='bbox 2106 1413 2181 1434; x_wconf 91' lang='lat' dir='ltr'>cum</span> <span class='ocrx_word' id='word_1_624' title='bbox 2203 1413 2270 1434; x_wconf 88' lang='lat' dir='ltr'>non</span> <span class='ocrx_word' id='word_1_625' title='bbox 2294 1403 2343 1435; x_wconf 88' lang='lat' dir='ltr'>sit.</span> 
     </span>
    </p>

    <p class='ocr_par' dir='ltr' id='par_1_12' title="bbox 1557 1445 2621 2016">
     <span class='ocr_line' id='line_1_80' title="bbox 1557 1445 2620 1487; baseline 0.003 -10"><span class='ocrx_word' id='word_1_626' title='bbox 1557 1446 1659 1477; x_wconf 92' lang='lat' dir='ltr'>Multo</span> <span class='ocrx_word' id='word_1_627' title='bbox 1676 1453 1783 1477; x_wconf 87' lang='lat' dir='ltr'>autem</span> <span class='ocrx_word' id='word_1_628' title='bbox 1801 1445 1901 1487; x_wconf 86' lang='lat' dir='ltr'>magis</span> <span class='ocrx_word' id='word_1_629' title='bbox 1916 1446 2102 1478; x_wconf 90' lang='lat' dir='ltr'>huiusmodi</span> <span class='ocrx_word' id='word_1_630' title='bbox 2117 1457 2184 1478; x_wconf 83' lang='lat' dir='ltr'>esse</span> <span class='ocrx_word' id='word_1_631' title='bbox 2198 1447 2231 1478; x_wconf 92' lang='lat' dir='ltr'>in</span> <span class='ocrx_word' id='word_1_632' title='bbox 2247 1447 2391 1479; x_wconf 82' lang='lat' dir='ltr'>animatis</span> <span class='ocrx_word' id='word_1_633' title='bbox 2415 1448 2620 1480; x_wconf 88' lang='lat' dir='ltr'>manifestum</span> 
     </span>
     <span class='ocr_line' id='line_1_81' title="bbox 1624 1491 2620 1532; baseline 0.003 -11"><span class='ocrx_word' id='word_1_634' title='bbox 1624 1498 1679 1522; x_wconf 89' lang='lat' dir='ltr'>est.</span> <span class='ocrx_word' id='word_1_635' title='bbox 1698 1491 1810 1531; x_wconf 90' lang='lat' dir='ltr'>Neque</span> <span class='ocrx_word' id='word_1_636' title='bbox 1826 1491 1911 1521; x_wconf 90' lang='lat' dir='ltr'>enim</span> <span class='ocrx_word' id='word_1_637' title='bbox 1934 1500 2018 1521; x_wconf 91' lang='lat' dir='ltr'>unus</span> <span class='ocrx_word' id='word_1_638' title='bbox 2041 1491 2172 1532; x_wconf 89' lang='lat' dir='ltr'>quidem</span> <span class='ocrx_word' id='word_1_639' title='bbox 2194 1491 2227 1522; x_wconf 92' lang='lat' dir='ltr'>in</span> <span class='ocrx_word' id='word_1_640' title='bbox 2242 1492 2334 1522; x_wconf 90' lang='lat' dir='ltr'>nobis</span> <span class='ocrx_word' id='word_1_641' title='bbox 2351 1502 2426 1523; x_wconf 91' lang='lat' dir='ltr'>cum</span> <span class='ocrx_word' id='word_1_642' title='bbox 2449 1492 2489 1524; x_wconf 90' lang='lat' dir='ltr'>sit</span> <span class='ocrx_word' id='word_1_643' title='bbox 2511 1499 2620 1524; x_wconf 85' lang='lat' dir='ltr'>motus</span> 
     </span>
     <span class='ocr_line' id='line_1_82' title="bbox 1623 1534 2619 1578; baseline 0.004 -14"><span class='ocrx_word' id='word_1_644' title='bbox 1623 1535 1805 1575; x_wconf 83' lang='lat' dir='ltr'>aliquando,</span> <span class='ocrx_word' id='word_1_645' title='bbox 1823 1535 1877 1565; x_wconf 92' lang='lat' dir='ltr'>sed</span> <span class='ocrx_word' id='word_1_646' title='bbox 1898 1534 2092 1576; x_wconf 86' lang='lat' dir='ltr'>quiescentes</span> <span class='ocrx_word' id='word_1_647' title='bbox 2115 1541 2220 1566; x_wconf 85' lang='lat' dir='ltr'>tamen</span> <span class='ocrx_word' id='word_1_648' title='bbox 2243 1546 2412 1567; x_wconf 87' lang='lat' dir='ltr'>movemur</span> <span class='ocrx_word' id='word_1_649' title='bbox 2435 1536 2619 1578; x_wconf 86' lang='lat' dir='ltr'>aliquando,</span> 
     </span>
     <span class='ocr_line' id='line_1_83' title="bbox 1623 1578 2621 1620; baseline 0.003 -11"><span class='ocrx_word' id='word_1_650' title='bbox 1623 1585 1654 1609; x_wconf 93' lang='lat' dir='ltr'>et</span> <span class='ocrx_word' id='word_1_651' title='bbox 1676 1578 1711 1610; x_wconf 89' lang='lat' dir='ltr'>fit</span> <span class='ocrx_word' id='word_1_652' title='bbox 1733 1578 1766 1609; x_wconf 92' lang='lat' dir='ltr'>in</span> <span class='ocrx_word' id='word_1_653' title='bbox 1796 1579 1889 1609; x_wconf 87' lang='lat' dir='ltr'>nobis</span> <span class='ocrx_word' id='word_1_654' title='bbox 1922 1589 1960 1609; x_wconf 90' lang='lat' dir='ltr'>ex</span> <span class='ocrx_word' id='word_1_655' title='bbox 1982 1579 2074 1610; x_wconf 90' lang='lat' dir='ltr'>nobis</span> <span class='ocrx_word' id='word_1_656' title='bbox 2101 1579 2177 1620; x_wconf 89' lang='lat' dir='ltr'>ipsis</span> <span class='ocrx_word' id='word_1_657' title='bbox 2205 1580 2399 1620; x_wconf 86' lang='lat' dir='ltr'>principium</span> <span class='ocrx_word' id='word_1_658' title='bbox 2425 1587 2533 1612; x_wconf 88' lang='lat' dir='ltr'>motus</span> <span class='ocrx_word' id='word_1_659' title='bbox 2563 1580 2621 1612; x_wconf 75' lang='lat' dir='ltr'>ali-</span> 
     </span>
     <span class='ocr_line' id='line_1_84' title="bbox 1622 1623 2619 1663; baseline 0.003 -10"><span class='ocrx_word' id='word_1_660' title='bbox 1622 1623 1763 1663; x_wconf 91' lang='lat' dir='ltr'>quando,</span> <span class='ocrx_word' id='word_1_661' title='bbox 1780 1623 1836 1654; x_wconf 88' lang='lat' dir='ltr'>etsi</span> <span class='ocrx_word' id='word_1_662' title='bbox 1856 1623 1934 1654; x_wconf 84' lang='lat' dir='ltr'>nihil</span> <span class='ocrx_word' id='word_1_663' title='bbox 1950 1629 2034 1654; x_wconf 82' lang='lat' dir='ltr'>extra</span> <span class='ocrx_word' id='word_1_664' title='bbox 2050 1630 2185 1655; x_wconf 84' lang='lat' dir='ltr'>moveat.</span> <span class='ocrx_word' id='word_1_665' title='bbox 2202 1624 2274 1655; x_wconf 85' lang='lat' dir='ltr'>Hoc</span> <span class='ocrx_word' id='word_1_666' title='bbox 2288 1624 2373 1655; x_wconf 88' lang='lat' dir='ltr'>enim</span> <span class='ocrx_word' id='word_1_667' title='bbox 2391 1624 2424 1655; x_wconf 93' lang='lat' dir='ltr'>in</span> <span class='ocrx_word' id='word_1_668' title='bbox 2440 1624 2619 1656; x_wconf 76' lang='lat' dir='ltr'>inanimatis</span> 
     </span>
     <span class='ocr_line' id='line_1_85' title="bbox 1623 1667 2618 1709; baseline 0.003 -12"><span class='ocrx_word' id='word_1_669' title='bbox 1623 1676 1689 1697; x_wconf 90' lang='lat' dir='ltr'>esse</span> <span class='ocrx_word' id='word_1_670' title='bbox 1712 1676 1778 1697; x_wconf 93' lang='lat' dir='ltr'>non</span> <span class='ocrx_word' id='word_1_671' title='bbox 1794 1667 1939 1698; x_wconf 88' lang='lat' dir='ltr'>videmus</span> <span class='ocrx_word' id='word_1_672' title='bbox 1962 1667 2115 1706; x_wconf 87' lang='lat' dir='ltr'>similiter,</span> <span class='ocrx_word' id='word_1_673' title='bbox 2139 1668 2194 1698; x_wconf 88' lang='lat' dir='ltr'>sed</span> <span class='ocrx_word' id='word_1_674' title='bbox 2208 1678 2332 1708; x_wconf 87' lang='lat' dir='ltr'>semper</span> <span class='ocrx_word' id='word_1_675' title='bbox 2350 1675 2458 1700; x_wconf 92' lang='lat' dir='ltr'>movet</span> <span class='ocrx_word' id='word_1_676' title='bbox 2475 1669 2544 1709; x_wconf 84' lang='lat' dir='ltr'>ipsa</span> <span class='ocrx_word' id='word_1_677' title='bbox 2563 1669 2618 1700; x_wconf 78' lang='lat' dir='ltr'>ali-</span> 
     </span>
     <span class='ocr_line' id='line_1_86' title="bbox 1622 1710 2620 1754; baseline 0.004 -14"><span class='ocrx_word' id='word_1_678' title='bbox 1622 1710 1700 1751; x_wconf 91' lang='lat' dir='ltr'>quid</span> <span class='ocrx_word' id='word_1_679' title='bbox 1722 1710 1911 1741; x_wconf 87' lang='lat' dir='ltr'>exteriorum</span> <span class='ocrx_word' id='word_1_680' title='bbox 1925 1711 2073 1742; x_wconf 87' lang='lat' dir='ltr'>alterum:</span> <span class='ocrx_word' id='word_1_681' title='bbox 2098 1711 2215 1742; x_wconf 82' lang='lat' dir='ltr'>animal</span> <span class='ocrx_word' id='word_1_682' title='bbox 2234 1719 2341 1743; x_wconf 88' lang='lat' dir='ltr'>autem</span> <span class='ocrx_word' id='word_1_683' title='bbox 2359 1712 2494 1743; x_wconf 86' lang='lat' dir='ltr'>dicimus</span> <span class='ocrx_word' id='word_1_684' title='bbox 2511 1712 2620 1754; x_wconf 81' lang='lat' dir='ltr'>ipsum</span> 
     </span>
     <span class='ocr_line' id='line_1_87' title="bbox 1622 1755 2618 1797; baseline 0.004 -13"><span class='ocrx_word' id='word_1_685' title='bbox 1622 1764 1655 1784; x_wconf 88' lang='lat' dir='ltr'>se</span> <span class='ocrx_word' id='word_1_686' title='bbox 1678 1764 1815 1785; x_wconf 88' lang='lat' dir='ltr'>movere.</span> <span class='ocrx_word' id='word_1_687' title='bbox 1840 1755 1957 1793; x_wconf 85' lang='lat' dir='ltr'>Quare,</span> <span class='ocrx_word' id='word_1_688' title='bbox 1974 1755 1999 1785; x_wconf 92' lang='lat' dir='ltr'>si</span> <span class='ocrx_word' id='word_1_689' title='bbox 2015 1755 2147 1796; x_wconf 87' lang='lat' dir='ltr'>quiescit</span> <span class='ocrx_word' id='word_1_690' title='bbox 2162 1755 2333 1797; x_wconf 87' lang='lat' dir='ltr'>aliquando</span> <span class='ocrx_word' id='word_1_691' title='bbox 2349 1756 2486 1796; x_wconf 85' lang='lat' dir='ltr'>penitus,</span> <span class='ocrx_word' id='word_1_692' title='bbox 2505 1756 2539 1788; x_wconf 87' lang='lat' dir='ltr'>in</span> <span class='ocrx_word' id='word_1_693' title='bbox 2557 1756 2618 1788; x_wconf 87' lang='lat' dir='ltr'>im-</span> 
     </span>
     <span class='ocr_line' id='line_1_88' title="bbox 1621 1797 2618 1840; baseline 0.005 -13"><span class='ocrx_word' id='word_1_694' title='bbox 1621 1797 1732 1828; x_wconf 88' lang='lat' dir='ltr'>mobili</span> <span class='ocrx_word' id='word_1_695' title='bbox 1755 1804 1863 1828; x_wconf 88' lang='lat' dir='ltr'>motus</span> <span class='ocrx_word' id='word_1_696' title='bbox 1894 1798 2003 1839; x_wconf 89' lang='lat' dir='ltr'>utique</span> <span class='ocrx_word' id='word_1_697' title='bbox 2026 1799 2079 1830; x_wconf 90' lang='lat' dir='ltr'>fiet</span> <span class='ocrx_word' id='word_1_698' title='bbox 2102 1809 2139 1830; x_wconf 89' lang='lat' dir='ltr'>ex</span> <span class='ocrx_word' id='word_1_699' title='bbox 2166 1799 2236 1840; x_wconf 90' lang='lat' dir='ltr'>ipso</span> <span class='ocrx_word' id='word_1_700' title='bbox 2261 1806 2291 1831; x_wconf 86' lang='lat' dir='ltr'>et</span> <span class='ocrx_word' id='word_1_701' title='bbox 2314 1809 2380 1830; x_wconf 89' lang='lat' dir='ltr'>non</span> <span class='ocrx_word' id='word_1_702' title='bbox 2403 1801 2442 1831; x_wconf 85' lang='lat' dir='ltr'>ab</span> <span class='ocrx_word' id='word_1_703' title='bbox 2467 1807 2560 1831; x_wconf 84' lang='lat' dir='ltr'>extra.</span> <span class='ocrx_word' id='word_1_704' title='bbox 2585 1800 2618 1832; x_wconf 85' lang='lat' dir='ltr'>Si</span> 
     </span>
     <span class='ocr_line' id='line_1_89' title="bbox 1621 1841 2620 1884; baseline 0.005 -13"><span class='ocrx_word' id='word_1_705' title='bbox 1621 1848 1728 1872; x_wconf 90' lang='lat' dir='ltr'>autem</span> <span class='ocrx_word' id='word_1_706' title='bbox 1743 1841 1776 1871; x_wconf 89' lang='lat' dir='ltr'>in</span> <span class='ocrx_word' id='word_1_707' title='bbox 1792 1841 1919 1872; x_wconf 81' lang='lat' dir='ltr'>animali</span> <span class='ocrx_word' id='word_1_708' title='bbox 1938 1842 1999 1873; x_wconf 90' lang='lat' dir='ltr'>hoc</span> <span class='ocrx_word' id='word_1_709' title='bbox 2018 1843 2167 1883; x_wconf 89' lang='lat' dir='ltr'>possibile</span> <span class='ocrx_word' id='word_1_710' title='bbox 2182 1842 2260 1882; x_wconf 88' lang='lat' dir='ltr'>fieri,</span> <span class='ocrx_word' id='word_1_711' title='bbox 2274 1843 2352 1884; x_wconf 94' lang='lat' dir='ltr'>quid</span> <span class='ocrx_word' id='word_1_712' title='bbox 2367 1844 2515 1884; x_wconf 88' lang='lat' dir='ltr'>prohibet</span> <span class='ocrx_word' id='word_1_713' title='bbox 2532 1844 2620 1876; x_wconf 85' lang='lat' dir='ltr'>idem</span> 
     </span>
     <span class='ocr_line' id='line_1_90' title="bbox 1621 1885 2619 1928; baseline 0.004 -13"><span class='ocrx_word' id='word_1_714' title='bbox 1621 1885 1759 1916; x_wconf 86' lang='lat' dir='ltr'>accidere</span> <span class='ocrx_word' id='word_1_715' title='bbox 1771 1892 1802 1916; x_wconf 90' lang='lat' dir='ltr'>et</span> <span class='ocrx_word' id='word_1_716' title='bbox 1816 1886 1991 1916; x_wconf 89' lang='lat' dir='ltr'>secundum</span> <span class='ocrx_word' id='word_1_717' title='bbox 2004 1885 2117 1917; x_wconf 89' lang='lat' dir='ltr'>omne?</span> <span class='ocrx_word' id='word_1_718' title='bbox 2133 1887 2165 1917; x_wconf 87' lang='lat' dir='ltr'>Si</span> <span class='ocrx_word' id='word_1_719' title='bbox 2180 1897 2319 1927; x_wconf 82' lang='lat' dir='ltr'>namque</span> <span class='ocrx_word' id='word_1_720' title='bbox 2333 1887 2366 1917; x_wconf 92' lang='lat' dir='ltr'>in</span> <span class='ocrx_word' id='word_1_721' title='bbox 2381 1898 2479 1928; x_wconf 88' lang='lat' dir='ltr'>parvo</span> <span class='ocrx_word' id='word_1_722' title='bbox 2494 1888 2619 1919; x_wconf 88' lang='lat' dir='ltr'>mundo</span> 
     </span>
     <span class='ocr_line' id='line_1_91' title="bbox 1620 1929 2617 1973; baseline 0.004 -14"><span class='ocrx_word' id='word_1_723' title='bbox 1620 1929 1666 1967; x_wconf 91' lang='lat' dir='ltr'>fit,</span> <span class='ocrx_word' id='word_1_724' title='bbox 1686 1936 1717 1960; x_wconf 92' lang='lat' dir='ltr'>et</span> <span class='ocrx_word' id='word_1_725' title='bbox 1738 1929 1771 1959; x_wconf 88' lang='lat' dir='ltr'>in</span> <span class='ocrx_word' id='word_1_726' title='bbox 1790 1937 1923 1969; x_wconf 86' lang='lat' dir='ltr'>magno;</span> <span class='ocrx_word' id='word_1_727' title='bbox 1941 1937 1971 1960; x_wconf 86' lang='lat' dir='ltr'>et</span> <span class='ocrx_word' id='word_1_728' title='bbox 1986 1931 2012 1961; x_wconf 89' lang='lat' dir='ltr'>si</span> <span class='ocrx_word' id='word_1_729' title='bbox 2027 1931 2060 1961; x_wconf 92' lang='lat' dir='ltr'>in</span> <span class='ocrx_word' id='word_1_730' title='bbox 2079 1931 2214 1969; x_wconf 90' lang='lat' dir='ltr'>mundo,</span> <span class='ocrx_word' id='word_1_731' title='bbox 2239 1931 2317 1961; x_wconf 86' lang='lat' dir='ltr'>etin</span> <span class='ocrx_word' id='word_1_732' title='bbox 2332 1930 2473 1963; x_wconf 86' lang='lat' dir='ltr'>infinito:</span> <span class='ocrx_word' id='word_1_733' title='bbox 2497 1931 2524 1962; x_wconf 83' lang='lat' dir='ltr'>si</span> <span class='ocrx_word' id='word_1_734' title='bbox 2547 1931 2617 1973; x_wconf 90' lang='lat' dir='ltr'>qui-</span> 
     </span>
     <span class='ocr_line' id='line_1_92' title="bbox 1621 1973 2571 2016; baseline 0.004 -14"><span class='ocrx_word' id='word_1_735' title='bbox 1621 1973 1693 2003; x_wconf 88' lang='lat' dir='ltr'>dem</span> <span class='ocrx_word' id='word_1_736' title='bbox 1717 1973 1870 2015; x_wconf 87' lang='lat' dir='ltr'>contingit</span> <span class='ocrx_word' id='word_1_737' title='bbox 1893 1974 2014 2005; x_wconf 88' lang='lat' dir='ltr'>moveri</span> <span class='ocrx_word' id='word_1_738' title='bbox 2036 1974 2197 2005; x_wconf 87' lang='lat' dir='ltr'>infinitum</span> <span class='ocrx_word' id='word_1_739' title='bbox 2221 1982 2251 2006; x_wconf 90' lang='lat' dir='ltr'>et</span> <span class='ocrx_word' id='word_1_740' title='bbox 2273 1975 2433 2016; x_wconf 88' lang='lat' dir='ltr'>quiescere</span> <span class='ocrx_word' id='word_1_741' title='bbox 2455 1982 2571 2006; x_wconf 87' lang='lat' dir='ltr'>totum.</span> 
     </span>
    </p>
   </div>
   <div class='ocr_carea' id='block_1_11' title="bbox 1553 2067 2619 2504">
    <p class='ocr_par' dir='ltr' id='par_1_13' title="bbox 1553 2067 2619 2504">
     <span class='ocr_line' id='line_1_93' title="bbox 1553 2067 2619 2109; baseline 0.003 -12"><span class='ocrx_word' id='word_1_742' title='bbox 1553 2067 1570 2086; x_wconf 89' lang='grc'><strong>*</strong></span> <span class='ocrx_word' id='word_1_743' title='bbox 1580 2067 1707 2098; x_wconf 85' lang='lat' dir='ltr'>Horum</span> <span class='ocrx_word' id='word_1_744' title='bbox 1723 2075 1830 2099; x_wconf 79' lang='lat' dir='ltr'>autem</span> <span class='ocrx_word' id='word_1_745' title='bbox 1845 2069 1985 2109; x_wconf 90' lang='lat' dir='ltr'>primum</span> <span class='ocrx_word' id='word_1_746' title='bbox 2000 2068 2089 2109; x_wconf 90' lang='lat' dir='ltr'>quod</span> <span class='ocrx_word' id='word_1_747' title='bbox 2099 2067 2220 2099; x_wconf 90' lang='lat' dir='ltr'>dictum</span> <span class='ocrx_word' id='word_1_748' title='bbox 2233 2075 2289 2107; x_wconf 89' lang='lat' dir='ltr'>est,</span> <span class='ocrx_word' id='word_1_749' title='bbox 2304 2079 2370 2099; x_wconf 91' lang='lat' dir='ltr'>non</span> <span class='ocrx_word' id='word_1_750' title='bbox 2385 2069 2523 2100; x_wconf 88' lang='lat' dir='ltr'>eundem</span> <span class='ocrx_word' id='word_1_751' title='bbox 2535 2078 2619 2100; x_wconf 89' lang='lat' dir='ltr'>sem-</span> 
     </span>
     <span class='ocr_line' id='line_1_94' title="bbox 1621 2112 2615 2153; baseline 0.002 -11"><span class='ocrx_word' id='word_1_752' title='bbox 1621 2121 1676 2151; x_wconf 88' lang='lat' dir='ltr'>per</span> <span class='ocrx_word' id='word_1_753' title='bbox 1699 2118 1730 2142; x_wconf 94' lang='lat' dir='ltr'>et</span> <span class='ocrx_word' id='word_1_754' title='bbox 1752 2122 1854 2143; x_wconf 90' lang='lat' dir='ltr'>unum</span> <span class='ocrx_word' id='word_1_755' title='bbox 1873 2122 2007 2143; x_wconf 90' lang='lat' dir='ltr'>numero</span> <span class='ocrx_word' id='word_1_756' title='bbox 2031 2122 2097 2142; x_wconf 90' lang='lat' dir='ltr'>esse</span> <span class='ocrx_word' id='word_1_757' title='bbox 2114 2119 2241 2142; x_wconf 89' lang='lat' dir='ltr'>motum</span> <span class='ocrx_word' id='word_1_758' title='bbox 2264 2112 2320 2153; x_wconf 88' lang='lat' dir='ltr'>qui</span> <span class='ocrx_word' id='word_1_759' title='bbox 2337 2119 2383 2144; x_wconf 90' lang='lat' dir='ltr'>est</span> <span class='ocrx_word' id='word_1_760' title='bbox 2400 2113 2434 2143; x_wconf 92' lang='lat' dir='ltr'>in</span> <span class='ocrx_word' id='word_1_761' title='bbox 2451 2113 2615 2153; x_wconf 73' lang='lat' dir='ltr'>contraria,</span> 
     </span>
     <span class='ocr_line' id='line_1_95' title="bbox 1621 2155 2618 2196; baseline 0.004 -11"><span class='ocrx_word' id='word_1_762' title='bbox 1621 2162 1702 2185; x_wconf 87' lang='lat' dir='ltr'>recte</span> <span class='ocrx_word' id='word_1_763' title='bbox 1726 2156 1850 2187; x_wconf 90' lang='lat' dir='ltr'>dicitur.</span> <span class='ocrx_word' id='word_1_764' title='bbox 1876 2157 1949 2187; x_wconf 90' lang='lat' dir='ltr'>Hoc</span> <span class='ocrx_word' id='word_1_765' title='bbox 1972 2156 2057 2186; x_wconf 91' lang='lat' dir='ltr'>enim</span> <span class='ocrx_word' id='word_1_766' title='bbox 2081 2155 2220 2186; x_wconf 85' lang='lat' dir='ltr'>fortassis</span> <span class='ocrx_word' id='word_1_767' title='bbox 2247 2156 2378 2196; x_wconf 90' lang='lat' dir='ltr'>quidem</span> <span class='ocrx_word' id='word_1_768' title='bbox 2407 2155 2618 2189; x_wconf 60' lang='lat' dir='ltr'>necessarium</span> 
     </span>
     <span class='ocr_line' id='line_1_96' title="bbox 1621 2199 2616 2241; baseline 0.003 -12"><span class='ocrx_word' id='word_1_769' title='bbox 1621 2205 1680 2229; x_wconf 86' lang='lat' dir='ltr'>est:</span> <span class='ocrx_word' id='word_1_770' title='bbox 1706 2199 1862 2240; x_wconf 90' lang='lat' dir='ltr'>siquidem</span> <span class='ocrx_word' id='word_1_771' title='bbox 1886 2210 1952 2230; x_wconf 90' lang='lat' dir='ltr'>non</span> <span class='ocrx_word' id='word_1_772' title='bbox 1975 2209 2099 2239; x_wconf 88' lang='lat' dir='ltr'>semper</span> <span class='ocrx_word' id='word_1_773' title='bbox 2122 2210 2225 2230; x_wconf 91' lang='lat' dir='ltr'>unum</span> <span class='ocrx_word' id='word_1_774' title='bbox 2245 2207 2276 2230; x_wconf 92' lang='lat' dir='ltr'>et</span> <span class='ocrx_word' id='word_1_775' title='bbox 2295 2201 2431 2231; x_wconf 91' lang='lat' dir='ltr'>eundem</span> <span class='ocrx_word' id='word_1_776' title='bbox 2453 2211 2519 2232; x_wconf 89' lang='lat' dir='ltr'>esse</span> <span class='ocrx_word' id='word_1_777' title='bbox 2542 2211 2616 2241; x_wconf 72' lang='lat' dir='ltr'>pos-</span> 
     </span>
     <span class='ocr_line' id='line_1_97' title="bbox 1621 2242 2616 2277; baseline 0.003 -4"><span class='ocrx_word' id='word_1_778' title='bbox 1621 2242 1709 2272; x_wconf 90' lang='lat' dir='ltr'>sibile</span> <span class='ocrx_word' id='word_1_779' title='bbox 1733 2250 1779 2274; x_wconf 90' lang='lat' dir='ltr'>est</span> <span class='ocrx_word' id='word_1_780' title='bbox 1802 2244 1944 2274; x_wconf 89' lang='lat' dir='ltr'>eiusdem</span> <span class='ocrx_word' id='word_1_781' title='bbox 1967 2251 1998 2274; x_wconf 91' lang='lat' dir='ltr'>et</span> <span class='ocrx_word' id='word_1_782' title='bbox 2020 2244 2115 2274; x_wconf 90' lang='lat' dir='ltr'>unius</span> <span class='ocrx_word' id='word_1_783' title='bbox 2139 2251 2276 2275; x_wconf 89' lang='lat' dir='ltr'>motum.</span> <span class='ocrx_word' id='word_1_784' title='bbox 2300 2245 2381 2276; x_wconf 91' lang='lat' dir='ltr'>Dico</span> <span class='ocrx_word' id='word_1_785' title='bbox 2406 2251 2513 2276; x_wconf 88' lang='lat' dir='ltr'>autern</span> <span class='ocrx_word' id='word_1_786' title='bbox 2535 2245 2616 2277; x_wconf 86' lang='lat' dir='ltr'>sicut</span> 
     </span>
     <span class='ocr_line' id='line_1_98' title="bbox 1616 2287 2618 2330; baseline 0.003 -13"><span class='ocrx_word' id='word_1_787' title='bbox 1616 2293 1724 2316; x_wconf 88' lang='lat' dir='ltr'>utrum</span> <span class='ocrx_word' id='word_1_788' title='bbox 1748 2287 1842 2318; x_wconf 91' lang='lat' dir='ltr'>unius</span> <span class='ocrx_word' id='word_1_789' title='bbox 1866 2288 2001 2318; x_wconf 86' lang='lat' dir='ltr'>chordae</span> <span class='ocrx_word' id='word_1_790' title='bbox 2022 2298 2106 2318; x_wconf 91' lang='lat' dir='ltr'>unus</span> <span class='ocrx_word' id='word_1_791' title='bbox 2129 2294 2160 2318; x_wconf 87' lang='lat' dir='ltr'>et</span> <span class='ocrx_word' id='word_1_792' title='bbox 2181 2287 2267 2318; x_wconf 89' lang='lat' dir='ltr'>idem</span> <span class='ocrx_word' id='word_1_793' title='bbox 2290 2299 2400 2327; x_wconf 89' lang='lat' dir='ltr'>sonus,</span> <span class='ocrx_word' id='word_1_794' title='bbox 2423 2295 2478 2320; x_wconf 91' lang='lat' dir='ltr'>aut</span> <span class='ocrx_word' id='word_1_795' title='bbox 2493 2299 2618 2330; x_wconf 85' lang='lat' dir='ltr'>semper</span> 
     </span>
     <span class='ocr_line' id='line_1_99' title="bbox 1621 2330 2616 2374; baseline 0.005 -14"><span class='ocrx_word' id='word_1_796' title='bbox 1621 2330 1706 2368; x_wconf 87' lang='lat' dir='ltr'>alter,</span> <span class='ocrx_word' id='word_1_797' title='bbox 1722 2331 1864 2362; x_wconf 90' lang='lat' dir='ltr'>similiter</span> <span class='ocrx_word' id='word_1_798' title='bbox 1882 2342 1915 2362; x_wconf 90' lang='lat' dir='ltr'>se</span> <span class='ocrx_word' id='word_1_799' title='bbox 1931 2332 2064 2362; x_wconf 84' lang='lat' dir='ltr'>habente</span> <span class='ocrx_word' id='word_1_800' title='bbox 2081 2338 2110 2362; x_wconf 92' lang='lat' dir='ltr'>et</span> <span class='ocrx_word' id='word_1_801' title='bbox 2125 2339 2283 2363; x_wconf 89' lang='lat' dir='ltr'>movente.</span> <span class='ocrx_word' id='word_1_802' title='bbox 2301 2332 2362 2363; x_wconf 88' lang='lat' dir='ltr'>Sed</span> <span class='ocrx_word' id='word_1_803' title='bbox 2381 2340 2498 2372; x_wconf 85' lang='lat' dir='ltr'>tamen,</span> <span class='ocrx_word' id='word_1_804' title='bbox 2515 2332 2616 2374; x_wconf 82' lang='lat' dir='ltr'>quali-</span> 
     </span>
     <span class='ocr_line' id='line_1_100' title="bbox 1620 2375 2616 2416; baseline 0.003 -12"><span class='ocrx_word' id='word_1_805' title='bbox 1620 2381 1804 2415; x_wconf 90' lang='lat' dir='ltr'>tercumque</span> <span class='ocrx_word' id='word_1_806' title='bbox 1828 2385 1860 2405; x_wconf 92' lang='lat' dir='ltr'>se</span> <span class='ocrx_word' id='word_1_807' title='bbox 1884 2375 1994 2414; x_wconf 84' lang='lat' dir='ltr'>habet,</span> <span class='ocrx_word' id='word_1_808' title='bbox 2019 2375 2097 2405; x_wconf 92' lang='lat' dir='ltr'>nihil</span> <span class='ocrx_word' id='word_1_809' title='bbox 2120 2375 2267 2415; x_wconf 88' lang='lat' dir='ltr'>prohibet</span> <span class='ocrx_word' id='word_1_810' title='bbox 2289 2377 2449 2416; x_wconf 88' lang='lat' dir='ltr'>quendam</span> <span class='ocrx_word' id='word_1_811' title='bbox 2479 2376 2616 2408; x_wconf 88' lang='lat' dir='ltr'>eundern</span> 
     </span>
     <span class='ocr_line' id='line_1_101' title="bbox 1622 2419 2616 2460; baseline 0.003 -11"><span class='ocrx_word' id='word_1_812' title='bbox 1622 2430 1698 2458; x_wconf 88' lang='lat' dir='ltr'>esse,</span> <span class='ocrx_word' id='word_1_813' title='bbox 1716 2420 1770 2460; x_wconf 91' lang='lat' dir='ltr'>qui</span> <span class='ocrx_word' id='word_1_814' title='bbox 1791 2419 1961 2449; x_wconf 86' lang='lat' dir='ltr'>continuus</span> <span class='ocrx_word' id='word_1_815' title='bbox 1978 2426 2008 2449; x_wconf 93' lang='lat' dir='ltr'>et</span> <span class='ocrx_word' id='word_1_816' title='bbox 2022 2426 2194 2459; x_wconf 90' lang='lat' dir='ltr'>perpetuus</span> <span class='ocrx_word' id='word_1_817' title='bbox 2211 2426 2265 2450; x_wconf 87' lang='lat' dir='ltr'>est.</span> <span class='ocrx_word' id='word_1_818' title='bbox 2290 2420 2494 2452; x_wconf 82' lang='lat' dir='ltr'>Manifestum</span> <span class='ocrx_word' id='word_1_819' title='bbox 2509 2426 2616 2452; x_wconf 79' lang='lat' dir='ltr'>autem</span> 
     </span>
     <span class='ocr_line' id='line_1_102' title="bbox 1621 2462 2225 2504; baseline 0.002 -11"><span class='ocrx_word' id='word_1_820' title='bbox 1621 2463 1678 2494; x_wconf 90' lang='lat' dir='ltr'>erit</span> <span class='ocrx_word' id='word_1_821' title='bbox 1700 2463 1800 2504; x_wconf 87' lang='lat' dir='ltr'>magis</span> <span class='ocrx_word' id='word_1_822' title='bbox 1824 2473 1860 2493; x_wconf 84' lang='lat' dir='ltr'>ex</span> <span class='ocrx_word' id='word_1_823' title='bbox 1883 2463 1931 2492; x_wconf 92' lang='lat' dir='ltr'>his</span> <span class='ocrx_word' id='word_1_824' title='bbox 1955 2473 2036 2503; x_wconf 89' lang='lat' dir='ltr'>quae</span> <span class='ocrx_word' id='word_1_825' title='bbox 2059 2462 2225 2502; x_wconf 83' lang='lat' dir='ltr'>posterius.</span> 
     </span>
    </p>
   </div>
   <div class='ocr_carea' id='block_1_12' title="bbox 1553 2550 2617 3601">
    <p class='ocr_par' dir='ltr' id='par_1_14' title="bbox 1553 2550 2617 2899">
     <span class='ocr_line' id='line_1_103' title="bbox 1553 2550 2616 2591; baseline 0.001 -10"><span class='ocrx_word' id='word_1_826' title='bbox 1553 2550 1570 2569; x_wconf 89' lang='lat'>*</span> <span class='ocrx_word' id='word_1_827' title='bbox 1581 2551 1702 2581; x_wconf 90' lang='lat' dir='ltr'>Moveri</span> <span class='ocrx_word' id='word_1_828' title='bbox 1712 2558 1819 2582; x_wconf 83' lang='lat' dir='ltr'>autern</span> <span class='ocrx_word' id='word_1_829' title='bbox 1831 2551 1919 2591; x_wconf 92' lang='lat' dir='ltr'>quod</span> <span class='ocrx_word' id='word_1_830' title='bbox 1933 2561 1998 2581; x_wconf 89' lang='lat' dir='ltr'>non</span> <span class='ocrx_word' id='word_1_831' title='bbox 2011 2557 2167 2588; x_wconf 88' lang='lat' dir='ltr'>movetur,</span> <span class='ocrx_word' id='word_1_832' title='bbox 2181 2551 2307 2581; x_wconf 88' lang='lat' dir='ltr'>nullum</span> <span class='ocrx_word' id='word_1_833' title='bbox 2321 2551 2545 2582; x_wconf 87' lang='lat' dir='ltr'>inconveniens</span> <span class='ocrx_word' id='word_1_834' title='bbox 2559 2558 2616 2591; x_wconf 88' lang='lat' dir='ltr'>est,</span> 
     </span>
     <span class='ocr_line' id='line_1_104' title="bbox 1621 2594 2616 2636; baseline 0.001 -11"><span class='ocrx_word' id='word_1_835' title='bbox 1621 2595 1646 2625; x_wconf 93' lang='lat' dir='ltr'>si</span> <span class='ocrx_word' id='word_1_836' title='bbox 1670 2595 1840 2636; x_wconf 84' lang='lat' dir='ltr'>aliquando</span> <span class='ocrx_word' id='word_1_837' title='bbox 1857 2595 1986 2635; x_wconf 90' lang='lat' dir='ltr'>quidem</span> <span class='ocrx_word' id='word_1_838' title='bbox 2010 2595 2049 2625; x_wconf 85' lang='lat' dir='ltr'>sit</span> <span class='ocrx_word' id='word_1_839' title='bbox 2072 2594 2260 2625; x_wconf 86' lang='lat' dir='ltr'>extrinsecus</span> <span class='ocrx_word' id='word_1_840' title='bbox 2276 2605 2420 2633; x_wconf 87' lang='lat' dir='ltr'>movens,</span> <span class='ocrx_word' id='word_1_841' title='bbox 2445 2595 2616 2636; x_wconf 85' lang='lat' dir='ltr'>aliquando</span> 
     </span>
     <span class='ocr_line' id='line_1_105' title="bbox 1621 2638 2615 2681; baseline 0.001 -12"><span class='ocrx_word' id='word_1_842' title='bbox 1621 2645 1727 2669; x_wconf 86' lang='lat' dir='ltr'>autem</span> <span class='ocrx_word' id='word_1_843' title='bbox 1743 2649 1819 2669; x_wconf 91' lang='lat' dir='ltr'>non.</span> <span class='ocrx_word' id='word_1_844' title='bbox 1845 2639 1917 2669; x_wconf 93' lang='lat' dir='ltr'>Hoc</span> <span class='ocrx_word' id='word_1_845' title='bbox 1936 2645 2042 2669; x_wconf 86' lang='lat' dir='ltr'>autern</span> <span class='ocrx_word' id='word_1_846' title='bbox 2059 2638 2225 2679; x_wconf 88' lang='lat' dir='ltr'>quomo&#39;do</span> <span class='ocrx_word' id='word_1_847' title='bbox 2242 2638 2351 2679; x_wconf 91' lang='lat' dir='ltr'>utique</span> <span class='ocrx_word' id='word_1_848' title='bbox 2368 2639 2439 2678; x_wconf 90' lang='lat' dir='ltr'>erit,</span> <span class='ocrx_word' id='word_1_849' title='bbox 2456 2639 2615 2681; x_wconf 86' lang='lat' dir='ltr'>inquiren-</span> 
     </span>
     <span class='ocr_line' id='line_1_106' title="bbox 1621 2682 2617 2714; baseline 0.002 -2"><span class='ocrx_word' id='word_1_850' title='bbox 1621 2683 1699 2713; x_wconf 91' lang='lat' dir='ltr'>dum</span> <span class='ocrx_word' id='word_1_851' title='bbox 1723 2690 1783 2714; x_wconf 85' lang='lat' dir='ltr'>est:</span> <span class='ocrx_word' id='word_1_852' title='bbox 1808 2683 1878 2713; x_wconf 91' lang='lat' dir='ltr'>dico</span> <span class='ocrx_word' id='word_1_853' title='bbox 1909 2690 2015 2713; x_wconf 86' lang='lat' dir='ltr'>autem</span> <span class='ocrx_word' id='word_1_854' title='bbox 2039 2689 2074 2713; x_wconf 91' lang='lat' dir='ltr'>ut</span> <span class='ocrx_word' id='word_1_855' title='bbox 2097 2682 2181 2712; x_wconf 90' lang='lat' dir='ltr'>idem</span> <span class='ocrx_word' id='word_1_856' title='bbox 2205 2683 2243 2712; x_wconf 86' lang='lat' dir='ltr'>ab</span> <span class='ocrx_word' id='word_1_857' title='bbox 2268 2683 2382 2713; x_wconf 92' lang='lat' dir='ltr'>eodem</span> <span class='ocrx_word' id='word_1_858' title='bbox 2405 2683 2527 2714; x_wconf 86' lang='lat' dir='ltr'>motivo</span> <span class='ocrx_word' id='word_1_859' title='bbox 2555 2684 2617 2714; x_wconf 89' lang='lat' dir='ltr'>exi·</span> 
     </span>
     <span class='ocr_line' id='line_1_107' title="bbox 1622 2726 2617 2768; baseline 0.001 -11"><span class='ocrx_word' id='word_1_860' title='bbox 1622 2733 1738 2763; x_wconf 84' lang='lat' dir='ltr'>stente‚</span> <span class='ocrx_word' id='word_1_861' title='bbox 1764 2727 1934 2767; x_wconf 86' lang='lat' dir='ltr'>aliquando</span> <span class='ocrx_word' id='word_1_862' title='bbox 1958 2726 2087 2767; x_wconf 87' lang='lat' dir='ltr'>quidem</span> <span class='ocrx_word' id='word_1_863' title='bbox 2106 2732 2288 2765; x_wconf 89' lang='lat' dir='ltr'>moveatur,</span> <span class='ocrx_word' id='word_1_864' title='bbox 2316 2727 2486 2768; x_wconf 87' lang='lat' dir='ltr'>aliquando</span> <span class='ocrx_word' id='word_1_865' title='bbox 2509 2734 2617 2758; x_wconf 87' lang='lat' dir='ltr'>autem</span> 
     </span>
     <span class='ocr_line' id='line_1_108' title="bbox 1621 2770 2616 2812; baseline 0.002 -11"><span class='ocrx_word' id='word_1_866' title='bbox 1621 2781 1697 2802; x_wconf 91' lang='lat' dir='ltr'>non.</span> <span class='ocrx_word' id='word_1_867' title='bbox 1721 2771 1808 2801; x_wconf 92' lang='lat' dir='ltr'>Nihil</span> <span class='ocrx_word' id='word_1_868' title='bbox 1831 2771 1916 2801; x_wconf 91' lang='lat' dir='ltr'>enim</span> <span class='ocrx_word' id='word_1_869' title='bbox 1940 2771 2026 2800; x_wconf 89' lang='lat' dir='ltr'>aliud</span> <span class='ocrx_word' id='word_1_870' title='bbox 2050 2770 2171 2801; x_wconf 86' lang='lat' dir='ltr'>dubitat</span> <span class='ocrx_word' id='word_1_871' title='bbox 2193 2770 2255 2802; x_wconf 91' lang='lat' dir='ltr'>hoc</span> <span class='ocrx_word' id='word_1_872' title='bbox 2277 2770 2398 2809; x_wconf 89' lang='lat' dir='ltr'>dicens,</span> <span class='ocrx_word' id='word_1_873' title='bbox 2422 2781 2520 2812; x_wconf 86' lang='lat' dir='ltr'>quam</span> <span class='ocrx_word' id='word_1_874' title='bbox 2542 2781 2616 2812; x_wconf 85' lang='lat' dir='ltr'>pro—</span> 
     </span>
     <span class='ocr_line' id='line_1_109' title="bbox 1621 2814 2617 2856; baseline 0.001 -11"><span class='ocrx_word' id='word_1_875' title='bbox 1621 2821 1690 2855; x_wconf 91' lang='lat' dir='ltr'>pter</span> <span class='ocrx_word' id='word_1_876' title='bbox 1717 2815 1795 2856; x_wconf 90' lang='lat' dir='ltr'>quid</span> <span class='ocrx_word' id='word_1_877' title='bbox 1824 2824 1891 2845; x_wconf 93' lang='lat' dir='ltr'>non</span> <span class='ocrx_word' id='word_1_878' title='bbox 1921 2824 2044 2854; x_wconf 89' lang='lat' dir='ltr'>semper</span> <span class='ocrx_word' id='word_1_879' title='bbox 2067 2814 2127 2845; x_wconf 88' lang='lat' dir='ltr'>alia</span> <span class='ocrx_word' id='word_1_880' title='bbox 2149 2814 2279 2855; x_wconf 90' lang='lat' dir='ltr'>quidem</span> <span class='ocrx_word' id='word_1_881' title='bbox 2311 2815 2478 2856; x_wconf 90' lang='lat' dir='ltr'>quiescunt</span> <span class='ocrx_word' id='word_1_882' title='bbox 2505 2825 2617 2846; x_wconf 86' lang='lat' dir='ltr'>eorum</span> 
     </span>
     <span class='ocr_line' id='line_1_110' title="bbox 1621 2858 2188 2899; baseline -0.002 -10"><span class='ocrx_word' id='word_1_883' title='bbox 1621 2868 1703 2899; x_wconf 89' lang='lat' dir='ltr'>quae</span> <span class='ocrx_word' id='word_1_884' title='bbox 1726 2865 1810 2896; x_wconf 90' lang='lat' dir='ltr'>sunt,</span> <span class='ocrx_word' id='word_1_885' title='bbox 1834 2858 1894 2888; x_wconf 85' lang='lat' dir='ltr'>alia</span> <span class='ocrx_word' id='word_1_886' title='bbox 1912 2868 1987 2888; x_wconf 91' lang='lat' dir='ltr'>vero</span> <span class='ocrx_word' id='word_1_887' title='bbox 2011 2865 2188 2889; x_wconf 87' lang='lat' dir='ltr'>moventur.</span> 
     </span>
    </p>

    <p class='ocr_par' dir='ltr' id='par_1_15' title="bbox 1553 2901 2616 3601">
     <span class='ocr_line' id='line_1_111' title="bbox 1553 2901 2616 2944; baseline -0.001 -11"><span class='ocrx_word' id='word_1_888' title='bbox 1553 2902 1717 2933; x_wconf 79' lang='lat' dir='ltr'>*Maxime</span> <span class='ocrx_word' id='word_1_889' title='bbox 1729 2909 1836 2933; x_wconf 90' lang='lat' dir='ltr'>autem</span> <span class='ocrx_word' id='word_1_890' title='bbox 1847 2902 2004 2933; x_wconf 90' lang='lat' dir='ltr'>videbitur</span> <span class='ocrx_word' id='word_1_891' title='bbox 2015 2902 2142 2933; x_wconf 88' lang='lat' dir='ltr'>tertium</span> <span class='ocrx_word' id='word_1_892' title='bbox 2155 2901 2268 2933; x_wconf 87' lang='lat' dir='ltr'>habere</span> <span class='ocrx_word' id='word_1_893' title='bbox 2287 2901 2517 2933; x_wconf 86' lang='lat' dir='ltr'>dubitationem</span> <span class='ocrx_word' id='word_1_894' title='bbox 2528 2902 2616 2944; x_wconf 90' lang='lat' dir='ltr'>quod</span> 
     </span>
     <span class='ocr_line' id='line_1_112' title="bbox 1621 2945 2616 2986; baseline 0 -9"><span class='ocrx_word' id='word_1_895' title='bbox 1621 2946 1656 2977; x_wconf 91' lang='lat' dir='ltr'>fit</span> <span class='ocrx_word' id='word_1_896' title='bbox 1679 2957 1754 2977; x_wconf 90' lang='lat' dir='ltr'>cum</span> <span class='ocrx_word' id='word_1_897' title='bbox 1782 2957 1848 2976; x_wconf 90' lang='lat' dir='ltr'>non</span> <span class='ocrx_word' id='word_1_898' title='bbox 1871 2946 1945 2976; x_wconf 88' lang='lat' dir='ltr'>insit</span> <span class='ocrx_word' id='word_1_899' title='bbox 1974 2946 2061 2986; x_wconf 90' lang='lat' dir='ltr'>prius</span> <span class='ocrx_word' id='word_1_900' title='bbox 2084 2953 2210 2984; x_wconf 90' lang='lat' dir='ltr'>motus,</span> <span class='ocrx_word' id='word_1_901' title='bbox 2234 2945 2323 2986; x_wconf 91' lang='lat' dir='ltr'>quod</span> <span class='ocrx_word' id='word_1_902' title='bbox 2345 2946 2487 2976; x_wconf 86' lang='lat' dir='ltr'>accidens</span> <span class='ocrx_word' id='word_1_903' title='bbox 2514 2952 2561 2977; x_wconf 91' lang='lat' dir='ltr'>est</span> <span class='ocrx_word' id='word_1_904' title='bbox 2582 2946 2616 2977; x_wconf 88' lang='lat' dir='ltr'>in</span> 
     </span>
     <span class='ocr_line' id='line_1_113' title="bbox 1621 2989 2615 3031; baseline -0.001 -10"><span class='ocrx_word' id='word_1_905' title='bbox 1621 2991 1778 3021; x_wconf 88' lang='lat' dir='ltr'>animatis:</span> <span class='ocrx_word' id='word_1_906' title='bbox 1797 2991 1960 3031; x_wconf 86' lang='lat' dir='ltr'>quiescens</span> <span class='ocrx_word' id='word_1_907' title='bbox 1975 2990 2060 3020; x_wconf 91' lang='lat' dir='ltr'>enim</span> <span class='ocrx_word' id='word_1_908' title='bbox 2076 2990 2173 3030; x_wconf 89' lang='lat' dir='ltr'>prius,</span> <span class='ocrx_word' id='word_1_909' title='bbox 2189 2996 2263 3030; x_wconf 90' lang='lat' dir='ltr'>post</span> <span class='ocrx_word' id='word_1_910' title='bbox 2278 2989 2340 3020; x_wconf 91' lang='lat' dir='ltr'>hoc</span> <span class='ocrx_word' id='word_1_911' title='bbox 2355 2990 2450 3028; x_wconf 80' lang='lat' dir='ltr'>vadit,</span> <span class='ocrx_word' id='word_1_912' title='bbox 2468 2997 2615 3021; x_wconf 85' lang='lat' dir='ltr'>movente</span> 
     </span>
     <span class='ocr_line' id='line_1_114' title="bbox 1621 3033 2614 3071; baseline 0 -7"><span class='ocrx_word' id='word_1_913' title='bbox 1621 3034 1810 3064; x_wconf 87' lang='lat' dir='ltr'>exteriorum</span> <span class='ocrx_word' id='word_1_914' title='bbox 1833 3034 1934 3071; x_wconf 88' lang='lat' dir='ltr'>nullo,</span> <span class='ocrx_word' id='word_1_915' title='bbox 1959 3034 2039 3064; x_wconf 90' lang='lat' dir='ltr'>sicut</span> <span class='ocrx_word' id='word_1_916' title='bbox 2053 3033 2185 3065; x_wconf 88' lang='lat' dir='ltr'>videtur.</span> <span class='ocrx_word' id='word_1_917' title='bbox 2207 3034 2278 3064; x_wconf 87' lang='lat' dir='ltr'>Hoc</span> <span class='ocrx_word' id='word_1_918' title='bbox 2293 3040 2400 3064; x_wconf 85' lang='lat' dir='ltr'>autem</span> <span class='ocrx_word' id='word_1_919' title='bbox 2417 3033 2532 3064; x_wconf 84' lang='lat' dir='ltr'>falsum</span> <span class='ocrx_word' id='word_1_920' title='bbox 2548 3040 2614 3065; x_wconf 83' lang='lat' dir='ltr'>est:</span> 
     </span>
     <span class='ocr_line' id='line_1_115' title="bbox 1621 3077 2615 3119; baseline 0 -11"><span class='ocrx_word' id='word_1_921' title='bbox 1621 3078 1833 3118; x_wconf 90' lang='lat' dir='ltr'>conspicimus</span> <span class='ocrx_word' id='word_1_922' title='bbox 1865 3077 1950 3108; x_wconf 91' lang='lat' dir='ltr'>enim</span> <span class='ocrx_word' id='word_1_923' title='bbox 1978 3087 2102 3118; x_wconf 87' lang='lat' dir='ltr'>semper</span> <span class='ocrx_word' id='word_1_924' title='bbox 2132 3077 2251 3119; x_wconf 86' lang='lat' dir='ltr'>aliquid</span> <span class='ocrx_word' id='word_1_925' title='bbox 2282 3084 2410 3108; x_wconf 86' lang='lat' dir='ltr'>motum</span> <span class='ocrx_word' id='word_1_926' title='bbox 2432 3078 2465 3108; x_wconf 91' lang='lat' dir='ltr'>in</span> <span class='ocrx_word' id='word_1_927' title='bbox 2488 3077 2615 3108; x_wconf 84' lang='lat' dir='ltr'>animali</span> 
     </span>
     <span class='ocr_line' id='line_1_116' title="bbox 1620 3121 2615 3160; baseline 0 -8"><span class='ocrx_word' id='word_1_928' title='bbox 1620 3122 1827 3159; x_wconf 83' lang='lat' dir='ltr'>naturalium;</span> <span class='ocrx_word' id='word_1_929' title='bbox 1851 3121 1946 3152; x_wconf 91' lang='lat' dir='ltr'>huius</span> <span class='ocrx_word' id='word_1_930' title='bbox 1970 3128 2076 3152; x_wconf 87' lang='lat' dir='ltr'>autem</span> <span class='ocrx_word' id='word_1_931' title='bbox 2099 3128 2206 3152; x_wconf 90' lang='lat' dir='ltr'>motus</span> <span class='ocrx_word' id='word_1_932' title='bbox 2226 3131 2292 3151; x_wconf 91' lang='lat' dir='ltr'>non</span> <span class='ocrx_word' id='word_1_933' title='bbox 2311 3121 2427 3152; x_wconf 88' lang='lat' dir='ltr'>animal</span> <span class='ocrx_word' id='word_1_934' title='bbox 2446 3131 2539 3152; x_wconf 89' lang='lat' dir='ltr'>causa</span> <span class='ocrx_word' id='word_1_935' title='bbox 2557 3128 2615 3160; x_wconf 89' lang='lat' dir='ltr'>est,</span> 
     </span>
     <span class='ocr_line' id='line_1_117' title="bbox 1620 3165 2616 3206; baseline 0.001 -11"><span class='ocrx_word' id='word_1_936' title='bbox 1620 3166 1675 3196; x_wconf 88' lang='lat' dir='ltr'>sed</span> <span class='ocrx_word' id='word_1_937' title='bbox 1699 3165 1862 3196; x_wconf 87' lang='lat' dir='ltr'>continens</span> <span class='ocrx_word' id='word_1_938' title='bbox 1886 3165 2024 3196; x_wconf 85' lang='lat' dir='ltr'>forsitan.</span> <span class='ocrx_word' id='word_1_939' title='bbox 2055 3165 2164 3206; x_wconf 89' lang='lat' dir='ltr'>Ipsum</span> <span class='ocrx_word' id='word_1_940' title='bbox 2187 3171 2294 3196; x_wconf 87' lang='lat' dir='ltr'>autem</span> <span class='ocrx_word' id='word_1_941' title='bbox 2318 3165 2451 3196; x_wconf 89' lang='lat' dir='ltr'>dicimus</span> <span class='ocrx_word' id='word_1_942' title='bbox 2475 3165 2616 3206; x_wconf 89' lang='lat' dir='ltr'>seipsum</span> 
     </span>
     <span class='ocr_line' id='line_1_118' title="bbox 1619 3209 2615 3247; baseline 0.001 -8"><span class='ocrx_word' id='word_1_943' title='bbox 1619 3219 1747 3240; x_wconf 89' lang='lat' dir='ltr'>movere</span> <span class='ocrx_word' id='word_1_944' title='bbox 1771 3219 1836 3240; x_wconf 93' lang='lat' dir='ltr'>non</span> <span class='ocrx_word' id='word_1_945' title='bbox 1861 3209 2036 3240; x_wconf 89' lang='lat' dir='ltr'>secundum</span> <span class='ocrx_word' id='word_1_946' title='bbox 2053 3219 2183 3239; x_wconf 89' lang='lat' dir='ltr'>omnem</span> <span class='ocrx_word' id='word_1_947' title='bbox 2207 3216 2345 3247; x_wconf 85' lang='lat' dir='ltr'>motum,</span> <span class='ocrx_word' id='word_1_948' title='bbox 2362 3210 2414 3240; x_wconf 91' lang='lat' dir='ltr'>sed</span> <span class='ocrx_word' id='word_1_949' title='bbox 2439 3209 2615 3240; x_wconf 90' lang='lat' dir='ltr'>secundum</span> 
     </span>
     <span class='ocr_line' id='line_1_119' title="bbox 1619 3253 2615 3293; baseline 0.001 -10"><span class='ocrx_word' id='word_1_950' title='bbox 1619 3254 1738 3284; x_wconf 88' lang='lat' dir='ltr'>locum.</span> <span class='ocrx_word' id='word_1_951' title='bbox 1757 3253 1843 3284; x_wconf 89' lang='lat' dir='ltr'>Nihil</span> <span class='ocrx_word' id='word_1_952' title='bbox 1862 3253 1956 3293; x_wconf 84' lang='lat' dir='ltr'>igitur</span> <span class='ocrx_word' id='word_1_953' title='bbox 1979 3253 2135 3293; x_wconf 85' lang='lat' dir='ltr'>prohibet,</span> <span class='ocrx_word' id='word_1_954' title='bbox 2154 3253 2253 3293; x_wconf 84' lang='lat' dir='ltr'>magis</span> <span class='ocrx_word' id='word_1_955' title='bbox 2277 3259 2383 3284; x_wconf 89' lang='lat' dir='ltr'>autem</span> <span class='ocrx_word' id='word_1_956' title='bbox 2408 3253 2546 3284; x_wconf 87' lang='lat' dir='ltr'>fortassis</span> <span class='ocrx_word' id='word_1_957' title='bbox 2561 3263 2615 3284; x_wconf 89' lang='lat' dir='ltr'>ne-</span> 
     </span>
     <span class='ocr_line' id='line_1_120' title="bbox 1620 3296 2614 3337; baseline -0.001 -9"><span class='ocrx_word' id='word_1_958' title='bbox 1620 3297 1788 3328; x_wconf 84' lang='lat' dir='ltr'>cessarium</span> <span class='ocrx_word' id='word_1_959' title='bbox 1812 3304 1875 3336; x_wconf 90' lang='lat' dir='ltr'>est,</span> <span class='ocrx_word' id='word_1_960' title='bbox 1899 3297 1931 3327; x_wconf 93' lang='lat' dir='ltr'>in</span> <span class='ocrx_word' id='word_1_961' title='bbox 1956 3307 2089 3337; x_wconf 89' lang='lat' dir='ltr'>corpore</span> <span class='ocrx_word' id='word_1_962' title='bbox 2112 3297 2231 3328; x_wconf 87' lang='lat' dir='ltr'>multos</span> <span class='ocrx_word' id='word_1_963' title='bbox 2258 3296 2324 3328; x_wconf 88' lang='lat' dir='ltr'>fieri</span> <span class='ocrx_word' id='word_1_964' title='bbox 2348 3304 2455 3333; x_wconf 89' lang='lat' dir='ltr'>motus</span> <span class='ocrx_word' id='word_1_965' title='bbox 2478 3307 2496 3328; x_wconf 84' lang='lat' dir='ltr'>a</span> <span class='ocrx_word' id='word_1_966' title='bbox 2515 3297 2614 3328; x_wconf 91' lang='lat' dir='ltr'>conti·</span> 
     </span>
     <span class='ocr_line' id='line_1_121' title="bbox 1620 3341 2614 3383; baseline -0.001 -11"><span class='ocrx_word' id='word_1_967' title='bbox 1620 3350 1728 3380; x_wconf 87' lang='lat' dir='ltr'>nente;</span> <span class='ocrx_word' id='word_1_968' title='bbox 1744 3342 1859 3372; x_wconf 88' lang='lat' dir='ltr'>horum</span> <span class='ocrx_word' id='word_1_969' title='bbox 1872 3348 1978 3372; x_wconf 86' lang='lat' dir='ltr'>autern</span> <span class='ocrx_word' id='word_1_970' title='bbox 1995 3341 2151 3383; x_wconf 84' lang='lat' dir='ltr'>quosdam</span> <span class='ocrx_word' id='word_1_971' title='bbox 2163 3341 2357 3372; x_wconf 89' lang='lat' dir='ltr'>intellectum</span> <span class='ocrx_word' id='word_1_972' title='bbox 2369 3348 2423 3372; x_wconf 88' lang='lat' dir='ltr'>aut</span> <span class='ocrx_word' id='word_1_973' title='bbox 2438 3341 2614 3382; x_wconf 84' lang='lat' dir='ltr'>appetitum</span> 
     </span>
     <span class='ocr_line' id='line_1_122' title="bbox 1620 3384 2613 3424; baseline -0.001 -8"><span class='ocrx_word' id='word_1_974' title='bbox 1620 3393 1764 3424; x_wconf 85' lang='lat' dir='ltr'>movere;</span> <span class='ocrx_word' id='word_1_975' title='bbox 1789 3386 1880 3416; x_wconf 90' lang='lat' dir='ltr'>illum</span> <span class='ocrx_word' id='word_1_976' title='bbox 1899 3392 2005 3416; x_wconf 84' lang='lat' dir='ltr'>autem</span> <span class='ocrx_word' id='word_1_977' title='bbox 2021 3392 2125 3416; x_wconf 90' lang='lat' dir='ltr'>totum</span> <span class='ocrx_word' id='word_1_978' title='bbox 2142 3385 2204 3415; x_wconf 85' lang='lat' dir='ltr'>iam</span> <span class='ocrx_word' id='word_1_979' title='bbox 2224 3385 2340 3415; x_wconf 86' lang='lat' dir='ltr'>animal</span> <span class='ocrx_word' id='word_1_980' title='bbox 2354 3395 2490 3415; x_wconf 88' lang='lat' dir='ltr'>movere.</span> <span class='ocrx_word' id='word_1_981' title='bbox 2512 3384 2613 3422; x_wconf 87' lang='lat' dir='ltr'>Quale</span> 
     </span>
     <span class='ocr_line' id='line_1_123' title="bbox 1619 3429 2613 3470; baseline -0.001 -10"><span class='ocrx_word' id='word_1_982' title='bbox 1619 3429 1772 3470; x_wconf 87' lang='lat' dir='ltr'>contingit</span> <span class='ocrx_word' id='word_1_983' title='bbox 1801 3429 1879 3460; x_wconf 88' lang='lat' dir='ltr'>circa</span> <span class='ocrx_word' id='word_1_984' title='bbox 1907 3437 2055 3460; x_wconf 86' lang='lat' dir='ltr'>somnos:</span> <span class='ocrx_word' id='word_1_985' title='bbox 2085 3429 2236 3460; x_wconf 89' lang='lat' dir='ltr'>sensibilis</span> <span class='ocrx_word' id='word_1_986' title='bbox 2269 3429 2399 3470; x_wconf 89' lang='lat' dir='ltr'>quidem</span> <span class='ocrx_word' id='word_1_987' title='bbox 2424 3429 2509 3459; x_wconf 83' lang='lat' dir='ltr'>enim</span> <span class='ocrx_word' id='word_1_988' title='bbox 2539 3437 2613 3459; x_wconf 89' lang='lat' dir='ltr'>cum</span> 
     </span>
     <span class='ocr_line' id='line_1_124' title="bbox 1619 3472 2613 3514; baseline -0.002 -10"><span class='ocrx_word' id='word_1_989' title='bbox 1619 3484 1722 3514; x_wconf 90' lang='lat' dir='ltr'>neque</span> <span class='ocrx_word' id='word_1_990' title='bbox 1742 3483 1824 3504; x_wconf 90' lang='lat' dir='ltr'>unus</span> <span class='ocrx_word' id='word_1_991' title='bbox 1848 3473 1921 3504; x_wconf 85' lang='lat' dir='ltr'>insit</span> <span class='ocrx_word' id='word_1_992' title='bbox 1945 3480 2063 3511; x_wconf 82' lang='lat' dir='ltr'>motus,</span> <span class='ocrx_word' id='word_1_993' title='bbox 2080 3473 2261 3504; x_wconf 78' lang='lat' dir='ltr'>inexistente</span> <span class='ocrx_word' id='word_1_994' title='bbox 2277 3480 2383 3504; x_wconf 84' lang='lat' dir='ltr'>tamen</span> <span class='ocrx_word' id='word_1_995' title='bbox 2407 3472 2526 3513; x_wconf 86' lang='lat' dir='ltr'>aliquo,</span> <span class='ocrx_word' id='word_1_996' title='bbox 2545 3481 2613 3502; x_wconf 90' lang='lat' dir='ltr'>sur-</span> 
     </span>
     <span class='ocr_line' id='line_1_125' title="bbox 1618 3514 2614 3558; baseline -0.002 -11"><span class='ocrx_word' id='word_1_997' title='bbox 1618 3525 1697 3558; x_wconf 84' lang='lat' dir='ltr'>gunt</span> <span class='ocrx_word' id='word_1_998' title='bbox 1720 3517 1867 3548; x_wconf 86' lang='lat' dir='ltr'>animalia</span> <span class='ocrx_word' id='word_1_999' title='bbox 1889 3517 2013 3548; x_wconf 88' lang='lat' dir='ltr'>iterum.</span> <span class='ocrx_word' id='word_1_1000' title='bbox 2038 3517 2100 3548; x_wconf 90' lang='lat' dir='ltr'>Sed</span> <span class='ocrx_word' id='word_1_1001' title='bbox 2123 3527 2262 3558; x_wconf 84' lang='lat' dir='ltr'>namque</span> <span class='ocrx_word' id='word_1_1002' title='bbox 2285 3516 2488 3548; x_wconf 87' lang='lat' dir='ltr'>manifestum</span> <span class='ocrx_word' id='word_1_1003' title='bbox 2511 3514 2567 3546; x_wconf 83' lang='lat' dir='ltr'>erit</span> <span class='ocrx_word' id='word_1_1004' title='bbox 2583 3521 2614 3545; x_wconf 94' lang='lat' dir='ltr'>et</span> 
     </span>
     <span class='ocr_line' id='line_1_126' title="bbox 1620 3561 2025 3601; baseline 0 -10"><span class='ocrx_word' id='word_1_1005' title='bbox 1620 3561 1658 3591; x_wconf 94' lang='lat' dir='ltr'>de</span> <span class='ocrx_word' id='word_1_1006' title='bbox 1681 3561 1729 3591; x_wconf 90' lang='lat' dir='ltr'>his</span> <span class='ocrx_word' id='word_1_1007' title='bbox 1753 3571 1789 3591; x_wconf 88' lang='lat' dir='ltr'>ex</span> <span class='ocrx_word' id='word_1_1008' title='bbox 1812 3561 2025 3601; x_wconf 89' lang='lat' dir='ltr'>sequentibus.</span> 
     </span>
    </p>
   </div>
   <div class='ocr_carea' id='block_1_13' title="bbox 2646 839 2851 888">
    <p class='ocr_par' dir='ltr' id='par_1_16' title="bbox 2646 839 2851 888">
     <span class='ocr_line' id='line_1_127' title="bbox 2646 839 2851 888; baseline 0.01 -26"><span class='ocrx_word' id='word_1_1009' title='bbox 2646 839 2728 888; x_wconf 62' lang='lat' dir='ltr'>i6C⁸p⁵</span> <span class='ocrx_word' id='word_1_1010' title='bbox 2739 845 2765 862; x_wconf 87' lang='lat' dir='ltr'>n.</span> <span class='ocrx_word' id='word_1_1011' title='bbox 2779 839 2851 864; x_wconf 72' lang='lat' dir='ltr'>Text.</span> 
     </span>
    </p>
   </div>
   <div class='ocr_carea' id='block_1_14' title="bbox 2646 1188 2788 1218">
    <p class='ocr_par' dir='ltr' id='par_1_17' title="bbox 2646 1188 2788 1218">
     <span class='ocr_line' id='line_1_128' title="bbox 2646 1188 2788 1218; baseline 0.007 -7"><span class='ocrx_word' id='word_1_1012' title='bbox 2646 1188 2739 1212; x_wconf 59' lang='lat' dir='ltr'>“rm</span> <span class='ocrx_word' id='word_1_1013' title='bbox 2753 1194 2788 1218; x_wconf 84' lang='lat'>¹7·</span> 
     </span>
    </p>
   </div>
   <div class='ocr_carea' id='block_1_15' title="bbox 2645 2076 2786 2102">
    <p class='ocr_par' dir='ltr' id='par_1_18' title="bbox 2645 2076 2786 2102">
     <span class='ocr_line' id='line_1_129' title="bbox 2645 2076 2786 2102; baseline 0.014 -2"><span class='ocrx_word' id='word_1_1014' title='bbox 2645 2078 2655 2088; x_wconf 86' lang='grc'><em>·</em></span> <span class='ocrx_word' id='word_1_1015' title='bbox 2668 2076 2737 2101; x_wconf 74' lang='lat' dir='ltr'>Text.</span> <span class='ocrx_word' id='word_1_1016' title='bbox 2751 2077 2786 2102; x_wconf 82' lang='lat'>¹8.</span> 
     </span>
    </p>
   </div>
   <div class='ocr_carea' id='block_1_16' title="bbox 2643 2558 2789 2587">
    <p class='ocr_par' dir='ltr' id='par_1_19' title="bbox 2643 2558 2789 2587">
     <span class='ocr_line' id='line_1_130' title="bbox 2643 2558 2789 2587; baseline 0 -5"><span class='ocrx_word' id='word_1_1017' title='bbox 2643 2561 2653 2570; x_wconf 75' lang='lat'>¹</span> <span class='ocrx_word' id='word_1_1018' title='bbox 2667 2558 2735 2582; x_wconf 81' lang='lat' dir='ltr'>Text.</span> <span class='ocrx_word' id='word_1_1019' title='bbox 2750 2565 2789 2587; x_wconf 66' lang='lat'>¹9-</span> 
     </span>
    </p>
   </div>
   <div class='ocr_carea' id='block_1_17' title="bbox 2643 2904 2794 2928">
    <p class='ocr_par' dir='ltr' id='par_1_20' title="bbox 2643 2904 2794 2928">
     <span class='ocr_line' id='line_1_131' title="bbox 2643 2904 2794 2928; baseline 0 0"><span class='ocrx_word' id='word_1_1020' title='bbox 2643 2908 2654 2917; x_wconf 83' lang='grc'>·’</span> <span class='ocrx_word' id='word_1_1021' title='bbox 2667 2904 2734 2928; x_wconf 75' lang='lat' dir='ltr'>Text.</span> <span class='ocrx_word' id='word_1_1022' title='bbox 2749 2912 2794 2928; x_wconf 72' lang='lat' dir='ltr'>ao-</span> 
     </span>
    </p>
   </div>
   <div class='ocr_carea' id='block_1_18' title="bbox 2888 2403 2898 2667">
    <p class='ocr_par' dir='ltr' id='par_1_21' title="bbox 2888 2403 2898 2667">
     <span class='ocr_line' id='line_1_132' title="bbox 2888 2403 2898 2667; textangle 90"><span class='ocrx_word' id='word_1_1023' title='bbox 2890 2660 2895 2667; x_wconf 83' lang='lat'><strong>·</strong></span> <span class='ocrx_word' id='word_1_1024' title='bbox 2891 2634 2898 2655; x_wconf 63' lang='lat' dir='ltr'>—a</span> <span class='ocrx_word' id='word_1_1025' title='bbox 2888 2417 2898 2627; x_wconf 43' lang='lat' dir='ltr'>»xm-nana„</span> <span class='ocrx_word' id='word_1_1026' title='bbox 2895 2403 2898 2411; x_wconf 76' lang='lat'>.</span> 
     </span>
    </p>
   </div>
  </div>
 </body>
</html>
