2898 3996
78 617 89 626 '
109 616 172 638 idest

12 626 23 662 Τ.
77 642 140 671 quod
153 621 238 664 σαίρω
257 622 286 642 B'

78 1295 91 1306 ⁴¹
105 1300 161 1316 vero
174 1294 228 1316 rab.

83 2032 93 2042 ⁴
107 2030 180 2053 Num.
194 2036 269 2058 praec.

85 2293 95 2303 ·
109 2292 179 2314 Num.
193 2298 225 2314 io.

28 2714 29 2717 ’
87 2715 99 2727 *
111 2715 270 2743 multipliciter

27 2742 31 2748 ’
89 2741 157 2763 codd.

24 2823 34 2856 ᾧ
86 2821 95 2830 ·
110 2819 170 2841 enim
187 2819 239 2841 add.
255 2825 295 2841 co-

87 2845 157 2868 dices.

86 3030 98 3041 ¹¹
112 3030 137 3052 S.
146 3029 193 3052 Th.
202 3030 254 3051 lect.
265 3036 296 3055 iv;

87 3056 140 3078 Did.
154 3056 194 3078 lib.
204 3056 234 3084 V,
245 3062 296 3083 cap-

88 3088 118 3110 iv,
133 3088 156 3104 n.
172 3088 188 3104 i.

1182 269 1290 304 CAP.
1321 269 1352 315 1,
1383 268 1531 304 LECT.
1562 270 1593 305 11

315 361 359 385 ex
379 360 457 384 non
486 359 567 383 esse
596 346 812 394 simpliciter
839 345 876 381 in
897 357 962 381 ens
982 346 1086 393 quod
1114 354 1169 382 est
1197 347 1366 382 substan-

313 401 387 447 tia,
428 407 483 436 est
510 399 699 446 generatio
735 398 972 446 simpliciter,
1012 399 1221 434 secundum
1250 411 1365 446 quam

314 452 531 501 simpliciter
550 451 710 488 dicimus
734 450 874 498 aliquid
894 449 975 486 fieri
1000 457 1035 486 et
1054 462 1131 486 non
1150 450 1244 486 fieri.
1266 451 1366 486 Cum

315 505 417 542 enim
436 503 626 552 generatio
654 504 700 540 sit
726 503 883 539 mutatio
917 502 963 539 de
992 514 1070 538 non
1097 515 1176 538 esse
1205 502 1243 538 in
1273 514 1364 549 esse,

314 557 525 595 secundum
544 556 650 592 illum
673 556 834 592 modum
864 554 996 592 dicitur
1024 553 1162 602 aliquid
1185 554 1366 602 generari,

314 622 391 659 quo
421 610 441 631 ’¹‘
470 621 515 645 ex
548 621 626 645 non
658 620 739 644 esse
768 607 806 644 in
839 619 920 643 esse
958 613 1133 643 mutatur.
1171 606 1270 643 Cum
1303 619 1367 642 au-

314 670 391 699 tem
421 673 466 698 ex
493 673 571 698 non
598 661 684 697 albo
709 661 752 696 fit
780 661 919 706 album,
941 671 1018 696 non
1045 665 1211 695 mutatur
1230 658 1368 706 aliquid

316 727 361 751 ex
380 723 458 751 non
478 726 559 750 esse
587 713 802 761 simpliciter
828 713 866 748 in
895 724 976 748 esse
1005 711 1231 760 simpliciter.
1253 711 1369 757 Quod

315 766 417 803 enim
437 772 602 803 mutatur
628 765 792 814 proprie,
822 765 1032 801 subiectum
1052 771 1127 809 est;
1157 763 1368 800 subiectum

315 825 442 856 autem
471 817 543 854 albi
564 824 618 853 est
637 817 790 866 aliquod
815 829 882 853 ens
909 824 1005 854 actu.
1035 817 1145 854 Unde
1175 828 1262 852 cum
1282 817 1368 852 sub-

314 871 453 907 iectum
477 877 629 906 maneat
651 869 690 905 in
714 875 791 905 tota
810 869 1034 916 mutatione,
1064 869 1176 905 etiam
1205 868 1243 905 iri
1268 868 1367 916 prin-

316 922 412 971 cipio
450 920 666 958 mutationis
703 929 782 957 erat
821 934 886 957 ens
924 929 1028 969 actu,
1066 921 1281 969 simpliciter
1316 922 1369 957 lo-

315 974 491 1023 quendo;
528 986 607 1010 non
633 981 762 1010 tamen
791 981 869 1010 erat
897 986 962 1010 ens
991 981 1076 1010 actu
1103 974 1197 1020 hoe,
1232 973 1371 1010 scilicet

316 1027 467 1063 album:
503 1033 538 1063 et
565 1025 651 1063 ideo
681 1038 758 1062 non
787 1026 918 1063 dicitur
945 1026 1027 1063 fieri
1059 1026 1275 1074 simpliciter
1303 1025 1370 1062 sed

316 1079 398 1116 fieri
421 1080 506 1125 hoc,
536 1078 674 1115 scilicet
701 1079 841 1116 album.
872 1078 1093 1115 Subiectum
1111 1090 1204 1115 vero
1225 1079 1370 1114 formae

316 1131 565 1168 substantialis
593 1143 671 1168 non
699 1138 754 1167 est
781 1131 935 1180 aliquod
967 1143 1033 1168 ens
1066 1138 1169 1178 actu,
1209 1131 1276 1167 sed
1305 1143 1370 1167 ens

315 1184 355 1220 in
381 1183 549 1233 potentia
576 1190 734 1230 tantum,
763 1183 902 1220 scilicet
929 1183 1085 1220 materia
1109 1183 1243 1231 prima,
1273 1196 1370 1232 quae

316 1236 356 1273 in
381 1235 565 1285 principio
599 1235 849 1284 generationis
882 1244 937 1273 est
970 1237 1039 1273 sub
1072 1236 1304 1285 privatione,
1333 1236 1370 1273 in

316 1289 394 1326 fine
409 1296 536 1326 autem
552 1289 571 1309 *
587 1289 657 1325 sub
673 1289 810 1325 forma:
833 1296 867 1325 et
887 1289 972 1326 ideo
988 1289 1199 1326 secundum
1218 1300 1371 1336 genera-

316 1341 460 1378 tionem
488 1341 716 1378 substantiae
743 1341 786 1377 fit
813 1341 954 1389 aliquid
986 1341 1213 1390 simpliciter.
1250 1342 1298 1378 Et
1326 1354 1371 1378 ex

316 1395 391 1431 hoc
417 1393 549 1430 haberi
575 1401 719 1442 potest,
754 1394 858 1442 quod
886 1395 1096 1431 secundum
1129 1395 1270 1432 nullam
1298 1395 1371 1431 for-

317 1459 422 1483 mam
459 1458 557 1494 quae
584 1447 855 1495 praesupponit
891 1446 1003 1482 aliam
1036 1447 1199 1484 formam
1227 1447 1265 1483 in
1293 1459 1372 1483 ma-

317 1498 419 1545 teria,
449 1498 649 1535 attenditur
676 1499 866 1546 generatio
895 1498 1130 1547 simpliciter,
1160 1499 1226 1536 sed
1246 1500 1370 1536 solum

318 1550 528 1588 secundum
543 1550 645 1598 quid3
659 1551 745 1598 quia
759 1551 947 1598 quaelibet
962 1552 1084 1588 forma
1098 1552 1183 1588 facit
1193 1564 1260 1588 ens
1275 1559 1370 1588 actu.

371 1616 407 1651 7.
423 1603 572 1640 Deinde
592 1615 678 1639 curn
696 1603 801 1639 dicit:
825 1604 931 1645 Quae
948 1615 1037 1640 vero
1053 1616 1102 1640 ex
1114 1605 1274 1641 subiecto
1290 1612 1371 1651 etc.,

318 1655 530 1692 manifestat
557 1655 670 1691 aliam
697 1663 844 1704 partem
870 1656 1073 1693 divisionis.
1095 1658 1144 1693 Et
1163 1657 1250 1693 dicit
1269 1657 1373 1704 quod

317 1708 380 1744 illa
407 1707 563 1744 mutatio
593 1719 690 1756 quae
721 1715 776 1744 est
809 1720 854 1744 ex
882 1708 1049 1744 subiecto
1078 1708 1117 1745 in
1145 1721 1223 1745 non
1250 1709 1373 1745 subie-

320 1768 434 1808 ctum,
453 1768 612 1797 vocatur
630 1761 829 1808 corruptio.
856 1761 932 1797 Sed
951 1761 1140 1808 quaedam
1166 1769 1220 1798 est
1248 1774 1374 1798 corru-

318 1813 396 1861 ptio
428 1813 655 1861 simpliciter,
680 1820 778 1861 quae
797 1812 936 1849 scilicet
955 1820 1010 1849 est
1038 1825 1083 1849 ex
1103 1826 1185 1850 esse
1205 1814 1374 1850 substan-

318 1865 394 1902 tiali
421 1865 459 1902 in
482 1878 560 1902 non
580 1877 678 1902 esse:
698 1865 889 1914 quaedam
907 1878 1000 1902 vero
1031 1873 1085 1902 est
1103 1866 1140 1902 in
1161 1866 1374 1915 oppositam

319 1917 558 1965 negationem
592 1917 862 1966 cuiuscumque
895 1918 1175 1965 affirmationis,
1206 1919 1300 1955 sicut
1328 1919 1375 1955 de

319 1970 405 2007 albo
425 1970 463 2007 in
482 1983 560 2007 non
579 1971 720 2017 album,
737 1982 835 2019 quae
856 1978 910 2007 est
930 1971 1118 2019 corruptio
1137 1971 1262 2018 huius,
1283 1972 1376 2008 sicut

321 2022 433 2060 etiam
457 2023 505 2060 de
533 2023 773 2070 generatione
802 2022 943 2059 dictum
973 2030 1028 2059 est
1056 2025 1086 2060 ’ἢ

374 2077 408 2112 8.
430 2075 579 2112 Deinde
594 2087 682 2112 cum
698 2075 801 2112 dicit:
822 2076 864 2111 Si
880 2075 995 2124 igitur
1013 2076 1113 2123 quod
1131 2088 1203 2112 non
1219 2082 1272 2112 est
1289 2083 1372 2123 etc.,

321 2127 483 2164 ostendit
516 2129 620 2175 quod
653 2135 786 2163 neutra
818 2127 1094 2176 praedictarum
1129 2129 1292 2176 partium
1322 2136 1377 2165 est

321 2187 458 2217 motus.
488 2181 537 2216 Et
562 2179 686 2228 primo
716 2180 819 2228 quod
847 2180 1037 2226 generatio
1066 2193 1143 2216 non
1165 2180 1210 2216 sit
1228 2188 1374 2226 motus,

321 2232 490 2269 secundo
519 2232 623 2280 quod
651 2244 775 2280 neque
804 2232 1013 2280 corruptio,
1043 2232 1112 2269 ibi:
1141 2233 1276 2280 Neque
1300 2233 1375 2269 iam

321 2285 509 2333 corruptio
525 2286 544 2305 *
561 2292 628 2321 etc.
646 2284 818 2321 Primum
836 2285 973 2333 probat
992 2285 1137 2322 duabus
1157 2285 1373 2322 rationibus.

322 2338 495 2384 Quarum
514 2337 639 2385 prima
657 2336 737 2373 talis
757 2344 823 2373 θεῖ.
852 2337 967 2383 Quod
986 2337 1202 2385 simpliciter
1225 2350 1303 2374 non
1323 2346 1377 2374 est

320 2390 395 2426 hoc
409 2390 560 2438 aliquid,
577 2401 655 2426 non
669 2396 792 2438 potest
811 2389 974 2435 moveri;
995 2389 1083 2438 quia
1097 2389 1201 2438 quod
1216 2402 1294 2426 non
1310 2397 1374 2436 est,

321 2454 399 2479 non
418 2450 610 2479 movetur:
632 2442 699 2478 sed
719 2442 822 2490 quod
841 2449 1038 2490 generatur
1057 2442 1283 2490 simpliciter,
1299 2455 1376 2479 non

323 2502 377 2532 est
403 2495 478 2531 hoc
505 2495 663 2544 aliquid;
694 2502 748 2531 est
772 2494 872 2531 enim
892 2507 970 2530 non
999 2507 1065 2531 ens
1094 2495 1310 2543 simpliciter
1337 2501 1374 2531 ²:

323 2559 410 2595 ergo
440 2547 769 2596 quodgeneratur
803 2547 1038 2595 simpliciter,
1069 2559 1146 2584 non
1183 2555 1375 2584 movetur:

323 2612 411 2647 ergo
431 2600 620 2647 generatio
641 2599 800 2648 simplex
818 2612 896 2636 non
917 2606 971 2636 est
990 2607 1128 2636 motus.
1144 2600 1205 2636 Ad
1220 2600 1376 2636 manife-

323 2652 522 2689 stationem
543 2659 670 2688 autem
694 2652 838 2699 primae
858 2652 1137 2700 propositionis,
1159 2652 1247 2689 dicit
1273 2652 1376 2701 quod

323 2717 399 2741 non
429 2716 496 2740 ens
525 2704 657 2741 dicitur
674 2704 864 2752 tripliciter
885 2706 916 2749 ἢ
937 2712 973 2740 θῖ
1001 2705 1150 2741 duobus
1179 2704 1304 2742 modis
1324 2705 1376 2741 di-

324 2763 438 2802 ctum,
455 2768 537 2797 non,
553 2769 619 2793 ens
638 2769 716 2793 non
734 2764 928 2802 movetur,
954 2757 1061 2793 tertio
1081 2757 1199 2793 modo
1222 2757 1375 2804 dictum,

324 2816 500 2846 movetur
518 2821 586 2857 per
600 2808 784 2845 accidens.
796 2830 820 2835 —
835 2809 921 2845 Uno
935 2810 954 2829 '¹‘
970 2809 1088 2846 modo
1110 2809 1242 2846 dicitur
1262 2822 1327 2845 ens
1344 2817 1379 2845 et

323 2874 401 2898 non
431 2874 496 2898 ens
520 2861 731 2898 secundum
760 2861 1076 2909 compositionem
1098 2869 1132 2898 et
1152 2861 1378 2898 divisionem

322 2913 603 2963 propositionis,
627 2920 741 2962 prout
759 2921 845 2950 sunt
868 2914 970 2950 idem
991 2926 1078 2950 cum
1097 2926 1190 2950 vero
1212 2921 1248 2950 et
1266 2914 1377 2950 falso:

325 2975 361 3003 et
388 2966 440 3003 sic
460 2979 526 3003 ens
555 2974 590 3003 et
609 2979 687 3003 non
707 2978 773 3003 ens
793 2974 879 3003 sunt
905 2966 943 3002 in
967 2974 1093 3003 mente
1119 2974 1266 3003 tantum
1285 2965 1313 3013 β,
1337 2974 1379 3003 ut

326 3019 458 3056 dicitur
480 3019 518 3056 in
545 3020 595 3056 VI
614 3020 829 3066 Metaphys.
850 3019 884 3065 *;
905 3019 1007 3055 unde
1027 3031 1105 3055 non
1125 3019 1306 3068 competit
1325 3020 1378 3055 eis

325 3078 463 3108 motus.
483 3071 568 3108 Alio
597 3072 716 3108 modo
736 3070 869 3108 dicitur
887 3084 966 3108 non
981 3084 1047 3108 ens
1063 3072 1168 3120 quod
1188 3072 1296 3108 estin
1310 3084 1378 3120 po-

325 3123 450 3170 tentia,
471 3125 681 3161 secundum
704 3124 810 3173 quod
830 3136 911 3160 esse
930 3124 968 3161 in
986 3124 1155 3173 potentia
1174 3125 1378 3173 opponitur

379 3255 406 3287 α)
420 3255 491 3287 quod
504 3258 649 3288 generatur
707 3262 758 3280 non
773 3262 818 3280 ens
830 3254 992 3287 simpliciter.
1005 3269 1024 3274 -
1038 3256 1119 3280 Codd.
1134 3261 1159 3280 et
1177 3263 1194 3280 a
1204 3256 1218 3280 b
1227 3263 1235 3279 :
1248 3257 1319 3288 quod
1331 3263 1375 3288 ge-

326 3293 436 3315 neratur
454 3290 620 3322 simpliciter,
638 3294 678 3315 est
696 3298 746 3315 non
766 3297 811 3314 ens
829 3289 990 3321 simpliciter.
1010 3291 1160 3316 Retinemus
1181 3291 1298 3321 Pianam,
1318 3291 1376 3323 quia

325 3325 403 3350 verba
422 3332 472 3349 non
492 3327 531 3350 est
548 3325 596 3350 hoc
609 3325 710 3357 aliquid
726 3325 845 3349 videntur
863 3325 958 3357 requiri
977 3333 990 3350 a
1009 3326 1105 3350 maiori
1122 3326 1273 3358 syllogismi.

380 3359 405 3393 β)
425 3360 451 3384 ὶη
470 3363 555 3384 mente
573 3363 685 3385 tantum.
698 3374 716 3378 -
734 3361 800 3384 Huic
818 3361 914 3385 addunt
935 3360 1004 3385 Pab:
1020 3361 1075 3386 sive
1094 3360 1137 3394 (si
1155 3361 1208 3386 sive
1227 3361 1266 3392 P)
1286 3361 1312 3385 in
1331 3367 1375 3384 ra—

2392 273 2465 309 233

1420 344 1453 380 ei
1477 345 1581 392 quod
1602 353 1656 382 est
1675 359 1756 383 esse
1776 347 1813 383 in
1834 356 1917 384 actu
1942 349 2172 398 simpliciter:
2203 359 2238 387 et
2255 353 2329 388 hoc
2357 352 2468 387 etiarn

1420 408 1498 432 non
1518 405 1703 435 movetur.
1729 399 1857 436 Tertio
1878 402 1996 438 modo
2026 403 2158 440 dicitur
2185 416 2263 440 non
2282 416 2348 440 ens
2368 404 2469 452 quod

1421 455 1476 505 est
1494 448 1533 484 in
1546 450 1724 497 potentia,
1742 463 1838 499 quae
1859 465 1936 489 non
1952 455 2110 492 excludit
2129 468 2211 492 esse
2230 455 2268 492 in
2283 464 2367 492 actu
2382 456 2469 492 sim-

1420 500 1573 557 pliciter,
1604 502 1670 538 sed
1691 515 1772 539 esse
1800 513 1884 540 actu
1912 506 2004 552 hoc,
2034 507 2128 545 sicut
2155 520 2232 544 non
2260 509 2388 544 album
2417 508 2469 544 di-

1423 559 1515 587 citur
1533 565 1611 611 non
1631 566 1710 601 ens,
1740 562 1775 591 et
1802 568 1879 593 non
1908 558 2072 596 bonum:
2103 569 2138 597 et
2156 561 2374 597 huiusmodi
2393 573 2470 597 non

1423 615 1489 639 ens
1510 606 1686 652 contingit
1705 608 1867 655 moveri,
1888 611 1953 646 sed
1972 624 2040 660 per
2059 613 2243 659 accidens,
2261 613 2470 649 seeundum

1423 655 1527 713 quod
1545 657 1762 695 huiusmodi
1782 672 1858 696 non
1891 675 1956 698 ens
1977 664 2109 701 accidit
2128 665 2236 701 alicui
2265 665 2432 701 existenti
2453 665 2472 686 ’¹‘
2496 673 2505 684 “

1422 719 1460 743 in
1484 716 1587 755 actu,
1618 710 1676 745 cui
1706 714 1884 760 competit
1911 717 2077 762 moveri,
2107 717 2201 753 sicut
2238 730 2325 754 curn
2352 719 2470 754 homo

1424 767 1479 795 est
1497 772 1575 796 non
1602 762 1720 798 albus.
1756 764 1871 810 Quod
1900 775 2026 804 autem
2054 769 2092 805 id
2120 770 2224 817 quod
2258 770 2473 818 simpliciter

1424 823 1500 848 non
1530 820 1584 849 est
1611 814 1685 850 hoc
1712 815 1861 864 aliquid,
1891 820 1991 856 nullo
2021 821 2138 858 modo
2163 830 2372 868 moveatur,
2403 835 2473 859 nec

1422 876 1491 911 per
1516 877 1562 923 *se-
1586 878 1655 902 nec
1681 879 1749 915 per
1777 870 1963 918 accidens,
1983 880 2086 921 patet
2113 886 2157 910 ex
2176 875 2261 921 hoc,
2282 874 2384 923 quod
2404 875 2471 910 im-

1423 918 1601 974 posSibile
1631 927 1685 955 est
1703 921 1807 968 quod
1834 935 1912 959 non
1940 933 1994 961 est
2017 926 2174 962 moveri.
2204 927 2314 963 Unde
2334 927 2472 975 impos-

1424 970 1530 1005 Siblle
1559 978 1614 1006 est
1642 974 1922 1018 generationem
1952 990 2034 1013 esse
2064 986 2229 1015 motum:
2255 979 2345 1015 illud
2373 979 2474 1015 enirn

1425 1021 1543 1079 quod·
1557 1034 1635 1058 non
1657 1031 1722 1070 est,
1743 1025 1785 1060 fit
1812 1027 1891 1063 sive
1920 1037 2128 1075 generatur.
2159 1031 2207 1066 Et
2230 1031 2414 1079 quamvis,
2435 1039 2476 1067 ut

1423 1085 1463 1109 in
1480 1086 1613 1131 ‘primo
1633 1075 1743 1133 huius
1764 1079 1781 1095 κ’
1803 1078 1943 1116 dictum
1963 1090 2028 1128 est,
2051 1095 2095 1118 ex
2122 1095 2199 1119 non
2220 1091 2303 1120 ente
2327 1084 2393 1120 fiat
2411 1083 2474 1119 ali-

1425 1126 1517 1174 quid
1534 1138 1604 1185 per
1624 1128 1810 1185 accidens,
1840 1143 1885 1167 ex
1914 1141 1997 1169 ente
2021 1142 2147 1171 autem
2169 1135 2206 1171 in
2224 1136 2390 1184 potentia
2409 1148 2476 1184 per

1426 1190 1486 1224 se;
1517 1180 1760 1216 nihilominus
1792 1189 1919 1220 tamen
1946 1197 2081 1222 verum
2114 1195 2168 1223 est
2203 1188 2325 1224 dicere
2354 1189 2400 1225 de
2430 1200 2475 1224 eo

1426 1231 1530 1279 quod
1548 1231 1592 1290 tit
1606 1232 1831 1280 simpliciter,
1849 1237 1951 1283 quod
1966 1237 2179 1286 simpliciter
2194 1252 2270 1276 non
2286 1248 2355 1276 est:
2374 1241 2476 1277 unde

1426 1295 1575 1320 moveri
1602 1297 1681 1321 non
1708 1293 1850 1333 potest3
1881 1296 1917 1324 et
1945 1290 2078 1326 eadem
2108 1291 2250 1327 ratione
2278 1305 2347 1328 nec
2376 1293 2477 1340 quie-

1426 1348 1542 1373 scere.
1572 1337 1683 1374 Unde
1707 1339 1896 1385 generatio
1926 1353 1996 1377 nec
2024 1350 2149 1379 motus
2169 1351 2234 1390 est,
2263 1357 2332 1380 nec
2360 1345 2476 1392 quieS.

1427 1389 1532 1425 Haec
1551 1388 1661 1436 igitur
1679 1390 1984 1430 inconvenientia
2013 1402 2230 1443 sequuntur,
2260 1397 2288 1432 si
2311 1396 2393 1444 quis
2411 1409 2477 1444 po-

1426 1448 1490 1477 nat
1508 1442 1791 1489 generationem
1821 1457 1903 1481 esse
1931 1454 2092 1494 motum,
2122 1447 2258 1484 scilicet
2281 1449 2383 1496 quod
2403 1461 2479 1485 non

1427 1505 1493 1530 ens
1521 1502 1724 1531 moveatur
1751 1503 1788 1532 et
1815 1497 1995 1545 quiescat.

1481 1558 1515 1593 9.
1534 1547 1748 1584 Secundam
1763 1549 1948 1587 rationem
1962 1551 2070 1600 ponit
2083 1551 2150 1588 ibi:
2170 1553 2220 1588 Et
2231 1553 2264 1588 si
2276 1564 2384 1588 omne
2399 1560 2478 1589 etc.:

1427 1611 1525 1646 quae
1557 1599 1638 1636 talis
1659 1607 1723 1636 est.
1755 1601 1881 1638 Omne
1902 1603 2005 1651 quod
2034 1612 2211 1641 movetur
2230 1612 2284 1641 est
2311 1604 2348 1641 in
2375 1606 2479 1641 loco:

1428 1651 1496 1688 sed
1524 1653 1628 1700 quod
1656 1665 1735 1689 non
1763 1661 1828 1700 est,
1859 1667 1937 1692 non
1965 1664 2021 1692 est
2048 1657 2086 1693 in
2114 1657 2215 1702 loco,
2242 1657 2328 1705 quia
2355 1665 2481 1705 posset

1429 1705 1476 1740 de
1497 1716 1542 1740 eo
1564 1704 1635 1740 dici
1655 1705 1760 1752 quod
1785 1707 1919 1744 alicubi
1940 1715 2053 1745 esset:
2076 1721 2163 1756 ergo
2193 1710 2296 1757 quod
2315 1722 2391 1746 non
2415 1718 2479 1755 est,

1428 1768 1507 1792 non
1535 1764 1724 1804 movetur,
1750 1766 1785 1794 et
1810 1759 1862 1795 sic
1889 1760 1992 1797 idem
2021 1761 2125 1809 quod
2153 1774 2266 1810 supra
2287 1764 2316 1798 ⁹3².
2337 1762 2480 1798 Veritas

1429 1816 1555 1845 autem
1574 1809 1718 1857 primae
1743 1812 2010 1859 propositionis
2038 1822 2193 1862 apparet
2212 1826 2255 1850 ex
2275 1815 2358 1861 hoc,
2380 1815 2482 1862 quod

1429 1874 1516 1898 curn
1545 1869 1671 1898 motus
1708 1863 1835 1900 localis
1864 1864 1908 1900 sit
1934 1866 2078 1913 primus
2115 1874 2306 1912 motuum,
2336 1875 2483 1914 oportet

1429 1915 1532 1962 quod
1556 1926 1671 1951 omne
1699 1916 1802 1963 quod
1831 1926 2017 1965 movetur,
2039 1926 2239 1956 moveatur
2276 1920 2482 1956 secundum

1428 1967 1577 2014 locum,
1616 1975 1652 2003 et
1683 1967 1733 2003 ita
1767 1968 1812 2004 sit
1839 1969 1877 2006 in
1904 1970 2001 2008 loco.
2023 1972 2187 2008 Remoto
2224 1971 2322 2008 enim
2356 1971 2480 2020 priori,

1428 2026 1674 2056 removentur
1703 2032 1747 2056 ea
1775 2021 1794 2041 Ψ·
1823 2034 1920 2070 quae
1949 2031 2223 2071 consequenter
2251 2031 2345 2060 sunt.

1489 2085 1544 2108 io.
1566 2072 1713 2109 Deinde
1729 2085 1816 2109 cum
1833 2074 1934 2112 dicit:
1955 2077 2089 2124 Neque
2103 2077 2178 2112 iam
2194 2077 2379 2125 corruptio
2400 2083 2481 2122 ete.,

1427 2125 1564 2173 probat
1582 2125 1687 2173 quod
1707 2127 1896 2174 corruptio
1925 2141 2003 2164 non
2027 2129 2072 2165 sit
2090 2137 2227 2175 motus,
2257 2129 2344 2177 quia
2363 2129 2482 2165 motui

1428 2177 1518 2213 nihil
1545 2177 1791 2214 contrariatur
1818 2179 1887 2215 nisi
1916 2188 2042 2217 motus
2069 2182 2130 2218 vel
2159 2181 2286 2230 quies:
2316 2181 2382 2217 sed
2402 2193 2481 2216 cor-

1429 2229 1592 2277 ruptioni
1621 2230 1867 2268 contrariatur
1898 2233 2107 2280 generatio,
2144 2246 2240 2282 quae
2274 2246 2397 2281 neque
2431 2240 2484 2269 est

1429 2289 1554 2318 motus
1574 2293 1698 2329 neque
1726 2283 1848 2330 quies,
1869 2292 1910 2321 ut
1929 2293 2124 2322 ostensum
2153 2294 2208 2322 est
2227 2287 2264 2322 *z
2287 2298 2373 2333 ergo
2403 2298 2482 2321 cor-

1429 2335 1552 2382 ruptio
1580 2346 1658 2370 non
1687 2342 1741 2371 est
1766 2343 1903 2373 motus.

1487 2387 1703 2423 11.Deinde
1724 2399 1810 2424 curn
1831 2388 1932 2425 dicit:
1960 2390 2145 2431 Quoniam
2160 2397 2282 2427 autem
2303 2398 2382 2436 etc.,
2396 2403 2482 2426 con-

1430 2439 1543 2476 cludit
1563 2452 1607 2475 ex
1625 2440 1841 2487 praemissis
1859 2442 1889 2488 ᾗ
1906 2442 2010 2489 quod
2034 2443 2182 2479 residua
2204 2455 2291 2491 pars
2313 2455 2425 2491 supra
2441 2445 2482 2464 *²¹*

1429 2492 1573 2540 positae
1594 2492 1786 2529 divisionis
1814 2493 1860 2529 sit
1882 2501 2019 2531 motus.
2050 2495 2150 2531 Cum
2172 2495 2272 2532 enirn
2293 2503 2418 2531 motus
2438 2496 2482 2531 sit

1430 2545 1619 2592 quaedam
1635 2545 1849 2581 mutationis
1869 2546 2024 2594 species,
2045 2547 2133 2595 quia
2151 2547 2190 2583 in
2205 2560 2250 2583 eo
2268 2555 2322 2583 est
2342 2547 2480 2595 aliquid

1429 2605 1516 2645 post
1543 2596 1656 2644 aliud,
1679 2599 1781 2645 quod
1806 2610 1918 2646 supra
1941 2600 1961 2619 ’¹²'
1981 2599 2070 2635 dixit
2089 2599 2137 2636 ad
2156 2599 2340 2636 rationem
2359 2607 2480 2636 muta-

1430 2649 1540 2686 tionis
1555 2650 1762 2698 pertinere3
1782 2658 1908 2687 motus
1933 2658 2058 2687 autern
2078 2664 2200 2699 neque
2221 2659 2275 2688 est
2293 2652 2480 2699 generatio

1431 2714 1554 2751 neque
1576 2702 1775 2750 corruptiO,
1796 2715 1893 2751 quae
1922 2711 2007 2740 sunt
2026 2704 2250 2740 mutationes
2271 2705 2480 2741 secundum

1433 2755 1787 2800 contradictionem3
1818 2755 2035 2804 relinquitur
2056 2769 2100 2792 ex
2127 2757 2363 2803 necessitate,
2394 2769 2480 2793 cum

1432 2820 1509 2844 non
1528 2808 1600 2843 sint
1627 2807 1696 2844 nisi
1715 2815 1788 2844 tres
1808 2808 1950 2856 species
1978 2809 2203 2855 mutationis,
2233 2809 2335 2857 quod
2356 2817 2481 2845 motus

1432 2860 1477 2896 sit
1505 2860 1661 2896 mutatio
1691 2859 1738 2896 de
1767 2860 1934 2896 subiecto
1959 2861 1996 2897 in
2021 2861 2242 2898 subiectum.
2273 2863 2325 2897 Ita
2353 2868 2480 2898 tamen

1433 2913 1537 2961 quod
1555 2924 1623 2961 per
1649 2913 1724 2949 duo
1752 2914 1925 2959 subiecta,
1954 2913 2049 2950 idest
2075 2926 2143 2962 per
2171 2914 2245 2950 duo
2275 2914 2478 2959 affirmata,

1432 2965 1679 3012 intelligamus
1709 2965 1891 3001 contraria
1919 2973 1982 3001 aut
2009 2966 2149 3003 media:
2171 2966 2258 3014 quia
2279 2966 2389 3002 etiam
2407 2966 2480 3014 pri-

1431 3018 1532 3054 vatio
1555 3017 1842 3066 quodammodo
1864 3025 1918 3054 est
1938 3019 2176 3066 contrarium,
2199 3026 2233 3054 et
2251 3018 2478 3066 quandoque

1433 3070 1661 3118 significatur
1680 3070 1923 3116 affirmative3
1953 3078 1993 3116 ut
2016 3072 2172 3118 nudum,
2203 3070 2305 3119 quod
2334 3078 2387 3106 est
2404 3070 2478 3117 pri-

1430 3124 1550 3170 vatio,
1581 3130 1617 3159 et
1644 3123 1772 3159 album
1802 3130 1838 3158 et
1864 3123 2024 3170 nigrum,
2055 3136 2150 3171 quae
2179 3130 2264 3159 sunt
2283 3121 2474 3158 contraria.

1429 3260 1489 3279 sunt
1507 3256 1538 3279 ad
1557 3254 1749 3286 significandum
1769 3254 1838 3286 quod
1857 3262 1902 3278 ens
1922 3258 1946 3277 et
1964 3261 2014 3277 non
2034 3260 2088 3281 ens,
2111 3257 2185 3284 prout
2203 3251 2317 3275 dicuntur
2335 3249 2475 3274 secundum

1430 3290 1642 3322 compositionem
1662 3295 1686 3313 et
1705 3289 1854 3313 divisionem
1878 3287 2057 3320 propositionis
2069 3305 2074 3315 ,
2094 3287 2187 3310 habent
2204 3293 2262 3309 esse
2285 3285 2369 3308 solum
2389 3285 2413 3308 in
2433 3284 2475 3307 illa

1429 3330 1522 3355 mente,
1536 3325 1575 3349 cui
1595 3324 1716 3356 competit
1734 3323 1873 3354 intelligere
1897 3321 2073 3353 componendo
2091 3324 2118 3345 et
2135 3320 2286 3348 dividendo,
2306 3319 2353 3343 hoc
2369 3323 2415 3349 est,
2429 3318 2474 3342 ha-

1429 3360 1489 3384 bent
1508 3367 1566 3384 esse
1585 3360 1609 3383 in
1628 3360 1723 3383 ratione
1744 3358 1854 3382 humana
1878 3355 1919 3390 (cf.
1935 3358 2040 3380 Summa
2053 3355 2144 3380 Theol.
2166 3355 2230 3385 1P.,
2245 3362 2288 3387 qu.
2302 3361 2350 3384 xxv,
2366 3359 2410 3379 art.
2430 3361 2474 3384 i4;

327 3395 398 3420 tione
416 3398 528 3420 tantum.
550 3395 621 3420 Haec
637 3395 724 3425 verba,
743 3402 810 3427 quae
828 3403 880 3420 non
898 3396 1015 3420 videntur
1032 3396 1189 3426 necessaria,
1211 3396 1274 3420 forte
1293 3395 1375 3420 addita
1429 3403 1472 3427 qu.
1488 3402 1556 3425 ivm,
1575 3399 1620 3419 art.
1639 3401 1656 3425 4
1667 3402 1674 3424 ;
1694 3398 1719 3417 et
1737 3400 1780 3425 qu.
1799 3399 1883 3420 LxxxV,
1903 3397 1947 3415 art.
1969 3391 2004 3424 5).

905 3489 1536 3517 ——sseee—‹affi

468 3627 536 3658 Opp.
555 3626 586 3650 D.
605 3626 717 3650 Tuonisss
736 3626 810 3651 T.11.

2521 672 2569 693 cnti'
2575 678 2602 693 co
2606 672 2643 693 dd.
2652 675 2672 693 ct
2681 678 2706 693 a.

2501 1090 2511 1099 ⁸
2526 1089 2590 1111 Lect.
2600 1096 2645 1116 xiv,
2656 1095 2678 1111 n.
2687 1090 2710 1111 8.

2508 1776 2518 1787 ⁴
2533 1775 2601 1797 Num.
2617 1782 2691 1803 praec.

2511 2043 2519 2050 ·’
2534 2047 2561 2062 ea
2579 2047 2625 2062 om.
2646 2047 2717 2062 proiiz

2507 2074 2537 2095 ps
2552 2072 2573 2089 ct
2588 2068 2631 2088 ab.

2510 2303 2518 2311 ⁶
2533 2303 2602 2324 Num.
2617 2304 2639 2324 δ’.

2511 2452 2520 2459 ·
2534 2449 2602 2471 Num.
2614 2450 2626 2470 8
2637 2455 2688 2477 sqq.

2512 2478 2530 2485 ··
2546 2476 2617 2497 Num.
2631 2481 2651 2503 3.

2512 2612 2520 2619 ·
2534 2610 2603 2631 Num.
2618 2616 2640 2632 2.
