2898 3996
1105 284 1216 321 CAP.
1248 284 1315 330 lx,
1346 283 1495 320 LECT.
1525 284 1577 320 xi

2356 281 2427 317 311

957 496 1256 553 LECTIO
1293 496 1723 552 UNDECIMA

400 621 663 680 SOLVUNTUR
685 645 901 678 RATIONES
924 645 1123 684 ZENONIS,
1148 645 1303 682 QUIBUS
1326 645 1488 676 MOTUM
1512 645 1669 676 OMNEM
1692 647 1952 677 EXCLUDERE
1977 646 2179 678 CONATUS
2202 647 2283 678 EST

256 776 368 815 Ζήνων
393 772 431 809 δέ
456 777 738 822 παραλογίζεται·
766 775 793 806 εἰ
817 775 881 820 γαὶρ
906 775 970 816 ἀεί,
989 778 1097 818 φησίν,
1116 775 1232 820 ἠρεμεῖ
1248 776 1315 807 πᾶν

324 819 518 862 ἥκινεῗται,
539 819 623 853 ὅταν
650 819 671 861 ᾗ
694 818 787 851 κατᾶ
813 819 853 851 τὸ
877 821 962 859 ἴσον,
989 820 1062 851 ἔστι
1086 817 1115 852 δ’
1139 820 1247 853 ἀεὶτὸ
1264 831 1317 862 φε-

322 864 457 910 ρόμενον
487 865 520 896 ἓν
545 864 593 905 τῷ
622 864 699 902 νῦν,
735 859 894 899 ἀκίνητον
925 862 989 899 τήν
1019 864 1199 908 φερομένην
1231 861 1317 895 εἶναι

323 907 448 941 ὀϊστόν.
481 908 592 940 Τοῦτο
617 902 645 938 δ’
675 907 747 939 ἐστὶ
779 902 911 950 ψεῦδος·
940 907 976 938 οὗ
1001 907 1066 953 γαὶρ
1097 907 1275 954 σύγκειται
1302 908 1317 939 ὀ

321 951 438 997 χρόνος
471 951 506 983 ἐκ
537 951 603 984 τῶν
628 951 684 982 νῦν
718 951 822 983 ὄντων
854 951 921 983 τῶν
953 946 1174 995 ἀδιαιρέτων,
1207 951 1316 995 ὥσπερ

322 991 392 1028 οὐδ’
423 995 504 1028 ἄλλο
530 993 667 1041 μέγεθος
693 990 803 1026 οὐδέν.

254 1037 423 1085 Τέτταρες
448 1034 477 1070 δ’
506 1040 567 1071 εἰσὶ
590 1038 688 1085 λόγοι
713 1040 786 1084 περὶ
814 1037 974 1076 κινήσεως
1006 1038 1170 1076 Ζήνωνος·
1197 1041 1226 1071 οἱ
1253 1050 1316 1071 πα-

322 1084 478 1129 ρέχοντες
508 1083 571 1121 ταὶς
596 1079 774 1121 δυσκολίας
800 1086 870 1120 τοῖς
894 1083 1023 1114 λύουσι·
1051 1084 1181 1128 πρῶτος
1216 1083 1275 1125 μὲν
1302 1083 1318 1114 ὁ

322 1130 397 1173 περὶ
421 1129 483 1160 τοῦ
535 1127 555 1164 ἣ
579 1125 741 1159 κινεῖσθαι
765 1122 824 1159 διαὶ
848 1126 888 1159 τὸ
915 1125 1076 1171 πρότερον
1094 1128 1138 1165 εἰς
1157 1127 1198 1159 τὸ
1216 1125 1317 1170 ἥμισυ

321 1168 388 1204 δεῖν
416 1171 593 1215 ἀφικεσθαι
617 1171 658 1204 τό
683 1170 860 1215 φερόμενον
886 1169 907 1207 ἦ
933 1170 1013 1215 πρὸς
1039 1171 1080 1203 τὸ
1105 1171 1216 1209 τέλος·
1244 1173 1317 1214 περὶ

323 1216 360 1248 οὗ
385 1211 550 1259 διείλομεν
577 1216 610 1247 ἐν
635 1219 706 1253 τοῖς
732 1215 894 1260 πρότερον
917 1214 1044 1260 λόγοις.

256 1261 416 1303 Δεύτερος
441 1257 470 1291 δ’
500 1261 516 1291 ὁ
540 1259 747 1303 καλούμενος
765 1257 952 1304 Ἀχιλλεύς·
981 1259 1054 1291 ἔστι
1078 1253 1107 1290 δ’
1130 1259 1242 1300 οὗτος,
1265 1257 1318 1292 ὅτι

322 1304 363 1338 vd
388 1299 596 1347 βραδύτερον
622 1299 791 1336 οὐδέποτε
815 1301 1124 1347 καταληφθήσεται
1152 1303 1226 1335 θέον
1253 1302 1319 1335 ὑπὸ

323 1348 385 1382 τοῦ
410 1350 595 1393 ταχίστου·
623 1347 808 1392 ἔμπροσθεν
831 1347 896 1394 γαὶρ
928 1348 1115 1393 ἀναγκαῖον
1147 1346 1251 1380 ἐλθεῖν
1277 1346 1319 1379 τὸ

322 1388 462 1433 διῶκον,
497 1392 567 1424 ὅθεν
594 1391 724 1437 ὥρμησε
749 1392 792 1425 τό
815 1392 950 1437 φεῦγον·
976 1391 1057 1423 ὥστ’
1087 1391 1138 1424 ἀεί
1164 1404 1198 1424 τι
1223 1390 1319 1434 προέ-

322 1447 394 1482 χειν
421 1437 607 1482 ἀναγκαῖον
634 1436 675 1469 τὸ
701 1432 918 1480 βραδύτερον.
944 1435 1043 1468 Ἔστι
1067 1430 1104 1467 δέ
1128 1437 1187 1467 καὶ
1219 1435 1318 1473 οὗτος

323 1482 340 1513 ὀ
359 1480 465 1518 αὐτὸς
481 1479 580 1526 λόγος
599 1482 647 1522 τῷ
668 1475 878 1525 διχοτομεῖν,
897 1475 1045 1524 διαφέρει
1062 1474 1091 1511 δ’
1113 1480 1146 1511 ἐν
1165 1482 1213 1521 τῷ
1233 1474 1319 1511 διαι-

323 1528 388 1567 ρεῖν
410 1525 458 1568 μή
475 1519 558 1568 δίχα
583 1525 624 1556 τὸ
649 1523 993 1568 προσλαμβανόμενον
1019 1522 1169 1569 μέγεθος.
1197 1524 1242 1555 To*
1259 1523 1318 1567 μὲν

325 1566 381 1600 οὖν
399 1568 446 1613 μή
470 1567 803 1612 καταλαμβάνεσθαι
827 1567 868 1600 τὸ
885 1563 1092 1612 βραδύτερον
1111 1567 1318 1612 συμβέβηκεν

323 1613 360 1644 ἐκ
384 1613 447 1645 τοῦ
470 1611 589 1657 λόγου·
615 1614 748 1658 γίνεται
767 1607 809 1644 δὲ
829 1612 924 1656 παραὶ
941 1611 1053 1644 ταύτό
1072 1613 1116 1654 τῇ
1135 1608 1319 1657 διχοτομία

324 1657 377 1700 (ὲν
405 1656 604 1700 ἀμφοτέροις
629 1656 693 1702 γαὶρ
719 1656 894 1699 συμβαίνει
926 1655 973 1699 μή
999 1655 1206 1699 ἀφικνεῖσθαι
1240 1656 1319 1699 πρὸς

323 1700 365 1733 τὰ
400 1700 526 1744 πέρας,
560 1695 792 1744 διαιρουμένου
827 1712 896 1737 πως
927 1700 990 1731 τοῦ
1022 1698 1195 1745 μεγέθους·
1231 1700 1321 1732 ἀλλαὶ

323 1743 523 1789 πρόσκειται
546 1744 579 1775 ἐν
601 1743 713 1785 τούτῳ
733 1743 787 1776 ὅτι
806 1738 884 1776 οὐδὲ
905 1743 947 1776 το“
964 1742 1131 1788 τάχιστον
1150 1756 1321 1789 τετραγῳ-

324 1785 468 1832 δημένον
493 1786 527 1820 ἐν
546 1788 593 1828 τῷ
611 1783 741 1819 διώκειν
759 1787 800 1820 τὸ
819 1782 1057 1831 βραδύτερον),
1084 1786 1164 1820 ὥστ’
1187 1787 1317 1833 ἀνάγκη

321 1834 381 1864 καὶ
406 1832 469 1868 τήν
493 1831 586 1864 λύσιν
610 1829 696 1863 εἶναι
714 1831 779 1868 τήν
798 1830 922 1868 αὐτήνζ
949 1831 995 1863 Τὸ
1016 1827 1046 1863 δ’
1069 1832 1182 1872 ἀξιοῦν
1203 1831 1256 1864 ἀ’τι
1278 1832 1319 1863 τό

323 1875 467 1920 προέχον
493 1873 531 1907 οὐ
554 1874 882 1920 καταλαμβάνεται,
900 1872 1032 1918 ψεῦδος·
1061 1874 1118 1907 ὅτε
1138 1876 1203 1921 γαὶρ
1222 1875 1321 1920 προέ-

323 1931 395 1965 χει,
422 1918 460 1951 οὐ
483 1919 811 1995 καταλαμβάνεται·
841 1920 912 1952 ἀλλ’
943 1918 1028 1963 ὅμως
1052 1919 1319 1964 καταλαμβάνε-

324 1975 396 2006 ται,
416 1966 507 2005 εἴπερ
531 1958 630 1995 δώσει
677 1963 814 2004 ιεξιέναι
837 1964 900 2000 τήν
919 1963 1188 2009 πεπερασμένην.
1215 1963 1319 1996 Οὗτοι

323 2008 382 2052 μὲν
407 2006 463 2040 οὖν
489 2010 518 2040 οἱ
543 2003 604 2039 δύο
628 2007 736 2054 λόγοι.

255 2054 374 2096 Τρίτος
399 2047 428 2084 δ’
458 2052 474 2083 ὁ
498 2052 553 2083 νῦν
578 2050 703 2096 ῥηθείς,
731 2051 785 2085 ὅτι
810 2051 831 2087 ’ἦ
858 2049 968 2089 ὸϊστός
994 2050 1155 2094 φερομένη
1182 2049 1315 2088 ἕστηκε.

322 2095 503 2139 Συμβαίνει
527 2091 564 2127 δὲ
589 2097 684 2140 παραὶ
707 2095 748 2127 τὰ
764 2098 810 2128 λα
838 2094 950 2135 βάνειν
969 2096 1029 2127 τόν
1053 2094 1172 2140 χρόνον
1190 2099 1320 2141 συγκεῖ-

324 2139 402 2172 σθαι
428 2140 464 2172 ἑκ
497 2140 562 2171 τῶν
595 2140 664 2171 νῦν·
698 2139 744 2183 μή
777 2135 810 2172 δι
835 2139 954 2184 ομένου
984 2139 1048 2185 γαὶρ
1081 2138 1228 2180 τούτου,
1259 2140 1318 2171 οὐκ

325 2184 424 2216 ἔσται
450 2184 465 2215 ὁ
491 2182 725 2229 συλλογισμός.

258 2227 430 2272 Τέταρτος
463 2222 492 2258 δ’
521 2228 537 2259 ὁ
563 2230 635 2271 περὶ
668 2228 734 2259 τῶν
761 2228 793 2260 ὲν
819 2227 866 2268 τῷ
898 2221 1026 2267 σταδίῳ
1054 2225 1254 2270 κινουμένων
1284 2225 1318 2266 ἐξ

325 2270 484 2308 ἐναντίας
512 2273 590 2303 ἴσων
618 2271 725 2317 ὄγκων
749 2273 827 2316 παρ’
855 2273 966 2311 ἴσους,
994 2271 1060 2303 τῶν
1085 2271 1144 2314 μὲν
1172 2270 1240 2302 ἀπὸ
1265 2269 1321 2302 τέ-

323 2317 400 2354 λους
425 2317 487 2348 τοῦ
509 2310 666 2356 σταδίου,
686 2316 752 2347 τῶν
773 2312 800 2347 δ“
825 2313 893 2348 ἀπὸ
914 2316 976 2347 τοῦ
993 2314 1109 2359 μέσου,
1127 2316 1185 2355 ἴσῳ
1203 2313 1317 2360 τάχει,

326 2361 358 2392 ἐν
384 2359 408 2402 ᾤ
432 2359 624 2404 συμβαίνειν
651 2361 760 2392 οἴεται
783 2362 854 2392 ἴσον
879 2357 964 2391 εἶναι
989 2358 1107 2404 χρόνον
1132 2359 1179 2399 τῷ
1198 2354 1319 2391 διπλα-

325 2406 381 2445 σίῳ
407 2403 466 2437 τόν
492 2402 624 2448 ἥμισυν.

249 2447 350 2480 Ἔστι
374 2443 403 2479 δ’
432 2449 448 2479 ὀ
475 2446 729 2494 παραλογισμὸς
755 2447 787 2479 ὲν
819 2448 865 2488 τῷ
892 2447 932 2479 τὸ
957 2447 1015 2491 μὲν
1046 2445 1140 2491 παραὶ
1169 2445 1319 2491 κινούμε-

325 2503 380 2524 νον
406 2492 447 2524 τὸ
471 2487 507 2523 δὲ
533 2492 610 2535 παρ’
639 2491 781 2536 ἠρεμοῦν
807 2491 848 2523 τὸ
871 2493 941 2523 ἴσον
967 2490 1104 2536 μέγεθος
1132 2489 1245 2530 ἀξιοῦν
1272 2492 1319 2531 τῷ

323 2538 382 2577 ἴσῳ
407 2535 508 2582 τάχει
534 2535 592 2569 τὸν
615 2538 685 2568 ἴσον
711 2534 867 2579 φέρεσθαι
895 2534 1026 2580 χρόνον.
1053 2535 1163 2567 Τοῦτο
1187 2530 1218 2565 δ’
1246 2535 1319 2568 ἐστὶ

325 2575 457 2624 ψεῦδος·
555 2593 557 2595 ·

258 2624 328 2656 οἷον
354 2624 506 2656 ἔστωσαν
532 2625 562 2654 οἱ
587 2624 734 2661 ἑστῶτες
757 2625 823 2656 ’ίσοι
849 2623 963 2669 ὄγκοι,
991 2622 1037 2666 ἐφ’
1065 2622 1109 2653 ὧν
1135 2622 1182 2655 ταὶ
1205 2623 1270 2663 ΑΑ,
1290 2625 1319 2654 οἱ

327 2663 354 2699 δ’
384 2668 430 2712 ἐφ’
459 2667 501 2698 ὧν
527 2666 576 2700 ταὶ
597 2665 854 2712 ΒΒάἰρχόμενοι
880 2667 948 2700 ἀπὸ
974 2668 1037 2698 τοῦ
1062 2666 1163 2710 μέσου
1189 2667 1256 2698 τῶν
1281 2667 1319 2708 Α,

325 2713 393 2743 ἴσοι
417 2711 476 2743 τόν
504 2708 640 2755 ἀριθμὸν
672 2713 810 2749 τούτοις
843 2711 936 2748 ὄντες
967 2712 1026 2742 καὶ
1051 2711 1092 2742 τὸ
1117 2709 1277 2756 μέγεθος,
1306 2712 1321 2743 ὁ

327 2751 354 2786 δ’
385 2753 432 2798 ἐφ’
453 2754 495 2786 ὧν
522 2755 570 2788 ταὶ
592 2757 637 2787 ΓΓ
664 2755 732 2788 ἀπὸ
756 2755 819 2788 τοῦ
843 2754 1005 2799 ἐσχάτου,
1023 2756 1089 2786 ἴσοι
1106 2755 1165 2788 τὸν
1185 2754 1319 2799 ἀριθμὸν

329 2799 423 2837 ὄντες
441 2798 577 2836 τούτοις
601 2802 659 2831 καὶ
685 2799 725 2832 τὸ
750 2798 901 2845 μέγεθος,
917 2801 975 2830 καὶ
996 2799 1169 2844 ἰσοταχεῖς
1195 2802 1265 2836 τοῖς
1283 2800 1318 2831 Β.

329 2843 509 2887 Συμβαίνει
533 2839 578 2880 δή
602 2844 644 2876 τὸ
662 2844 794 2887 πρῶτον
811 2845 835 2874 Β
854 2842 925 2888 ἅμα
947 2843 1000 2874 ἐπὶ
1019 2844 1066 2884 τῷ
1085 2843 1218 2888 ἐσχάτῳ
1237 2840 1321 2875 εἶναι

327 2890 384 2920 καὶ
410 2887 451 2920 τὸ
472 2888 606 2932 πρῶτον
626 2889 662 2929 Γ,
681 2888 759 2932 παρ’
781 2887 914 2925 ἄλληλα
937 2886 1148 2931 κινουμένων.
1176 2887 1321 2931 Συμβαί-

328 2943 375 2964 νει
399 2926 442 2968 δὴ
467 2931 515 2964 ταί
537 2933 558 2962 Γ
585 2932 681 2976 παραὶ
705 2930 822 2965 πάντα
847 2931 895 2966 ταὶ
917 2933 941 2962 Β
966 2926 1246 2985 διεξεληλυθέναι·
1275 2932 1323 2964 ταὶ

327 2972 366 3008 δὲ
381 2976 406 3006 Β
423 2975 518 3019 παραὶ
534 2975 583 3008 ταὶ
606 2977 723 3020 ἡμίση·
749 2975 836 3009 ὥστε
861 2975 980 3020 ἥμισυν
1007 2977 1168 3010 ειναιλτόν
1185 2974 1319 3019 χρόνον·

326 3021 397 3052 ἴσον
423 3020 487 3065 γαρ
513 3019 673 3063 ἑκάτερόν
699 3020 771 3053 ἑστι
798 3021 875 3065 παρ’
897 3019 1055 3052 ἕκαστον.
1076 3019 1167 3064 ΙἈμα
1188 3019 1225 3053 δέ
1242 3031 1323 3064 συμ-

329 3063 437 3104 βαίνει
462 3063 503 3095 ‘td
519 3065 544 3095 Β
569 3063 664 3108 παραὶ
689 3062 807 3097 πάντα
832 3065 879 3096 ταὶ
895 3066 916 3095 Γ
934 3065 1202 3106 παρεληλυθέναι
1226 3063 1321 3108 (ἅμα

328 3107 393 3151 γοὶρ
418 3107 517 3139 ἔσται
542 3108 583 3141 τό
610 3109 742 3151 πρῶτον
767 3110 789 3140 Γ
812 3111 869 3140 καὶ
895 3108 936 3142 τὸ
962 3109 1094 3152 πρῶτον
1118 3110 1142 3139 Β
1167 3110 1222 3142 ἐπὶ
1251 3113 1321 3146 τοῖς

331 3152 494 3188 ἐναντίοις
519 3150 700 3197 ἐσχάτοις)
726 3154 796 3184 ἴσον
820 3153 938 3197 χρόνον
965 3153 1044 3196 παρ’
1066 3151 1211 3186 ἕκαστον
1233 3153 1321 3197 γινό-

329 3206 426 3239 μενον
450 3196 517 3227 τῶν
541 3198 563 3227 Γ
589 3195 664 3229 ὅσον
691 3209 750 3240 περ
776 3198 840 3229 τῶν
867 3198 904 3238 Α,
931 3196 973 3235 ὥς
998 3206 1088 3238 φησι,
1115 3192 1174 3230 διαὶ
1197 3197 1239 3231 τὸ
1262 3197 1324 3240 αἰμ-

330 3238 456 3283 φότερα
483 3241 554 3271 ’ίσον
586 3239 704 3294 χρόνον
724 3241 829 3284 ’παραὶ
859 3242 908 3274 ταὶ
929 3243 954 3272 Β
1001 3239 1163 3286 ίγνεσθαι.
1195 3243 1232 3273 Ὀ
1263 3241 1322 3284 μὲν

330 3281 386 3314 οὖν
409 3281 450 3314 λό
479 3293 511 3321 ος
537 3282 637 3322 οὗτος
663 3284 750 3316 ἐστι·
775 3285 950 3328 συμβαίνει
974 3251 1012 3317 δίέ
1037 3284 1131 3328 παραὶ
1164 3285 1204 3317 τὸ
1237 3284 1322 3328 εἰρη-

330 3326 428 3371 μένον
453 3293 584 3370 φίεῦδος.
619 3356 621 3358 ,

260 3366 350 3403 Οὐδὲ
373 3365 418 3407 δή
441 3370 538 3402 καταὶ
561 3370 625 3406 τήν
651 3371 684 3402 ἓν
709 3371 755 3412 τῇ
790 3369 967 3414 ἀντιφάσει
996 3371 1192 3414 μεταβολήν
1226 3366 1322 3403 οὐδὲν

332 3416 410 3458 ἡμῖν
435 3415 536 3447 ἔσται
562 3410 746 3454 ἀδύνατον,
770 3415 836 3446 οἶον
862 3415 890 3446 εἰ
915 3415 951 3446 ἐκ
976 3415 1038 3446 τοῦ
1060 3414 1109 3468 μή
1134 3416 1253 3447 λευκοῦ
1278 3415 1322 3452 εἰς

330 3458 372 3492 τὰ
395 3459 513 3491 λευκὸν
548 3457 758 3502 μεταβάλλει
789 3460 846 3490 καὶ
879 3459 911 3490 ἐν
940 3453 1111 3502 μηδετερῳ
1137 3459 1248 3498 ἐστίν,
1281 3459 1322 3496 ὠς

331 3503 398 3545 α’ίρα
424 3503 502 3535 οὔτε
528 3502 660 3534 λευκὸν
679 3502 776 3534 ἔσται
808 3501 888 3534 οὔτε
922 3503 958 3533 οὐ
987 3501 1117 3534 λευκόν·
1145 3500 1182 3533 οὐ
1206 3502 1269 3547 γαὶρ
1295 3503 1324 3533 εἱ

331 3546 377 3591 μή
403 3545 478 3578 ὅλον
505 3547 535 3578 ἐν
564 3547 772 3590 ὁποτερῳοῦν
798 3547 902 3586 ἐστίν,
922 3546 959 3577 οὗ
978 3545 1186 3591 λεχθήσεται
1205 3546 1322 3578 λευκόν

332 3590 353 3628 ἦ
380 3591 416 3623 οὖ
441 3589 570 3623 λευκόν·
602 3590 718 3622 λευκὸν
751 3590 815 3636 γαὶρ
842 3589 983 3636 λέγομεν
1009 3590 1030 3627 ἦ
1057 3590 1093 3622 οὗ
1117 3589 1257 3631 λευκόν,
1285 3590 1322 3621 οὗ

1370 777 1387 796 *
1405 778 1492 808 Zeno
1519 775 1626 809 autem
1656 779 1738 809 male
1768 779 1969 810 ratiocinatur
2000 786 2030 810 et
2052 780 2252 820 paralogizat.
2285 780 2317 811 Si
2346 780 2431 810 enim

1438 832 1571 862 semper,
1597 822 1680 861 dicit,
1705 823 1836 863 quiescit
1856 833 1950 854 omne
1974 830 2028 854 aut
2051 830 2206 861 movetur,
2228 834 2301 854 cum
2319 830 2365 854 est
2383 835 2430 854 se-

1439 866 1580 896 cundum
1599 867 1748 906 aequale;
1765 873 1811 897 est
1827 873 1933 897 autem
1952 877 2076 907 semper
2094 867 2183 908 quod
2202 867 2298 898 fertur
2311 868 2344 897 in
2361 868 2431 908 ipso

1438 917 1537 940 nunc:
1557 910 1755 940 immobilem
1771 920 1841 940 eam
1861 920 1925 940 esse
1942 911 2085 950 sagittam
2101 921 2182 951 quae
2199 911 2305 942 fertur.
2329 911 2346 930 *
2361 913 2433 942 Hoc

1438 959 1546 983 autem
1569 954 1684 984 falsum
1715 961 1770 985 est.
1800 955 1874 984 Non
1898 955 1983 984 enim
2014 955 2217 994 componitur
2246 961 2372 994 tempus
2397 965 2433 985 ex

1438 996 1514 1036 ipsis
1537 1007 1622 1027 nunc
1640 998 1892 1036 indivisibilibus,
1910 999 1990 1028 sicut
2008 1009 2065 1028 nec
2081 998 2141 1028 alia
2156 999 2342 1038 magnitudo
2358 999 2432 1029 ulla.

1372 1038 1387 1055 *
1404 1041 1551 1077 Quatuor
1566 1047 1673 1071 autem
1687 1049 1761 1072 sunt
1775 1041 1911 1072 rationes
1931 1042 1969 1071 de
1986 1049 2076 1072 motu
2095 1042 2243 1081 Zenonis,
2259 1042 2434 1082 ingerentes
2462 1048 2471 1057 ·

1440 1083 1656 1114 difficultatem
1679 1085 1881 1116 solventibus.
1915 1086 2019 1115 Prima
2050 1086 2178 1127 quidem
2211 1086 2248 1116 de
2279 1096 2317 1116 eo
2346 1086 2435 1127 quod

1439 1137 1504 1157 non
1525 1135 1680 1167 movetur,
1694 1136 1822 1169 propter
1841 1129 1901 1159 hoc
1921 1129 2008 1169 quod
2027 1129 2113 1169 prius
2128 1130 2161 1159 in
2180 1130 2323 1160 medium
2338 1140 2433 1170 opor-

1439 1178 1482 1202 tet
1505 1172 1649 1202 accedere
1673 1173 1761 1212 quod
1785 1172 1881 1202 fertur
1904 1183 2001 1212 quam
2025 1173 2064 1203 ad
2087 1173 2201 1204 finem:
2235 1174 2273 1204 de
2301 1183 2364 1214 qua
2388 1174 2435 1204 di-

1438 1215 1569 1246 visimus
1593 1215 1625 1245 in
1648 1215 1805 1255 prioribus
1829 1217 2011 1247 rationibus.

1373 1258 1388 1275 *
1399 1259 1543 1290 Secunda
1558 1265 1666 1290 autern
1678 1267 1789 1290 vocata
1804 1260 1951 1290 Achilles.
1968 1260 2024 1290 Est
2042 1267 2148 1291 autern
2165 1261 2251 1299 haec,
2268 1262 2357 1301 quod
2375 1268 2434 1292 tar-

1441 1303 1510 1333 dius
1533 1313 1736 1344 nequaquam
1759 1303 1906 1344 iungetur
1930 1314 2054 1334 currens
2079 1315 2096 1334 a
2119 1305 2318 1335 velocissimo
2317 1313 2338 1346 j
2364 1312 2435 1336 ante

1440 1347 1525 1377 enim
1539 1357 1664 1378 necesse
1680 1354 1725 1377 est
1737 1347 1780 1377 ire
1797 1357 1987 1388 persequens
2004 1348 2088 1378 unde
2098 1348 2199 1378 movit
2209 1348 2347 1388 fugiens;
2361 1359 2436 1390 qua-

1440 1401 1473 1421 re
1491 1401 1616 1431 semper
1637 1391 1751 1422 habere
1767 1398 1838 1422 ante
1854 1391 1972 1432 aliquid
1996 1402 2121 1422 necesse
2145 1399 2191 1422 est
2205 1393 2332 1423 tardius.
2348 1393 2365 1412 *
2381 1394 2437 1424 Est
2464 1397 2474 1407 *

1441 1442 1548 1466 autem
1570 1435 1647 1465 haec
1671 1436 1781 1465 eadem
1804 1435 1883 1465 ratio
1911 1435 1944 1466 in
1969 1436 2142 1466 decidendo
2166 1436 2200 1466 in
2223 1436 2306 1466 duo:
2337 1437 2437 1467 differt

1440 1486 1546 1510 autem
1569 1479 1602 1509 in
1630 1479 1799 1509 dividendo
1827 1490 1893 1509 non
1921 1479 1953 1510 in
1978 1480 2043 1509 duo
2067 1487 2227 1520 acceptam
2245 1480 2436 1520 magnitudi-

1441 1533 1525 1553 nem.
1549 1523 1623 1553 Non
1656 1523 1787 1563 quidem
1818 1523 1912 1563 igitur
1936 1523 2086 1563 coniungi
2116 1524 2233 1554 tardius
2266 1524 2378 1555 accidit
2401 1535 2437 1555 ex

1440 1567 1578 1598 ratione:
1593 1566 1628 1597 fit
1643 1573 1750 1597 autem
1764 1567 1803 1596 ad
1821 1567 1906 1597 idem
1921 1566 1952 1597 in
1973 1567 2038 1597 duo
2056 1567 2215 1598 decisioni.
2241 1569 2276 1598 In
2295 1569 2436 1609 utrisque

1442 1611 1526 1641 enim
1550 1610 1661 1641 accidit
1683 1620 1748 1640 non
1773 1611 1921 1650 attingere
1945 1611 1984 1641 ad
2007 1611 2199 1650 terminum,
2224 1612 2324 1642 divisa
2355 1622 2436 1653 quo-

1442 1654 1616 1685 dammodo
1646 1654 1872 1694 magnitudine.
1905 1654 1965 1685 Sed
1995 1655 2166 1695 apponitur
2196 1655 2332 1694 insshac‚
2362 1656 2437 1697 quia

1441 1709 1544 1739 neque
1568 1698 1814 1736 velocissimum,
1843 1699 1931 1739 quod
1955 1709 2029 1729 curn
2048 1699 2206 1738 tragoedia
2227 1700 2348 1730 dictum
2372 1707 2436 1739 est,

1440 1743 1473 1772 iu
1489 1742 1707 1782 persequendo
1727 1742 1855 1772 tardius.
1881 1743 1985 1780 Quare
2005 1753 2130 1773 necesse
2151 1750 2198 1774 est
2219 1744 2351 1774 eandem
2370 1754 2436 1775 esse

2459 789 2542 843 {Scap
2557 796 2588 811 xx.
2603 790 2671 812 Text.

2460 917 2469 926 ³
2484 915 2552 938 Text.
2567 916 2604 943 76.

2486 1047 2554 1069 Text.
2569 1054 2606 1075 77.

2463 1266 2473 1276 *
2487 1265 2555 1287 Text.
2570 1267 2606 1293 78.

2488 1396 2557 1418 Text.
2572 1403 2608 1424 79.

1442 1786 1645 1817 solutionem.
1670 1786 1758 1816 Velle
1782 1793 1888 1816 autem
1911 1787 2000 1827 quod
2023 1787 2211 1826 praecedens
2234 1798 2301 1818 non
2323 1788 2434 1828 iunga-
2476 1782 2479 1786 ’

1440 1837 1501 1868 tur,
1521 1830 1637 1860 falsum
1661 1835 1716 1860 est.
1741 1829 1827 1860 Cum
1843 1830 1928 1860 enim
1946 1831 2113 1870 praecedit,
2131 1841 2196 1861 non
2213 1831 2435 1872 coniungetur:

1441 1874 1496 1904 sed
1519 1880 1624 1904 tamen
1649 1873 1868 1912 coniungetur,
1886 1874 1910 1903 si
1926 1874 2056 1914 quidem
2077 1875 2200 1905 dabitur
2218 1875 2346 1906 transire
2365 1875 2435 1906 fini-

1441 1925 1516 1948 tam.
1541 1918 1610 1948 Hae
1634 1917 1764 1957 quidem
1787 1917 1882 1957 igitur
1905 1918 2040 1948 rationes
2064 1925 2137 1949 sunt
2161 1919 2251 1949 duae.

1372 2058 1389 2077 *
1405 2057 1512 2088 Tertia
1535 2063 1652 2094 autem,
1669 2066 1750 2097 quae
1770 2066 1854 2087 nunc
1871 2056 1951 2087 dicta
1970 2062 2025 2098 est,
2043 2057 2196 2097 quoniam
2220 2058 2329 2097 sagitta
2354 2068 2435 2099 quae
2463 2068 2473 2077 *

1441 2101 1554 2140 fertur,
1579 2107 1648 2131 stat.
1681 2100 1803 2131 Accidit
1830 2107 1936 2131 autem
1964 2100 2038 2140 quia
2064 2101 2176 2140 accipit
2198 2108 2324 2142 tempus
2349 2112 2435 2132 com-

1441 2145 1519 2186 poni
1543 2155 1580 2175 ex
1601 2145 1677 2184 ipsis
1701 2152 1803 2175 nunc:
1836 2154 1903 2174 non
1927 2145 1999 2174 dato
2031 2145 2115 2174 enim
2144 2145 2224 2184 hoc,
2249 2146 2355 2176 nullus
2380 2147 2436 2177 erit

1441 2188 1653 2229 syllogismus.

1373 2234 1391 2252 '¹‘
1406 2234 1527 2270 Quarta
1549 2238 1656 2262 autem
1680 2242 1716 2262 ex
1738 2232 1786 2262 his
1810 2242 1892 2272 quae
1914 2238 2084 2262 moventur
2107 2232 2226 2271 stadio,
2251 2243 2289 2264 ex
2312 2241 2434 2265 contra-

1442 2277 1548 2307 rietate
1580 2275 1761 2316 aequalium
1793 2275 2050 2315 magnitudinum
2084 2276 2170 2306 iuxta
2197 2277 2356 2317 aequalia,
2387 2278 2435 2308 his

1442 2320 1572 2361 quidem
1596 2330 1613 2350 a
1636 2319 1698 2349 fine
1722 2319 1826 2357 stadii,
1851 2319 1910 2350 illis
1933 2329 2009 2350 vero
2032 2330 2051 2349 a
2069 2320 2187 2358 medio,
2204 2321 2327 2361 aequali
2350 2322 2435 2352 velo—

1443 2364 1543 2395 citate.
1569 2364 1603 2394 In
1627 2373 1693 2404 quo
1718 2363 1854 2395 accidere
1879 2363 2027 2403 opinatur
2045 2364 2175 2404 aequale
2194 2371 2320 2406 tempus
2345 2366 2435 2396 dimi-

1442 2408 1531 2438 dium
1554 2407 1663 2447 duplo.

1375 2453 1392 2472 *
1406 2453 1462 2483 Est
1478 2458 1584 2482 autern
1601 2451 1743 2491 deceptio
1760 2451 1793 2481 in
1810 2461 1847 2481 eo
1865 2451 1954 2491 quod
1967 2451 2029 2481 hoc
2046 2450 2176 2491 quidem
2192 2462 2281 2482 secus
2297 2459 2435 2492 motum,

1441 2496 1521 2526 illud
1545 2502 1651 2527 autem
1675 2505 1763 2525 secus
1786 2495 1959 2535 quiescenS,
1984 2495 2148 2535 aequalem
2167 2496 2434 2536 magnitudinem,

1442 2540 1521 2571 velle
1536 2539 1658 2580 aequali
1673 2539 1836 2569 velocitate
1860 2539 2036 2570 secundum
2059 2539 2189 2579 aequale
2212 2539 2283 2570 ferri
2298 2547 2435 2581 tempuS.

1442 2585 1514 2615 Hoc
1538 2590 1644 2614 autem
1667 2583 1782 2613 falsum
1806 2590 1860 2614 est.

1443 2629 1505 2659 sint
1526 2634 1641 2658 stantes
1657 2627 1802 2668 aequales
1817 2627 2049 2666 magnitudines
2066 2628 2098 2658 in
2114 2627 2229 2668 quibus
2249 2634 2323 2659 sunt
2331 2630 2436 2667 AAA;

1443 2673 1521 2703 aliae
1543 2679 1650 2702 autem
1672 2671 1705 2701 in
1730 2671 1844 2712 quibus
1867 2671 1934 2711 ipsa
1959 2672 2053 2710 BBB,
2078 2671 2261 2711 incipientes
2288 2682 2306 2702 a
2329 2672 2436 2702 medio

1442 2717 1587 2757 ipsorum
1609 2718 1649 2755 A,
1666 2725 1747 2756 quae
1767 2715 1911 2756 aequales
1930 2717 2105 2746 secundum
2129 2725 2298 2746 numerum
2319 2722 2349 2747 et
2371 2726 2437 2746 ma-

1443 2760 1642 2800 gnitudinem
1666 2766 1758 2797 sunt;
1789 2759 1866 2790 aliae
1890 2766 2014 2798 autern,
2045 2760 2078 2790 in
2101 2760 2216 2800 quibus
2239 2759 2307 2800 ipsa
2331 2759 2436 2799 CCC,

1443 2806 1481 2835 ab
1503 2804 1628 2842 ultimo,
1645 2803 1790 2844 aequales
1817 2813 1950 2834 numero
1971 2804 2018 2833 his
2043 2811 2073 2834 et
2091 2803 2318 2844 magnitudine,
2339 2811 2369 2834 et
2387 2814 2436 2834 ae-

1444 2858 1507 2889 que
1524 2849 1654 2879 'veloces
1676 2847 1752 2888 ipsis
1775 2848 1811 2878 Β.
1835 2847 1999 2887 Contingit
2022 2847 2115 2887 igitur
2138 2847 2279 2888 primum'
2300 2848 2326 2878 Β
2342 2848 2438 2878 simul

1443 2903 1518 2923 cum
1541 2893 1655 2923 ultimo
1678 2894 1707 2922 A
1731 2901 1812 2930 esse,
1837 2898 1867 2922 et
1885 2891 2025 2931 primum
2047 2891 2074 2922 C
2097 2902 2186 2922 secus
2209 2892 2344 2922 invicem
2367 2902 2436 2922 mo-

1443 2943 1560 2967 torum.
1585 2936 1708 2967 Accidit
1723 2942 1830 2966 autem
1848 2935 1954 2975 ipsum
1975 2935 2000 2966 C
2021 2936 2105 2966 iuxta
2125 2935 2233 2966 omnia
2247 2937 2276 2966 A
2295 2936 2436 2975 transire,

1444 2987 1475 3011 et
1497 2980 1604 3020 ipsum
1627 2980 1652 3010 B
1676 2990 1765 3010 secus
1789 2979 1891 3010 media
1910 2982 1948 3010 A.
1974 2980 2080 3016 Quare
2103 2979 2246 3010 medium
2269 2989 2335 3010 esse
2359 2986 2436 3010 tem-

1443 3032 1520 3065 pus:
1545 3024 1675 3064 aequale
1698 3023 1783 3054 enim
1805 3031 1976 3064 utrumque
2000 3030 2046 3054 est
2065 3034 2153 3054 secus
2170 3024 2435 3064 unumquodque.

1444 3068 1547 3099 Simul
1577 3074 1683 3099 autern
1707 3067 1817 3098 accidit
1847 3068 1954 3108 ipsum
1977 3068 2002 3098 B
2026 3078 2114 3098 secus
2138 3067 2246 3098 omnia
2269 3067 2296 3098 C
2321 3074 2436 3098 transa-

1445 3119 1532 3144 ctum
1556 3119 1639 3142 esse:
1670 3112 1765 3142 simul
1789 3111 1874 3142 enim
1897 3111 1954 3141 erit
1980 3111 2120 3150 primurn
2143 3112 2168 3141 B
2193 3118 2223 3141 et
2244 3111 2384 3150 primum
2409 3111 2435 3141 C

1443 3157 1477 3187 in
1493 3156 1653 3187 contrariis
1673 3155 1807 3194 ultimis;
1823 3156 1855 3185 in
1875 3156 1997 3196 aequali
2013 3163 2155 3195 tempore
2172 3155 2211 3184 ad
2231 3155 2435 3194 unumquod-

1445 3210 1507 3240 que
1531 3200 1649 3230 factum
1672 3199 1816 3239 ipsorum
1839 3199 1875 3237 B,
1899 3206 2055 3239 quantum
2078 3198 2208 3238 quidem
2230 3198 2374 3237 ipsorum
2394 3200 2435 3235 A,

1444 3250 1480 3274 ut
1502 3243 1563 3282 ait,
1598 3250 1725 3283 propter
1756 3243 1851 3272 ambo
1876 3243 1998 3283 aequali
2024 3249 2167 3281 tempore
2193 3251 2281 3271 secus
2310 3241 2378 3280 ipsa
2406 3243 2435 3271 A

1444 3286 1520 3318 fieri.
1540 3287 1633 3318 Ratio
1652 3287 1746 3327 igitur
1764 3286 1840 3316 haec
1860 3293 1914 3316 est.
1932 3285 2042 3316 Incidit
2060 3291 2167 3315 autem
2182 3285 2222 3314 ad
2242 3284 2357 3314 dictam
2380 3284 2434 3315 fal-

1445 3331 1577 3362 sitatem.

1377 3375 1395 3394 *
1415 3375 1526 3415 Neque
1548 3374 1642 3414 igitur
1665 3374 1839 3404 secundum
1862 3373 2072 3403 mutationem
2103 3371 2135 3401 in
2169 3371 2433 3410 contradictione,

1444 3418 1522 3448 nihil
1545 3418 1636 3448 nobis
1653 3418 1709 3447 erit
1730 3416 1940 3456 impossibile:
1965 3422 2001 3446 ut
2029 3415 2054 3445 si
2085 3425 2121 3445 ex
2149 3425 2215 3445 non
2240 3415 2369 3458 alboin
2392 3416 2434 3445 al-

1445 3462 1524 3499 bum
1546 3468 1695 3498 mutetur,
1723 3467 1753 3491 et
1777 3460 1810 3490 in
1835 3467 1947 3490 neutro
1972 3466 2028 3497 est,
2048 3466 2201 3499 tanquam
2229 3468 2302 3498 ergo
2331 3469 2434 3500 neque

1445 3505 1553 3535 album
1577 3505 1632 3535 erit
1663 3514 1765 3544 neque
1789 3513 1853 3533 non
1877 3503 1994 3533 album.
2026 3503 2099 3532 Non
2130 3502 2214 3533 enim
2243 3502 2268 3532 si
2298 3513 2363 3533 non
2387 3510 2434 3533 to-

1445 3555 1515 3578 tum
1538 3549 1570 3579 in
1594 3548 1735 3588 quolibet
1758 3554 1822 3584 est,
1854 3557 1920 3577 non
1949 3547 2068 3577 dicetur
2090 3546 2199 3576 album
2226 3553 2281 3577 aut
2303 3557 2368 3577 non
2392 3547 2434 3576 al-

1444 3593 1540 3622 bum:
1565 3592 1673 3622 album
1696 3590 1780 3621 enim
1805 3590 1917 3621 dicitur
1940 3597 1994 3621 aut
2016 3600 2082 3620 non
2105 3590 2231 3629 album,
2255 3600 2321 3621 non
2345 3591 2434 3631 quod

1378 2630 1420 2660 Ut

2487 2068 2553 2090 Text.
2569 2069 2607 2091 So.

2463 2243 2472 2252 ¹
2487 2242 2554 2263 Text.
2569 2242 2600 2264 81.

2464 2463 2474 2472 '
2489 2461 2555 2483 Text.
2571 2461 2605 2483 82.

2463 3379 2472 3388 ²
2486 3379 2554 3400 Text.
2569 3378 2604 3406 83.
