2898 3996
108 456 118 466 '
125 455 189 477 circa
195 460 235 476 ms
243 457 266 476 et
275 459 290 475 a
296 454 317 475 b.

110 1030 122 1041 ¹⁸
136 1029 208 1050 Num.
221 1033 270 1056 seq.

44 1090 48 1091 ’
109 1081 120 1093 “
133 1080 203 1103 Num.
216 1086 229 1108 3
243 1083 266 1102 et
278 1087 302 1107 4.

52 1341 70 1346 “
111 1345 321 1394 :nanuumm

60 1556 74 1587 ζ
111 1558 122 1569 ¹
130 1557 218 1580 Etom.
226 1564 322 1586 unpro-

63 1925 71 1953 Ξ
113 1929 124 1940 “
137 1930 161 1951 et
172 1934 243 1951 tona.

60 3084 64 3087 ’
113 3089 125 3102 ⁸
136 3095 183 3111 non
196 3089 283 3115 moab.

1193 311 1304 348 CAP.
1335 311 1402 358 IV,
1433 312 1582 349 LECT.
1610 313 1661 349 v1

345 398 425 428 ctus
437 419 446 437 ,
476 397 512 427 et
547 389 729 427 volutatio
759 397 795 426 et
823 389 1048 436 ambulatio,
1078 402 1157 426 non
1189 396 1275 426 sunt
1300 389 1403 426 idem

344 442 555 480 secundum
584 442 766 491 speciem,
796 442 970 491 quamvis
1003 442 1075 478 sint
1101 442 1230 478 inter*
1247 441 1403 478 eosdem

345 495 544 542 terminos;
573 495 662 543 quia
679 495 742 532 via
761 507 840 532 non
860 502 915 532 est
934 495 1068 531 eadem
1088 494 1299 531 secundum
1319 506 1403 541 spe-

347 548 456 586 ciem.
474 548 552 585 Sed
566 548 596 585 si
611 548 684 584 sint
697 547 799 584 idem
818 546 979 593 termini,
992 554 1028 583 et
1043 546 1179 583 eadem
1193 546 1256 583 via
1271 558 1404 583 secun-

331 605 333 607 ’
347 602 439 639 dum
455 601 728 650 speciem,sunt
741 600 843 637 idem
859 607 985 636 motus
1000 599 1210 636 secundum
1226 599 1403 646 speciem.

347 655 396 691 Et
423 655 543 691 multo
572 653 692 700 magis
719 653 752 689 si
771 651 918 689 termini
939 659 974 688 et
991 651 1055 687 via
1074 658 1161 687 sunt
1180 651 1315 687 eadem
1336 663 1404 687 nu-

347 719 468 753 mero,
480 714 608 743 motus
626 705 745 742 iterati
761 711 869 741 erunt
881 703 984 740 idem
1000 702 1210 740 secundum
1226 704 1403 752 speciem.

405 760 437 796 5.
457 759 606 796 Deinde
643 769 731 794 curn
759 756 862 793 dicit:
901 755 1123 804 Simpliciter
1154 761 1278 792 autem
1312 769 1406 793 unus

347 817 469 848 motus
496 817 550 848 est
575 817 658 856 etc.‚
677 808 785 857 ponit
811 807 962 844 tertium
981 809 1155 855 modum,
1177 820 1252 857 quo
1279 817 1406 846 motus

349 864 482 901 dicitur
493 875 593 899 unus
607 872 776 898 numero.
797 861 846 897 Et
862 860 959 897 circa
973 861 1048 897 hoc
1068 861 1144 898 duo
1161 861 1261 898 facit:
1281 862 1404 910 primo

347 915 560 953 manifestat
587 913 670 962 quis
689 920 816 950 motus
844 913 889 949 sit
911 925 1011 950 unus
1039 925 1218 960 numero;
1239 916 1406 951 secundo

348 967 446 1004 circa
472 967 547 1003 hoc
575 973 708 1003 movet
735 965 921 1015 quasdam
950 966 1216 1014 dubitationes,
1245 967 1312 1003 ibi:
1341 969 1407 1003 So-

347 1025 487 1056 cratem
516 1025 640 1056 autem
670 1019 689 1039 *
718 1026 786 1056 etc.
816 1018 916 1055 Dicit
944 1030 1032 1066 ergo
1065 1019 1190 1067 primo
1220 1019 1324 1067 quod
1352 1032 1408 1056 se-

347 1072 516 1109 cundum
543 1071 757 1120 praedictos
785 1071 805 1092 *
834 1071 973 1108 modos
1001 1083 1080 1108 non
1113 1071 1246 1108 dicitur
1282 1080 1407 1108 motus

346 1137 445 1162 unus
473 1124 700 1173 simpliciter,
721 1124 789 1161 sed
816 1123 1027 1161 secundum
1052 1124 1154 1172 quid,
1181 1124 1319 1160 scilicet
1346 1137 1407 1172 ge-

348 1190 439 1215 nere
459 1185 496 1214 et
514 1178 651 1226 specie.
668 1177 799 1214 Tertio
819 1185 946 1214 autem
965 1177 1084 1215 modo
1106 1175 1266 1214 diciturss
1281 1185 1407 1214 motus

346 1230 560 1279 simpliciter
585 1243 697 1278 unus,
717 1230 783 1278 qui
811 1237 866 1266 est
882 1242 982 1266 unus
1009 1241 1169 1266 numero
1199 1230 1409 1267 secundum

347 1296 458 1321 suam
478 1283 691 1320 essentiam.
714 1283 810 1329 Quis
829 1289 957 1320 autern
977 1290 1105 1328 motus
1124 1282 1170 1319 sit
1197 1283 1272 1319 hoc
1290 1284 1409 1320 modo

347 1349 445 1373 unus
475 1337 514 1382 ²³⁴,
549 1336 791 1372 manifestum
825 1336 891 1372 erit
928 1335 1190 1383 distinguendo
1234 1348 1278 1372 ea
1312 1348 1410 1384 quae

348 1389 589 1437 requiruntur
617 1389 664 1425 ad
693 1389 980 1431 motunLsSunt
1017 1388 1118 1424 enim
1151 1400 1313 1425 numero
1341 1388 1410 1425 tria

349 1442 446 1479 circa
474 1454 572 1491 quae
601 1441 767 1479 consistit
792 1441 916 1478 unitas
944 1447 1091 1477 motus:
1122 1441 1260 1477 scilicet
1287 1441 1410 1477 subie-

350 1502 452 1532 ctum
473 1494 578 1542 quod
606 1501 798 1540 movetur3
820 1502 856 1530 et
875 1506 993 1541 genus
1012 1494 1073 1530 vel
1102 1493 1257 1542 species,
1278 1493 1316 1530 in
1335 1506 1411 1541 qua

351 1555 406 1584 est
432 1554 576 1592 motus;
607 1554 643 1583 et
670 1553 819 1594 tempus
838 1547 992 1595 quando
1013 1554 1201 1583 movetur.
1232 1548 1280 1583 Et
1296 1548 1315 1567 ²
1330 1559 1410 1583 ma-

350 1601 498 1637 nifestat
534 1599 688 1646 singula.
719 1599 836 1645 Quod
865 1606 1041 1635 movetur
1078 1599 1232 1647 quidem
1269 1599 1410 1636 dictum

351 1660 416 1700 est,
438 1652 526 1701 quia
553 1664 707 1688 necesse
737 1659 792 1688 est
819 1651 959 1699 aliquid
989 1663 1069 1687 esse
1098 1651 1137 1687 in
1165 1663 1409 1700 quocumque

350 1713 459 1743 motu
487 1704 590 1753 quod
619 1711 796 1741 movetur
813 1709 844 1750 ⁷,
865 1704 959 1740 sicut
977 1704 1174 1740 hominem
1194 1711 1257 1740 aut
1276 1717 1410 1740 aurum

349 1759 412 1795 vel
441 1757 712 1807 quodcumque
742 1769 889 1805 corpus.
911 1757 960 1793 Et
988 1756 1156 1792 similiter
1174 1768 1327 1793 necesse
1357 1764 1412 1793 est

350 1812 436 1858 hoe,
455 1811 518 1848 vel
546 1821 810 1858 quaecumque
839 1810 911 1846 alia
933 1809 1099 1855 mobilia,
1121 1808 1269 1845 moveri
1291 1809 1329 1845 in
1349 1809 1412 1845 ali-

351 1876 427 1913 quo
456 1875 593 1912 genere
621 1863 684 1899 vel
712 1861 849 1910 specie,
874 1869 966 1911 puta
993 1861 1030 1898 in
1059 1862 1143 1897 loco
1173 1869 1237 1897 aut
1264 1861 1302 1897 in
1327 1873 1412 1909 pas-

349 1917 464 1962 sione,
485 1916 581 1953 idest
596 1917 615 1936 *
631 1915 669 1952 in
696 1914 861 1964 passibili
881 1914 1067 1962 qualitate.
1093 1915 1141 1950 Et
1161 1914 1328 1950 similiter
1347 1927 1411 1950 ne-

351 1981 454 2007 cesse
476 1976 531 2006 est
551 1968 789 2005 considerare
804 1968 958 2015 quando
979 1973 1172 2004 movetur:
1195 1966 1282 2015 quia
1297 1979 1412 2003 omne

351 2022 456 2071 quod
484 2029 683 2068 movetur,
714 2028 892 2058 movetur
932 2020 971 2057 in
1007 2028 1190 2068 tempore.
1222 2019 1413 2067 Contingit

351 2083 479 2113 autem
508 2075 554 2112 de
592 2085 754 2110 numero
782 2074 922 2110 horum
958 2072 1071 2109 trium
1099 2072 1259 2109 inveniri
1291 2085 1412 2108 unum

351 2140 487 2176 genere
512 2134 576 2164 aut
594 2127 720 2175 specie
739 2126 776 2162 in
801 2139 840 2162 re
868 2125 907 2162 in
927 2138 1002 2174 qua
1021 2133 1076 2161 est
1095 2132 1234 2171 motus,
1261 2125 1355 2161 sicut
1373 2124 1412 2162 in

350 2182 435 2219 loco
450 2181 512 2217 vel
531 2180 570 2216 in
585 2179 772 2227 qualitate.
795 2178 871 2215 Sed
886 2178 924 2214 in
942 2186 1115 2226 ternpore
1131 2189 1210 2214 non
1226 2185 1281 2213 est
1296 2185 1411 2214 atten-

352 2233 477 2271 denda
505 2239 691 2282 quantum
720 2232 767 2268 ad
794 2231 977 2268 unitatem
997 2237 1123 2267 motus
1151 2230 1272 2266 unitas
1300 2225 1411 2277 gene-

350 2287 398 2323 ris
425 2286 488 2323 vel
517 2285 674 2334 speciei,
710 2296 797 2321 cum
826 2296 903 2320 non
932 2283 976 2320 sit
1012 2283 1083 2319 nisi
1110 2294 1232 2318 unum
1260 2289 1411 2330 tempus

349 2339 560 2376 secundum
589 2337 774 2386 speciem;
804 2337 871 2373 sed
899 2336 1002 2384 quod
1031 2335 1076 2372 sit
1102 2335 1283 2380 habitum,
1314 2334 1411 2372 idest

350 2392 530 2430 continuo
560 2402 797 2438 consequens
821 2390 963 2437 absque
992 2387 1290 2436 interpolatione.
1320 2387 1411 2424 Uni-

347 2453 404 2482 tas
433 2452 560 2481 autem
588 2451 715 2480 motus
735 2442 947 2479 secundum
976 2453 1091 2489 quam
1112 2440 1245 2477 dicitur
1269 2440 1409 2488 simpli-

349 2498 439 2535 citer
464 2509 583 2543 unus,
615 2495 780 2533 consistit
807 2495 846 2531 in
872 2494 1012 2532 unitate
1051 2493 1224 2530 omnium
1257 2493 1408 2529 horum.

349 2552 511 2600 Oportet
542 2548 644 2586 enim
677 2548 714 2585 id
744 2548 783 2584 in
810 2560 887 2596 quo
918 2555 972 2583 est
999 2553 1149 2593 motus,
1181 2558 1262 2582 esse
1290 2558 1411 2582 unum

350 2611 386 2640 et
413 2602 649 2647 indivisibile,
672 2613 717 2638 eo
737 2601 855 2637 modo
881 2613 958 2648 quo
981 2599 1124 2647 species
1144 2598 1412 2647 specialissima

349 2655 583 2693 indivisibilis
603 2654 747 2691 dicitur.
769 2654 817 2690 Et
843 2653 981 2689 iterum
1001 2659 1151 2700 oportet
1173 2651 1297 2700 ipsum
1318 2659 1411 2687 tem-

349 2721 433 2758 pus,
454 2707 608 2756 quando
636 2707 679 2743 fit
707 2713 845 2752 motus,
876 2718 956 2742 esse
983 2717 1104 2741 unum
1129 2704 1350 2740 continuum
1379 2709 1415 2739 et

351 2773 426 2797 non
454 2759 637 2807 deficiens,
659 2758 755 2794 idest
773 2759 916 2806 absque
942 2757 1240 2805 interpolatione.
1270 2758 1320 2793 Et
1341 2763 1412 2792 ter-

350 2813 402 2850 tio
423 2819 572 2860 oportet
590 2811 629 2848 id
648 2810 754 2858 quod
781 2817 958 2846 movetur
986 2821 1067 2845 esse
1090 2821 1223 2846 unum.
1255 2809 1331 2845 Sed
1352 2821 1412 2844 ex-

353 2865 466 2902 cludit
494 2864 590 2901 duos
619 2863 757 2900 modos
775 2862 925 2899 unitatis
954 2861 1122 2907 subiecti,
1144 2861 1208 2909 qui
1236 2873 1315 2897 non
1339 2861 1412 2897 suf-

349 2918 480 2955 ficiunt
509 2917 557 2954 ad
585 2917 670 2962 hoc,
692 2915 796 2963 quod
826 2922 951 2951 motus
980 2914 1026 2951 sit
1052 2926 1150 2950 unus
1184 2913 1409 2962 simpliciter.

351 2971 502 3008 Primus
530 2969 669 3006 modus
690 2976 744 3004 est
763 2967 974 3004 secundum
1004 2966 1196 3012 accidens;
1226 2966 1319 3002 sicut
1339 2966 1413 3002 Co-

352 3024 470 3060 riscus
499 3030 535 3059 et
563 3022 669 3058 albus
698 3028 784 3057 sunt
819 3032 940 3056 unum
979 3019 1188 3056 secundum
1217 3018 1410 3065 accidens,

351 3088 423 3112 nec
437 3076 456 3096 *
470 3082 598 3111 tamen
616 3081 743 3110 motus
757 3073 932 3121 proprius
952 3072 1107 3118 Corisci,
1126 3079 1161 3108 et
1180 3079 1306 3108 motus
1325 3084 1411 3120 pro-

352 3127 455 3176 prius
483 3126 557 3163 albi
580 3134 635 3164 est
652 3138 762 3163 unus.
783 3126 912 3162 Motus
933 3125 1033 3161 enim
1061 3124 1236 3173 proprius
1264 3124 1338 3160 albi
1359 3131 1413 3160 est

353 3180 502 3228 nigrum
529 3179 631 3226 fieri,
658 3186 694 3215 et
721 3185 847 3215 motus
874 3178 1049 3226 proprius
1079 3176 1222 3213 Corisci
1251 3184 1306 3212 est
1333 3188 1412 3213 am-

407 3281 432 3316 β)
452 3282 523 3314 quod
540 3282 714 3307 secundum...
737 3281 825 3306 Tertio
843 3284 932 3306 autem
952 3281 1030 3305 modo
1053 3281 1192 3305 dicitur.-—
1205 3280 1275 3312 quod
1293 3287 1352 3304 cum
1371 3286 1411 3304 se-

352 3318 467 3343 cundum
486 3316 640 3348 praedictos
665 3316 756 3341 modos
781 3323 833 3340 non
860 3315 965 3340 dicatur
988 3318 1074 3339 motus
1097 3322 1164 3339 unus
1186 3314 1340 3346 simpliciter
1364 3314 1411 3338 sed

352 3353 495 3378 secundum
515 3351 586 3384 quid,
605 3351 703 3376 scilicet
720 3357 817 3383 genere
835 3353 861 3374 et
878 3350 969 3381 specie,
990 3349 1068 3374 tertio
1088 3349 1165 3374 modo
1183 3349 1297 3374 dicitur:
1314 3348 1355 3372 hic
1372 3349 1411 3373 vi-

353 3388 427 3412 detur
445 3393 521 3419 typus
540 3386 692 3410 variantium
716 3385 869 3414 lectionum;
888 3391 947 3409 cum
966 3384 1034 3408 enim
1053 3383 1148 3408 habent
1166 3384 1240 3408 codd.
1258 3383 1409 3413 NQRSsDE

352 3423 409 3453 FL,
428 3422 535 3447 dicatur
548 3421 643 3445 habent
657 3420 731 3445 codd.
745 3427 799 3444 exc.
814 3419 1004 3448 BCEFGZsHI,
1020 3418 1098 3443 tertio
1113 3419 1191 3442 modo
1208 3418 1248 3442 ed.
1261 3425 1278 3442 a
1292 3423 1317 3442 et
1335 3418 1409 3442 codd.

353 3465 406 3482 exc.
426 3457 521 3486 CFsH;
542 3456 622 3480 tertio
641 3462 703 3480 vero
728 3454 806 3479 modo
824 3454 859 3484 F,
884 3454 930 3478 sed
950 3453 1028 3478 tertio
1053 3453 1130 3477 modo
1150 3453 1202 3483 sH;
1226 3460 1409 3477 conservamus

352 3493 488 3517 lectionem
507 3491 574 3516 PCb.

405 3526 432 3561 γ)
453 3527 478 3552 in
499 3532 659 3559 quocumque
677 3528 750 3549 motu
768 3524 839 3556 quod
862 3526 989 3549 movetur.
1003 3537 1022 3542 —
1039 3523 1090 3547 Pro
1109 3529 1277 3554 quocumque,
1296 3521 1410 3553 quolibet

354 3563 428 3587 codd.
447 3570 500 3587 exc.
520 3561 565 3586 EG
572 3568 579 3591 ;
599 3568 646 3593 pro
664 3560 735 3592 quod
754 3562 884 3589 movetur,
903 3565 955 3590 quo
973 3561 1093 3582 movetur
1111 3557 1186 3582 codd.
1205 3564 1258 3581 exc.
1278 3556 1408 3586 NQRsCD

353 3597 410 3622 FGI
429 3602 454 3622 et
472 3598 492 3621 B
512 3597 555 3629 qui
574 3604 650 3620 om.-
663 3595 714 3619 Pro
733 3594 871 3623 hominem,
890 3593 1007 3618 homines
1026 3593 1087 3617 Pab.

406 3631 432 3665 δ)
451 3631 640 3664 recuperari.—
653 3630 720 3654 PEG
739 3630 795 3658 ab;
818 3637 869 3654 om.
890 3629 928 3658 Ο,
949 3628 1060 3660 reperiri
1079 3628 1109 3659 S,
1129 3626 1215 3659 reperi
1232 3626 1264 3655 T,
1284 3625 1410 3658 reparari

495 3684 564 3716 opp.
583 3684 613 3708 D.
628 3683 741 3707 Tuonmr.
759 3681 791 3706 T.
806 3682 834 3706 11.

2438 329 2512 364 249

1458 390 1703 439 bulare;,qui
1740 391 1894 440 quidem
1931 399 2057 428 motus
2094 392 2281 430 differunt.
2317 394 2514 431 Secundus

1458 443 1595 479 modus
1625 451 1679 480 est
1705 445 1827 481 unitas
1854 444 1999 492 generis
2034 445 2096 481 vel
2123 445 2277 493 speciei:
2307 458 2384 482 non
2413 446 2514 482 enirn

1459 494 1507 531 ad
1526 495 1599 532 hoc
1618 497 1722 545 quod
1741 497 1787 533 sit
1806 510 1904 534 unus
1919 504 2045 534 motus
2064 510 2238 544 numero,
2255 498 2392 534 sufficit
2410 498 2514 547 quod

1459 547 1670 585 subiectum
1699 549 1744 585 sit
1770 562 1890 586 unum
1919 550 2012 586 sicut
2036 549 2175 599 aliquid
2203 562 2424 598 commune,
2452 551 2514 587 vel

1459 612 1578 647 genus
1605 601 1667 637 vel
1695 602 1848 649 species.
1881 602 2070 650 Contingit
2093 602 2194 638 enim
2219 603 2315 640 duos
2339 603 2514 640 homines

1459 653 1497 689 in
1527 654 1663 690 eodem
1691 661 1864 702 ternpore
1892 655 2026 702 sanari,
2053 662 2088 691 et
2107 655 2317 692 secundum
2351 656 2512 692 eandem

1461 706 1626 753 speciem
1646 706 1859 753 sanationis,
1871 715 1961 755 puta
1980 707 2067 756 quia
2086 715 2263 744 sanantur
2277 709 2323 745 de
2343 709 2514 756 ophthal—

1460 758 1553 805 mia,
1588 771 1683 807 quae
1714 766 1768 795 est
1795 759 1991 796 infirmitas
2020 761 2238 796 oculorum:
2273 768 2310 796 et
2342 761 2394 797 sic
2422 773 2510 797 con-

1462 810 1572 847 currit
1607 811 1730 848 unitas
1758 812 1870 860 ipsius
1906 813 2072 860 quando,
2102 819 2138 848 et
2174 813 2251 849 eius
2279 813 2315 849 in
2344 825 2438 861 quo,
2478 820 2515 849 et

1460 863 1582 900 unitas
1615 863 1771 900 subiecti
1804 866 2013 901 secundum
2048 865 2224 913 speciem.
2262 866 2352 901 Non
2386 873 2514 902 tamen

1461 917 1533 952 hae
1563 916 1659 952 duae
1688 917 1900 953 sanationes
1928 926 2013 954 sunt
2045 929 2144 954 unus
2179 924 2304 953 motus
2337 930 2512 964 numero,

1463 968 1530 1004 sed
1557 981 1655 1005 unus
1675 970 1694 990 '¹‘
1715 969 1850 1017 specie.

1517 1022 1552 1057 6.
1586 1021 1732 1058 Deinde
1771 1034 1857 1058 curn
1892 1021 1998 1058 dicit:
2037 1023 2228 1058 Socratem
2264 1027 2387 1058 autem
2425 1029 2514 1069 etc.‚

1463 1073 1663 1109 introducit
1693 1074 1885 1121 quandam
1924 1074 2206 1110 dubitationem.
2244 1075 2293 1110 Et
2321 1074 2417 1110 circa
2441 1075 2516 1111 hoc

1463 1125 1532 1162 tria
1561 1125 1669 1161 facit:
1698 1126 1821 1173 primo
1845 1127 1951 1174 ponit
1978 1126 2015 1163 id
2039 1127 2142 1175 quod
2163 1126 2312 1163 videtur
2335 1127 2373 1163 in
2390 1126 2514 1175 primo

1465 1185 1618 1226 aspectu
1647 1178 1694 1214 de
1720 1178 1861 1215 unitate
1895 1186 2020 1215 motus
2048 1180 2256 1215 secundum
2291 1191 2514 1225 numerum;

1465 1230 1632 1267 secundo
1647 1238 1780 1267 movet
1798 1231 2070 1267 dubitationem
2091 1231 2187 1267 circa
2201 1232 2285 1278 hoe,
2302 1231 2368 1268 ibi:
2388 1233 2518 1268 Habet

1465 1289 1588 1320 autem
1608 1283 1871 1320 dubitationem
1885 1285 1904 1304 ’¹‘
1919 1291 1999 1329 etc.;
2015 1284 2121 1320 tertio
2143 1284 2364 1320 determinat
2380 1284 2515 1321 verita-

1464 1343 1561 1381 tem,
1591 1335 1658 1372 ibi:
1686 1336 1830 1372 Eadem
1859 1337 1956 1372 enim
1976 1336 2070 1372 ratio
2095 1342 2148 1372 est
2165 1338 2183 1355 ⁴*
2204 1344 2272 1372 etc.
2302 1336 2400 1373 Dicit
2427 1349 2515 1384 ergo

1463 1388 1588 1437 primo
1617 1388 1722 1437 quod
1751 1388 1928 1436 contingit
1960 1388 2110 1437 aliquod
2138 1400 2259 1424 unum
2287 1389 2447 1435 mobile,
2476 1396 2519 1425 ut

1466 1442 1672 1488 Socratem,
1693 1442 1904 1478 secundum
1925 1441 2181 1478 alterationem
2203 1441 2362 1478 eandem
2382 1441 2517 1489 specie,

1465 1493 1610 1530 alterari
1637 1493 1676 1530 in
1702 1506 1780 1530 uno
1809 1501 1992 1542 tempore,
2015 1501 2050 1530 et
2077 1494 2212 1530 iterum
2240 1493 2279 1530 in
2303 1494 2397 1539 alio;
2426 1493 2520 1530 sicut

1466 1546 1495 1582 si
1524 1553 1675 1582 sanetur
1693 1546 1749 1583 bis
1779 1546 1824 1583 de
1845 1546 2088 1595 ophthalmia.
2119 1547 2224 1582 Haec
2243 1554 2370 1582 autem
2389 1547 2519 1582 iterata

1466 1599 1631 1635 alteratio
1662 1599 1729 1635 erit
1755 1611 1855 1635 unus
1883 1606 2009 1635 motus
2036 1611 2209 1645 numero,
2239 1606 2279 1634 ut
2305 1599 2453 1636 videtur
2480 1599 2518 1635 in

1465 1651 1589 1699 primo
1619 1658 1782 1700 aspectu,
1813 1652 1843 1687 si
1871 1652 2007 1688 sanitas
2031 1663 2127 1700 quae
2156 1651 2357 1699 acquiritur
2384 1651 2430 1687 sit
2458 1663 2517 1687 ea-

1467 1705 1555 1740 dem
1583 1716 1755 1740 numero.
1792 1705 1840 1740 Et
1870 1705 1944 1740 hoc
1977 1703 2044 1740 erit
2072 1704 2101 1740 si
2130 1704 2320 1750 contingat
2347 1702 2384 1740 id
2413 1703 2516 1751 quod

1468 1764 1522 1792 est
1546 1763 1776 1804 corruptum,
1797 1757 1932 1792 iterum
1960 1756 2042 1792 fieri
2069 1769 2189 1793 unum
2217 1768 2388 1802 numero,
2414 1756 2518 1804 quod

1466 1809 1615 1845 videtur
1637 1808 1880 1856 impossibile.
1912 1809 2057 1845 Sanitas
2090 1809 2192 1845 enim
2221 1821 2317 1856 quae
2338 1808 2375 1844 in
2393 1808 2516 1856 prima

1467 1861 1684 1897 alteratione
1713 1861 1779 1897 fuit
1804 1861 1993 1909 acquisita,
2022 1861 2269 1909 postmodum
2297 1860 2365 1896 fuit
2393 1872 2517 1897 corru-

1465 1921 1549 1961 pta3
1581 1921 1616 1949 et
1643 1926 1720 1950 non
1753 1921 1875 1962 potest
1908 1914 2118 1962 recuperari
2143 1910 2155 1934 δ
2180 1913 2314 1949 eadem
2345 1925 2515 1950 numerO.

1468 1966 1545 2003 Sed
1563 1965 1711 2003 videtur
1730 1967 1833 2014 quod
1861 1966 1890 2002 si
1919 1974 2159 2014 recuperetur
2183 1966 2316 2002 eadem
2344 1977 2516 2012 numero,

1467 2020 1570 2067 quod
1590 2019 1756 2055 alteratio
1787 2030 1948 2066 sequens
1969 2026 2065 2055 esset
2092 2031 2189 2055 unus
2209 2030 2367 2054 numero
2393 2025 2518 2054 motus

1468 2084 1555 2108 cum
1583 2071 1726 2119 prima:
1757 2071 1786 2108 si
1809 2084 1902 2108 vero
1931 2084 2009 2115 non
2033 2078 2272 2120 recuperetur
2300 2071 2433 2107 eadem
2462 2082 2517 2106 sa-

1467 2125 1562 2160 nitas
1589 2136 1771 2171 numero,
1811 2124 1878 2160 erit
1905 2124 2059 2171 quidem
2087 2131 2213 2160 motus
2240 2123 2342 2160 idern
2371 2123 2515 2171 specie,

1466 2177 1532 2213 sed
1560 2189 1638 2213 non
1665 2189 1765 2213 unus
1794 2189 1966 2213 numero.

1519 2241 1554 2276 7.
1584 2229 1731 2266 Deinde
1765 2241 1851 2265 cum
1882 2229 1989 2265 dicit:
2017 2229 2146 2264 Habet
2176 2233 2298 2264 autem
2326 2228 2517 2263 dubitatio-

1466 2293 1550 2318 nem
1587 2288 1672 2328 etc.,
1711 2289 1842 2318 movet
1875 2281 2067 2329 quandam
2100 2280 2210 2317 aliam
2245 2279 2515 2317 dubitationem

1467 2334 1563 2370 cirea
1582 2334 1666 2370 hoc.
1697 2335 1745 2370 Et
1765 2333 1944 2370 dubitatio
1973 2334 2053 2370 talis
2082 2340 2137 2369 est
2154 2339 2182 2369 ἐ
2212 2332 2242 2369 si
2270 2332 2400 2380 aliquis
2429 2344 2516 2368 con-

1465 2387 1566 2423 tinue
1594 2394 1810 2434 perseveret
1837 2386 1875 2422 in
1904 2386 2072 2432 sanitate,
2110 2386 2172 2422 vel
2200 2385 2238 2421 in
2275 2397 2516 2434 quocumque

1466 2438 1538 2476 alio
1568 2439 1769 2486 accidente,
1790 2446 1915 2475 utrum
1939 2451 2015 2475 una
2039 2437 2187 2484 sanitas,
2208 2438 2269 2474 vel
2288 2437 2517 2485 quicumque

1466 2492 1558 2528 alius
1577 2491 1725 2528 habitus
1745 2499 1809 2527 aut
1826 2491 1964 2540 passiO,
1976 2490 2094 2539 possit
2109 2502 2189 2526 esse
2209 2490 2247 2526 in
2267 2488 2517 2537 corporibus?

1466 2545 1514 2580 Et
1541 2543 1690 2581 videtur
1716 2544 1820 2591 quod
1849 2556 1944 2588 non;
1980 2543 2067 2591 quia
2097 2542 2323 2591 quibusdam
2351 2542 2516 2589 philoso-

1466 2596 1549 2645 phis
1576 2597 1702 2633 visum
1731 2596 1816 2642 fuit,
1848 2596 1951 2644 quod
1980 2595 2108 2632 omnia
2136 2594 2301 2631 subiecta
2331 2606 2426 2641 quae
2450 2595 2517 2629 ha-

1467 2650 1556 2686 bent
1575 2649 1717 2697 aliquas
1731 2649 1925 2698 qualitates
1941 2656 2004 2684 aut
2017 2647 2177 2693 habitus,
2194 2647 2265 2683 sint
2283 2646 2320 2683 in
2338 2646 2514 2682 continuo

1467 2710 1575 2739 motu
1603 2709 1638 2738 et
1665 2702 1780 2738 fluxu.
1802 2722 1824 2728 -
1847 2701 1886 2737 Si
1907 2713 1994 2748 ergo
2015 2700 2051 2736 in
2071 2700 2195 2747 aliquo
2216 2699 2279 2746 qui
2301 2711 2413 2735 sanus
2432 2710 2514 2746 per-

1467 2762 1630 2802 severat,
1658 2767 1735 2791 una
1764 2761 1800 2790 et
1829 2754 1962 2790 eadem
1997 2753 2132 2790 sanitas
2162 2759 2231 2798 est,
2261 2763 2357 2800 quae
2386 2751 2451 2787 fuit
2478 2750 2516 2787 in

1467 2819 1579 2843 mane
1609 2814 1644 2843 et
1671 2819 1768 2854 quae
1799 2814 1852 2843 est
1875 2819 1975 2842 nunc
1994 2806 2031 2842 in
2050 2804 2206 2841 meridie
2228 2805 2290 2841 vel
2310 2816 2410 2848 sero;
2439 2815 2516 2839 non

1466 2859 1614 2896 videtur
1641 2872 1754 2908 posse
1783 2859 1887 2896 reddi
1916 2858 2008 2895 ratio
2038 2870 2164 2906 quare,
2186 2857 2297 2893 etiam
2326 2855 2355 2892 si
2384 2855 2514 2903 aliquis

1468 2912 1592 2949 deficit
1608 2913 1627 2933 ⁷³
1647 2924 1669 2948 a
1697 2911 1851 2948 sanitate
1885 2918 1920 2947 et
1952 2911 2086 2947 iterum
2115 2909 2270 2958 accipiat
2297 2908 2516 2954 sanitatem,

1467 2964 1632 3001 secunda
1661 2964 1798 3000 sanitas
1827 2971 2045 3012 recuperata
2061 2963 2074 2989 ζ
2089 2975 2167 2999 non
2191 2962 2236 2998 sit
2254 2973 2329 2997 una
2356 2972 2515 2997 numero

1467 3029 1554 3054 cum
1575 3017 1730 3054 sanitate
1756 3016 1858 3065 prius
1877 3016 2014 3053 habita.
2035 3036 2058 3059 -,-
2080 3016 2188 3051 Hanc
2216 3022 2342 3051 autem
2371 3013 2515 3050 dubita-

1465 3070 1608 3106 tionem
1643 3069 1861 3106 Aristoteles
1895 3081 1972 3105 non
2000 3068 2126 3114 solvit,
2161 3067 2248 3115 quia
2276 3078 2354 3102 non
2388 3073 2441 3102 est
2468 3065 2516 3101 ad

1465 3122 1737 3171 propositum3'
1755 3122 1821 3158 sed
1849 3121 1967 3168 magis
1996 3120 2044 3157 ad
2073 3118 2409 3156 considerationem
2436 3129 2514 3153 me-

1466 3174 1647 3223 taphysici
1666 3174 1842 3223 pertinet,
1872 3174 1920 3210 ad
1939 3185 2054 3221 quem
2081 3171 2238 3220 pertinet
2251 3176 2265 3194 ⁷1
2281 3169 2514 3206 considerare

1465 3283 1539 3303 cet.—
1553 3279 1603 3302 lbi:
1628 3279 1698 3310 quod
1715 3278 1738 3302 si
1762 3280 1941 3309 recuperetur,
1967 3275 2037 3307 quod
2054 3282 2106 3298 om.
2125 3271 2394 3301 BEFGHMNRVXZ;
2417 3271 2440 3295 si
2461 3278 2514 3294 om.

1464 3313 1526 3342 DT;
1552 3316 1695 3344 reparatur
1713 3313 1750 3343 D,
1775 3314 1948 3343 repararetur
1971 3310 2046 3338 ΒΕΖ,
2071 3311 2210 3340 reparetur
2234 3311 2281 3331 cet.
2303 3320 2322 3324 -
2340 3306 2392 3330 lbi:
2410 3305 2434 3330 si
2452 3312 2514 3330 vero

1464 3355 1515 3372 non
1531 3351 1707 3379 recuperetur,
1727 3355 1774 3379 pro
1790 3347 1820 3377 si,
1835 3353 1893 3371 cum
1908 3345 1965 3375 EG;
1985 3346 2124 3375 reparetur
2142 3343 2236 3370 EHLa,
2253 3341 2401 3372 reperiatur
2419 3340 2456 3369 M.
2471 3347 2515 3365 re-

1459 3386 1578 3414 paratur
1597 3388 1645 3407 cet.
1665 3390 1717 3407 exc.
1737 3382 1808 3406 GsO.

1517 3417 1539 3451 ε)
1561 3418 1596 3442 Et
1611 3417 1740 3441 dubitatio
1759 3416 1818 3440 talis
1838 3414 1949 3439 est.—Et
1967 3415 2006 3437 est
2024 3411 2152 3437 dubitatio
2171 3411 2245 3435 codd.
2259 3418 2311 3435 exc.
2326 3410 2407 3435 EG.-
2420 3410 2471 3434 Pro
2483 3409 2513 3439 si,

1464 3455 1553 3476 utrum
1572 3452 1596 3477 si
1613 3451 1795 3476 BEFGHLSa.

1516 3486 1671 3518 Osecunda
1684 3486 1784 3510 sanitas
1798 3486 1962 3515 recuperata.
1971 3496 1989 3501 —-
2002 3482 2051 3506 Pro
2063 3481 2185 3510 secunda,
2195 3483 2278 3512 prout
2292 3480 2319 3510 Z,
2333 3487 2385 3504 om.
2401 3483 2449 3504 cet.
2460 3487 2512 3504 exc.

1464 3521 1677 3553 EGHLRSpBffi
1696 3522 1850 3551 recuperata
1868 3526 1920 3542 om.
1936 3518 1968 3542 H.

1517 3555 1543 3590 η)
1560 3556 1684 3587 pertinet,
1704 3555 1740 3579 ad
1753 3561 1827 3586 quem
1842 3552 1992 3584 pertinet.—
2006 3552 2055 3576 Pro
2073 3550 2149 3583 priori
2164 3550 2288 3582 pertinet,
2307 3552 2408 3582 spectat
2421 3549 2448 3579 P,
2461 3557 2514 3574 om.

1446 3591 1553 3615 ·Venet.
1576 3589 1654 3621 1545;
1678 3590 1715 3614 ad
1732 3595 1807 3621 quem
1820 3587 1938 3620 pertinet
1956 3595 2008 3611 orn.
2028 3586 2139 3618 EGRpH
2159 3590 2184 3610 ct
2202 3586 2280 3610 ab.—
2294 3585 2350 3610 Lin.
2370 3592 2425 3617 seq.
2444 3591 2515 3609 com-

1464 3625 1578 3650 muniter
1595 3633 1648 3649 om.
1667 3624 1712 3648 EG
1731 3623 1780 3648 ab.

2307 3672 2337 3697 32

2542 974 2649 1020 ‘comptus
2672 973 2725 995 add.

2543 1291 2553 1303 ⁴
2568 1291 2637 1313 Num.
2652 1297 2701 1319 seq.

2543 1344 2554 1355 ⁴
2568 1343 2638 1365 Num.
2653 1343 2675 1365 8.

2543 2915 2553 2925 ⁸*
2568 2914 2662 2940 deficiat
2676 2920 2710 2935 ιε.

2640 2967 2654 2996 ζ
