2840 4004
2417 243 2452 267 Xl

283 332 376 360 cern
408 317 463 358 ad
497 322 686 357 nostram
720 314 1011 369 cognitionem
1044 317 1263 352 venerunt.
1299 312 1368 350 De
1401 311 1466 351 his
1501 317 1542 351 et
1575 311 1627 351 de
1661 311 1794 351 Piana
1826 323 1938 350 nunc
1971 310 2215 365 singulatim
2250 311 2451 360 dicemus,

285 392 521 432 eorumque
557 378 740 418 editores
771 389 824 416 ex
856 373 1199 429 praefationibus,
1225 372 1260 411 si
1284 385 1391 424 quas
1420 372 1590 420 habent,
1616 372 1669 412 de
1692 386 1739 412 se
1761 372 1986 424 loquentes
2010 371 2254 420 audiemus;
2289 379 2455 426 postea,

283 454 394 494 quae
428 440 654 480 relationes
688 439 795 478 inter
828 435 1036 476 editiones
1070 434 1186 487 ipsas
1220 438 1262 472 et
1294 433 1401 472 inter
1435 433 1642 473 editiones
1677 439 1718 473 et
1751 438 1923 473 nostros
1958 432 2128 473 codices
2164 433 2355 482 existant,
2382 447 2453 474 110-

282 502 550 603 ῒὸὼιῐῃὲἓίῇο
585 550 744 601 a'nihil
778 556 1005 611 praefatur;
1040 555 1184 608 incipit
1216 554 1367 594 rubro:
1409 571 1423 590 «
1447 555 1750 595 Commentum
1774 554 1971 609 Angelici
2006 568 2054 595 ac
2084 555 2349 596 subtilissimi
2373 556 2452 596 (10-

285 625 412 664 ctoris
446 622 578 664 sancti
610 620 756 660 thome
790 618 842 658 de
876 617 1035 670 aquino
1070 616 1169 656 almi
1215 615 1556 669 praedicatorum
1596 615 1756 655 ordinis
1804 616 1845 655 in
1880 616 2012 656 libros
2054 616 2319 657 Phisicorum
2354 618 2452 658 Ari-

285 685 457 726 stotelis.
492 681 641 722 Lectio
675 679 820 733 prima.
857 696 871 714 »
911 679 1017 718 Post
1062 677 1191 717 finem
1231 677 1557 717 Commentarii:
1599 694 1612 712 «
1648 677 1831 731 Explicit
1874 683 2119 717 comentum
2152 691 2281 731 super
2320 678 2453 719 libros

284 745 549 787 Phisicorum
583 741 743 781 editum
780 740 834 780 ab
867 738 1154 779 eruditissimo
1193 751 1242 778 ac
1278 738 1555 778 subtilissimo
1609 752 1726 778 sacre
1766 738 1985 793 theologie
2021 739 2225 792 magistro
2265 753 2313 779 ac
2350 740 2452 780 divo

282 806 430 845 thoma
465 803 519 843 de
557 803 716 855 aquino
751 801 857 841 sacri
891 800 1232 854 praedicatorum
1279 799 1451 839 ordinis.
1500 800 1632 839 Anno
1677 800 1976 840 incarnationis
2026 801 2193 850 1480.»
2233 801 2280 840 In
2315 801 2452 854 primo

282 866 416 906 Libro
451 864 644 904 numerat
676 861 920 916 quindecim
937 861 1178 908 Lectiones,
1202 860 1322 900 aliter
1353 866 1495 900 tamen
1519 874 1567 900 ac
1600 866 1829 914 sequentes
1853 861 2078 901 editiones:
2115 861 2275 901 omissa
2298 875 2452 916 nempe

283 926 502 967 notatione
540 924 757 965 Lectionis
791 929 956 970 sextae,
997 922 1238 976 septimam,
1275 927 1471 961 octavam
1515 927 1557 961 et
1594 935 1751 962 nonam
1795 928 1989 962 numerat
2029 927 2233 975 tanquam
2271 929 2451 971 sextam,

283 986 584 1041 septimam'et
619 991 833 1032 octavam;
858 983 935 1024 sed
968 983 1077 1023 hanc
1111 982 1263 1023 dividit
1296 983 1337 1022 in
1362 982 1467 1022 duas
1491 989 1644 1036 partes,
1670 996 1850 1036 quarum
1878 983 1994 1023 alteri
2018 983 2246 1036 praemittit
2266 985 2363 1024 Lec.
2389 1000 2455 1032 Jx,·

285 1048 400 1102 (vide
422 1060 478 1096 lx,
511 1047 560 1101 ι);
595 1059 744 1087 ansam
777 1045 831 1086 ad
870 1045 952 1085 hoc
985 1044 1180 1098 praebuit
1213 1043 1351 1084 codex
1384 1044 1436 1092 E,
1473 1044 1526 1084 de
1561 1057 1648 1097 quo
1683 1057 1811 1097 supra
1847 1044 1976 1084 locuti
2015 1057 2174 1084 sumus.
2223 1045 2290 1085 De
2338 1051 2454 1085 textu

286 1109 530 1150 Aristotelis
565 1108 664 1148 nihil
697 1106 826 1147 habet
847 1106 927 1146 nisi
949 1106 1082 1146 verba
1114 1105 1271 1159 quibus
1304 1118 1336 1145 s.
1361 1105 1554 1145 Thomas
1587 1106 1678 1159 ipse
1713 1118 1810 1145 eum
1845 1105 1953 1145 citat.
1978 1129 1996 1135 -
2020 1106 2139 1146 Haec
2173 1105 2303 1146 editio
2339 1120 2454 1147 erro-

285 1172 401 1211 ribus
435 1170 574 1210 omnis
607 1168 777 1223 generis
810 1172 954 1207 scatet.

409 1230 553 1271 Editio
588 1230 612 1270 b
645 1235 744 1283 post
781 1229 909 1268 fin‘em
944 1227 1250 1268 Commentarii
1284 1233 1422 1267 notat:
1471 1244 1484 1263 ‹<
1520 1227 1763 1280 Expliciunt
1800 1227 2110 1281 preclarissima
2154 1230 2457 1270 commentaria

284 1292 386 1333 Divi
435 1292 605 1332 Thorne
654 1290 883 1344 Aquinatis
931 1288 1091 1329 ordinis
1140 1289 1454 1343 predicatorum
1498 1289 1741 1328 Aristotelis
1789 1289 1984 1328 fidissimi
2021 1291 2368 1330 commentatoris
2415 1291 2456 1330 in

285 1353 385 1394 VIII
418 1353 551 1392 libros
594 1352 888 1405 physicorum:
930 1350 1181 1390 correctioni
1228 1363 1324 1390 cum
1367 1350 1469 1403 ipsis
1509 1350 1695 1390 textibus
1743 1363 1873 1403 quam
1917 1349 2239 1404 diligentissime
2280 1352 2456 1392 tradita:

286 1426 544 1467 summoque
577 1412 719 1453 studio
753 1411 1021 1466 singulariter
1053 1411 1247 1451 ordinata
1279 1424 1354 1464 per
1386 1411 1554 1451 fratrem
1592 1411 1881 1465 Theophilum
1915 1424 2239 1452 cremonensem
2271 1413 2358 1453 vite
2391 1426 2456 1453 re-

285 1475 443 1530 gularis
479 1474 670 1514 eiusdem
718 1472 877 1512 ordinis
920 1472 1219 1526 professorem.
1259 1473 1471 1526 Impressa
1509 1485 1614 1512 vero
1656 1472 1698 1512 in
1742 1473 1883 1512 inclita
1914 1473 2192 1513 Venetiarum
2235 1474 2339 1514 urbe
2384 1487 2459 1528 per

284 1537 489 1576 Ioannem
530 1540 572 1574 61
614 1533 856 1587 Gregoriuu
891 1533 943 1572 de
990 1534 1200 1587 gregoriis
1242 1533 1400 1574 fratres.
1435 1534 1566 1573 Anno
1601 1547 1626 1573 a
1659 1533 1876 1573 nativitate
1920 1533 2081 1574 domini
2127 1546 2459 1575 MCCCCLXXXXII

285 1609 344 1636 v11
377 1595 472 1635 idus
506 1595 590 1634 mai
615 1613 647 1634 ›.
672 1595 740 1634 Ex
761 1594 1011 1647 prooemiali
1046 1594 1225 1646 epistola
1260 1610 1274 1629 «
1306 1594 1378 1633 Ad
1411 1594 1695 1634 reverendum
1729 1594 2111 1648 doctissimumque
2144 1595 2283 1636 virum
2318 1597 2457 1637 domi-

286 1670 389 1697 num
422 1656 699 1696 Dominicum
743 1655 995 1695 Grimanum
1037 1655 1251 1708 patritium
1283 1660 1486 1694 venetum
1525 1672 1565 1702 »,
1602 1655 1816 1695 erroribus
1859 1657 2227 1710 typographorum
2267 1658 2455 1707 sublatis,

286 1718 407 1772 plura
439 1717 716 1770 excerpimus,
742 1729 838 1756 curn
861 1715 977 1755 utilia
1007 1715 1133 1755 valde
1167 1715 1391 1755 contineat.
1422 1733 1483 1756 α...
1510 1715 1554 1769 (f.
1587 1716 1650 1764 lb,
1675 1716 1700 1756 1.
1727 1716 1804 1770 24)
1840 1716 1983 1768 Quare
2018 1731 2113 1757 cum
2147 1718 2354 1758 barbarae
2376 1719 2456 1759 hae

286 1784 437 1834 gentes
471 1784 633 1818 tantum
667 1777 884 1818 doctrinae
916 1777 1203 1817 concesserint
1235 1782 1281 1816 ut
1313 1777 1556 1831 incognitos
1590 1777 1786 1823 homines
1819 1777 2042 1832 longoque
2075 1784 2278 1819 terrarum
2318 1781 2456 1833 spatio

287 1840 492 1881 devectos
525 1840 642 1879 velut
673 1838 935 1879 domesticos
963 1838 1078 1878 cives
1101 1838 1294 1886 iuverint,
1318 1838 1563 1892 receperint,
1587 1838 1911 1879 honoraverint:
1948 1839 2051 1892 quid
2074 1840 2200 1879 nobis
2224 1854 2300 1894 pro
2334 1841 2459 1882 fratre

285 1907 433 1942 nostro
466 1899 525 1955 (si
547 1906 690 1940 tamen
714 1900 770 1940 ita
792 1899 911 1953 loqui
944 1899 1006 1939 fas
1029 1899 1125 1954 est):
1160 1912 1238 1953 pro
1273 1905 1457 1953 parente,
1492 1913 1570 1953 pro
1604 1906 1901 1954 praeceptore,
1935 1914 2014 1954 pro
2048 1906 2230 1954 patrono
2271 1915 2320 1942 ac
2354 1916 2456 1942 con-

284 1963 404 2003 tinuo
439 1962 662 2002 defensore
697 1961 798 2001 divo
833 1961 980 2001 thoma
1016 1961 1215 2014 aquinate
1240 1961 1533 2015 peragendum
1568 1967 1650 2001 est:
1685 1962 1803 2001 cuius
1832 1962 2110 2016 ,integerrima
2143 1962 2336 2003 doctrina
2368 1977 2456 2004 non

284 2024 426 2064 solum
449 2023 703 2063 sanctissimi
729 2023 858 2076 patris
881 2022 1098 2062 Dominici
1134 2035 1255 2062 sacra
1287 2022 1437 2077 religio
1462 2022 1712 2071 decoratur,
1748 2023 1824 2063 sed
1857 2029 1948 2063 tota
1980 2030 2252 2064 sacrosancta
2282 2025 2459 2065 ecclesia

285 2085 408 2138 quasi
441 2085 650 2139 languens
684 2084 858 2138 erigitur
890 2083 1059 2123 fovetur
1092 2083 1298 2124 dilatatur.
1333 2084 1459 2124 Istius
1493 2084 1706 2137 siquidem
1734 2084 2053 2138 profundissimi
2088 2084 2275 2125 doctoris
2310 2086 2457 2141 singu-

284 2145 381 2185 laris
417 2145 620 2192 doctrina,
646 2157 729 2197 que
753 2144 889 2183 indies
913 2144 1050 2198 magis
1083 2150 1211 2197 atque
1245 2145 1382 2199 magis
1407 2145 1602 2185 evirescit
1633 2159 1682 2185 ac
1716 2146 1850 2194 floret,
1879 2159 1955 2186 eos
1988 2146 2102 2186 sanis
2137 2147 2350 2187 mentibus
2373 2148 2457 2188 fru-

287 2211 378 2246 ctus
413 2205 465 2245 de
499 2218 545 2245 se
579 2205 748 2258 profert,
774 2204 846 2258 qui
870 2210 911 2244 et
943 2204 1155 2244 sanissimi
1189 2211 1287 2244 sunt
1321 2211 1362 2245 et
1393 2206 1585 2246 salubres
1620 2212 1662 2246 et
1693 2206 1976 2260 sempiterni...
2013 2207 2150 2261 (1.35>
2186 2209 2297 2248 Cum
2329 2209 2457 2263 igitur

286 2272 350 2307 tot
382 2272 585 2319 tantaque
623 2266 749 2305 nobis
783 2265 952 2305 divinus
987 2265 1139 2305 doctor
1170 2266 1306 2314 velutiv
1324 2266 1604 2307 haereditario
1639 2268 1727 2308 iure
1752 2269 2040 2309 emolumenta
2062 2269 2286 2322 reliquerit,
2311 2270 2459 2325 ingra-

288 2333 356 2367 tos
389 2327 570 2367 arbitror
595 2326 826 2366 haeredum
849 2326 1028 2374 animos,
1053 2326 1126 2379 qui
1160 2326 1350 2379 quodam
1384 2326 1445 2380 (ut
1466 2328 1524 2367 ita
1556 2328 1749 2383 dixerim)
1773 2330 1970 2384 neglectu
1995 2336 2068 2370 aut
2090 2331 2261 2385 ignavia
2288 2330 2458 2372 divinos

286 2388 456 2428 Thome
478 2387 610 2428 libros
634 2387 751 2427 omni
785 2400 837 2427 ex
869 2393 987 2441 parte
1020 2387 1199 2427 viciatos
1233 2388 1329 2428 hinc
1363 2386 1460 2428 inde
1499 2389 1647 2443 vagari
1681 2390 1914 2443 patiuntur,
1949 2397 2077 2445 atque
2111 2402 2210 2431 non·
2232 2391 2458 2433 advertunt

286 2449 483 2490 codicum
516 2448 844 2489 mendositatem
877 2448 1083 2488 lectorum
1117 2449 1284 2489 animos
1318 2463 1343 2488 a
1374 2455 1461 2489 tam
1494 2450 1651 2490 salubri
1685 2451 1961 2505 sincaeraque
2001 2452 2194 2492 doctrina
2226 2453 2463 2506 plurimum·

285 2516 487 2552 avertere.
522 2511 680 2550 Fateor
721 2523 789 2549 me
823 2509 993 2563 saepius
1035 2510 1191 2550 rubore
1225 2510 1441 2563 perfusum
1481 2524 1577 2551 611111
1621 2511 1752 2564 ipsius
1793 2514 2097 2553 commentaria
2130 2514 2171 2553 in
2214 2515 2457 2555 Aristotelis

285 2572 417 2612 libros
451 2571 693 2619 lectitarem,
718 2583 1019 2624 cerneremque
1042 2571 1138 2611 hinc
1171 2571 1283 2611 illam
1317 2577 1551 2612 truncatam
1585 2573 1848 2622 sententiam,
1873 2573 1984 2613 illinc
2018 2580 2279 2615 commutata
2310 2576 2455 2624 verba,

286 2633 408 2672 istinc
441 2632 572 2672 divini
607 2630 794 2672 doctoris
829 2632 1107 2685 depravatum
1140 2645 1331 2681 sensum,
1357 2638 1399 2672 et
1432 2633 1548 2673 omni
1583 2647 1636 2673 ex
1669 2639 1786 2687 parte
1820 2641 1891 2674 aut
1925 2635 2169 2676 deficientes
2203 2642 2276 2676 aut
2307 2650 2455 2690 super-

286 2705 497 2732 vacaneas
530 2693 687 2732 litteras
721 2706 942 2746 apparere,
973 2706 1050 2733 nec
1085 2707 1345 2747 quemquam
1379 2700 1572 2734 nostrum
1606 2695 1649 2735 in
1681 2700 1767 2735 tam
1802 2694 2052 2736 detestanda
2085 2697 2368 2738 mendositate
2392 2698 2456 2738 (11-

286 2754 397 2793 vinis
434 2753 725 2793 voluminibus
764 2754 997 2807 opitulari...
1033 2754 1081 2807 (l.
1121 2755 1208 2808 48)
1243 2755 1539 2809 Suscepissem
1563 2769 1646 2810 ego
1681 2756 1765 2796 iam
1800 2756 1962 2796 dudum
1996 2758 2225 2798 multorum
2259 2760 2455 2811 precibus

287 2814 494 2868 impulsus
528 2814 610 2854 hoc
651 2814 904 2869 emendandi
939 2828 1066 2863 onus,
1101 2828 1179 2855 nec
1218 2815 1275 2855 ita
1308 2816 1641 2857 obstinatissime
1681 2818 1939 2871 quibusdam
1981 2819 2087 2859 meis
2126 2820 2296 2872 tuisque
2334 2821 2455 2860 fami-

286 2876 458 2916 liaribus
505 2875 702 2930 refragari
746 2876 975 2930 cepissem,
1010 2876 1089 2916 nisi
1131 2877 1316 2930 aliquem
1358 2878 1448 2917 fore
1491 2891 1750 2931 sperassem,
1800 2880 1872 2932 qui
1915 2893 2005 2920 rem
2047 2880 2155 2920 hanc
2202 2881 2451 2922 melioribus

286 2937 475 2990 auspitiis
524 2950 653 2990 quam
697 2950 803 2991 ego,
837 2943 984 2991 utpote
1018 2938 1090 2991 qui
1124 2938 1310 2979 uberiori
1333 2939 1511 2992 polleret
1544 2939 1755 2988 doctrina,
1791 2941 2049 2981 conflaturus
2089 2948 2220 2982 esset.·
2248 2943 2371 2983 Hanc
2395 2949 2455 2983 et-

287 2998 398 3038 enim
421 2998 685 3051 provinciam
707 2998 869 3038 viribus
892 2999 998 3038 meis
1032 2999 1236 3052 imparem
1269 3000 1513 3049 arbitrabar,
1538 3006 1628 3040 tum
1662 3001 1763 3054 quia
1783 3015 1870 3041 non
1905 3015 1957 3042 eo
1990 3014 2059 3042 me
2088 3003 2248 3056 pollere
2281 3003 2455 3058 ingenio

286 3059 591 3099 auctoritateve
626 3059 928 3114 intelligerem,
966 3066 1013 3100 ut
1044 3060 1148 3100 tanti
1182 3060 1369 3101 doctoris
1408 3062 1723 3111 commentaria,
1764 3075 1816 3102 eo
1851 3062 1971 3116 quod
2004 3077 2030 3103 a
2067 3077 2136 3103 me
2168 3065 2455 3105 emendationi

285 3120 436 3160 tradita
466 3126 618 3168 essent,
650 3120 944 3161 mendositatis
983 3121 1229 3174 opinionem
1264 3122 1347 3162 iam
1382 3122 1436 3163 de
1469 3136 1515 3163 se
1548 3122 1739 3178 undique
1771 3124 1923 3164 factam
1956 3124 2197 3173 abiicerent,
2232 3131 2322 3165 turn
2356 3126 2455 3178 quia

286 3192 376 3220 rem
407 3180 516 3221 hanc
549 3194 627 3222 sua
665 3187 813 3222 natura
849 3182 1061 3222 difficilem
1101 3183 1305 3223 intuebar.
1340 3184 1387 3223 In
1420 3184 1498 3223 hac
1532 3184 1643 3224 enim
1678 3184 1977 3225 emendatione
2005 3198 2135 3239 opere
2168 3186 2355 3238 precium
2390 3192 2454 3226 est

287 3242 600 3282 commentariis
634 3242 735 3295 ipsis
768 3248 909 3283 textus
947 3243 1246 3284 Aristotelicos
1279 3250 1555 3298 anteponere,
1592 3258 1703 3298 quos
1743 3259 1830 3285 non
1869 3246 2008 3286 minus
2050 3246 2285 3286 mendosos
2333 3260 2451 3287 com-

287 3302 500 3342 mentariis
533 3302 700 3342 video...
726 3302 774 3355 (1.
795 3302 880 3357 58)
913 3304 984 3344 Sic
1018 3305 1144 3358 igitur
1176 3318 1244 3345 me
1277 3305 1341 3345 his
1376 3305 1430 3346 de
1464 3306 1602 3346 causis
1636 3307 1921 3355 reluctantem,
1947 3307 2001 3346 ad
2034 3307 2116 3346 hoc
2148 3307 2311 3347 viribus
2345 3309 2451 3349 meis

287 3363 422 3416 impar
455 3376 564 3402 onus
598 3363 761 3416 impulit
785 3363 931 3403 divino
955 3365 1136 3405 Doctori
1170 3365 1332 3406 dudum
1366 3367 1479 3406 illata
1512 3367 1660 3407 iniuria
1683 3368 1833 3407 iterum
1868 3373 1909 3407 et
1942 3367 2152 3407 crudelius
2183 3369 2448 3410 renovanda.

286 3424 399 3463 Nam
432 3424 710 3478 impressores
734 3423 908 3477 quidam
931 3425 1024 3464 sola
1047 3426 1274 3478 cupiditate
1297 3427 1422 3475 ducti,
1447 3428 1598 3468 iterum
1621 3428 1765 3468 omnia
1788 3428 1919 3481 ipsius
1954 3430 2257 3469 commentaria
2279 3430 2321 3470 in
2354 3431 2452 3471 Ari-

285 3485 449 3525 stotelis
486 3485 618 3525 libros
655 3485 818 3538 absque
857 3485 941 3525 ulla
982 3485 1289 3527 mendosorum
1327 3489 1629 3542 exemplarium
1673 3489 1949 3543 castigatione
1983 3489 2251 3543 impressioni
2285 3491 2450 3532 tradere

285 3546 505 3595 volebant,
538 3552 585 3586 ut
617 3546 676 3586 sic
710 3559 826 3586 error
857 3546 986 3587 errori
1020 3546 1266 3596 adderetur,
1301 3549 1504 3603 fieretque
1537 3549 1727 3590 secundo
1762 3550 2099 3603 praeclarissimo
2134 3552 2299 3593 doctori
2334 3552 2450 3593 dete-

774 3736 793 3769 a
