2898 3996
50 766 80 787 Ξ·
94 769 165 791 Num.
179 769 200 792 8.

70 927 82 937 '¹
94 927 166 949 Num.
180 933 230 955 seq.

51 985 55 993 ⁸
63 978 79 991 ⁴
91 979 162 1002 Num.
177 986 199 1007 7.

190 1501 206 1517 αἱ

38 1575 40 1587 ι
61 1565 75 1577 ⁴
91 1565 150 1588 duos
163 1572 212 1588 om.
224 1572 260 1588 εα.

37 1674 39 1678 ⁴
59 1670 74 1682 ⁴
89 1669 159 1692 Num.
174 1676 224 1699 seq.

40 2067 41 2070 Ἴ
61 2043 73 2053 ·
87 2047 118 2064 ex
134 2042 204 2064 codd.
221 2049 272 2065 exc.

58 2074 135 2097 :rupo
149 2069 192 2090 lac.

60 2253 71 2262 ’
81 2252 115 2279 fit
132 2252 202 2274 codd.
222 2259 271 2275 cxc.

57 2284 184 2305 nqszsm.

56 2357 71 2368 ⁸
81 2357 147 2380 Lect.
157 2364 209 2386 xm,
218 2364 240 2380 n.
251 2365 272 2387 3.

34 2831 36 2834 '
53 2834 69 2846 ⁴
82 2835 115 2856 sit
128 2841 175 2856 om.
190 2835 242 2857 pah.

18 3103 21 3110 ³
43 3089 68 3108 ”“
75 3096 133 3119 subl.
143 3097 206 3125 quod
218 3103 267 3119 mo-

19 3129 21 3131 *
52 3124 122 3145 vetur
135 3130 173 3146 εο.

21 3911 50 3996 ῑπῖἓᾝί*
20 3771 56 3893 “ᾸΞ“
20 3618 47 3709 E':
54 3566 56 3570 .
56 3539 58 3541 v
56 3492 58 3496 .
54 3435 56 3448 «Α

1188 271 1298 308 6ΑΡ.
1329 274 1360 318 1,
1392 274 1540 311 LECT.
1572 277 1584 311 1

310 347 534 396 inquantum
563 346 687 394 aliqua
711 359 800 396 pars
835 347 914 383 61113
947 354 1094 393 111ον61,
1125 347 1220 384 316111
1251 349 1369 385 1101110

311 399 444 437 dicitur
465 407 661 448 percutere
681 400 770 447 quia
790 411 926 436 manus
947 399 1026 435 eius
1045 400 1216 447 percutit.
1238 401 1369 437 Tertio

263 479 269 483 -
310 453 429 489 modo
468 451 600 489 dicitur
636 452 776 501 aliquid
804 463 961 489 movere
988 451 1113 500 primo
1150 459 1186 488 et
1211 464 1280 500 per
1307 465 1368 500 se,

310 505 406 542 sicut
423 504 594 542 medicus
613 512 730 542 sanat.

361 569 399 604 4.
429 557 578 594 Deinde
607 570 695 594 cum
719 557 826 595 dicit:
856 557 1043 598 Quoniam
1070 562 1195 592 autem
1223 563 1277 593 est
1302 557 1368 593 ali-

309 611 400 660 quid
426 618 508 658 etc.‚
536 610 708 660 procedit
736 611 784 647 ad
812 609 1061 647 dividendum
1085 616 1234 645 motum
1262 614 1276 635 ⁷
1306 621 1368 645 θο-

310 663 397 700 dem
427 664 545 700 modo
565 676 611 700 ex
629 670 734 712 parte
762 662 921 699 termini.
948 662 996 698 Et
1018 660 1142 709 primo
1167 661 1368 710 praemittit

309 716 497 764 quaedam
516 716 783 765 praeambula;
808 714 976 751 secundo
1001 713 1109 762 ponit
1128 713 1365 760 divisionem,

307 768 380 805 ibi:
399 770 468 805 Est
492 774 616 805 autem
636 774 672 805 et
697 768 733 804 in
754 767 824 804 illis
841 769 862 789 ³¹³
881 774 949 804 etc.
975 766 1085 803 Circa
1103 767 1270 815 primurn
1298 766 1366 803 tria

307 821 413 858 facit:
446 821 571 869 primo
599 820 707 869 ponit
737 827 830 868 quot
857 819 1094 868 requirantur
1122 819 1171 856 ad
1199 826 1364 864 motum;

307 874 476 910 secundo
505 880 700 921 comparat
732 885 778 909 ea
805 873 854 909 ad
882 871 1057 919 invicem,
1087 872 1159 908 ibi:
1194 871 1364 908 Alterum

306 926 404 962 enim
437 931 492 962 est
517 926 618 973 quod
636 926 656 946 '¹‘
676 933 758 970 etc.;
779 925 886 961 tertio
912 924 1022 961 solvit
1045 924 1238 974 quandam
1259 924 1365 961 dubi-

305 978 498 1025 tationem,
514 978 583 1015 ibi:
608 978 707 1020 Quid
723 977 870 1026 quidem
891 977 1007 1026 igitur
1022 979 1042 998 *
1058 985 1126 1014 etc.
1147 977 1246 1014 Dicit
1275 989 1363 1024 ergo

303 1030 429 1080 primo
454 1031 559 1079 quod
579 1031 627 1068 ad
645 1037 795 1067 motum
824 1030 1063 1079 requiruntur
1081 1030 1259 1080 quinque.
1285 1030 1364 1066 Pri-

304 1095 370 1120 mo
409 1084 607 1132 requiritur
637 1083 806 1132 primum
843 1095 1026 1130 movens,
1061 1095 1083 1119 a
1116 1096 1192 1132 quo
1226 1082 1364 1119 scilicet

305 1143 361 1173 est
390 1136 618 1186 principium
655 1144 792 1173 motus.
828 1136 1006 1173 Secundo
1044 1136 1244 1185 requiritur
1281 1147 1362 1172 mo-

303 1189 376 1226 bile
414 1191 518 1238 quod
552 1196 738 1227 movetur.
769 1189 920 1236 Tertio,
957 1196 1109 1238 tempus
1137 1189 1175 1226 in
1203 1201 1279 1237 quo
1309 1196 1364 1225 est

271 1245 279 1250 ’
303 1249 442 1279 motus.
473 1244 522 1279 Et
548 1250 698 1291 praeter
725 1242 794 1279 ista
820 1242 889 1279 tria
917 1242 1158 1290 requiruntur
1185 1242 1262 1279 duo
1291 1249 1361 1278 ter-

303 1295 417 1341 mini;
446 1307 545 1332 unus
565 1295 704 1332 scilicet
732 1307 777 1331 ex
805 1307 882 1343 quo
902 1295 1031 1343 incipit
1049 1302 1191 1341 motus;
1214 1302 1249 1331 61
1267 1295 1362 1331 alius

302 1347 342 1384 in
370 1360 486 1397 quem
514 1356 640 1385 motus
666 1348 856 1397 procedit:
886 1349 1012 1385 omnis
1041 1348 1142 1384 enim
1162 1355 1288 1384 motus
1309 1355 1364 1384 est

303 1413 326 1437 a
353 1401 523 1449 quodam
552 1401 590 1438 in
617 1401 812 1450 quiddam.

328 1501 337 1504 μ
360 1455 392 1490 5.
413 1454 561 1491 Deinde
590 1466 678 1490 cum
702 1454 810 1491 dicit:
838 1454 1008 1490 Alterum
1028 1453 1126 1490 enim
1156 1459 1238 1500 etc.,
1260 1465 1363 1489 corn-

301 1514 409 1554 parat
439 1506 646 1555 praemissa
683 1507 732 1543 ad
768 1506 944 1543 invicem.
975 1507 1024 1543 Et
1058 1506 1183 1554 primo
1221 1506 1362 1542 mobile

302 1559 351 1596 ad
379 1560 476 1596 duos
503 1560 524 1580 *
550 1559 733 1596 16111111103
752 1566 894 1606 11101113;
924 1560 1092 1596 3661111ᾰο
1113 1559 1210 1596 duos
1237 1559 1362 1595 termi-

301 1624 372 1649 nos
409 1619 535 1649 motus
573 1611 620 1649 ad
657 1612 842 1658 invicem,
882 1613 953 1649 ibi:
988 1613 1122 1662 Magis
1163 1617 1287 1648 autem
1325 1612 1361 1648 in

301 1666 401 1713 quod
420 1666 440 1686 *
459 1672 526 1702 616.
548 1664 647 1702 Dicit
667 1677 756 1713 ergo
775 1665 900 1714 primo
929 1665 1034 1714 quod
1053 1665 1089 1702 id
1110 1665 1214 1712 quod
1237 1665 1361 1713 primo

301 1725 337 1754 et
354 1729 423 1767 per
442 1730 482 1754 se
501 1725 689 1765 movetur,
710 1719 868 1754 alterurn
889 1726 943 1755 est
962 1730 984 1754 a
1007 1718 1169 1754 termino
1189 1717 1227 1754 in
1247 1730 1362 1766 quem

299 1770 419 1807 tendit
445 1778 594 1818 motus,
615 1779 651 1808 et
678 1783 701 1808 a
728 1771 890 1807 termino
911 1784 933 1808 a
961 1783 1038 1820 quo
1067 1778 1194 1807 motus
1213 1771 1360 1819 incipit;

300 1823 395 1860 sicut
420 1830 523 1872 patet
541 1823 579 1860 in
606 1823 683 1861 istis
710 1823 843 1871 tribus,
864 1824 1018 1871 lignum,
1050 1824 1213 1861 calidum
1243 1832 1279 1860 et
1302 1824 1361 1860 fri-

299 1876 442 1924 gidum.
463 1877 506 1913 In
524 1883 632 1913 motu
647 1877 748 1913 enirn
765 1877 1027 1923 calefactionis,
1048 1877 1190 1925 lignum
1205 1876 1360 1925 quidem

301 1937 356 1966 est
386 1928 598 1966 subiectum
631 1929 791 1977 mobile,
822 1930 922 1968 aliud
958 1943 1064 1978 vero,
1100 1929 1238 1966 scilicet
1276 1930 1360 1966 cali-

301 1982 406 2029 dum,
428 1989 483 2019 est
500 1982 688 2019 terminus
702 1982 751 2019 ad
779 1995 912 2031 quern,
934 1983 1034 2020 aliud
1059 1990 1203 2030 autem,
1224 1982 1361 2020 scilicet

299 2035 491 2082 frigidum,
522 2042 576 2071 est
602 2036 784 2072 terminus
813 2049 835 2072 a
862 2036 882 2057 ³³
911 2048 1001 2084 quo.
1030 2036 1130 2073 Dicit
1165 2043 1293 2073 autem
1321 2036 1360 2072 id

301 2087 406 2136 quod
433 2095 612 2125 movetur
634 2089 802 2136 primum
832 2101 913 2125 esse
942 2090 1101 2125 alterum
1122 2089 1169 2125 ab
1198 2097 1359 2137 utroque

299 2140 474 2188 termino,
501 2140 591 2189 quia
610 2141 699 2178 nihil
722 2141 899 2189 prohibet
917 2141 955 2178 id
974 2141 1079 2189 quod
1098 2149 1276 2178 movetur
1289 2153 1360 2189 per

299 2193 490 2239 accidens,
526 2205 606 2230 esse
645 2194 804 2231 alterum
841 2191 1117 2230 terminorum:
1147 2194 1359 2231 subiectum

301 2246 414 2294 enim,
438 2253 479 2282 ut
497 2246 660 2293 lignum,
683 2254 738 2282 est
756 2247 794 2283 id
813 2247 918 2295 quod
938 2247 1060 2283 calefit
1080 2247 1099 2267 '¹‘
1117 2259 1185 2294 per
1205 2259 1256 2292 se;
1285 2247 1358 2295 pri-

298 2299 400 2336 vatio
420 2311 513 2336 vero
543 2307 580 2336 et
608 2300 855 2347 contrarium,
884 2307 926 2336 ut
953 2299 1141 2347 frigidum,
1173 2307 1227 2336 est
1254 2299 1358 2348 quod

300 2352 423 2389 calefit
436 2364 505 2400 per
519 2352 704 2400 accidens,
717 2360 759 2389 ut
773 2353 811 2389 in
824 2352 948 2402 primo
966 2354 985 2373 ²¹*
1002 2352 1143 2389 dictum
1159 2360 1224 2389 est.
1243 2353 1359 2399 Quod

299 2413 426 2442 autem
454 2405 596 2442 mobile
625 2405 671 2441 sit
708 2405 866 2442 alterum
896 2406 942 2442 ab
976 2413 1137 2454 utroque
1174 2405 1356 2452 termino,

299 2466 574 2506 consequenter
596 2459 732 2506 probat
758 2470 826 2507 per
853 2459 927 2495 hoc
956 2457 1059 2506 quod
1091 2465 1217 2494 motus
1247 2466 1301 2494 est
1320 2458 1357 2494 in

298 2510 479 2558 subiecto,
509 2511 605 2548 sicut
632 2511 670 2548 in
698 2510 817 2559 lign03
847 2524 926 2548 non
953 2518 1080 2547 autem
1101 2518 1156 2547 est
1183 2511 1221 2547 in
1241 2512 1356 2547 altero

297 2563 559 2611 terminorum,
579 2575 703 2613 neque
727 2564 766 2600 in
794 2564 918 2613 specie
938 2563 1012 2600 albi
1032 2575 1156 2612 neque
1176 2564 1213 2600 in
1233 2564 1356 2612 specie

297 2615 402 2664 nigri.
433 2616 482 2652 Et
508 2618 582 2653 1106
615 2623 717 2665 patet
744 2629 812 2665 per
839 2617 928 2663 hoe,
960 2617 1062 2665 quod
1095 2617 1185 2653 illud
1213 2617 1250 2653 in
1279 2629 1356 2664 quo

298 2675 353 2704 est
377 2675 516 2716 motus,
545 2676 736 2706 movetur:
766 2670 948 2706 terminus
982 2677 1108 2706 autern
1138 2677 1264 2706 motus
1292 2682 1357 2706 ne-

298 2733 371 2769 que
400 2729 533 2758 movet
550 2733 674 2769 neque
703 2729 900 2758 movetur:
921 2722 1002 2758 sive
1025 2722 1206 2758 terminus
1230 2730 1356 2759 motus

298 2774 343 2810 sit
369 2773 522 2821 species,
552 2775 646 2812 idest
674 2774 841 2821 qualitas,
870 2781 912 2810 ut
939 2774 979 2810 in
1011 2774 1247 2815 alteratione:
1277 2775 1355 2812 sive

297 2827 342 2863 sit
361 2827 478 2873 locus,
498 2834 540 2863 ut
558 2827 595 2864 in
618 2833 726 2863 motu
753 2826 882 2872 locali;
918 2826 997 2862 sive
1027 2826 1071 2862 sit
1100 2828 1119 2847 '²²
1149 2834 1352 2875 quantum,

296 2887 338 2916 ut
361 2878 400 2915 in
427 2887 536 2916 motu
560 2879 752 2927 augmenti
777 2886 812 2916 et
832 2878 1072 2916 decrementi.
1095 2880 1170 2916 Sed
1191 2891 1354 2916 movens

297 2939 430 2969 movet
448 2932 659 2970 subiectum
679 2932 784 2980 quod
802 2939 990 2977 movetur,
1008 2932 1043 2968 in
1060 2932 1160 2980 quod
1173 2938 1352 2978 movetur,

296 2985 392 3022 idest
419 2984 457 3021 in
493 2985 699 3022 terminum
725 2985 772 3022 ad
805 2997 931 3033 quem.
967 2984 1066 3030 Quia
1101 2996 1189 3031 ergo
1228 2992 1354 3022 motus

297 3045 352 3073 est
383 3037 422 3074 in
455 3039 622 3075 subiecto
662 3037 765 3086 quod
801 3044 997 3083 movetur,
1036 3049 1114 3074 non
1151 3044 1278 3073 autem
1316 3038 1353 3074 in

296 3090 470 3137 termino,
487 3090 728 3127 manifestum
749 3097 804 3127 est
822 3089 925 3139 quod
946 3090 1157 3126 subiectum
1173 3090 1314 3126 mobile
1334 3092 1353 3112 ²st

291 3149 352 3194 ,est
379 3142 480 3180 aliud
508 3156 530 3180 a
557 3143 718 3180 termino
749 3151 886 3180 motus.

350 3197 386 3232 6.
403 3195 553 3232 Deinde
573 3208 659 3232 cum
677 3195 783 3232 dicit:
803 3196 935 3245 Magis
955 3201 1078 3232 autem
1099 3195 1135 3230 in
1156 3195 1256 3242 quod
1270 3202 1350 3240 etc.,

296 3255 492 3297 comparat
517 3255 719 3296 utrumque
747 3248 995 3284 terminorum
1024 3248 1072 3284 ad
1099 3246 1274 3283 invicem.
1305 3248 1353 3282 Et

296 3301 382 3339 dicit
422 3300 526 3350 quod
563 3300 720 3337 mutatio
757 3300 876 3347 magis
921 3299 1186 3336 denominatur
1221 3311 1243 3334 a
1280 3306 1350 3335 ter-

347 3415 374 3450 γ)
393 3415 429 3440 ad
456 3413 625 3439 dividendum
653 3415 760 3436 motum.
774 3411 842 3436 —ad
861 3411 1075 3443 distinguendum
1105 3413 1203 3435 motum
1227 3411 1246 3434 P
1269 3411 1348 3450 corri-

293 3452 378 3484 gendo
397 3450 531 3475 lectionem
550 3449 604 3473 ab:
621 3447 659 3472 ad
676 3446 864 3471 ostendendum
890 3449 1002 3474 motum,
1022 3453 1089 3477 quae
1108 3449 1147 3469 est
1166 3450 1292 3477 corrupuo
1312 3446 1346 3469 le-

293 3487 383 3512 ctionis
402 3485 439 3510 ad
457 3483 626 3509 dividendum
646 3485 743 3506 motum
758 3481 956 3510 BEFGHLNR;
975 3481 1012 3504 ad
1030 3479 1219 3504 ostendendum
1238 3480 1272 3503 al.
1287 3480 1346 3504 l’ra.

2403 294 2476 331 229

1426 350 1529 387 mino
1555 353 1603 388 ad
1635 365 1769 401 quern,
1806 367 1920 403 quam
1955 368 1977 392 a
2013 357 2172 394 termino
2203 370 2224 394 a
2257 370 2355 407 quo:
2386 359 2476 397 sicut

1426 404 1613 459 corruptio
1649 406 1780 442 dicitur
1812 408 1967 444 mutatio
1997 408 2034 445 in
2063 422 2140 446 non
2170 422 2267 458 esse,
2303 413 2477 460 quamvis

1425 455 1514 511 illud
1530 457 1633 503 quod
1653 460 1903 515 corrumpitur
1922 469 2086 498 mutetur
2101 474 2145 498 ex
2161 475 2260 509 esse3
2282 475 2302 499 e
2332 471 2477 501 contra-

1425 518 1479 542 rio
1499 517 1687 553 generatio
1709 519 1763 547 est
1784 513 1938 549 mutatio
1958 513 1996 550 in
2017 526 2108 561 esse,
2130 516 2304 563 quamvis
2328 516 2478 565 incipiat

1424 570 1446 594 a
1473 571 1550 617 non
1581 572 1673 598 esse.
1704 563 1858 600 Nomen
1886 573 2011 602 autem
2040 568 2288 613 generationis
2317 569 2365 605 ad
2394 581 2475 606 esse

1422 619 1601 658 pertinet,
1637 615 1882 663 corruptionis
1914 630 2006 653 vero
2041 619 2089 654 ad
2122 632 2199 656 non
2228 632 2319 657 6336.
2355 621 2476 658 Huius

1423 671 1550 700 autem
1572 666 1590 685 '⁴⁴
1610 666 1703 702 ratio
1736 675 1806 713 est,
1828 669 1915 716 quia
1942 682 2010 717 per
2035 672 2281 709 mutationem
2310 674 2476 710 aufertur

1422 716 1602 753 terminus
1631 730 1653 753 a
1681 731 1768 766 quo,
1795 728 1830 756 et
1855 722 2054 768 acquiritur
2071 724 2252 761 terminus
2272 726 2320 761 ad
2340 738 2472 774 quem:

1422 768 1523 804 unde
1542 777 1668 806 motus
1696 771 1844 808 videtur
1872 785 2079 821 repugnare
2102 777 2262 813 termino
2283 790 2304 813 a
2324 790 2418 826 qUO,
2440 786 2475 815 et

1423 822 1724 859 convenientiam
1746 825 1886 861 habere
1907 838 1993 862 cum
2022 828 2181 865 termino
2212 830 2259 866 ad
2287 842 2417 878 quem3
2440 839 2474 867 et

1420 881 1573 921 propter
1600 875 1674 911 hoc
1702 876 1749 911 ab
1779 889 1825 912 eo
1855 878 2130 916 denominatur.

1474 937 1508 973 7.
1531 927 1678 963 Deinde
1708 940 1794 964 curn
1823 929 1923 966 dicit:
1958 931 2055 972 Quid
2081 933 2226 980 quidem
2256 933 2370 982 igitur
2396 946 2474 971 mo-

1419 982 1476 1013 tus
1489 979 1536 1014 sit
1553 987 1634 1026 etc.,
1655 980 1765 1017 solvit
1784 983 1974 1029 quandam
2003 984 2286 1022 dubitationem.
2311 987 2359 1022 Et
2379 987 2475 1023 circa

1418 1030 1493 1088 hoc
1512 1031 1580 1088 tria
1599 1032 1695 1068 facit.
1717 1033 1845 1070 Primo
1864 1036 2066 1082 praemittit
2085 1038 2160 1073 duo
2181 1050 2278 1085 quae
2305 1051 2349 1074 ex
2367 1051 2474 1087 prae-

1419 1094 1542 1140 11113313
1571 1092 1655 1120 311111
1683 1086 1898 1123 manifesta:
1919 1100 2081 1135 quorum
2100 1090 2267 1138 primum
2287 1099 2342 1127 est
2369 1093 2472 1139 quod

1418 1147 1457 1171 ln
1484 1136 1590 1171 tertio
1612 1137 1631 1156 '¹‘
1658 1137 1798 1174 dictum
1828 1146 1882 1174 est
1905 1140 1993 1187 quid
2022 1141 2067 1177 sit
2094 1150 2235 1188 motus;
2265 1144 2473 1181 secundum

1419 1194 1474 1224 est
1488 1189 1592 1236 quod
1607 1189 1646 1225 in
1659 1190 1970 1237 praecedentibus
1985 1193 2200 1231 immediate
2215 1195 2354 1232 dictum
2371 1204 2425 1233 est
2438 1199 2468 1245 ⁸²,

1418 1242 1522 1288 quod
1535 1242 1683 1289 species,
1699 1242 1795 1279 idest
1813 1244 1970 1291 qualitas
1986 1247 2018 1292 ³³,
2040 1254 2074 1282 et
2092 1247 2196 1283 locus
2216 1255 2252 1284 et
2270 1261 2472 1296 quaecum-

1418 1305 1491 1341 que
1505 1295 1709 1342 passiones,
1730 1295 1825 1332 idest
1841 1297 2034 1344 passibiles
2054 1299 2257 1346 qualitates,
2273 1313 2368 1348 quae
2389 1310 2474 1339 sunt

1417 1354 1567 1383 termini
1595 1355 1734 1394 motus,
1755 1360 1833 1384 non
1851 1358 2066 1398 moventur,
2089 1363 2175 1387 curn
2195 1352 2232 1388 in
2261 1353 2312 1388 eis
2332 1365 2409 1390 non
2429 1355 2473 1391 sit

1418 1407 1557 1447 motus,
1577 1407 1618 1436 ut
1637 1400 1779 1437 dictum
1809 1409 1863 1437 est
1882 1402 1919 1448 *3
1941 1410 1981 1439 ut
2007 1411 2108 1451 patet
2135 1403 2173 1440 in
2192 1405 2354 1451 scientia,
2376 1419 2471 1454 quae

1420 1460 1474 1489 est
1501 1453 1691 1500 quaedam
1720 1454 1875 1501 species,
1898 1463 1932 1491 61
1961 1457 2095 1504 calore,
2118 1457 2180 1505 qui
2203 1465 2256 1493 est
2285 1459 2473 1505 quaedam

1418 1506 1543 1554 passio
1577 1507 1638 1542 vel
1665 1507 1850 1555 passibilis
1879 1508 2047 1556 qualitas.

1473 1559 1650 1595 Secundo
1679 1559 1747 1595 ibi:
1775 1561 1825 1595 Et
1850 1561 2028 1597 dubitabit
2055 1561 2187 1609 aliquis
2217 1570 2297 1610 etc.,
2327 1563 2434 1611 ponit
2460 1561 2474 1584 δ
2597 1567 2609 1591 ὖ

1417 1611 1578 1658 1611111111,
1601 1612 1646 1648 de
1676 1624 1752 1660 quo
1782 1620 1837 1648 est
1864 1613 2055 1650 dubitatio.
2087 1615 2135 1650 Et
2163 1614 2250 1651 dicit
2277 1616 2380 1663 quod
2409 1615 2472 1652 ali-

1417 1664 1500 1712 quis
1529 1665 1696 1701 dubitare
1724 1673 1859 1713 potest,
1879 1674 2005 1702 utrum
2019 1667 2222 1714 passiones,
2243 1668 2339 1704 idest
2355 1668 2472 1716 passi-

1417 1717 1510 1754 biles
1539 1718 1754 1765 qualitates,
1784 1726 1824 1754 ut
1852 1719 1953 1755 calor
1990 1727 2025 1755 et
2052 1719 2165 1766 frigus
2203 1728 2239 1756 et
2266 1721 2400 1757 albedo
2438 1729 2472 1758 et

1417 1771 1585 1818 nigredo,
1604 1783 1647 1807 ex
1662 1782 1739 1818 quo
1755 1783 1833 1807 non
1847 1779 2060 1819 moventur,
2078 1773 2149 1809 sint
2164 1773 2317 1820 quidam
2332 1781 2469 1810 motus.

2502 684 2549 715 {Et
2555 685 2622 706 lautus
2631 692 2651 709 11.
2661 686 2712 708 Hu-

2502 717 2537 731 ius
2553 715 2595 732 cet.
2615 718 2663 734 cxc.
2683 719 2711 734 tr

2502 742 2570 758 cnm.

2501 1155 2509 1163 ¹
2524 1154 2585 1175 Lect.
2601 1161 2616 1176 11
2631 1161 2694 1183 seqq.

2500 1206 2510 1216 ⁴⁸
2524 1205 2594 1227 Num.
2609 1212 2628 1234 5.

2499 1258 2510 1268 ⁸
2524 1259 2650 1285 qualitates
2665 1265 2705 1280 co-

2500 1283 2570 1306 dices.

2501 1416 2510 1425 ⁶
2525 1415 2585 1437 Ibid.

1469 1823 1599 1860 Tertio
1637 1824 1704 1860 ibi:
1733 1824 1818 1860 Erit
1852 1825 1949 1861 enim
1986 1825 2036 1861 ad
2070 1831 2210 1861 motum
2246 1833 2335 1873 etc.,
2372 1827 2472 1863 ducit

1416 1876 1464 1913 ad
1492 1876 1776 1923 inconveniens,
1798 1876 1827 1912 si
1855 1878 1929 1913 hoc
1956 1885 2128 1926 ponatur.
2160 1878 2258 1914 Cum
2292 1878 2392 1915 enim
2421 1880 2470 1915 al-

1415 1929 1515 1966 bedo
1545 1929 1590 1979 sit
1616 1929 1797 1965 terminus
1825 1929 1863 1966 in
1888 1942 2003 1977 quern
2034 1938 2088 1966 est
2105 1938 2248 1978 motus,
2278 1931 2308 1966 si
2336 1932 2469 1968 albedo

1415 1981 1460 2017 sit
1488 1990 1626 2028 motus,
1648 1982 1815 2029 sequitur
1833 1984 1937 2030 quod
1966 1991 2092 2019 motus
2111 1983 2156 2019 sit
2182 1983 2362 2020 terminus
2390 1997 2471 2020 mo-

1414 2042 1484 2081 tus,
1501 2036 1605 2083 quod
1624 2047 1702 2071 non
1721 2043 1845 2083 potest
1865 2048 1956 2082 esse,
1973 2043 2014 2072 ut
2032 2036 2127 2072 infra
2142 2036 2161 2056 *
2176 2036 2404 2084 probabitur.
2422 2038 2470 2073 Et

1415 2100 1458 2124 ex
1479 2088 1554 2124 hoc
1582 2088 1806 2124 determinat
1823 2088 2030 2135 veritatem,
2053 2096 2089 2125 et
2107 2088 2193 2126 dicit
2212 2089 2316 2136 quod
2335 2089 2468 2125 albedo

1413 2153 1492 2176 non
1512 2147 1566 2176 est
1585 2148 1722 2188 motus,
1744 2141 1810 2177 sed
1829 2141 1978 2178 albatio.
2004 2141 2119 2178 Addit
2138 2149 2265 2178 autem
2282 2142 2469 2190 fortassis,

1414 2193 1503 2240 quia
1521 2193 1695 2230 nondum
1722 2194 1899 2241 probavit
1918 2194 2021 2242 quod
2050 2201 2176 2231 motus
2196 2207 2273 2230 non
2297 2195 2469 2231 termine-

1413 2253 1472 2282 tur
1499 2245 1537 2281 in
1566 2254 1714 2282 motum
1744 2252 1765 2282 ³.
2409 2247 2412 2250 ”
2593 2256 2603 2271 2

1468 2299 1502 2335 8.
1524 2298 1671 2335 Deinde
1692 2311 1780 2335 cum
1811 2299 1913 2335 dicit:
1933 2300 2002 2335 Est
2027 2304 2150 2335 autem
2171 2305 2206 2335 et
2232 2300 2267 2335 in
2297 2300 2366 2336 illis
2386 2307 2465 2344 etc.,

1414 2363 1458 2387 ex
1487 2363 1564 2398 quo
1593 2351 1742 2387 termini
1763 2359 1888 2387 motus
1917 2359 2003 2387 sunt
2027 2352 2128 2388 aliud
2149 2364 2170 2388 a
2198 2352 2328 2388 mobili
2349 2360 2384 2388 et
2411 2365 2432 2388 a
2450 2353 2470 2373 '¹¹‘

1413 2412 1603 2450 movente,
1625 2411 1666 2440 ut
1685 2411 1877 2440 ostensum
1900 2411 1954 2440 631
1966 2405 1998 2450 *,
2021 2404 2182 2441 ostendit
2201 2405 2304 2452 quod
2323 2412 2470 2453 praeter

1413 2456 1638 2493 divisionem
1658 2464 1796 2504 motus,
1817 2469 1914 2504 quae
1930 2457 2108 2505 accipitur
2127 2470 2171 2493 ex
2186 2464 2290 2506 parte
2310 2470 2467 2494 moven-

1412 2510 1456 2546 tis
1486 2517 1521 2546 et
1548 2509 1718 2556 mobilis,
1746 2510 1923 2547 dividitur
1958 2510 2064 2546 tertio
2094 2517 2218 2546 motus
2249 2512 2267 2531 ss
2293 2523 2336 2546 ex
2363 2518 2467 2558 parte
2494 2522 2666 2550 *modoonpn

1412 2562 1571 2599 termini.
1593 2563 1642 2598 Et
1669 2563 1757 2610 quia
1785 2562 1967 2599 terminus
1996 2563 2044 2599 ad
2064 2575 2178 2611 quem
2207 2563 2324 2610 magis
2351 2563 2466 2599 deno-

1412 2615 1532 2652 minat
1559 2622 1707 2651 motum
1737 2627 1851 2663 quam
1880 2615 2061 2652 terminus
2091 2628 2112 2652 a
2140 2627 2227 2663 quo,
2257 2623 2297 2651 ut
2326 2615 2464 2652 dictum

1412 2676 1467 2705 est
1487 2669 1517 2715 ²⁸²,
1539 2668 1672 2717 accipit
1699 2668 1925 2705 divisionem
1950 2676 2076 2704 motus
2104 2680 2181 2704 non
2202 2680 2245 2703 ex
2271 2675 2375 2716 parte
2395 2675 2464 2703 ter-
2491 2680 2502 2690 ⁸
2516 2679 2585 2700 Num.
2602 2679 2623 2701 6.

1411 2721 1504 2758 mini
1533 2733 1555 2757 a
1582 2733 1672 2769 quo,
1693 2721 1759 2758 sed
1789 2733 1833 2757 ex
1861 2728 1964 2769 parte
1985 2721 2132 2758 termini
2161 2721 2207 2757 ad
2228 2733 2342 2768 quem
2370 2720 2394 2756 ζ.
2417 2721 2464 2756 Ε1
2587 2725 2602 2753 ζ

1411 2774 1497 2810 dicit
1525 2774 1628 2822 quod
1661 2773 1772 2810 etiam
1803 2775 1822 2795 '3
1847 2786 1890 2810 ex
1909 2781 2012 2822 parte
2042 2774 2200 2818 illorum,
2228 2773 2363 2809 scilicet
2394 2780 2463 2808 ter·
2489 2779 2647 2830 {dixu-‘2¹35
2667 2785 2695 2800 ΑΒ

1409 2826 1618 2872 1111110111111,
1638 2834 1763 2874 potest
1790 2826 1906 2875 accipi
1926 2826 1964 2862 in
1993 2834 2098 2862 motu
2118 2825 2256 2873 aliquid
2272 2825 2378 2873 quod
2408 2833 2461 2861 est

1408 2891 1477 2926 per
1511 2878 1695 2925 accidens,
1718 2886 1753 2915 et
1781 2879 1919 2926 aliquid
1948 2879 2052 2927 quod
2071 2886 2126 2915 est
2153 2872 2359 2914 secundum
2378 2890 2462 2925 par-

1407 2939 1484 2968 tem
1514 2939 1550 2968 et
1573 2932 1782 2968 secundum
1811 2931 1921 2977 aliud,
1944 2939 1979 2967 et
1998 2931 2135 2980 aliquid
2157 2932 2176 2951 ‘¹
2196 2931 2297 2979 quod
2319 2938 2371 2966 est
2390 2930 2461 2978 pri-

1407 2996 1473 3020 mo
1503 2992 1539 3021 61
1557 2997 1635 3021 11011
1654 2984 1864 3020 secundum
1887 2984 1998 3020 aliud.
2017 2985 2088 3020 Per
2103 2983 2273 3020 accidens
2293 2983 2458 3031 quidem,

1407 3037 1501 3073 sicut
1520 3037 1550 3073 si
1570 3037 1713 3074 dicatur
1731 3037 1750 3057 '¹‘
1770 3038 1815 3073 de
1837 3049 1882 3072 eo
1903 3036 2007 3084 quod
2026 3037 2067 3072 fit
2087 3036 2225 3081 album,
2247 3035 2350 3083 quod
2379 3047 2459 3071 mu-
2485 3040 2694 3087 {1³2⁶ffl.²35‹¹02“ss

1405 3097 1503 3126 tatur
1530 3089 1568 3126 in
1596 3089 1634 3126 id
1668 3089 1771 3137 quod
1808 3089 2019 3135 intelligitur
2045 3089 2105 3124 vel
2143 3087 2378 3134 cognoscitur
2410 3088 2456 3122 ab
2485 3098 2521 3112 ⁰¹³-

1406 3142 1551 3190 aliqUO,
1574 3142 1641 3178 erit
1658 3143 1732 3178 hoc
1755 3154 1823 3189 per
1841 3141 2033 3177 accidens:
2054 3140 2185 3176 accidit
2213 3140 2313 3175 enim
2342 3139 2456 3174 colori

1405 3194 1490 3230 albo
1525 3194 1629 3242 quod
1665 3194 1894 3240 intelligatur.
1926 3193 1964 3228 Si
1994 3200 2118 3228 autem
2156 3191 2297 3228 dicatur
2333 3190 2379 3226 de
2409 3203 2454 3226 eo

1404 3247 1508 3294 quod
1536 3246 1578 3282 fit
1610 3247 1759 3292 album,
1788 3246 1888 3293 quod
1919 3251 2081 3280 mutetur
2108 3244 2145 3279 in
2174 3244 2350 3288 colorem,
2381 3243 2454 3278 hoc
2481 3260 2491 3270 ·
2514 3260 2591 3281 smum
2618 3262 2685 3283 codd.

1405 3298 1473 3335 erit
1491 3298 1700 3335 secundum
1728 3305 1894 3346 partem:
1924 3296 2055 3332 dicitur
2082 3295 2101 3315 ’¹‘
2131 3295 2230 3331 enim
2259 3294 2393 3331 mutari
2416 3294 2453 3332 in
2481 3292 2530 3307 ω’
2553 3293 2651 3314 “mm
2674 3294 2687 3309 ¹³

2497 2046 2508 2056 ⁴
2516 2046 2616 2073 Lecxam,
2626 2052 2648 2068 n.
2655 2053 2705 2074 sqq.

2496 2359 2506 2370 ⁶
2521 2365 2535 2380 a
2551 2365 2597 2381 om.
2611 2359 2678 2381 codd.

2495 2422 2505 2433 '¹
2520 2422 2588 2443 Num.
2603 2428 2622 2450 5.

2487 2936 2498 2946 *
2516 2935 2582 2956 aliud
2603 2942 2693 2962 muno-s

2488 2962 2531 2988 ab,
2547 2968 2594 2983 orn.
2610 2968 2629 2983 Β.

2481 3312 2522 3333 luc.

1401 3411 1475 3435 codd.
1490 3416 1515 3435 et
1533 3418 1550 3435 a
1560 3412 1588 3438 b,-
1606 3411 1666 3435 item
1686 3418 1756 3434 num.
1771 3417 1825 3441 seq.
1841 3416 1886 3440 pro
1905 3407 1992 3432 Tertio
2012 3407 2059 3431 ibi:
2075 3406 2135 3431 Erit
2153 3406 2220 3431 enim
2234 3406 2270 3431 ad
2283 3409 2380 3431 motum
2395 3410 2451 3436 etc.,

1401 3446 1480 3475 ducit,
1496 3445 1590 3470 habent
1612 3445 1699 3470 Tertio
1718 3445 1790 3468 ducit
1809 3444 1882 3467 codd.
1897 3448 1922 3467 et
1939 3442 1988 3466 ab.

1453 3481 1475 3514 ε)
1495 3481 1520 3504 in
1542 3484 1648 3505 motum.
1662 3492 1681 3499 ·-
1694 3483 1719 3503 et
1732 3482 1808 3503 ‘motu
1828 3479 1856 3507 B,
1875 3478 1912 3501 ad
1931 3479 2027 3501 motum
2048 3477 2075 3505 F,
2096 3476 2121 3500 in
2147 3479 2216 3501 moto
2236 3476 2337 3510 (margo
2356 3477 2396 3501 vel
2413 3477 2450 3502 ad

293 3521 464 3546 dividendum
484 3520 515 3551 S3
535 3524 581 3544 cet.
596 3523 623 3542 ut
640 3518 696 3546 ab,·
715 3517 781 3541 conf.
794 3517 818 3541 in
838 3516 916 3548 princ.
932 3516 988 3540 lect.
1001 3515 1103 3539 accedit
1121 3514 1157 3539 ad
1176 3514 1344 3539 dividendum
1400 3515 1509 3547 motum)
1529 3515 1562 3545 Z;
1582 3516 1607 3539 in
1628 3517 1699 3538 motu
1719 3518 1765 3537 cet.
1779 3518 1803 3537 et
1821 3513 1870 3536 ab.

294 3560 402 3582 morum.

1450 3549 1476 3583 ζ)
1496 3550 1648 3574 divisionem
1669 3551 1778 3572 motus...
1792 3547 1828 3571 ad
1842 3554 1925 3579 quem.
1939 3560 1957 3566 —-
1969 3547 2021 3571 Pab
2041 3547 2072 3571 ita
2086 3547 2179 3579 legunt,
2193 3547 2346 3572 divisionem
2366 3550 2451 3572 motus

347 3591 372 3624 ὅ)
392 3590 512 3616 Secundo
532 3589 580 3615 ibi:
602 3589 636 3613 Εἰ
656 3587 786 3613 dubitabit
802 3586 898 3619 aliquis
920 3589 980 3615 etc.,
999 3585 1086 3617 ponit.
1100 3599 1118 3603 -
1131 3584 1251 3608 Secundo
1265 3584 1345 3615 ponit
1397 3591 1414 3608 a
1433 3585 1545 3609 termino
1563 3585 1600 3608 ad
1617 3590 1691 3615 quem
1710 3582 1756 3607 sed
1775 3589 1824 3606 non
1844 3589 1861 3606 a
1880 3582 1992 3606 termino
2010 3589 2026 3606 a
2041 3589 2100 3614 quo.
