<?xml version="1.0" encoding="UTF-8"?>
<!DOCTYPE html PUBLIC "-//W3C//DTD XHTML 1.0 Transitional//EN"
    "http://www.w3.org/TR/xhtml1/DTD/xhtml1-transitional.dtd">
<html xmlns="http://www.w3.org/1999/xhtml" xml:lang="en" lang="en">
 <head>
  <title>
</title>
<meta http-equiv="Content-Type" content="text/html;charset=utf-8" />
  <meta name='ocr-system' content='tesseract 3.04.00' />
  <meta name='ocr-capabilities' content='ocr_page ocr_carea ocr_par ocr_line ocrx_word'/>
</head>
<body>
  <div class='ocr_page' id='page_1' title='image "./operaomniaiussui02thom/operaomniaiussui02thom_0077.png"; bbox 0 0 2982 4022; ppageno 0'>
   <div class='ocr_carea' id='block_1_1' title="bbox 0 2672 56 4022">
    <p class='ocr_par' dir='ltr' id='par_1_1' title="bbox 0 2672 56 4022">
     <span class='ocr_line' id='line_1_1' title="bbox 0 2672 56 4022; baseline 0 0"><span class='ocrx_word' id='word_1_1' title='bbox 0 2672 56 4022; x_wconf 95' lang='lat' dir='ltr'> </span> 
     </span>
    </p>
   </div>
   <div class='ocr_carea' id='block_1_2' title="bbox 1165 293 2492 344">
    <p class='ocr_par' dir='ltr' id='par_1_2' title="bbox 1165 293 2492 344">
     <span class='ocr_line' id='line_1_2' title="bbox 1165 293 2492 344; baseline -0.006 -8"><span class='ocrx_word' id='word_1_2' title='bbox 1165 300 1275 336; x_wconf 87' lang='lat' dir='ltr'>CAP.</span> <span class='ocrx_word' id='word_1_3' title='bbox 1305 298 1375 344; x_wconf 76' lang='lat' dir='ltr'>tx,</span> <span class='ocrx_word' id='word_1_4' title='bbox 1404 297 1554 333; x_wconf 89' lang='lat' dir='ltr'>LECT.</span> <span class='ocrx_word' id='word_1_5' title='bbox 1585 297 1667 333; x_wconf 84' lang='lat' dir='ltr'>xv.</span> <span class='ocrx_word' id='word_1_6' title='bbox 2452 293 2492 328; x_wconf 85' lang='lat'>51</span> 
     </span>
    </p>
   </div>
   <div class='ocr_carea' id='block_1_3' title="bbox 941 537 1906 615">
    <p class='ocr_par' dir='ltr' id='par_1_3' title="bbox 941 537 1906 615">
     <span class='ocr_line' id='line_1_3' title="bbox 941 537 1906 615; baseline -0.006 -17"><span class='ocrx_word' id='word_1_7' title='bbox 941 541 1238 598; x_wconf 91' lang='lat' dir='ltr'>LECTIO</span> <span class='ocrx_word' id='word_1_8' title='bbox 1276 537 1906 615; x_wconf 75' lang='lat' dir='ltr'>DECIMAQUINTA</span> 
     </span>
    </p>
   </div>
   <div class='ocr_carea' id='block_1_4' title="bbox 572 693 2267 788">
    <p class='ocr_par' dir='ltr' id='par_1_4' title="bbox 572 693 2267 788">
     <span class='ocr_line' id='line_1_4' title="bbox 572 693 2267 734; baseline -0.007 0"><span class='ocrx_word' id='word_1_9' title='bbox 572 701 801 734; x_wconf 88' lang='lat' dir='ltr'>MATERIAM</span> <span class='ocrx_word' id='word_1_10' title='bbox 824 702 853 730; x_wconf 88' lang='lat' dir='ltr'><strong>A</strong></span> <span class='ocrx_word' id='word_1_11' title='bbox 874 698 1136 730; x_wconf 88' lang='lat' dir='ltr'>PRIVATIONE</span> <span class='ocrx_word' id='word_1_12' title='bbox 1160 696 1392 727; x_wconf 88' lang='lat' dir='ltr'>DISTINGUI:</span> <span class='ocrx_word' id='word_1_13' title='bbox 1417 695 1598 732; x_wconf 91' lang='lat' dir='ltr'>EAMQUE</span> <span class='ocrx_word' id='word_1_14' title='bbox 1621 695 1719 725; x_wconf 89' lang='lat' dir='ltr'>ESSE</span> <span class='ocrx_word' id='word_1_15' title='bbox 1742 694 1824 724; x_wconf 89' lang='lat' dir='ltr'>PER</span> <span class='ocrx_word' id='word_1_16' title='bbox 1847 694 1895 724; x_wconf 91' lang='lat' dir='ltr'>SE</span> <span class='ocrx_word' id='word_1_17' title='bbox 1920 693 2267 724; x_wconf 81' lang='lat' dir='ltr'>INGENERABILEM</span> 
     </span>
     <span class='ocr_line' id='line_1_5' title="bbox 1182 756 1658 788; baseline -0.006 0"><span class='ocrx_word' id='word_1_18' title='bbox 1182 758 1240 788; x_wconf 91' lang='lat' dir='ltr'>ET</span> <span class='ocrx_word' id='word_1_19' title='bbox 1264 756 1658 787; x_wconf 84' lang='lat' dir='ltr'>INCORRUPTIBILEM</span> 
     </span>
    </p>
   </div>
   <div class='ocr_carea' id='block_1_5' title="bbox 334 904 1398 1349">
    <p class='ocr_par' dir='ltr' id='par_1_5' title="bbox 334 904 1395 1129">
     <span class='ocr_line' id='line_1_6' title="bbox 334 904 1395 957; baseline -0.007 -15"><span class='ocrx_word' id='word_1_20' title='bbox 334 909 494 957; x_wconf 82' lang='grc' dir='ltr'>Ἡμμένοι</span> <span class='ocrx_word' id='word_1_21' title='bbox 518 908 576 953; x_wconf 81' lang='grc' dir='ltr'>μὲν</span> <span class='ocrx_word' id='word_1_22' title='bbox 602 906 658 940; x_wconf 72' lang='grc' dir='ltr'>οὖν</span> <span class='ocrx_word' id='word_1_23' title='bbox 681 909 739 939; x_wconf 85' lang='grc' dir='ltr'>καὶ</span> <span class='ocrx_word' id='word_1_24' title='bbox 766 906 872 951; x_wconf 74' lang='grc' dir='ltr'>ἕτεροί</span> <span class='ocrx_word' id='word_1_25' title='bbox 895 906 982 943; x_wconf 80' lang='grc' dir='ltr'>τινές</span> <span class='ocrx_word' id='word_1_26' title='bbox 999 907 1079 937; x_wconf 84' lang='grc' dir='ltr'>εἰσιν</span> <span class='ocrx_word' id='word_1_27' title='bbox 1098 905 1222 945; x_wconf 79' lang='grc' dir='ltr'>αὐτῆς,</span> <span class='ocrx_word' id='word_1_28' title='bbox 1242 905 1309 936; x_wconf 86' lang='grc' dir='ltr'>ἀλλ’</span> <span class='ocrx_word' id='word_1_29' title='bbox 1331 904 1395 949; x_wconf 75' lang='grc' dir='ltr'>οὐχ</span> 
     </span>
     <span class='ocr_line' id='line_1_7' title="bbox 403 950 1394 997; baseline -0.006 -12"><span class='ocrx_word' id='word_1_30' title='bbox 403 954 534 990; x_wconf 79' lang='grc' dir='ltr'>ἱκανῶς.</span> <span class='ocrx_word' id='word_1_31' title='bbox 569 953 702 995; x_wconf 80' lang='grc' dir='ltr'>Πρῶτον</span> <span class='ocrx_word' id='word_1_32' title='bbox 728 951 787 994; x_wconf 81' lang='grc' dir='ltr'>μὲν</span> <span class='ocrx_word' id='word_1_33' title='bbox 811 951 875 997; x_wconf 72' lang='grc' dir='ltr'>γαρ</span> <span class='ocrx_word' id='word_1_34' title='bbox 901 951 1121 995; x_wconf 76' lang='grc' dir='ltr'>ὁμολογοῦσιν</span> <span class='ocrx_word' id='word_1_35' title='bbox 1149 950 1262 986; x_wconf 72' lang='grc' dir='ltr'>ἁπλῶς</span> <span class='ocrx_word' id='word_1_36' title='bbox 1286 950 1394 994; x_wconf 80' lang='grc' dir='ltr'>γίγνε-</span> 
     </span>
     <span class='ocr_line' id='line_1_8' title="bbox 404 989 1393 1041; baseline -0.006 -12"><span class='ocrx_word' id='word_1_37' title='bbox 404 997 481 1030; x_wconf 88' lang='grc' dir='ltr'>σθαί</span> <span class='ocrx_word' id='word_1_38' title='bbox 513 1008 547 1028; x_wconf 91' lang='grc' dir='ltr'>τι</span> <span class='ocrx_word' id='word_1_39' title='bbox 572 997 608 1028; x_wconf 77' lang='grc' dir='ltr'>ἐκ</span> <span class='ocrx_word' id='word_1_40' title='bbox 630 996 683 1041; x_wconf 37' lang='grc' dir='ltr'>,μή</span> <span class='ocrx_word' id='word_1_41' title='bbox 718 996 827 1036; x_wconf 83' lang='grc' dir='ltr'><strong>ὄντος,</strong></span> <span class='ocrx_word' id='word_1_42' title='bbox 856 995 876 1037; x_wconf 77' lang='grc' dir='ltr'>ᾖ</span> <span class='ocrx_word' id='word_1_43' title='bbox 900 989 1106 1037; x_wconf 76' lang='grc' dir='ltr'>Παρμενίδην</span> <span class='ocrx_word' id='word_1_44' title='bbox 1139 992 1237 1037; x_wconf 80' lang='grc' dir='ltr'>ὀρθῶς</span> <span class='ocrx_word' id='word_1_45' title='bbox 1270 992 1393 1038; x_wconf 79' lang='grc' dir='ltr'>λέγειν·</span> 
     </span>
     <span class='ocr_line' id='line_1_9' title="bbox 404 1037 1394 1085; baseline -0.007 -11"><span class='ocrx_word' id='word_1_46' title='bbox 404 1039 482 1075; x_wconf 79' lang='grc' dir='ltr'>εἶτα</span> <span class='ocrx_word' id='word_1_47' title='bbox 506 1043 662 1085; x_wconf 81' lang='grc' dir='ltr'>φαίνεται</span> <span class='ocrx_word' id='word_1_48' title='bbox 688 1041 824 1080; x_wconf 77' lang='grc' dir='ltr'>αὐτοῖς,</span> <span class='ocrx_word' id='word_1_49' title='bbox 852 1041 942 1083; x_wconf 85' lang='grc' dir='ltr'>εἴπερ</span> <span class='ocrx_word' id='word_1_50' title='bbox 969 1038 1060 1070; x_wconf 78' lang='grc' dir='ltr'>ἐστὶν</span> <span class='ocrx_word' id='word_1_51' title='bbox 1088 1037 1212 1082; x_wconf 82' lang='grc' dir='ltr'>ἀριθμῷ</span> <span class='ocrx_word' id='word_1_52' title='bbox 1237 1039 1311 1081; x_wconf 81' lang='grc' dir='ltr'>μία,</span> <span class='ocrx_word' id='word_1_53' title='bbox 1337 1039 1394 1068; x_wconf 82' lang='grc' dir='ltr'>καὶ</span> 
     </span>
     <span class='ocr_line' id='line_1_10' title="bbox 403 1080 873 1129; baseline -0.009 -11"><span class='ocrx_word' id='word_1_54' title='bbox 403 1082 543 1128; x_wconf 76' lang='grc' dir='ltr'>δυνάμει</span> <span class='ocrx_word' id='word_1_55' title='bbox 567 1087 628 1129; x_wconf 86' lang='grc' dir='ltr'>μία</span> <span class='ocrx_word' id='word_1_56' title='bbox 652 1084 752 1128; x_wconf 83' lang='grc' dir='ltr'>μόνον</span> <span class='ocrx_word' id='word_1_57' title='bbox 777 1080 873 1115; x_wconf 80' lang='grc' dir='ltr'>εἶναι.</span> 
     </span>
    </p>

    <p class='ocr_par' dir='ltr' id='par_1_6' title="bbox 337 1125 1398 1349">
     <span class='ocr_line' id='line_1_11' title="bbox 337 1125 1395 1173; baseline -0.009 -8"><span class='ocrx_word' id='word_1_58' title='bbox 337 1133 449 1166; x_wconf 85' lang='grc' dir='ltr'>Τοῦτο</span> <span class='ocrx_word' id='word_1_59' title='bbox 473 1127 511 1162; x_wconf 79' lang='grc' dir='ltr'>δὲ</span> <span class='ocrx_word' id='word_1_60' title='bbox 534 1126 682 1173; x_wconf 73' lang='grc' dir='ltr'>διαφέρει</span> <span class='ocrx_word' id='word_1_61' title='bbox 715 1131 888 1161; x_wconf 84' lang='grc' dir='ltr'>πλεῖστον·</span> <span class='ocrx_word' id='word_1_62' title='bbox 919 1128 1013 1171; x_wconf 77' lang='grc' dir='ltr'>ἡμεῖς</span> <span class='ocrx_word' id='word_1_63' title='bbox 1045 1126 1104 1169; x_wconf 78' lang='grc' dir='ltr'>μέν</span> <span class='ocrx_word' id='word_1_64' title='bbox 1129 1125 1192 1171; x_wconf 79' lang='grc' dir='ltr'>γοὶρ</span> <span class='ocrx_word' id='word_1_65' title='bbox 1225 1125 1305 1162; x_wconf 76' lang='grc' dir='ltr'>ὕλην</span> <span class='ocrx_word' id='word_1_66' title='bbox 1337 1126 1395 1156; x_wconf 88' lang='grc' dir='ltr'>καὶ</span> 
     </span>
     <span class='ocr_line' id='line_1_12' title="bbox 403 1169 1396 1219; baseline -0.007 -12"><span class='ocrx_word' id='word_1_67' title='bbox 403 1174 557 1219; x_wconf 83' lang='grc' dir='ltr'>στέρησιν</span> <span class='ocrx_word' id='word_1_68' title='bbox 583 1172 695 1216; x_wconf 77' lang='grc' dir='ltr'>ἕτερόν</span> <span class='ocrx_word' id='word_1_69' title='bbox 721 1184 827 1217; x_wconf 83' lang='grc' dir='ltr'>φαμεν</span> <span class='ocrx_word' id='word_1_70' title='bbox 852 1169 950 1212; x_wconf 77' lang='grc' dir='ltr'>εἶναι,</span> <span class='ocrx_word' id='word_1_71' title='bbox 968 1172 1026 1202; x_wconf 87' lang='grc' dir='ltr'>καὶ</span> <span class='ocrx_word' id='word_1_72' title='bbox 1051 1169 1183 1202; x_wconf 80' lang='grc' dir='ltr'>τούτων</span> <span class='ocrx_word' id='word_1_73' title='bbox 1201 1170 1242 1203; x_wconf 74' lang='grc' dir='ltr'>τὸ</span> <span class='ocrx_word' id='word_1_74' title='bbox 1260 1169 1318 1210; x_wconf 84' lang='grc' dir='ltr'>μὲν</span> <span class='ocrx_word' id='word_1_75' title='bbox 1338 1169 1396 1201; x_wconf 78' lang='grc' dir='ltr'>οὐκ</span> 
     </span>
     <span class='ocr_line' id='line_1_13' title="bbox 407 1211 1398 1260; baseline -0.008 -7"><span class='ocrx_word' id='word_1_76' title='bbox 407 1219 440 1253; x_wconf 82' lang='grc' dir='ltr'>ὂν</span> <span class='ocrx_word' id='word_1_77' title='bbox 466 1217 550 1251; x_wconf 81' lang='grc' dir='ltr'>εἶναι</span> <span class='ocrx_word' id='word_1_78' title='bbox 574 1217 670 1250; x_wconf 73' lang='grc' dir='ltr'>καταῖ</span> <span class='ocrx_word' id='word_1_79' title='bbox 693 1215 922 1260; x_wconf 80' lang='grc' dir='ltr'>συμβεβηκός,</span> <span class='ocrx_word' id='word_1_80' title='bbox 949 1215 1013 1251; x_wconf 70' lang='grc' dir='ltr'>τήν</span> <span class='ocrx_word' id='word_1_81' title='bbox 1040 1213 1141 1255; x_wconf 81' lang='grc' dir='ltr'>ὕλην,</span> <span class='ocrx_word' id='word_1_82' title='bbox 1169 1215 1232 1251; x_wconf 71' lang='grc' dir='ltr'>τήν</span> <span class='ocrx_word' id='word_1_83' title='bbox 1257 1211 1295 1246; x_wconf 81' lang='grc' dir='ltr'>δέ</span> <span class='ocrx_word' id='word_1_84' title='bbox 1321 1213 1398 1246; x_wconf 86' lang='grc' dir='ltr'>στέ-</span> 
     </span>
     <span class='ocr_line' id='line_1_14' title="bbox 405 1259 1396 1309; baseline -0.005 -14"><span class='ocrx_word' id='word_1_85' title='bbox 405 1275 496 1309; x_wconf 86' lang='grc' dir='ltr'>ρησιν</span> <span class='ocrx_word' id='word_1_86' title='bbox 520 1262 595 1294; x_wconf 82' lang='grc' dir='ltr'>καθ’</span> <span class='ocrx_word' id='word_1_87' title='bbox 624 1261 755 1302; x_wconf 75' lang='grc' dir='ltr'>αὐτήν,</span> <span class='ocrx_word' id='word_1_88' title='bbox 787 1259 846 1292; x_wconf 75' lang='grc' dir='ltr'>καὶ</span> <span class='ocrx_word' id='word_1_89' title='bbox 876 1260 940 1296; x_wconf 72' lang='grc' dir='ltr'>τήν</span> <span class='ocrx_word' id='word_1_90' title='bbox 969 1260 1028 1303; x_wconf 77' lang='grc' dir='ltr'>μέν</span> <span class='ocrx_word' id='word_1_91' title='bbox 1062 1259 1160 1303; x_wconf 70' lang='grc' dir='ltr'>ἐγγύς</span> <span class='ocrx_word' id='word_1_92' title='bbox 1192 1261 1250 1291; x_wconf 84' lang='grc' dir='ltr'>καὶ</span> <span class='ocrx_word' id='word_1_93' title='bbox 1281 1259 1396 1291; x_wconf 81' lang='grc' dir='ltr'>οὐσίαν</span> 
     </span>
     <span class='ocr_line' id='line_1_15' title="bbox 406 1299 1225 1349; baseline -0.007 -9"><span class='ocrx_word' id='word_1_94' title='bbox 406 1320 488 1349; x_wconf 82' lang='grc' dir='ltr'>πως,</span> <span class='ocrx_word' id='word_1_95' title='bbox 515 1307 578 1343; x_wconf 72' lang='grc' dir='ltr'>τήν</span> <span class='ocrx_word' id='word_1_96' title='bbox 605 1305 699 1347; x_wconf 79' lang='grc' dir='ltr'>ὕλην,</span> <span class='ocrx_word' id='word_1_97' title='bbox 726 1305 789 1345; x_wconf 74' lang='grc' dir='ltr'>τήν</span> <span class='ocrx_word' id='word_1_98' title='bbox 814 1299 852 1336; x_wconf 80' lang='grc' dir='ltr'>δέ</span> <span class='ocrx_word' id='word_1_99' title='bbox 878 1303 1032 1348; x_wconf 83' lang='grc' dir='ltr'>στέρησιν</span> <span class='ocrx_word' id='word_1_100' title='bbox 1058 1300 1225 1348; x_wconf 80' lang='grc' dir='ltr'>οὐδαμῶς.</span> 
     </span>
    </p>
   </div>
   <div class='ocr_carea' id='block_1_6' title="bbox 336 1385 1400 1741">
    <p class='ocr_par' dir='ltr' id='par_1_7' title="bbox 336 1385 1399 1523">
     <span class='ocr_line' id='line_1_16' title="bbox 336 1385 1397 1433; baseline -0.006 -10"><span class='ocrx_word' id='word_1_101' title='bbox 336 1395 376 1425; x_wconf 80' lang='grc' dir='ltr'>Οἱ</span> <span class='ocrx_word' id='word_1_102' title='bbox 401 1386 439 1422; x_wconf 79' lang='grc' dir='ltr'>δὲ</span> <span class='ocrx_word' id='word_1_103' title='bbox 464 1390 504 1422; x_wconf 72' lang='grc' dir='ltr'>τό</span> <span class='ocrx_word' id='word_1_104' title='bbox 531 1389 576 1433; x_wconf 71' lang='grc' dir='ltr'>μή</span> <span class='ocrx_word' id='word_1_105' title='bbox 604 1387 638 1420; x_wconf 81' lang='grc' dir='ltr'>ὃν</span> <span class='ocrx_word' id='word_1_106' title='bbox 664 1387 705 1419; x_wconf 77' lang='grc' dir='ltr'>τὰ</span> <span class='ocrx_word' id='word_1_107' title='bbox 730 1386 820 1432; x_wconf 78' lang='grc' dir='ltr'>μέγα.</span> <span class='ocrx_word' id='word_1_108' title='bbox 843 1388 901 1418; x_wconf 81' lang='grc' dir='ltr'>καὶ</span> <span class='ocrx_word' id='word_1_109' title='bbox 925 1387 967 1419; x_wconf 81' lang='grc' dir='ltr'>τὸ</span> <span class='ocrx_word' id='word_1_110' title='bbox 996 1386 1110 1431; x_wconf 78' lang='grc' dir='ltr'>μικρὸν</span> <span class='ocrx_word' id='word_1_111' title='bbox 1142 1387 1282 1430; x_wconf 78' lang='grc' dir='ltr'>ὁμοίως,</span> <span class='ocrx_word' id='word_1_112' title='bbox 1310 1385 1330 1423; x_wconf 74' lang='grc' dir='ltr'>ἦ</span> <span class='ocrx_word' id='word_1_113' title='bbox 1357 1387 1397 1418; x_wconf 74' lang='grc' dir='ltr'>τὸ</span> 
     </span>
     <span class='ocr_line' id='line_1_17' title="bbox 405 1430 1399 1483; baseline -0.005 -17"><span class='ocrx_word' id='word_1_114' title='bbox 405 1432 655 1478; x_wconf 85' lang='grc' dir='ltr'>συναμφότερον</span> <span class='ocrx_word' id='word_1_115' title='bbox 680 1431 701 1468; x_wconf 73' lang='grc' dir='ltr'>ἦ</span> <span class='ocrx_word' id='word_1_116' title='bbox 727 1431 768 1464; x_wconf 60' lang='lat' dir='ltr'>*ro*</span> <span class='ocrx_word' id='word_1_117' title='bbox 793 1433 890 1476; x_wconf 87' lang='grc' dir='ltr'>χωρὶς</span> <span class='ocrx_word' id='word_1_118' title='bbox 916 1430 1089 1483; x_wconf 68' lang='grc' dir='ltr'>ἑκάτερον·</span> <span class='ocrx_word' id='word_1_119' title='bbox 1111 1430 1199 1464; x_wconf 75' lang='grc' dir='ltr'>ὥστε</span> <span class='ocrx_word' id='word_1_120' title='bbox 1224 1432 1399 1467; x_wconf 83' lang='grc' dir='ltr'>παντελῶς</span> 
     </span>
     <span class='ocr_line' id='line_1_18' title="bbox 407 1474 1399 1523; baseline -0.005 -12"><span class='ocrx_word' id='word_1_121' title='bbox 407 1478 518 1523; x_wconf 80' lang='grc' dir='ltr'>ἕτερος</span> <span class='ocrx_word' id='word_1_122' title='bbox 546 1478 561 1509; x_wconf 86' lang='grc' dir='ltr'>ὁ</span> <span class='ocrx_word' id='word_1_123' title='bbox 588 1475 711 1520; x_wconf 85' lang='grc' dir='ltr'>τρόπος</span> <span class='ocrx_word' id='word_1_124' title='bbox 738 1475 836 1512; x_wconf 74' lang='grc' dir='ltr'>οὗτος</span> <span class='ocrx_word' id='word_1_125' title='bbox 862 1475 924 1512; x_wconf 79' lang='grc' dir='ltr'>τῆς</span> <span class='ocrx_word' id='word_1_126' title='bbox 948 1474 1084 1519; x_wconf 84' lang='grc' dir='ltr'>τριαδος</span> <span class='ocrx_word' id='word_1_127' title='bbox 1101 1476 1266 1513; x_wconf 78' lang='grc' dir='ltr'>κάκεῖνος.</span> <span class='ocrx_word' id='word_1_128' title='bbox 1293 1475 1399 1519; x_wconf 83' lang='grc' dir='ltr'>Μέχρι</span> 
     </span>
    </p>

    <p class='ocr_par' dir='ltr' id='par_1_8' title="bbox 407 1516 1400 1568">
     <span class='ocr_line' id='line_1_19' title="bbox 407 1516 1400 1568; baseline -0.004 -14"><span class='ocrx_word' id='word_1_129' title='bbox 407 1523 465 1567; x_wconf 83' lang='grc' dir='ltr'>μὲν</span> <span class='ocrx_word' id='word_1_130' title='bbox 490 1522 554 1568; x_wconf 83' lang='grc' dir='ltr'>γοὶρ</span> <span class='ocrx_word' id='word_1_131' title='bbox 579 1516 675 1564; x_wconf 85' lang='grc' dir='ltr'>δεῦρο</span> <span class='ocrx_word' id='word_1_132' title='bbox 706 1518 895 1561; x_wconf 77' lang='grc' dir='ltr'>προῆλθον,</span> <span class='ocrx_word' id='word_1_133' title='bbox 932 1517 985 1551; x_wconf 80' lang='grc' dir='ltr'>ὅτι</span> <span class='ocrx_word' id='word_1_134' title='bbox 1010 1520 1063 1550; x_wconf 83' lang='grc' dir='ltr'>δεῖ</span> <span class='ocrx_word' id='word_1_135' title='bbox 1091 1520 1171 1552; x_wconf 75' lang='grc' dir='ltr'>τινα</span> <span class='ocrx_word' id='word_1_136' title='bbox 1202 1520 1400 1551; x_wconf 70' lang='grc' dir='ltr'>ὑποκεῖσθαι</span> 
     </span>
    </p>

    <p class='ocr_par' dir='ltr' id='par_1_9' title="bbox 406 1563 1399 1741">
     <span class='ocr_line' id='line_1_20' title="bbox 433 1563 1398 1616; baseline -0.004 -18"><span class='ocrx_word' id='word_1_137' title='bbox 433 1565 518 1606; x_wconf 75' lang='grc' dir='ltr'>ύσιν,</span> <span class='ocrx_word' id='word_1_138' title='bbox 544 1563 676 1600; x_wconf 77' lang='grc' dir='ltr'>ταύτην</span> <span class='ocrx_word' id='word_1_139' title='bbox 702 1563 819 1607; x_wconf 82' lang='grc' dir='ltr'>μέντοι</span> <span class='ocrx_word' id='word_1_140' title='bbox 843 1565 922 1616; x_wconf 85' lang='grc' dir='ltr'>μίαν</span> <span class='ocrx_word' id='word_1_141' title='bbox 949 1564 1096 1595; x_wconf 76' lang='grc' dir='ltr'>ποιοῦσι·</span> <span class='ocrx_word' id='word_1_142' title='bbox 1122 1565 1179 1595; x_wconf 83' lang='grc' dir='ltr'>καὶ</span> <span class='ocrx_word' id='word_1_143' title='bbox 1204 1564 1268 1609; x_wconf 69' lang='grc' dir='ltr'>γάρ</span> <span class='ocrx_word' id='word_1_144' title='bbox 1295 1566 1324 1595; x_wconf 85' lang='grc' dir='ltr'>εἴ</span> <span class='ocrx_word' id='word_1_145' title='bbox 1347 1575 1398 1601; x_wconf 89' lang='grc' dir='ltr'>τις</span> 
     </span>
     <span class='ocr_line' id='line_1_21' title="bbox 406 1578 1399 1653; baseline -0.005 -10"><span class='ocrx_word' id='word_1_146' title='bbox 406 1578 520 1643; x_wconf 61' lang='grc' dir='ltr'>δυάδα</span> <span class='ocrx_word' id='word_1_147' title='bbox 545 1612 651 1648; x_wconf 82' lang='grc' dir='ltr'>ποιεῖ,</span> <span class='ocrx_word' id='word_1_148' title='bbox 676 1607 784 1653; x_wconf 82' lang='grc' dir='ltr'>λέγων</span> <span class='ocrx_word' id='word_1_149' title='bbox 809 1618 900 1651; x_wconf 78' lang='grc' dir='ltr'>μεγα</span> <span class='ocrx_word' id='word_1_150' title='bbox 924 1609 982 1638; x_wconf 84' lang='grc' dir='ltr'>καὶ</span> <span class='ocrx_word' id='word_1_151' title='bbox 1013 1608 1127 1652; x_wconf 74' lang='grc' dir='ltr'>μικρδν</span> <span class='ocrx_word' id='word_1_152' title='bbox 1154 1608 1279 1648; x_wconf 73' lang='grc' dir='ltr'>αὑτήν,</span> <span class='ocrx_word' id='word_1_153' title='bbox 1303 1608 1399 1640; x_wconf 75' lang='grc' dir='ltr'>οὐθὲν</span> 
     </span>
     <span class='ocr_line' id='line_1_22' title="bbox 408 1648 1399 1698; baseline -0.004 -11"><span class='ocrx_word' id='word_1_154' title='bbox 408 1655 515 1698; x_wconf 73' lang='grc' dir='ltr'>ᾐττον</span> <span class='ocrx_word' id='word_1_155' title='bbox 541 1652 653 1686; x_wconf 82' lang='grc' dir='ltr'>ταύτὸ</span> <span class='ocrx_word' id='word_1_156' title='bbox 683 1655 785 1684; x_wconf 85' lang='grc' dir='ltr'>ποιεῖ·</span> <span class='ocrx_word' id='word_1_157' title='bbox 816 1651 880 1688; x_wconf 74' lang='grc' dir='ltr'>τήν</span> <span class='ocrx_word' id='word_1_158' title='bbox 905 1651 968 1696; x_wconf 77' lang='grc' dir='ltr'>γαρ</span> <span class='ocrx_word' id='word_1_159' title='bbox 1000 1651 1120 1696; x_wconf 83' lang='grc' dir='ltr'>ἑτέραν</span> <span class='ocrx_word' id='word_1_160' title='bbox 1151 1648 1288 1695; x_wconf 83' lang='grc' dir='ltr'>παρεῖδε</span> <span class='ocrx_word' id='word_1_161' title='bbox 1316 1652 1399 1696; x_wconf 69' lang='grc' dir='ltr'>[τήν</span> 
     </span>
     <span class='ocr_line' id='line_1_23' title="bbox 408 1697 591 1741; baseline -0.027 -10"><span class='ocrx_word' id='word_1_162' title='bbox 408 1697 591 1741; x_wconf 58' lang='lat' dir='ltr'>orep-natm]</span> 
     </span>
    </p>
   </div>
   <div class='ocr_carea' id='block_1_7' title="bbox 337 1738 1401 1796">
    <p class='ocr_par' dir='ltr' id='par_1_10' title="bbox 337 1738 1401 1796">
     <span class='ocr_line' id='line_1_24' title="bbox 337 1738 1401 1796; baseline 0.008 -41"><span class='ocrx_word' id='word_1_163' title='bbox 337 1745 380 1776; x_wconf 83' lang='lat' dir='ltr'>.H</span> <span class='ocrx_word' id='word_1_164' title='bbox 403 1743 462 1796; x_wconf 51' lang='grc' dir='ltr'>μὲν</span> <span class='ocrx_word' id='word_1_165' title='bbox 486 1741 550 1787; x_wconf 76' lang='grc' dir='ltr'>γὰρ</span> <span class='ocrx_word' id='word_1_166' title='bbox 576 1738 791 1794; x_wconf 47' lang='grc' dir='ltr'>ὑπομένουσα</span> <span class='ocrx_word' id='word_1_167' title='bbox 816 1741 982 1792; x_wconf 43' lang='grc' dir='ltr'>συναιτία,</span> <span class='ocrx_word' id='word_1_168' title='bbox 1000 1740 1045 1779; x_wconf 83' lang='grc' dir='ltr'>τῇ</span> <span class='ocrx_word' id='word_1_169' title='bbox 1071 1739 1180 1793; x_wconf 75' lang='grc' dir='ltr'>μορφῇ</span> <span class='ocrx_word' id='word_1_170' title='bbox 1206 1741 1272 1772; x_wconf 73' lang='grc' dir='ltr'>τῶν</span> <span class='ocrx_word' id='word_1_171' title='bbox 1290 1752 1401 1793; x_wconf 65' lang='lat' dir='ltr'>Y‘YVE‘</span> 
     </span>
    </p>
   </div>
   <div class='ocr_carea' id='block_1_8' title="bbox 408 1782 1401 1836">
    <p class='ocr_par' dir='ltr' id='par_1_11' title="bbox 408 1782 1401 1836">
     <span class='ocr_line' id='line_1_25' title="bbox 408 1782 1401 1836; baseline -0.002 -17"><span class='ocrx_word' id='word_1_172' title='bbox 408 1798 513 1831; x_wconf 86' lang='grc' dir='ltr'>μενων</span> <span class='ocrx_word' id='word_1_173' title='bbox 540 1786 645 1824; x_wconf 78' lang='grc' dir='ltr'>ἐστίν,</span> <span class='ocrx_word' id='word_1_174' title='bbox 671 1782 935 1836; x_wconf 41' lang='grc' dir='ltr'>ωσπεριμήτῃρ</span> <span class='ocrx_word' id='word_1_175' title='bbox 962 1796 982 1819; x_wconf 77' lang='grc' dir='ltr'>η</span> <span class='ocrx_word' id='word_1_176' title='bbox 1008 1784 1035 1814; x_wconf 74' lang='grc' dir='ltr'>δ’</span> <span class='ocrx_word' id='word_1_177' title='bbox 1066 1785 1186 1827; x_wconf 83' lang='grc' dir='ltr'>ἑτερα,</span> <span class='ocrx_word' id='word_1_178' title='bbox 1214 1787 1314 1826; x_wconf 82' lang='grc' dir='ltr'>μοῖρα</span> <span class='ocrx_word' id='word_1_179' title='bbox 1339 1797 1401 1821; x_wconf 84' lang='grc' dir='ltr'>της</span> 
     </span>
    </p>
   </div>
   <div class='ocr_carea' id='block_1_9' title="bbox 408 1826 1410 1870">
    <p class='ocr_par' dir='ltr' id='par_1_12' title="bbox 408 1826 1410 1870">
     <span class='ocr_line' id='line_1_26' title="bbox 408 1826 1410 1870; baseline -0.002 -8"><span class='ocrx_word' id='word_1_180' title='bbox 408 1829 656 1868; x_wconf 71' lang='grc' dir='ltr'>ἐναντιώσεως,</span> <span class='ocrx_word' id='word_1_181' title='bbox 684 1829 848 1863; x_wconf 83' lang='grc' dir='ltr'>πολλακις</span> <span class='ocrx_word' id='word_1_182' title='bbox 876 1829 913 1859; x_wconf 84' lang='grc' dir='ltr'>ἀν</span> <span class='ocrx_word' id='word_1_183' title='bbox 939 1826 1147 1870; x_wconf 76' lang='grc' dir='ltr'>φαντασθείη</span> <span class='ocrx_word' id='word_1_184' title='bbox 1181 1829 1228 1869; x_wconf 80' lang='grc' dir='ltr'>τῷ</span> <span class='ocrx_word' id='word_1_185' title='bbox 1255 1829 1335 1870; x_wconf 77' lang='grc' dir='ltr'>πρὸς</span> <span class='ocrx_word' id='word_1_186' title='bbox 1360 1829 1410 1861; x_wconf 58' lang='grc' dir='ltr'>τὸΥ</span> 
     </span>
    </p>
   </div>
   <div class='ocr_carea' id='block_1_10' title="bbox 344 1867 1413 3239">
    <p class='ocr_par' dir='ltr' id='par_1_13' title="bbox 406 1867 1401 2005">
     <span class='ocr_line' id='line_1_27' title="bbox 406 1867 1401 1913; baseline -0.004 -6"><span class='ocrx_word' id='word_1_187' title='bbox 406 1873 594 1907; x_wconf 80' lang='grc' dir='ltr'>κακοποιὸν</span> <span class='ocrx_word' id='word_1_188' title='bbox 619 1872 726 1908; x_wconf 76' lang='grc' dir='ltr'>αὐτῆς</span> <span class='ocrx_word' id='word_1_189' title='bbox 754 1870 944 1913; x_wconf 81' lang='grc' dir='ltr'>ἀτενίζοντι</span> <span class='ocrx_word' id='word_1_190' title='bbox 970 1871 1033 1908; x_wconf 72' lang='grc' dir='ltr'>τήν</span> <span class='ocrx_word' id='word_1_191' title='bbox 1052 1867 1205 1904; x_wconf 76' lang='grc' dir='ltr'>διάνοιαν</span> <span class='ocrx_word' id='word_1_192' title='bbox 1225 1868 1294 1904; x_wconf 81' lang='grc' dir='ltr'>οὐδ’</span> <span class='ocrx_word' id='word_1_193' title='bbox 1316 1870 1401 1904; x_wconf 78' lang='grc' dir='ltr'>εἶναι</span> 
     </span>
     <span class='ocr_line' id='line_1_28' title="bbox 409 1915 1401 1962; baseline -0.003 -11"><span class='ocrx_word' id='word_1_194' title='bbox 409 1919 450 1952; x_wconf 77' lang='grc' dir='ltr'>τὸ</span> <span class='ocrx_word' id='word_1_195' title='bbox 475 1916 653 1960; x_wconf 71' lang='grc' dir='ltr'>παράπαν.</span> <span class='ocrx_word' id='word_1_196' title='bbox 674 1917 793 1953; x_wconf 85' lang='grc' dir='ltr'>Ὄντος</span> <span class='ocrx_word' id='word_1_197' title='bbox 819 1915 883 1960; x_wconf 71' lang='grc' dir='ltr'>γάρ</span> <span class='ocrx_word' id='word_1_198' title='bbox 902 1927 990 1952; x_wconf 86' lang='grc' dir='ltr'>τινος</span> <span class='ocrx_word' id='word_1_199' title='bbox 1012 1915 1098 1948; x_wconf 81' lang='grc' dir='ltr'>θείου</span> <span class='ocrx_word' id='word_1_200' title='bbox 1115 1918 1173 1948; x_wconf 81' lang='grc' dir='ltr'>καὶ</span> <span class='ocrx_word' id='word_1_201' title='bbox 1194 1916 1326 1962; x_wconf 79' lang='grc' dir='ltr'>ἀγαθοῦ</span> <span class='ocrx_word' id='word_1_202' title='bbox 1343 1919 1401 1949; x_wconf 84' lang='grc' dir='ltr'>καὶ</span> 
     </span>
     <span class='ocr_line' id='line_1_29' title="bbox 408 1957 1255 2005; baseline -0.005 -9"><span class='ocrx_word' id='word_1_203' title='bbox 408 1964 543 2002; x_wconf 73' lang='grc' dir='ltr'>ἐφετοῦ,</span> <span class='ocrx_word' id='word_1_204' title='bbox 570 1961 610 1994; x_wconf 76' lang='grc' dir='ltr'>τὸ</span> <span class='ocrx_word' id='word_1_205' title='bbox 635 1960 694 2005; x_wconf 78' lang='grc' dir='ltr'>μὲν</span> <span class='ocrx_word' id='word_1_206' title='bbox 719 1960 872 1992; x_wconf 77' lang='grc' dir='ltr'>ἐναντίον</span> <span class='ocrx_word' id='word_1_207' title='bbox 899 1960 994 2000; x_wconf 73' lang='grc' dir='ltr'>αὐτῷ</span> <span class='ocrx_word' id='word_1_208' title='bbox 1019 1961 1126 2004; x_wconf 76' lang='grc' dir='ltr'>φαμὲν</span> <span class='ocrx_word' id='word_1_209' title='bbox 1151 1957 1255 2002; x_wconf 81' lang='grc' dir='ltr'>εἶναι,</span> 
     </span>
    </p>

    <p class='ocr_par' dir='ltr' id='par_1_14' title="bbox 344 1999 1406 2397">
     <span class='ocr_line' id='line_1_30' title="bbox 344 1999 1402 2050; baseline -0.004 -10"><span class='ocrx_word' id='word_1_210' title='bbox 344 2007 386 2040; x_wconf 75' lang='grc' dir='ltr'>τὸ</span> <span class='ocrx_word' id='word_1_211' title='bbox 410 1999 448 2039; x_wconf 70' lang='grc' dir='ltr'>δὲ’</span> <span class='ocrx_word' id='word_1_212' title='bbox 465 2007 482 2038; x_wconf 84' lang='grc' dir='ltr'><strong>ὃ</strong></span> <span class='ocrx_word' id='word_1_213' title='bbox 500 2005 642 2049; x_wconf 76' lang='grc' dir='ltr'>πέφυκεν</span> <span class='ocrx_word' id='word_1_214' title='bbox 668 2003 816 2047; x_wconf 78' lang='grc' dir='ltr'>ἐφίεσθαι</span> <span class='ocrx_word' id='word_1_215' title='bbox 833 2006 891 2036; x_wconf 82' lang='grc' dir='ltr'>καὶ</span> <span class='ocrx_word' id='word_1_216' title='bbox 909 2002 1083 2050; x_wconf 75' lang='grc' dir='ltr'>ὀρέγεσθαι</span> <span class='ocrx_word' id='word_1_217' title='bbox 1101 2005 1210 2037; x_wconf 82' lang='grc' dir='ltr'>αὐτοῦ</span> <span class='ocrx_word' id='word_1_218' title='bbox 1226 2006 1322 2038; x_wconf 76' lang='grc' dir='ltr'>κατα</span> <span class='ocrx_word' id='word_1_219' title='bbox 1339 2006 1402 2042; x_wconf 71' lang='grc' dir='ltr'>τήν</span> 
     </span>
     <span class='ocr_line' id='line_1_31' title="bbox 411 2043 1406 2094; baseline -0.003 -10"><span class='ocrx_word' id='word_1_220' title='bbox 411 2052 536 2084; x_wconf 84' lang='grc' dir='ltr'>ἑαυτοῦ</span> <span class='ocrx_word' id='word_1_221' title='bbox 562 2049 668 2094; x_wconf 77' lang='grc' dir='ltr'>φύσιν.</span> <span class='ocrx_word' id='word_1_222' title='bbox 707 2050 782 2085; x_wconf 84' lang='grc' dir='ltr'>Τοῖς</span> <span class='ocrx_word' id='word_1_223' title='bbox 806 2043 844 2080; x_wconf 76' lang='grc' dir='ltr'>δὲ</span> <span class='ocrx_word' id='word_1_224' title='bbox 867 2049 1042 2093; x_wconf 82' lang='grc' dir='ltr'>συμβαίνει</span> <span class='ocrx_word' id='word_1_225' title='bbox 1067 2049 1107 2082; x_wconf 80' lang='grc' dir='ltr'>τὸ</span> <span class='ocrx_word' id='word_1_226' title='bbox 1133 2050 1307 2091; x_wconf 78' lang='grc' dir='ltr'>ἐναντίον,</span> <span class='ocrx_word' id='word_1_227' title='bbox 1335 2049 1406 2093; x_wconf 83' lang='grc' dir='ltr'>ὀρέ-</span> 
     </span>
     <span class='ocr_line' id='line_1_32' title="bbox 411 2091 1404 2138; baseline 0 -12"><span class='ocrx_word' id='word_1_228' title='bbox 411 2092 529 2138; x_wconf 54' lang='grc' dir='ltr'>Ῠεσθαι</span> <span class='ocrx_word' id='word_1_229' title='bbox 547 2094 609 2130; x_wconf 82' lang='grc' dir='ltr'>τῆς</span> <span class='ocrx_word' id='word_1_230' title='bbox 628 2093 754 2124; x_wconf 85' lang='grc' dir='ltr'>ἑαυτοῦ</span> <span class='ocrx_word' id='word_1_231' title='bbox 771 2091 906 2136; x_wconf 83' lang='grc' dir='ltr'>φθορᾶς.</span> <span class='ocrx_word' id='word_1_232' title='bbox 930 2094 1053 2125; x_wconf 87' lang='grc' dir='ltr'>Καίτοι</span> <span class='ocrx_word' id='word_1_233' title='bbox 1071 2093 1150 2125; x_wconf 76' lang='grc' dir='ltr'>οὔτε</span> <span class='ocrx_word' id='word_1_234' title='bbox 1171 2095 1258 2126; x_wconf 60' lang='grc' dir='ltr'>αὐτοὶ</span> <span class='ocrx_word' id='word_1_235' title='bbox 1277 2095 1404 2126; x_wconf 84' lang='grc' dir='ltr'>ἑαυτοῦ</span> 
     </span>
     <span class='ocr_line' id='line_1_33' title="bbox 415 2131 1403 2180; baseline 0.001 -10"><span class='ocrx_word' id='word_1_236' title='bbox 415 2138 524 2171; x_wconf 82' lang='grc' dir='ltr'>οἷόντε</span> <span class='ocrx_word' id='word_1_237' title='bbox 542 2136 689 2180; x_wconf 74' lang='grc' dir='ltr'>ἐφίεσθαι</span> <span class='ocrx_word' id='word_1_238' title='bbox 714 2136 754 2168; x_wconf 77' lang='grc' dir='ltr'>τὸ</span> <span class='ocrx_word' id='word_1_239' title='bbox 772 2131 859 2173; x_wconf 79' lang='grc' dir='ltr'>εἶδος</span> <span class='ocrx_word' id='word_1_240' title='bbox 879 2132 938 2168; x_wconf 81' lang='grc' dir='ltr'>διοὶ</span> <span class='ocrx_word' id='word_1_241' title='bbox 956 2137 998 2168; x_wconf 79' lang='grc' dir='ltr'>τὸ</span> <span class='ocrx_word' id='word_1_242' title='bbox 1016 2137 1062 2179; x_wconf 70' lang='grc' dir='ltr'>μή</span> <span class='ocrx_word' id='word_1_243' title='bbox 1081 2135 1165 2169; x_wconf 84' lang='grc' dir='ltr'>εἶναι</span> <span class='ocrx_word' id='word_1_244' title='bbox 1183 2133 1304 2179; x_wconf 79' lang='grc' dir='ltr'>ἐνδεές,</span> <span class='ocrx_word' id='word_1_245' title='bbox 1323 2139 1403 2171; x_wconf 79' lang='grc' dir='ltr'>οὔτε</span> 
     </span>
     <span class='ocr_line' id='line_1_34' title="bbox 413 2179 1400 2225; baseline 0.001 -11"><span class='ocrx_word' id='word_1_246' title='bbox 413 2183 454 2215; x_wconf 70' lang='grc' dir='ltr'>τὰ</span> <span class='ocrx_word' id='word_1_247' title='bbox 487 2183 652 2213; x_wconf 83' lang='grc' dir='ltr'>ἐναντίον-</span> <span class='ocrx_word' id='word_1_248' title='bbox 683 2179 853 2222; x_wconf 67' lang='grc' dir='ltr'>φθαρτικὰ</span> <span class='ocrx_word' id='word_1_249' title='bbox 882 2180 946 2225; x_wconf 73' lang='grc' dir='ltr'>γὰρ</span> <span class='ocrx_word' id='word_1_250' title='bbox 980 2179 1136 2216; x_wconf 73' lang='grc' dir='ltr'>ἀλλήλων</span> <span class='ocrx_word' id='word_1_251' title='bbox 1169 2182 1217 2214; x_wconf 79' lang='grc' dir='ltr'>τοὶ</span> <span class='ocrx_word' id='word_1_252' title='bbox 1248 2180 1400 2215; x_wconf 81' lang='grc' dir='ltr'>ἐναντία.</span> 
     </span>
     <span class='ocr_line' id='line_1_35' title="bbox 407 2222 1403 2269; baseline 0.001 -12"><span class='ocrx_word' id='word_1_253' title='bbox 407 2225 516 2257; x_wconf 84' lang='grc' dir='ltr'>Ἀλλοὶ</span> <span class='ocrx_word' id='word_1_254' title='bbox 540 2225 634 2257; x_wconf 81' lang='grc' dir='ltr'>τοῦτ’</span> <span class='ocrx_word' id='word_1_255' title='bbox 655 2223 745 2256; x_wconf 85' lang='grc' dir='ltr'>ἔστιν</span> <span class='ocrx_word' id='word_1_256' title='bbox 769 2224 789 2259; x_wconf 77' lang='grc' dir='ltr'>’ἡ</span> <span class='ocrx_word' id='word_1_257' title='bbox 816 2222 892 2264; x_wconf 78' lang='grc' dir='ltr'>ὕλη,</span> <span class='ocrx_word' id='word_1_258' title='bbox 910 2223 1018 2265; x_wconf 75' lang='grc' dir='ltr'>ὥσπερ</span> <span class='ocrx_word' id='word_1_259' title='bbox 1046 2223 1084 2256; x_wconf 74' lang='grc' dir='ltr'>ἂν</span> <span class='ocrx_word' id='word_1_260' title='bbox 1110 2225 1138 2256; x_wconf 85' lang='grc' dir='ltr'>εἰ</span> <span class='ocrx_word' id='word_1_261' title='bbox 1163 2224 1246 2261; x_wconf 87' lang='grc' dir='ltr'>θῆλυ</span> <span class='ocrx_word' id='word_1_262' title='bbox 1274 2223 1403 2269; x_wconf 77' lang='grc' dir='ltr'>ἄρρενος</span> 
     </span>
     <span class='ocr_line' id='line_1_36' title="bbox 412 2266 1406 2314; baseline 0.002 -13"><span class='ocrx_word' id='word_1_263' title='bbox 412 2271 470 2302; x_wconf 83' lang='grc' dir='ltr'>καὶ</span> <span class='ocrx_word' id='word_1_264' title='bbox 489 2269 625 2313; x_wconf 71' lang='grc' dir='ltr'>αἰσχρόν</span> <span class='ocrx_word' id='word_1_265' title='bbox 641 2268 762 2299; x_wconf 84' lang='grc' dir='ltr'>καλοῦ·</span> <span class='ocrx_word' id='word_1_266' title='bbox 782 2267 869 2303; x_wconf 68' lang='grc' dir='ltr'>πλὴν</span> <span class='ocrx_word' id='word_1_267' title='bbox 889 2266 926 2299; x_wconf 75' lang='grc' dir='ltr'>οὐ</span> <span class='ocrx_word' id='word_1_268' title='bbox 942 2266 1018 2299; x_wconf 68' lang='grc' dir='ltr'>καθ’</span> <span class='ocrx_word' id='word_1_269' title='bbox 1039 2269 1127 2301; x_wconf 75' lang='grc' dir='ltr'>αὐτό</span> <span class='ocrx_word' id='word_1_270' title='bbox 1145 2269 1295 2314; x_wconf 82' lang='grc' dir='ltr'>αἰσχρόν,</span> <span class='ocrx_word' id='word_1_271' title='bbox 1316 2271 1406 2303; x_wconf 70' lang='grc' dir='ltr'>ἀλλά.</span> 
     </span>
     <span class='ocr_line' id='line_1_37' title="bbox 413 2307 1405 2357; baseline 0.001 -12"><span class='ocrx_word' id='word_1_272' title='bbox 413 2313 508 2346; x_wconf 75' lang='grc' dir='ltr'>καταῖ</span> <span class='ocrx_word' id='word_1_273' title='bbox 537 2311 766 2357; x_wconf 82' lang='grc' dir='ltr'>συμβεβηκός,</span> <span class='ocrx_word' id='word_1_274' title='bbox 796 2307 874 2343; x_wconf 75' lang='grc' dir='ltr'>οὐδὲ</span> <span class='ocrx_word' id='word_1_275' title='bbox 902 2310 1004 2352; x_wconf 81' lang='grc' dir='ltr'>θῆλυ,</span> <span class='ocrx_word' id='word_1_276' title='bbox 1041 2311 1131 2345; x_wconf 72' lang='grc' dir='ltr'>ἄλλα</span> <span class='ocrx_word' id='word_1_277' title='bbox 1161 2314 1257 2346; x_wconf 83' lang='grc' dir='ltr'>κατοὶ</span> <span class='ocrx_word' id='word_1_278' title='bbox 1285 2315 1405 2356; x_wconf 85' lang='grc' dir='ltr'>συμβε-</span> 
     </span>
     <span class='ocr_line' id='line_1_38' title="bbox 414 2356 527 2397; baseline 0 -9"><span class='ocrx_word' id='word_1_279' title='bbox 414 2356 527 2397; x_wconf 83' lang='grc' dir='ltr'>βηκός.</span> 
     </span>
    </p>

    <p class='ocr_par' dir='ltr' id='par_1_15' title="bbox 348 2395 1404 2491">
     <span class='ocr_line' id='line_1_39' title="bbox 348 2395 1402 2444; baseline 0.002 -12"><span class='ocrx_word' id='word_1_280' title='bbox 348 2400 524 2443; x_wconf 82' lang='grc' dir='ltr'>Φθείρεται</span> <span class='ocrx_word' id='word_1_281' title='bbox 549 2395 585 2431; x_wconf 78' lang='grc' dir='ltr'>δὲ</span> <span class='ocrx_word' id='word_1_282' title='bbox 609 2399 667 2430; x_wconf 81' lang='grc' dir='ltr'>καὶ</span> <span class='ocrx_word' id='word_1_283' title='bbox 692 2402 848 2444; x_wconf 76' lang='grc' dir='ltr'>γίγνεται</span> <span class='ocrx_word' id='word_1_284' title='bbox 873 2399 946 2431; x_wconf 82' lang='grc' dir='ltr'>ἔστι</span> <span class='ocrx_word' id='word_1_285' title='bbox 971 2400 1029 2442; x_wconf 77' lang='grc' dir='ltr'>μὲν</span> <span class='ocrx_word' id='word_1_286' title='bbox 1051 2399 1104 2437; x_wconf 78' lang='grc' dir='ltr'>ὥς,</span> <span class='ocrx_word' id='word_1_287' title='bbox 1132 2400 1205 2433; x_wconf 82' lang='grc' dir='ltr'>ἔστι</span> <span class='ocrx_word' id='word_1_288' title='bbox 1229 2396 1260 2432; x_wconf 83' lang='grc' dir='ltr'>δ’</span> <span class='ocrx_word' id='word_1_289' title='bbox 1287 2402 1328 2438; x_wconf 84' lang='grc' dir='ltr'>ὠς</span> <span class='ocrx_word' id='word_1_290' title='bbox 1353 2403 1402 2434; x_wconf 80' lang='grc' dir='ltr'>οὗ.</span> 
     </span>
     <span class='ocr_line' id='line_1_40' title="bbox 410 2442 1404 2491; baseline 0.003 -16"><span class='ocrx_word' id='word_1_291' title='bbox 410 2446 463 2482; x_wconf 73' lang='grc' dir='ltr'>Ὠς</span> <span class='ocrx_word' id='word_1_292' title='bbox 488 2443 548 2488; x_wconf 79' lang='grc' dir='ltr'>μὲν</span> <span class='ocrx_word' id='word_1_293' title='bbox 571 2444 635 2489; x_wconf 68' lang='grc' dir='ltr'>γάρ</span> <span class='ocrx_word' id='word_1_294' title='bbox 661 2444 701 2475; x_wconf 80' lang='grc' dir='ltr'>τὸ</span> <span class='ocrx_word' id='word_1_295' title='bbox 727 2445 759 2476; x_wconf 82' lang='grc' dir='ltr'>ἐν</span> <span class='ocrx_word' id='word_1_296' title='bbox 786 2443 826 2484; x_wconf 72' lang='grc' dir='ltr'>ᾧ,</span> <span class='ocrx_word' id='word_1_297' title='bbox 852 2442 926 2474; x_wconf 62' lang='lat' dir='ltr'>zoro*</span> <span class='ocrx_word' id='word_1_298' title='bbox 953 2444 1040 2476; x_wconf 73' lang='grc' dir='ltr'>αὑτό</span> <span class='ocrx_word' id='word_1_299' title='bbox 1066 2443 1248 2488; x_wconf 85' lang='grc' dir='ltr'>φθείρεται·</span> <span class='ocrx_word' id='word_1_300' title='bbox 1276 2446 1316 2477; x_wconf 69' lang='grc' dir='ltr'>τὸ</span> <span class='ocrx_word' id='word_1_301' title='bbox 1340 2447 1404 2491; x_wconf 73' lang='grc' dir='ltr'>γαρ</span> 
     </span>
    </p>

    <p class='ocr_par' dir='ltr' id='par_1_16' title="bbox 437 2485 1407 2533">
     <span class='ocr_line' id='line_1_41' title="bbox 437 2485 1407 2533; baseline 0.002 -14"><span class='ocrx_word' id='word_1_302' title='bbox 437 2487 622 2533; x_wconf 81' lang='grc' dir='ltr'>θειρόμενον</span> <span class='ocrx_word' id='word_1_303' title='bbox 649 2487 681 2518; x_wconf 79' lang='grc' dir='ltr'>ἐν</span> <span class='ocrx_word' id='word_1_304' title='bbox 707 2486 820 2528; x_wconf 78' lang='grc' dir='ltr'>τούτῳ</span> <span class='ocrx_word' id='word_1_305' title='bbox 846 2487 936 2519; x_wconf 81' lang='grc' dir='ltr'>ἐστὶν</span> <span class='ocrx_word' id='word_1_306' title='bbox 955 2488 975 2523; x_wconf 75' lang='grc' dir='ltr'>ἡ</span> <span class='ocrx_word' id='word_1_307' title='bbox 994 2487 1160 2532; x_wconf 80' lang='grc' dir='ltr'>στέρησις·</span> <span class='ocrx_word' id='word_1_308' title='bbox 1183 2491 1224 2526; x_wconf 79' lang='grc' dir='ltr'>ὡς</span> <span class='ocrx_word' id='word_1_309' title='bbox 1249 2485 1287 2521; x_wconf 81' lang='grc' dir='ltr'>δὲ</span> <span class='ocrx_word' id='word_1_310' title='bbox 1311 2491 1407 2523; x_wconf 81' lang='grc' dir='ltr'>κατοὶ</span> 
     </span>
    </p>

    <p class='ocr_par' dir='ltr' id='par_1_17' title="bbox 413 2500 1409 2885">
     <span class='ocr_line' id='line_1_42' title="bbox 413 2500 1405 2579; baseline 0.002 -15"><span class='ocrx_word' id='word_1_311' title='bbox 413 2500 569 2576; x_wconf 62' lang='grc' dir='ltr'>δύναμιν,</span> <span class='ocrx_word' id='word_1_312' title='bbox 588 2529 626 2563; x_wconf 80' lang='grc' dir='ltr'>οὗ</span> <span class='ocrx_word' id='word_1_313' title='bbox 650 2531 722 2563; x_wconf 81' lang='grc' dir='ltr'>καθ’</span> <span class='ocrx_word' id='word_1_314' title='bbox 754 2531 855 2571; x_wconf 80' lang='grc' dir='ltr'>αὑτό,</span> <span class='ocrx_word' id='word_1_315' title='bbox 876 2528 945 2563; x_wconf 81' lang='grc' dir='ltr'>ἀλλ’</span> <span class='ocrx_word' id='word_1_316' title='bbox 968 2532 1137 2575; x_wconf 68' lang='grc' dir='ltr'>ἄφθαρτον</span> <span class='ocrx_word' id='word_1_317' title='bbox 1158 2535 1216 2565; x_wconf 81' lang='grc' dir='ltr'>καὶ</span> <span class='ocrx_word' id='word_1_318' title='bbox 1239 2532 1405 2579; x_wconf 78' lang='grc' dir='ltr'>ἀγένητον</span> 
     </span>
     <span class='ocr_line' id='line_1_43' title="bbox 417 2573 1405 2622; baseline 0.001 -13"><span class='ocrx_word' id='word_1_319' title='bbox 417 2576 550 2622; x_wconf 68' lang='grc' dir='ltr'>ἀνάγκη,</span> <span class='ocrx_word' id='word_1_320' title='bbox 573 2575 682 2612; x_wconf 70' lang='grc' dir='ltr'>αὐτὴν</span> <span class='ocrx_word' id='word_1_321' title='bbox 708 2573 807 2607; x_wconf 81' lang='grc' dir='ltr'>εἶναι·</span> <span class='ocrx_word' id='word_1_322' title='bbox 834 2577 902 2608; x_wconf 86' lang='grc' dir='ltr'>εἴτε</span> <span class='ocrx_word' id='word_1_323' title='bbox 927 2576 991 2621; x_wconf 80' lang='grc' dir='ltr'>γοὶρ</span> <span class='ocrx_word' id='word_1_324' title='bbox 1018 2574 1183 2622; x_wconf 76' lang='grc' dir='ltr'>ἐγίγνετο,</span> <span class='ocrx_word' id='word_1_325' title='bbox 1209 2578 1405 2610; x_wconf 78' lang='grc' dir='ltr'>ὑποκεῖσθαί</span> 
     </span>
     <span class='ocr_line' id='line_1_44' title="bbox 414 2616 1406 2664; baseline 0.001 -11"><span class='ocrx_word' id='word_1_326' title='bbox 414 2634 448 2656; x_wconf 84' lang='grc' dir='ltr'>τι</span> <span class='ocrx_word' id='word_1_327' title='bbox 465 2616 518 2652; x_wconf 82' lang='grc' dir='ltr'>δεῖ</span> <span class='ocrx_word' id='word_1_328' title='bbox 534 2621 680 2664; x_wconf 82' lang='grc' dir='ltr'>πρῶτον,</span> <span class='ocrx_word' id='word_1_329' title='bbox 695 2620 736 2652; x_wconf 76' lang='grc' dir='ltr'>τὸ</span> <span class='ocrx_word' id='word_1_330' title='bbox 756 2619 790 2660; x_wconf 78' lang='grc' dir='ltr'>ἐξ</span> <span class='ocrx_word' id='word_1_331' title='bbox 809 2619 847 2651; x_wconf 82' lang='grc' dir='ltr'>οὗ</span> <span class='ocrx_word' id='word_1_332' title='bbox 866 2619 1126 2664; x_wconf 74' lang='grc' dir='ltr'>ἐνυπάρχοντος·</span> <span class='ocrx_word' id='word_1_333' title='bbox 1145 2622 1251 2654; x_wconf 91' lang='grc' dir='ltr'>τοῦτο</span> <span class='ocrx_word' id='word_1_334' title='bbox 1268 2617 1296 2653; x_wconf 82' lang='grc' dir='ltr'>δ’</span> <span class='ocrx_word' id='word_1_335' title='bbox 1316 2623 1406 2655; x_wconf 83' lang='grc' dir='ltr'>ἐστὶν</span> 
     </span>
     <span class='ocr_line' id='line_1_45' title="bbox 416 2663 1407 2712; baseline 0.004 -17"><span class='ocrx_word' id='word_1_336' title='bbox 416 2664 507 2706; x_wconf 67' lang='grc' dir='ltr'>αὐτῆ</span> <span class='ocrx_word' id='word_1_337' title='bbox 533 2665 554 2700; x_wconf 79' lang='grc' dir='ltr'>ἡ</span> <span class='ocrx_word' id='word_1_338' title='bbox 578 2663 683 2707; x_wconf 78' lang='grc' dir='ltr'>φύσις,</span> <span class='ocrx_word' id='word_1_339' title='bbox 711 2663 785 2696; x_wconf 77' lang='grc' dir='ltr'>ὥστ’</span> <span class='ocrx_word' id='word_1_340' title='bbox 815 2664 913 2695; x_wconf 82' lang='grc' dir='ltr'>ἔσται</span> <span class='ocrx_word' id='word_1_341' title='bbox 938 2666 1012 2706; x_wconf 85' lang='grc' dir='ltr'>πρὶν</span> <span class='ocrx_word' id='word_1_342' title='bbox 1036 2664 1203 2710; x_wconf 81' lang='grc' dir='ltr'>γενέσθαι.</span> <span class='ocrx_word' id='word_1_343' title='bbox 1230 2666 1327 2711; x_wconf 84' lang='grc' dir='ltr'>Λέγω</span> <span class='ocrx_word' id='word_1_344' title='bbox 1343 2667 1407 2712; x_wconf 65' lang='grc' dir='ltr'>γὰρ</span> 
     </span>
     <span class='ocr_line' id='line_1_46' title="bbox 417 2708 1407 2756; baseline 0.001 -15"><span class='ocrx_word' id='word_1_345' title='bbox 417 2710 496 2746; x_wconf 79' lang='grc' dir='ltr'>ὕλην</span> <span class='ocrx_word' id='word_1_346' title='bbox 514 2708 555 2741; x_wconf 75' lang='grc' dir='ltr'>τὸ</span> <span class='ocrx_word' id='word_1_347' title='bbox 580 2709 713 2752; x_wconf 76' lang='grc' dir='ltr'>πρῶτον</span> <span class='ocrx_word' id='word_1_348' title='bbox 739 2710 956 2751; x_wconf 79' lang='grc' dir='ltr'>ὑποκείμενον</span> <span class='ocrx_word' id='word_1_349' title='bbox 979 2708 1124 2750; x_wconf 81' lang='grc' dir='ltr'>ἑκοίστῳ,</span> <span class='ocrx_word' id='word_1_350' title='bbox 1144 2709 1178 2750; x_wconf 78' lang='grc' dir='ltr'>ἐξ</span> <span class='ocrx_word' id='word_1_351' title='bbox 1198 2710 1235 2741; x_wconf 81' lang='grc' dir='ltr'>οὗ</span> <span class='ocrx_word' id='word_1_352' title='bbox 1252 2714 1407 2756; x_wconf 79' lang='grc' dir='ltr'>γίγνεταί</span> 
     </span>
     <span class='ocr_line' id='line_1_47' title="bbox 417 2752 1409 2798; baseline 0.003 -14"><span class='ocrx_word' id='word_1_353' title='bbox 417 2766 450 2787; x_wconf 82' lang='grc' dir='ltr'>τι</span> <span class='ocrx_word' id='word_1_354' title='bbox 475 2752 723 2796; x_wconf 77' lang='grc' dir='ltr'>ἐνυπάρχοντος</span> <span class='ocrx_word' id='word_1_355' title='bbox 749 2752 796 2796; x_wconf 74' lang='grc' dir='ltr'>μή</span> <span class='ocrx_word' id='word_1_356' title='bbox 820 2752 915 2785; x_wconf 75' lang='grc' dir='ltr'>κατὰ</span> <span class='ocrx_word' id='word_1_357' title='bbox 938 2753 1160 2794; x_wconf 82' lang='grc' dir='ltr'>συμβεβηκός·</span> <span class='ocrx_word' id='word_1_358' title='bbox 1187 2756 1255 2786; x_wconf 80' lang='grc' dir='ltr'>εἴτε</span> <span class='ocrx_word' id='word_1_359' title='bbox 1286 2755 1409 2798; x_wconf 79' lang='grc' dir='ltr'>φθείρε-</span> 
     </span>
     <span class='ocr_line' id='line_1_48' title="bbox 417 2795 1407 2844; baseline 0 -14"><span class='ocrx_word' id='word_1_360' title='bbox 417 2809 498 2838; x_wconf 89' lang='grc' dir='ltr'>ται,</span> <span class='ocrx_word' id='word_1_361' title='bbox 524 2797 569 2834; x_wconf 77' lang='grc' dir='ltr'>εἰς</span> <span class='ocrx_word' id='word_1_362' title='bbox 593 2797 698 2829; x_wconf 90' lang='grc' dir='ltr'>τοῦτο</span> <span class='ocrx_word' id='word_1_363' title='bbox 725 2796 882 2840; x_wconf 79' lang='grc' dir='ltr'>ἀφίξεται</span> <span class='ocrx_word' id='word_1_364' title='bbox 913 2795 1080 2841; x_wconf 78' lang='grc' dir='ltr'>ἔσχατον,</span> <span class='ocrx_word' id='word_1_365' title='bbox 1106 2797 1192 2831; x_wconf 78' lang='grc' dir='ltr'>ὥστε</span> <span class='ocrx_word' id='word_1_366' title='bbox 1223 2799 1407 2844; x_wconf 76' lang='grc' dir='ltr'>ἑφθαρμὲνη</span> 
     </span>
     <span class='ocr_line' id='line_1_49' title="bbox 418 2839 817 2885; baseline -0.01 -10"><span class='ocrx_word' id='word_1_367' title='bbox 418 2842 516 2874; x_wconf 81' lang='grc' dir='ltr'>ἔσται</span> <span class='ocrx_word' id='word_1_368' title='bbox 541 2842 614 2884; x_wconf 81' lang='grc' dir='ltr'>πρὶν</span> <span class='ocrx_word' id='word_1_369' title='bbox 640 2839 817 2885; x_wconf 76' lang='grc' dir='ltr'>φθαρῆναι.</span> 
     </span>
    </p>

    <p class='ocr_par' dir='ltr' id='par_1_18' title="bbox 350 2879 1413 3239">
     <span class='ocr_line' id='line_1_50' title="bbox 350 2879 1410 2931; baseline 0.001 -15"><span class='ocrx_word' id='word_1_370' title='bbox 350 2887 424 2931; x_wconf 81' lang='grc' dir='ltr'>Περὶ</span> <span class='ocrx_word' id='word_1_371' title='bbox 450 2881 487 2917; x_wconf 79' lang='grc' dir='ltr'>δὲ</span> <span class='ocrx_word' id='word_1_372' title='bbox 512 2885 574 2922; x_wconf 79' lang='grc' dir='ltr'>τῆς</span> <span class='ocrx_word' id='word_1_373' title='bbox 598 2884 694 2916; x_wconf 76' lang='grc' dir='ltr'>κατοί</span> <span class='ocrx_word' id='word_1_374' title='bbox 718 2884 758 2917; x_wconf 80' lang='grc' dir='ltr'>τὸ</span> <span class='ocrx_word' id='word_1_375' title='bbox 783 2879 868 2922; x_wconf 80' lang='grc' dir='ltr'>εἶδος</span> <span class='ocrx_word' id='word_1_376' title='bbox 896 2882 1013 2928; x_wconf 70' lang='grc' dir='ltr'>ἀρχῆς,</span> <span class='ocrx_word' id='word_1_377' title='bbox 1041 2884 1183 2929; x_wconf 81' lang='grc' dir='ltr'>πότερον</span> <span class='ocrx_word' id='word_1_378' title='bbox 1209 2890 1270 2928; x_wconf 88' lang='grc' dir='ltr'>μία</span> <span class='ocrx_word' id='word_1_379' title='bbox 1291 2886 1312 2923; x_wconf 74' lang='grc' dir='ltr'>ἦ</span> <span class='ocrx_word' id='word_1_380' title='bbox 1331 2888 1410 2919; x_wconf 90' lang='grc' dir='ltr'>πολ-</span> 
     </span>
     <span class='ocr_line' id='line_1_51' title="bbox 416 2924 1409 2973; baseline 0.002 -12"><span class='ocrx_word' id='word_1_381' title='bbox 416 2932 487 2968; x_wconf 85' lang='grc' dir='ltr'>λαί,</span> <span class='ocrx_word' id='word_1_382' title='bbox 505 2930 563 2961; x_wconf 85' lang='grc' dir='ltr'>καὶ</span> <span class='ocrx_word' id='word_1_383' title='bbox 588 2931 637 2966; x_wconf 86' lang='grc' dir='ltr'>τίς</span> <span class='ocrx_word' id='word_1_384' title='bbox 664 2927 684 2965; x_wconf 79' lang='grc' dir='ltr'>ἦ</span> <span class='ocrx_word' id='word_1_385' title='bbox 710 2931 795 2966; x_wconf 86' lang='grc' dir='ltr'>τίνες</span> <span class='ocrx_word' id='word_1_386' title='bbox 821 2930 896 2969; x_wconf 84' lang='grc' dir='ltr'>εἱσί,</span> <span class='ocrx_word' id='word_1_387' title='bbox 922 2924 959 2961; x_wconf 84' lang='grc' dir='ltr'>δι’</span> <span class='ocrx_word' id='word_1_388' title='bbox 990 2929 1157 2973; x_wconf 81' lang='grc' dir='ltr'>ἀκριβείας</span> <span class='ocrx_word' id='word_1_389' title='bbox 1183 2932 1244 2968; x_wconf 78' lang='grc' dir='ltr'>τῆς</span> <span class='ocrx_word' id='word_1_390' title='bbox 1275 2931 1409 2973; x_wconf 73' lang='grc' dir='ltr'>πρώτης</span> 
     </span>
     <span class='ocr_line' id='line_1_52' title="bbox 418 2968 1409 3019; baseline 0 -14"><span class='ocrx_word' id='word_1_391' title='bbox 418 2975 612 3019; x_wconf 82' lang='grc' dir='ltr'>φιλοσοφίας</span> <span class='ocrx_word' id='word_1_392' title='bbox 637 2972 731 3018; x_wconf 83' lang='grc' dir='ltr'>ἔργον</span> <span class='ocrx_word' id='word_1_393' title='bbox 757 2973 827 3005; x_wconf 73' lang='grc' dir='ltr'>ἐστὶ</span> <span class='ocrx_word' id='word_1_394' title='bbox 853 2968 1008 3017; x_wconf 85' lang='grc' dir='ltr'>διορίσαι·</span> <span class='ocrx_word' id='word_1_395' title='bbox 1036 2973 1121 3006; x_wconf 79' lang='grc' dir='ltr'>ὥστε</span> <span class='ocrx_word' id='word_1_396' title='bbox 1148 2975 1191 3011; x_wconf 79' lang='grc' dir='ltr'>εἰς</span> <span class='ocrx_word' id='word_1_397' title='bbox 1211 2973 1333 3007; x_wconf 77' lang='grc' dir='ltr'>ἐκεῖνον</span> <span class='ocrx_word' id='word_1_398' title='bbox 1351 2975 1409 3008; x_wconf 74' lang='grc' dir='ltr'>τὸν</span> 
     </span>
     <span class='ocr_line' id='line_1_53' title="bbox 417 3014 1408 3062; baseline 0.001 -12"><span class='ocrx_word' id='word_1_399' title='bbox 417 3017 533 3062; x_wconf 79' lang='grc' dir='ltr'>καιρὸν</span> <span class='ocrx_word' id='word_1_400' title='bbox 566 3015 766 3049; x_wconf 78' lang='grc' dir='ltr'>ἀποκείσθω.</span> <span class='ocrx_word' id='word_1_401' title='bbox 806 3018 880 3059; x_wconf 86' lang='grc' dir='ltr'>Περὶ</span> <span class='ocrx_word' id='word_1_402' title='bbox 913 3014 950 3050; x_wconf 80' lang='grc' dir='ltr'>δὲ</span> <span class='ocrx_word' id='word_1_403' title='bbox 983 3019 1048 3052; x_wconf 81' lang='grc' dir='ltr'>τῶν</span> <span class='ocrx_word' id='word_1_404' title='bbox 1081 3019 1222 3062; x_wconf 80' lang='grc' dir='ltr'>φυσικῶν</span> <span class='ocrx_word' id='word_1_405' title='bbox 1254 3022 1310 3051; x_wconf 84' lang='grc' dir='ltr'>καὶ</span> <span class='ocrx_word' id='word_1_406' title='bbox 1344 3020 1408 3052; x_wconf 80' lang='grc' dir='ltr'>τῶν</span> 
     </span>
     <span class='ocr_line' id='line_1_54' title="bbox 419 3056 1408 3108; baseline 0.002 -14"><span class='ocrx_word' id='word_1_407' title='bbox 419 3061 573 3105; x_wconf 79' lang='grc' dir='ltr'>φθαρτῶν</span> <span class='ocrx_word' id='word_1_408' title='bbox 591 3056 686 3093; x_wconf 80' lang='grc' dir='ltr'>εἱδῶν</span> <span class='ocrx_word' id='word_1_409' title='bbox 705 3061 737 3092; x_wconf 79' lang='grc' dir='ltr'>ἐν</span> <span class='ocrx_word' id='word_1_410' title='bbox 756 3064 826 3098; x_wconf 86' lang='grc' dir='ltr'>τοῖς</span> <span class='ocrx_word' id='word_1_411' title='bbox 852 3061 990 3107; x_wconf 82' lang='grc' dir='ltr'>ὕστερον</span> <span class='ocrx_word' id='word_1_412' title='bbox 1014 3057 1234 3106; x_wconf 78' lang='grc' dir='ltr'>δεικνυμένοις</span> <span class='ocrx_word' id='word_1_413' title='bbox 1259 3065 1408 3108; x_wconf 82' lang='grc' dir='ltr'>ἐροῦμεν.</span> 
     </span>
     <span class='ocr_line' id='line_1_55' title="bbox 411 3103 1409 3149; baseline 0.001 -12"><span class='ocrx_word' id='word_1_414' title='bbox 411 3105 489 3139; x_wconf 77' lang='grc' dir='ltr'>’Ότι</span> <span class='ocrx_word' id='word_1_415' title='bbox 514 3105 573 3148; x_wconf 79' lang='grc' dir='ltr'>μὲν</span> <span class='ocrx_word' id='word_1_416' title='bbox 598 3103 654 3137; x_wconf 77' lang='grc' dir='ltr'>οὖν</span> <span class='ocrx_word' id='word_1_417' title='bbox 679 3106 759 3136; x_wconf 79' lang='grc' dir='ltr'>εἰσὶν</span> <span class='ocrx_word' id='word_1_418' title='bbox 786 3106 901 3149; x_wconf 84' lang='grc' dir='ltr'>ἀρχαί,</span> <span class='ocrx_word' id='word_1_419' title='bbox 927 3108 985 3138; x_wconf 86' lang='grc' dir='ltr'>καὶ</span> <span class='ocrx_word' id='word_1_420' title='bbox 1011 3110 1111 3147; x_wconf 87' lang='grc' dir='ltr'>τίνες,</span> <span class='ocrx_word' id='word_1_421' title='bbox 1136 3109 1194 3138; x_wconf 84' lang='grc' dir='ltr'>καὶ</span> <span class='ocrx_word' id='word_1_422' title='bbox 1221 3107 1324 3140; x_wconf 86' lang='grc' dir='ltr'>πόσαι</span> <span class='ocrx_word' id='word_1_423' title='bbox 1350 3108 1409 3140; x_wconf 72' lang='grc' dir='ltr'>τόν</span> 
     </span>
     <span class='ocr_line' id='line_1_56' title="bbox 422 3145 1413 3195; baseline 0.002 -13"><span class='ocrx_word' id='word_1_424' title='bbox 422 3148 571 3194; x_wconf 80' lang='grc' dir='ltr'>ἀριθμόν,</span> <span class='ocrx_word' id='word_1_425' title='bbox 597 3145 756 3194; x_wconf 84' lang='grc' dir='ltr'>διωρίσθω</span> <span class='ocrx_word' id='word_1_426' title='bbox 782 3150 859 3193; x_wconf 80' lang='grc' dir='ltr'>ἡμῖν</span> <span class='ocrx_word' id='word_1_427' title='bbox 885 3149 1005 3189; x_wconf 69' lang='grc' dir='ltr'>οὕτως·</span> <span class='ocrx_word' id='word_1_428' title='bbox 1032 3151 1133 3183; x_wconf 76' lang='grc' dir='ltr'>πάλιν</span> <span class='ocrx_word' id='word_1_429' title='bbox 1158 3146 1195 3183; x_wconf 78' lang='grc' dir='ltr'>δὲ</span> <span class='ocrx_word' id='word_1_430' title='bbox 1222 3153 1325 3190; x_wconf 80' lang='grc' dir='ltr'>α”λλην</span> <span class='ocrx_word' id='word_1_431' title='bbox 1356 3153 1413 3195; x_wconf 87' lang='grc' dir='ltr'>ἀρ-</span> 
     </span>
     <span class='ocr_line' id='line_1_57' title="bbox 421 3193 876 3239; baseline -0.004 -13"><span class='ocrx_word' id='word_1_432' title='bbox 421 3194 485 3239; x_wconf 68' lang='grc' dir='ltr'>χὴν</span> <span class='ocrx_word' id='word_1_433' title='bbox 512 3193 691 3238; x_wconf 69' lang='grc' dir='ltr'>ἀρξάμενοι</span> <span class='ocrx_word' id='word_1_434' title='bbox 714 3193 876 3239; x_wconf 83' lang='grc' dir='ltr'>λέγωμεν.</span> 
     </span>
    </p>
   </div>
   <div class='ocr_carea' id='block_1_11' title="bbox 356 3304 1414 3654">
    <p class='ocr_par' dir='ltr' id='par_1_19' title="bbox 356 3304 1414 3654">
     <span class='ocr_line' id='line_1_58' title="bbox 410 3304 1411 3341; baseline 0 -9"><span class='ocrx_word' id='word_1_435' title='bbox 410 3305 557 3332; x_wconf 75' lang='lat' dir='ltr'>SYNOPSIS.</span> <span class='ocrx_word' id='word_1_436' title='bbox 581 3320 615 3325; x_wconf 89' lang='lat'>—-</span> <span class='ocrx_word' id='word_1_437' title='bbox 643 3314 667 3332; x_wconf 93' lang='lat'>1.</span> <span class='ocrx_word' id='word_1_438' title='bbox 682 3305 892 3341; x_wconf 81' lang='lat' dir='ltr'>Argumentum</span> <span class='ocrx_word' id='word_1_439' title='bbox 914 3310 941 3332; x_wconf 89' lang='lat' dir='ltr'>et</span> <span class='ocrx_word' id='word_1_440' title='bbox 962 3304 1063 3332; x_wconf 87' lang='lat' dir='ltr'>divisio</span> <span class='ocrx_word' id='word_1_441' title='bbox 1083 3310 1184 3332; x_wconf 88' lang='lat' dir='ltr'>textus.</span> <span class='ocrx_word' id='word_1_442' title='bbox 1200 3322 1219 3326; x_wconf 95' lang='lat'><em>-</em></span> <span class='ocrx_word' id='word_1_443' title='bbox 1234 3312 1261 3332; x_wconf 88' lang='lat'>2.</span> <span class='ocrx_word' id='word_1_444' title='bbox 1285 3305 1411 3339; x_wconf 88' lang='lat' dir='ltr'>Quidam</span> 
     </span>
     <span class='ocr_line' id='line_1_59' title="bbox 356 3342 1412 3380; baseline 0.001 -9"><span class='ocrx_word' id='word_1_445' title='bbox 356 3342 529 3380; x_wconf 84' lang='lat' dir='ltr'>philosophi,</span> <span class='ocrx_word' id='word_1_446' title='bbox 540 3353 600 3371; x_wconf 91' lang='lat' dir='ltr'>non</span> <span class='ocrx_word' id='word_1_447' title='bbox 615 3343 819 3379; x_wconf 84' lang='lat' dir='ltr'>distinguentes</span> <span class='ocrx_word' id='word_1_448' title='bbox 834 3343 907 3370; x_wconf 86' lang='lat' dir='ltr'>inter</span> <span class='ocrx_word' id='word_1_449' title='bbox 921 3343 1109 3379; x_wconf 84' lang='lat' dir='ltr'>privationem</span> <span class='ocrx_word' id='word_1_450' title='bbox 1122 3350 1148 3371; x_wconf 90' lang='lat' dir='ltr'>et</span> <span class='ocrx_word' id='word_1_451' title='bbox 1164 3344 1323 3378; x_wconf 85' lang='lat' dir='ltr'>materiam,</span> <span class='ocrx_word' id='word_1_452' title='bbox 1335 3344 1412 3372; x_wconf 87' lang='lat' dir='ltr'>dixe-</span> 
     </span>
     <span class='ocr_line' id='line_1_60' title="bbox 357 3382 1412 3419; baseline 0.001 -9"><span class='ocrx_word' id='word_1_453' title='bbox 357 3389 439 3418; x_wconf 87' lang='lat' dir='ltr'>runt,</span> <span class='ocrx_word' id='word_1_454' title='bbox 461 3382 533 3410; x_wconf 86' lang='lat' dir='ltr'>sicut</span> <span class='ocrx_word' id='word_1_455' title='bbox 553 3382 661 3419; x_wconf 91' lang='lat' dir='ltr'>aliquid</span> <span class='ocrx_word' id='word_1_456' title='bbox 682 3392 733 3418; x_wconf 90' lang='lat' dir='ltr'>per</span> <span class='ocrx_word' id='word_1_457' title='bbox 747 3391 777 3410; x_wconf 89' lang='lat' dir='ltr'>se</span> <span class='ocrx_word' id='word_1_458' title='bbox 792 3382 956 3418; x_wconf 86' lang='lat' dir='ltr'>simpliciter</span> <span class='ocrx_word' id='word_1_459' title='bbox 970 3382 1000 3410; x_wconf 86' lang='lat' dir='ltr'>fit</span> <span class='ocrx_word' id='word_1_460' title='bbox 1021 3391 1055 3410; x_wconf 87' lang='lat' dir='ltr'>ex</span> <span class='ocrx_word' id='word_1_461' title='bbox 1072 3383 1199 3417; x_wconf 87' lang='lat' dir='ltr'>materia,</span> <span class='ocrx_word' id='word_1_462' title='bbox 1215 3383 1255 3410; x_wconf 90' lang='lat' dir='ltr'>sic</span> <span class='ocrx_word' id='word_1_463' title='bbox 1269 3383 1329 3411; x_wconf 86' lang='lat' dir='ltr'>fieri</span> <span class='ocrx_word' id='word_1_464' title='bbox 1344 3383 1412 3411; x_wconf 88' lang='lat' dir='ltr'>sim-</span> 
     </span>
     <span class='ocr_line' id='line_1_61' title="bbox 356 3421 1412 3459; baseline 0 -9"><span class='ocrx_word' id='word_1_465' title='bbox 356 3422 468 3459; x_wconf 89' lang='lat' dir='ltr'>pliciter</span> <span class='ocrx_word' id='word_1_466' title='bbox 482 3428 509 3449; x_wconf 86' lang='lat' dir='ltr'>et</span> <span class='ocrx_word' id='word_1_467' title='bbox 523 3431 574 3458; x_wconf 91' lang='lat' dir='ltr'>per</span> <span class='ocrx_word' id='word_1_468' title='bbox 588 3430 617 3449; x_wconf 88' lang='lat' dir='ltr'>se</span> <span class='ocrx_word' id='word_1_469' title='bbox 639 3431 671 3449; x_wconf 86' lang='lat' dir='ltr'>ex</span> <span class='ocrx_word' id='word_1_470' title='bbox 685 3431 746 3449; x_wconf 90' lang='lat' dir='ltr'>non</span> <span class='ocrx_word' id='word_1_471' title='bbox 767 3428 840 3448; x_wconf 91' lang='lat' dir='ltr'>ente.</span> <span class='ocrx_word' id='word_1_472' title='bbox 855 3422 891 3448; x_wconf 87' lang='lat' dir='ltr'>Et</span> <span class='ocrx_word' id='word_1_473' title='bbox 905 3422 941 3448; x_wconf 90' lang='lat' dir='ltr'>ad</span> <span class='ocrx_word' id='word_1_474' title='bbox 963 3421 1019 3449; x_wconf 89' lang='lat' dir='ltr'>hoc</span> <span class='ocrx_word' id='word_1_475' title='bbox 1037 3422 1265 3457; x_wconf 84' lang='lat' dir='ltr'>perducebantur</span> <span class='ocrx_word' id='word_1_476' title='bbox 1286 3429 1347 3450; x_wconf 92' lang='lat' dir='ltr'>tum</span> <span class='ocrx_word' id='word_1_477' title='bbox 1369 3431 1412 3450; x_wconf 88' lang='lat' dir='ltr'>ra-</span> 
     </span>
     <span class='ocr_line' id='line_1_62' title="bbox 357 3460 1412 3496; baseline -0.001 -6"><span class='ocrx_word' id='word_1_478' title='bbox 357 3463 436 3490; x_wconf 88' lang='lat' dir='ltr'>tione</span> <span class='ocrx_word' id='word_1_479' title='bbox 457 3460 643 3495; x_wconf 86' lang='lat' dir='ltr'>Parmenidis,</span> <span class='ocrx_word' id='word_1_480' title='bbox 664 3467 726 3488; x_wconf 89' lang='lat' dir='ltr'>tum</span> <span class='ocrx_word' id='word_1_481' title='bbox 748 3469 781 3487; x_wconf 86' lang='lat' dir='ltr'>ex</span> <span class='ocrx_word' id='word_1_482' title='bbox 803 3469 837 3488; x_wconf 88' lang='lat' dir='ltr'>eo</span> <span class='ocrx_word' id='word_1_483' title='bbox 859 3461 939 3496; x_wconf 89' lang='lat' dir='ltr'>quod</span> <span class='ocrx_word' id='word_1_484' title='bbox 960 3470 1049 3488; x_wconf 89' lang='lat' dir='ltr'>unum</span> <span class='ocrx_word' id='word_1_485' title='bbox 1076 3470 1198 3488; x_wconf 88' lang='lat' dir='ltr'>numero</span> <span class='ocrx_word' id='word_1_486' title='bbox 1219 3461 1264 3488; x_wconf 92' lang='lat' dir='ltr'>vel</span> <span class='ocrx_word' id='word_1_487' title='bbox 1285 3461 1412 3489; x_wconf 91' lang='lat' dir='ltr'>subiecto</span> 
     </span>
     <span class='ocr_line' id='line_1_63' title="bbox 358 3499 1413 3535; baseline -0.001 -6"><span class='ocrx_word' id='word_1_488' title='bbox 358 3501 490 3529; x_wconf 88' lang='lat' dir='ltr'>dicebant</span> <span class='ocrx_word' id='word_1_489' title='bbox 511 3509 572 3528; x_wconf 86' lang='lat' dir='ltr'>esse</span> <span class='ocrx_word' id='word_1_490' title='bbox 593 3500 678 3528; x_wconf 90' lang='lat' dir='ltr'>etiam</span> <span class='ocrx_word' id='word_1_491' title='bbox 700 3499 810 3527; x_wconf 86' lang='lat' dir='ltr'>ratione</span> <span class='ocrx_word' id='word_1_492' title='bbox 831 3509 930 3527; x_wconf 91' lang='lat' dir='ltr'>unum.</span> <span class='ocrx_word' id='word_1_493' title='bbox 943 3500 997 3527; x_wconf 88' lang='lat'>-3.</span> <span class='ocrx_word' id='word_1_494' title='bbox 1021 3499 1098 3533; x_wconf 88' lang='lat' dir='ltr'>Quid</span> <span class='ocrx_word' id='word_1_495' title='bbox 1119 3499 1155 3527; x_wconf 88' lang='lat' dir='ltr'>sit</span> <span class='ocrx_word' id='word_1_496' title='bbox 1175 3500 1303 3535; x_wconf 87' lang='lat' dir='ltr'>potentia</span> <span class='ocrx_word' id='word_1_497' title='bbox 1324 3507 1413 3528; x_wconf 88' lang='lat' dir='ltr'>mate-</span> 
     </span>
     <span class='ocr_line' id='line_1_64' title="bbox 358 3539 1412 3576; baseline -0.001 -8"><span class='ocrx_word' id='word_1_498' title='bbox 358 3541 416 3568; x_wconf 86' lang='lat' dir='ltr'>riae</span> <span class='ocrx_word' id='word_1_499' title='bbox 431 3540 553 3576; x_wconf 85' lang='lat' dir='ltr'>primae;</span> <span class='ocrx_word' id='word_1_500' title='bbox 569 3546 596 3567; x_wconf 91' lang='lat' dir='ltr'>et</span> <span class='ocrx_word' id='word_1_501' title='bbox 610 3546 705 3567; x_wconf 83' lang='lat' dir='ltr'>utrum</span> <span class='ocrx_word' id='word_1_502' title='bbox 721 3539 756 3566; x_wconf 89' lang='lat' dir='ltr'>sit</span> <span class='ocrx_word' id='word_1_503' title='bbox 770 3548 828 3566; x_wconf 89' lang='lat' dir='ltr'>una</span> <span class='ocrx_word' id='word_1_504' title='bbox 846 3539 890 3566; x_wconf 89' lang='lat' dir='ltr'>vel</span> <span class='ocrx_word' id='word_1_505' title='bbox 904 3539 1007 3575; x_wconf 88' lang='lat' dir='ltr'>plures.</span> <span class='ocrx_word' id='word_1_506' title='bbox 1024 3539 1143 3566; x_wconf 89' lang='lat' dir='ltr'>Materia</span> <span class='ocrx_word' id='word_1_507' title='bbox 1157 3540 1314 3566; x_wconf 90' lang='lat' dir='ltr'>secundum</span> <span class='ocrx_word' id='word_1_508' title='bbox 1331 3549 1412 3567; x_wconf 89' lang='lat' dir='ltr'>suam</span> 
     </span>
     <span class='ocr_line' id='line_1_65' title="bbox 359 3578 1414 3615; baseline -0.002 -8"><span class='ocrx_word' id='word_1_509' title='bbox 359 3579 546 3608; x_wconf 87' lang='lat' dir='ltr'>substantiam</span> <span class='ocrx_word' id='word_1_510' title='bbox 569 3585 611 3607; x_wconf 92' lang='lat' dir='ltr'>est</span> <span class='ocrx_word' id='word_1_511' title='bbox 626 3578 754 3615; x_wconf 91' lang='lat' dir='ltr'>potentia</span> <span class='ocrx_word' id='word_1_512' title='bbox 772 3579 808 3606; x_wconf 92' lang='lat' dir='ltr'>ad</span> <span class='ocrx_word' id='word_1_513' title='bbox 830 3587 891 3606; x_wconf 88' lang='lat' dir='ltr'>esse</span> <span class='ocrx_word' id='word_1_514' title='bbox 913 3578 1111 3606; x_wconf 85' lang='lat' dir='ltr'>substantiale:</span> <span class='ocrx_word' id='word_1_515' title='bbox 1133 3579 1210 3605; x_wconf 92' lang='lat' dir='ltr'>unde</span> <span class='ocrx_word' id='word_1_516' title='bbox 1231 3578 1350 3606; x_wconf 91' lang='lat' dir='ltr'>materia</span> <span class='ocrx_word' id='word_1_517' title='bbox 1370 3588 1414 3606; x_wconf 90' lang='lat' dir='ltr'>se-</span> 
     </span>
     <span class='ocr_line' id='line_1_66' title="bbox 359 3617 1413 3654; baseline -0.001 -7"><span class='ocrx_word' id='word_1_518' title='bbox 359 3620 486 3647; x_wconf 87' lang='lat' dir='ltr'>cundum</span> <span class='ocrx_word' id='word_1_519' title='bbox 508 3618 667 3646; x_wconf 89' lang='lat' dir='ltr'>subiectum</span> <span class='ocrx_word' id='word_1_520' title='bbox 682 3624 723 3646; x_wconf 87' lang='lat' dir='ltr'>est</span> <span class='ocrx_word' id='word_1_521' title='bbox 744 3627 802 3645; x_wconf 90' lang='lat' dir='ltr'>una</span> <span class='ocrx_word' id='word_1_522' title='bbox 822 3617 958 3654; x_wconf 89' lang='lat' dir='ltr'>potentia,</span> <span class='ocrx_word' id='word_1_523' title='bbox 973 3619 1022 3645; x_wconf 90' lang='lat' dir='ltr'>sed</span> <span class='ocrx_word' id='word_1_524' title='bbox 1037 3618 1194 3645; x_wconf 91' lang='lat' dir='ltr'>secundum</span> <span class='ocrx_word' id='word_1_525' title='bbox 1216 3617 1413 3646; x_wconf 83' lang='lat' dir='ltr'>habitudinem</span> 
     </span>
    </p>
   </div>
   <div class='ocr_carea' id='block_1_12' title="bbox 1447 903 2520 2349">
    <p class='ocr_par' dir='ltr' id='par_1_20' title="bbox 1447 903 2510 1118">
     <span class='ocr_line' id='line_1_67' title="bbox 1447 903 2509 946; baseline -0.001 -11"><span class='ocrx_word' id='word_1_526' title='bbox 1447 905 1654 944; x_wconf 88' lang='lat' dir='ltr'>*Tangentes</span> <span class='ocrx_word' id='word_1_527' title='bbox 1679 904 1808 946; x_wconf 89' lang='lat' dir='ltr'>quidem</span> <span class='ocrx_word' id='word_1_528' title='bbox 1831 904 1925 943; x_wconf 90' lang='lat' dir='ltr'>igitur</span> <span class='ocrx_word' id='word_1_529' title='bbox 1939 910 1969 934; x_wconf 91' lang='lat' dir='ltr'>et</span> <span class='ocrx_word' id='word_1_530' title='bbox 1985 903 2072 934; x_wconf 84' lang='lat' dir='ltr'>alteri</span> <span class='ocrx_word' id='word_1_531' title='bbox 2088 904 2217 943; x_wconf 89' lang='lat' dir='ltr'>quidam</span> <span class='ocrx_word' id='word_1_532' title='bbox 2234 911 2308 934; x_wconf 88' lang='lat' dir='ltr'>sunt</span> <span class='ocrx_word' id='word_1_533' title='bbox 2322 904 2434 944; x_wconf 81' lang='lat' dir='ltr'>ipsam,</span> <span class='ocrx_word' id='word_1_534' title='bbox 2455 904 2509 934; x_wconf 92' lang='lat' dir='ltr'>sed</span> 
     </span>
     <span class='ocr_line' id='line_1_68' title="bbox 1514 947 2509 988; baseline 0 -10"><span class='ocrx_word' id='word_1_535' title='bbox 1514 958 1580 978; x_wconf 89' lang='lat' dir='ltr'>non</span> <span class='ocrx_word' id='word_1_536' title='bbox 1594 948 1791 978; x_wconf 85' lang='lat' dir='ltr'>sufficienter.</span> <span class='ocrx_word' id='word_1_537' title='bbox 1809 948 1952 977; x_wconf 89' lang='lat' dir='ltr'>Primum</span> <span class='ocrx_word' id='word_1_538' title='bbox 1967 948 2098 988; x_wconf 87' lang='lat' dir='ltr'>quidem</span> <span class='ocrx_word' id='word_1_539' title='bbox 2121 947 2205 977; x_wconf 88' lang='lat' dir='ltr'>enim</span> <span class='ocrx_word' id='word_1_540' title='bbox 2229 947 2416 978; x_wconf 88' lang='lat' dir='ltr'>confitentur</span> <span class='ocrx_word' id='word_1_541' title='bbox 2436 948 2509 978; x_wconf 85' lang='lat' dir='ltr'>sim-</span> 
     </span>
     <span class='ocr_line' id='line_1_69' title="bbox 1516 990 2510 1032; baseline 0.001 -11"><span class='ocrx_word' id='word_1_542' title='bbox 1516 992 1636 1031; x_wconf 88' lang='lat' dir='ltr'>pliciter</span> <span class='ocrx_word' id='word_1_543' title='bbox 1658 990 1724 1021; x_wconf 90' lang='lat' dir='ltr'>fieri</span> <span class='ocrx_word' id='word_1_544' title='bbox 1748 991 1868 1031; x_wconf 85' lang='lat' dir='ltr'>aliquid</span> <span class='ocrx_word' id='word_1_545' title='bbox 1891 1001 1927 1021; x_wconf 84' lang='lat' dir='ltr'>ex</span> <span class='ocrx_word' id='word_1_546' title='bbox 1951 1002 1988 1021; x_wconf 93' lang='lat' dir='ltr'>eo</span> <span class='ocrx_word' id='word_1_547' title='bbox 2013 992 2101 1031; x_wconf 93' lang='lat' dir='ltr'>quod</span> <span class='ocrx_word' id='word_1_548' title='bbox 2131 1002 2197 1021; x_wconf 90' lang='lat' dir='ltr'>non</span> <span class='ocrx_word' id='word_1_549' title='bbox 2228 999 2290 1030; x_wconf 88' lang='lat' dir='ltr'>est,</span> <span class='ocrx_word' id='word_1_550' title='bbox 2318 992 2510 1032; x_wconf 84' lang='lat' dir='ltr'>inquantum</span> 
     </span>
     <span class='ocr_line' id='line_1_70' title="bbox 1516 1035 2509 1076; baseline 0.003 -12"><span class='ocrx_word' id='word_1_551' title='bbox 1516 1035 1735 1065; x_wconf 88' lang='lat' dir='ltr'>Parmenidem</span> <span class='ocrx_word' id='word_1_552' title='bbox 1758 1042 1839 1065; x_wconf 91' lang='lat' dir='ltr'>recte</span> <span class='ocrx_word' id='word_1_553' title='bbox 1868 1041 1913 1064; x_wconf 92' lang='lat' dir='ltr'>est</span> <span class='ocrx_word' id='word_1_554' title='bbox 1937 1035 2046 1065; x_wconf 86' lang='lat' dir='ltr'>dicere.</span> <span class='ocrx_word' id='word_1_555' title='bbox 2078 1036 2191 1066; x_wconf 85' lang='lat' dir='ltr'>Postea</span> <span class='ocrx_word' id='word_1_556' title='bbox 2220 1035 2343 1066; x_wconf 90' lang='lat' dir='ltr'>videtur</span> <span class='ocrx_word' id='word_1_557' title='bbox 2366 1037 2459 1076; x_wconf 90' lang='lat' dir='ltr'>ipsis,</span> <span class='ocrx_word' id='word_1_558' title='bbox 2484 1038 2509 1067; x_wconf 86' lang='lat' dir='ltr'>si</span> 
     </span>
     <span class='ocr_line' id='line_1_71' title="bbox 1515 1079 2509 1118; baseline 0.003 -10"><span class='ocrx_word' id='word_1_559' title='bbox 1515 1089 1586 1109; x_wconf 90' lang='lat' dir='ltr'>vere</span> <span class='ocrx_word' id='word_1_560' title='bbox 1610 1086 1655 1109; x_wconf 90' lang='lat' dir='ltr'>est</span> <span class='ocrx_word' id='word_1_561' title='bbox 1678 1088 1812 1108; x_wconf 89' lang='lat' dir='ltr'>numero</span> <span class='ocrx_word' id='word_1_562' title='bbox 1836 1089 1919 1116; x_wconf 86' lang='lat' dir='ltr'>una,</span> <span class='ocrx_word' id='word_1_563' title='bbox 1945 1085 1975 1108; x_wconf 91' lang='lat' dir='ltr'>et</span> <span class='ocrx_word' id='word_1_564' title='bbox 1997 1079 2139 1118; x_wconf 87' lang='lat' dir='ltr'>potentia</span> <span class='ocrx_word' id='word_1_565' title='bbox 2162 1086 2286 1109; x_wconf 87' lang='lat' dir='ltr'>tantum</span> <span class='ocrx_word' id='word_1_566' title='bbox 2310 1090 2408 1110; x_wconf 82' lang='lat' dir='ltr'>unam</span> <span class='ocrx_word' id='word_1_567' title='bbox 2432 1091 2509 1111; x_wconf 87' lang='lat' dir='ltr'>esse.</span> 
     </span>
    </p>

    <p class='ocr_par' dir='ltr' id='par_1_21' title="bbox 1450 1122 2512 1382">
     <span class='ocr_line' id='line_1_72' title="bbox 1450 1122 2512 1162; baseline 0.001 -8"><span class='ocrx_word' id='word_1_568' title='bbox 1450 1123 1512 1154; x_wconf 89' lang='lat' dir='ltr'>Sed</span> <span class='ocrx_word' id='word_1_569' title='bbox 1534 1123 1596 1152; x_wconf 91' lang='lat' dir='ltr'>hoc</span> <span class='ocrx_word' id='word_1_570' title='bbox 1620 1122 1720 1153; x_wconf 82' lang='lat' dir='ltr'>differt</span> <span class='ocrx_word' id='word_1_571' title='bbox 1742 1122 1927 1162; x_wconf 90' lang='lat' dir='ltr'>plurimum.</span> <span class='ocrx_word' id='word_1_572' title='bbox 1952 1123 2019 1152; x_wconf 92' lang='lat' dir='ltr'>Nos</span> <span class='ocrx_word' id='word_1_573' title='bbox 2043 1123 2172 1162; x_wconf 89' lang='lat' dir='ltr'>quidem</span> <span class='ocrx_word' id='word_1_574' title='bbox 2192 1124 2277 1153; x_wconf 89' lang='lat' dir='ltr'>enim</span> <span class='ocrx_word' id='word_1_575' title='bbox 2299 1125 2462 1155; x_wconf 81' lang='lat' dir='ltr'>materiam</span> <span class='ocrx_word' id='word_1_576' title='bbox 2482 1132 2512 1156; x_wconf 93' lang='lat' dir='ltr'>et</span> 
     </span>
     <span class='ocr_line' id='line_1_73' title="bbox 1516 1166 2512 1209; baseline 0.003 -13"><span class='ocrx_word' id='word_1_577' title='bbox 1516 1166 1726 1206; x_wconf 86' lang='lat' dir='ltr'>privationem</span> <span class='ocrx_word' id='word_1_578' title='bbox 1744 1167 1873 1196; x_wconf 86' lang='lat' dir='ltr'>alteram</span> <span class='ocrx_word' id='word_1_579' title='bbox 1893 1166 2035 1196; x_wconf 88' lang='lat' dir='ltr'>dicimus.</span> <span class='ocrx_word' id='word_1_580' title='bbox 2055 1167 2116 1196; x_wconf 87' lang='lat' dir='ltr'>Sed</span> <span class='ocrx_word' id='word_1_581' title='bbox 2134 1167 2262 1205; x_wconf 87' lang='lat' dir='ltr'>horum,</span> <span class='ocrx_word' id='word_1_582' title='bbox 2282 1168 2362 1198; x_wconf 86' lang='lat' dir='ltr'>hanc</span> <span class='ocrx_word' id='word_1_583' title='bbox 2381 1169 2512 1209; x_wconf 88' lang='lat' dir='ltr'>quidem</span> 
     </span>
     <span class='ocr_line' id='line_1_74' title="bbox 1517 1210 2512 1252; baseline 0.004 -12"><span class='ocrx_word' id='word_1_584' title='bbox 1517 1221 1583 1240; x_wconf 93' lang='lat' dir='ltr'>non</span> <span class='ocrx_word' id='word_1_585' title='bbox 1614 1221 1680 1240; x_wconf 88' lang='lat' dir='ltr'>esse</span> <span class='ocrx_word' id='word_1_586' title='bbox 1703 1211 1878 1241; x_wconf 89' lang='lat' dir='ltr'>secundum</span> <span class='ocrx_word' id='word_1_587' title='bbox 1907 1210 2066 1248; x_wconf 90' lang='lat' dir='ltr'>accidens,</span> <span class='ocrx_word' id='word_1_588' title='bbox 2091 1211 2272 1248; x_wconf 88' lang='lat' dir='ltr'>materiam;</span> <span class='ocrx_word' id='word_1_589' title='bbox 2303 1213 2512 1252; x_wconf 87' lang='lat' dir='ltr'>privationem</span> 
     </span>
     <span class='ocr_line' id='line_1_75' title="bbox 1518 1254 2512 1296; baseline 0.003 -12"><span class='ocrx_word' id='word_1_590' title='bbox 1518 1261 1624 1285; x_wconf 89' lang='lat' dir='ltr'>autem</span> <span class='ocrx_word' id='word_1_591' title='bbox 1647 1264 1703 1294; x_wconf 89' lang='lat' dir='ltr'>per</span> <span class='ocrx_word' id='word_1_592' title='bbox 1726 1265 1758 1284; x_wconf 89' lang='lat' dir='ltr'>se</span> <span class='ocrx_word' id='word_1_593' title='bbox 1781 1264 1847 1284; x_wconf 90' lang='lat' dir='ltr'>non</span> <span class='ocrx_word' id='word_1_594' title='bbox 1867 1261 1947 1284; x_wconf 83' lang='lat' dir='ltr'>esse:</span> <span class='ocrx_word' id='word_1_595' title='bbox 1969 1261 1999 1284; x_wconf 89' lang='lat' dir='ltr'>et</span> <span class='ocrx_word' id='word_1_596' title='bbox 2017 1254 2097 1284; x_wconf 88' lang='lat' dir='ltr'>hanc</span> <span class='ocrx_word' id='word_1_597' title='bbox 2121 1255 2249 1294; x_wconf 91' lang='lat' dir='ltr'>quidem</span> <span class='ocrx_word' id='word_1_598' title='bbox 2274 1266 2373 1296; x_wconf 89' lang='lat' dir='ltr'>prope</span> <span class='ocrx_word' id='word_1_599' title='bbox 2397 1267 2463 1287; x_wconf 88' lang='lat' dir='ltr'>rem</span> <span class='ocrx_word' id='word_1_600' title='bbox 2482 1264 2512 1287; x_wconf 93' lang='lat' dir='ltr'>et</span> 
     </span>
     <span class='ocr_line' id='line_1_76' title="bbox 1518 1298 2512 1338; baseline 0.004 -10"><span class='ocrx_word' id='word_1_601' title='bbox 1518 1298 1724 1328; x_wconf 87' lang='lat' dir='ltr'>substantiam</span> <span class='ocrx_word' id='word_1_602' title='bbox 1753 1298 1943 1338; x_wconf 84' lang='lat' dir='ltr'>aliqualiter,</span> <span class='ocrx_word' id='word_1_603' title='bbox 1970 1298 2150 1336; x_wconf 87' lang='lat' dir='ltr'>materiam;</span> <span class='ocrx_word' id='word_1_604' title='bbox 2174 1299 2383 1338; x_wconf 86' lang='lat' dir='ltr'>privationem</span> <span class='ocrx_word' id='word_1_605' title='bbox 2407 1308 2512 1331; x_wconf 88' lang='lat' dir='ltr'>autem</span> 
     </span>
     <span class='ocr_line' id='line_1_77' title="bbox 1519 1351 1731 1382; baseline -0.005 -10"><span class='ocrx_word' id='word_1_606' title='bbox 1519 1351 1731 1382; x_wconf 88' lang='lat' dir='ltr'>nequaquam.</span> 
     </span>
    </p>

    <p class='ocr_par' dir='ltr' id='par_1_22' title="bbox 1452 1386 2515 1733">
     <span class='ocr_line' id='line_1_78' title="bbox 1452 1386 2512 1427; baseline 0.002 -11"><span class='ocrx_word' id='word_1_607' title='bbox 1452 1386 1469 1405; x_wconf 86' lang='lat'><em>*</em></span> <span class='ocrx_word' id='word_1_608' title='bbox 1484 1387 1624 1423; x_wconf 89' lang='lat' dir='ltr'>Quidam</span> <span class='ocrx_word' id='word_1_609' title='bbox 1648 1393 1754 1416; x_wconf 88' lang='lat' dir='ltr'>autem</span> <span class='ocrx_word' id='word_1_610' title='bbox 1778 1386 1866 1426; x_wconf 90' lang='lat' dir='ltr'>quod</span> <span class='ocrx_word' id='word_1_611' title='bbox 1890 1396 1956 1416; x_wconf 90' lang='lat' dir='ltr'>non</span> <span class='ocrx_word' id='word_1_612' title='bbox 1981 1392 2027 1416; x_wconf 90' lang='lat' dir='ltr'>est</span> <span class='ocrx_word' id='word_1_613' title='bbox 2049 1396 2202 1425; x_wconf 88' lang='lat' dir='ltr'>magnum</span> <span class='ocrx_word' id='word_1_614' title='bbox 2224 1394 2254 1417; x_wconf 89' lang='lat' dir='ltr'>et</span> <span class='ocrx_word' id='word_1_615' title='bbox 2269 1398 2402 1427; x_wconf 91' lang='lat' dir='ltr'>parvum</span> <span class='ocrx_word' id='word_1_616' title='bbox 2426 1389 2512 1418; x_wconf 91' lang='lat' dir='ltr'>simi-</span> 
     </span>
     <span class='ocr_line' id='line_1_79' title="bbox 1519 1430 2513 1472; baseline 0.003 -12"><span class='ocrx_word' id='word_1_617' title='bbox 1519 1430 1598 1468; x_wconf 90' lang='lat' dir='ltr'>liter,</span> <span class='ocrx_word' id='word_1_618' title='bbox 1609 1437 1663 1460; x_wconf 89' lang='lat' dir='ltr'>aut</span> <span class='ocrx_word' id='word_1_619' title='bbox 1678 1430 1773 1460; x_wconf 90' lang='lat' dir='ltr'>simul</span> <span class='ocrx_word' id='word_1_620' title='bbox 1789 1436 1959 1470; x_wconf 87' lang='lat' dir='ltr'>utrumque</span> <span class='ocrx_word' id='word_1_621' title='bbox 1977 1437 2031 1460; x_wconf 92' lang='lat' dir='ltr'>aut</span> <span class='ocrx_word' id='word_1_622' title='bbox 2046 1440 2189 1460; x_wconf 88' lang='lat' dir='ltr'>seorsum</span> <span class='ocrx_word' id='word_1_623' title='bbox 2214 1438 2394 1472; x_wconf 90' lang='lat' dir='ltr'>utrumque.</span> <span class='ocrx_word' id='word_1_624' title='bbox 2409 1433 2513 1470; x_wconf 89' lang='lat' dir='ltr'>Quare</span> 
     </span>
     <span class='ocr_line' id='line_1_80' title="bbox 1519 1474 2513 1517; baseline 0.004 -14"><span class='ocrx_word' id='word_1_625' title='bbox 1519 1474 1645 1514; x_wconf 91' lang='lat' dir='ltr'>penitus</span> <span class='ocrx_word' id='word_1_626' title='bbox 1681 1474 1757 1504; x_wconf 91' lang='lat' dir='ltr'>alter</span> <span class='ocrx_word' id='word_1_627' title='bbox 1786 1474 1902 1504; x_wconf 89' lang='lat' dir='ltr'>modus</span> <span class='ocrx_word' id='word_1_628' title='bbox 1933 1481 1978 1504; x_wconf 91' lang='lat' dir='ltr'>est</span> <span class='ocrx_word' id='word_1_629' title='bbox 2004 1474 2056 1504; x_wconf 92' lang='lat' dir='ltr'>hic</span> <span class='ocrx_word' id='word_1_630' title='bbox 2085 1474 2228 1505; x_wconf 86' lang='lat' dir='ltr'>trinitatis</span> <span class='ocrx_word' id='word_1_631' title='bbox 2261 1482 2290 1505; x_wconf 91' lang='lat' dir='ltr'>et</span> <span class='ocrx_word' id='word_1_632' title='bbox 2318 1476 2379 1506; x_wconf 91' lang='lat' dir='ltr'>ille.</span> <span class='ocrx_word' id='word_1_633' title='bbox 2405 1477 2513 1517; x_wconf 86' lang='lat' dir='ltr'>Usque</span> 
     </span>
     <span class='ocr_line' id='line_1_81' title="bbox 1521 1517 2514 1561; baseline 0.003 -14"><span class='ocrx_word' id='word_1_634' title='bbox 1521 1518 1651 1558; x_wconf 87' lang='lat' dir='ltr'>quidem</span> <span class='ocrx_word' id='word_1_635' title='bbox 1674 1517 1758 1548; x_wconf 88' lang='lat' dir='ltr'>enim</span> <span class='ocrx_word' id='word_1_636' title='bbox 1783 1517 1822 1547; x_wconf 91' lang='lat' dir='ltr'>ad</span> <span class='ocrx_word' id='word_1_637' title='bbox 1845 1518 1906 1547; x_wconf 91' lang='lat' dir='ltr'>hoc</span> <span class='ocrx_word' id='word_1_638' title='bbox 1931 1517 2128 1558; x_wconf 92' lang='lat' dir='ltr'>perveniunt,</span> <span class='ocrx_word' id='word_1_639' title='bbox 2154 1520 2242 1559; x_wconf 89' lang='lat' dir='ltr'>quod</span> <span class='ocrx_word' id='word_1_640' title='bbox 2266 1527 2391 1559; x_wconf 88' lang='lat' dir='ltr'>oportet</span> <span class='ocrx_word' id='word_1_641' title='bbox 2414 1531 2514 1561; x_wconf 86' lang='lat' dir='ltr'>quan-</span> 
     </span>
     <span class='ocr_line' id='line_1_82' title="bbox 1521 1561 2514 1601; baseline 0.003 -9"><span class='ocrx_word' id='word_1_642' title='bbox 1521 1562 1595 1592; x_wconf 89' lang='lat' dir='ltr'>dam</span> <span class='ocrx_word' id='word_1_643' title='bbox 1619 1562 1758 1601; x_wconf 90' lang='lat' dir='ltr'>supponi</span> <span class='ocrx_word' id='word_1_644' title='bbox 1782 1568 1942 1591; x_wconf 88' lang='lat' dir='ltr'>naturam:</span> <span class='ocrx_word' id='word_1_645' title='bbox 1967 1561 2048 1592; x_wconf 89' lang='lat' dir='ltr'>hanc</span> <span class='ocrx_word' id='word_1_646' title='bbox 2067 1569 2172 1592; x_wconf 90' lang='lat' dir='ltr'>tamen</span> <span class='ocrx_word' id='word_1_647' title='bbox 2192 1573 2289 1592; x_wconf 92' lang='lat' dir='ltr'>unam</span> <span class='ocrx_word' id='word_1_648' title='bbox 2310 1563 2436 1595; x_wconf 84' lang='lat' dir='ltr'>faciunt.</span> <span class='ocrx_word' id='word_1_649' title='bbox 2461 1565 2514 1595; x_wconf 91' lang='lat' dir='ltr'>Et-</span> 
     </span>
     <span class='ocr_line' id='line_1_83' title="bbox 1522 1605 2515 1647; baseline 0.004 -12"><span class='ocrx_word' id='word_1_650' title='bbox 1522 1606 1607 1636; x_wconf 87' lang='lat' dir='ltr'>enim</span> <span class='ocrx_word' id='word_1_651' title='bbox 1640 1606 1665 1635; x_wconf 90' lang='lat' dir='ltr'>si</span> <span class='ocrx_word' id='word_1_652' title='bbox 1698 1606 1810 1646; x_wconf 83' lang='lat' dir='ltr'>aliquis</span> <span class='ocrx_word' id='word_1_653' title='bbox 1842 1605 2025 1635; x_wconf 88' lang='lat' dir='ltr'>dualitatem</span> <span class='ocrx_word' id='word_1_654' title='bbox 2059 1606 2132 1636; x_wconf 85' lang='lat' dir='ltr'>facit</span> <span class='ocrx_word' id='word_1_655' title='bbox 2162 1607 2268 1637; x_wconf 87' lang='lat' dir='ltr'>dicens</span> <span class='ocrx_word' id='word_1_656' title='bbox 2300 1618 2453 1647; x_wconf 86' lang='lat' dir='ltr'>magnum</span> <span class='ocrx_word' id='word_1_657' title='bbox 2485 1615 2515 1639; x_wconf 91' lang='lat' dir='ltr'>et</span> 
     </span>
     <span class='ocr_line' id='line_1_84' title="bbox 1521 1649 2515 1689; baseline 0.004 -11"><span class='ocrx_word' id='word_1_658' title='bbox 1521 1659 1656 1689; x_wconf 82' lang='lat' dir='ltr'>parvum</span> <span class='ocrx_word' id='word_1_659' title='bbox 1679 1650 1796 1689; x_wconf 88' lang='lat' dir='ltr'>ipsam,</span> <span class='ocrx_word' id='word_1_660' title='bbox 1825 1649 2034 1680; x_wconf 89' lang='lat' dir='ltr'>nihilominus</span> <span class='ocrx_word' id='word_1_661' title='bbox 2056 1649 2142 1680; x_wconf 82' lang='lat' dir='ltr'>idem</span> <span class='ocrx_word' id='word_1_662' title='bbox 2165 1651 2253 1681; x_wconf 83' lang='lat' dir='ltr'>facit:</span> <span class='ocrx_word' id='word_1_663' title='bbox 2279 1652 2407 1681; x_wconf 87' lang='lat' dir='ltr'>alteram</span> <span class='ocrx_word' id='word_1_664' title='bbox 2431 1653 2515 1683; x_wconf 90' lang='lat' dir='ltr'>enim</span> 
     </span>
     <span class='ocr_line' id='line_1_85' title="bbox 1502 1693 1671 1733; baseline 0.006 -11"><span class='ocrx_word' id='word_1_665' title='bbox 1502 1699 1507 1701; x_wconf 59' lang='grc'><em>“</em></span> <span class='ocrx_word' id='word_1_666' title='bbox 1522 1693 1671 1733; x_wconf 83' lang='lat' dir='ltr'>despexit.</span> 
     </span>
    </p>

    <p class='ocr_par' dir='ltr' id='par_1_23' title="bbox 1456 1737 2518 1997">
     <span class='ocr_line' id='line_1_86' title="bbox 1456 1737 2516 1777; baseline 0.004 -11"><span class='ocrx_word' id='word_1_667' title='bbox 1456 1737 1600 1767; x_wconf 83' lang='lat' dir='ltr'>Subiecta</span> <span class='ocrx_word' id='word_1_668' title='bbox 1638 1737 1767 1777; x_wconf 89' lang='lat' dir='ltr'>quidem</span> <span class='ocrx_word' id='word_1_669' title='bbox 1799 1743 1910 1767; x_wconf 87' lang='lat' dir='ltr'>natura</span> <span class='ocrx_word' id='word_1_670' title='bbox 1942 1747 2016 1767; x_wconf 88' lang='lat' dir='ltr'>cum</span> <span class='ocrx_word' id='word_1_671' title='bbox 2057 1738 2159 1768; x_wconf 88' lang='lat' dir='ltr'>forma</span> <span class='ocrx_word' id='word_1_672' title='bbox 2195 1749 2288 1768; x_wconf 87' lang='lat' dir='ltr'>causa</span> <span class='ocrx_word' id='word_1_673' title='bbox 2321 1746 2366 1769; x_wconf 90' lang='lat' dir='ltr'>est</span> <span class='ocrx_word' id='word_1_674' title='bbox 2403 1750 2516 1770; x_wconf 88' lang='lat' dir='ltr'>eorum</span> 
     </span>
     <span class='ocr_line' id='line_1_87' title="bbox 1524 1780 2516 1822; baseline 0.005 -12"><span class='ocrx_word' id='word_1_675' title='bbox 1524 1791 1604 1822; x_wconf 88' lang='lat' dir='ltr'>quae</span> <span class='ocrx_word' id='word_1_676' title='bbox 1628 1780 1719 1817; x_wconf 89' lang='lat' dir='ltr'>fiunt,</span> <span class='ocrx_word' id='word_1_677' title='bbox 1744 1780 1824 1810; x_wconf 90' lang='lat' dir='ltr'>sicut</span> <span class='ocrx_word' id='word_1_678' title='bbox 1847 1787 1954 1811; x_wconf 87' lang='lat' dir='ltr'>mater.</span> <span class='ocrx_word' id='word_1_679' title='bbox 1979 1781 2085 1811; x_wconf 88' lang='lat' dir='ltr'>Altera</span> <span class='ocrx_word' id='word_1_680' title='bbox 2104 1792 2177 1812; x_wconf 92' lang='lat' dir='ltr'>vero</span> <span class='ocrx_word' id='word_1_681' title='bbox 2202 1793 2273 1822; x_wconf 89' lang='lat' dir='ltr'>pars</span> <span class='ocrx_word' id='word_1_682' title='bbox 2293 1784 2516 1815; x_wconf 88' lang='lat' dir='ltr'>contrarietatis</span> 
     </span>
     <span class='ocr_line' id='line_1_88' title="bbox 1524 1824 2516 1866; baseline 0.004 -12"><span class='ocrx_word' id='word_1_683' title='bbox 1524 1824 1685 1855; x_wconf 89' lang='lat' dir='ltr'>multoties</span> <span class='ocrx_word' id='word_1_684' title='bbox 1704 1824 1926 1863; x_wconf 84' lang='lat' dir='ltr'>imaginabitur</span> <span class='ocrx_word' id='word_1_685' title='bbox 1941 1825 1979 1854; x_wconf 86' lang='lat' dir='ltr'>ad</span> <span class='ocrx_word' id='word_1_686' title='bbox 1995 1825 2187 1856; x_wconf 84' lang='lat' dir='ltr'>maleficium</span> <span class='ocrx_word' id='word_1_687' title='bbox 2202 1826 2301 1865; x_wconf 90' lang='lat' dir='ltr'>ipsius</span> <span class='ocrx_word' id='word_1_688' title='bbox 2318 1829 2516 1866; x_wconf 87' lang='lat' dir='ltr'>protendenti</span> 
     </span>
     <span class='ocr_line' id='line_1_89' title="bbox 1523 1869 2516 1908; baseline 0.003 -9"><span class='ocrx_word' id='word_1_689' title='bbox 1523 1869 1734 1906; x_wconf 90' lang='lat' dir='ltr'>intellectum,</span> <span class='ocrx_word' id='word_1_690' title='bbox 1764 1878 1866 1908; x_wconf 89' lang='lat' dir='ltr'>neque</span> <span class='ocrx_word' id='word_1_691' title='bbox 1896 1878 1962 1898; x_wconf 89' lang='lat' dir='ltr'>esse</span> <span class='ocrx_word' id='word_1_692' title='bbox 1990 1869 2131 1908; x_wconf 78' lang='lat' dir='ltr'>penituS,</span> <span class='ocrx_word' id='word_1_693' title='bbox 2161 1877 2190 1900; x_wconf 91' lang='lat' dir='ltr'>et</span> <span class='ocrx_word' id='word_1_694' title='bbox 2214 1880 2279 1900; x_wconf 90' lang='lat' dir='ltr'>esse</span> <span class='ocrx_word' id='word_1_695' title='bbox 2303 1878 2385 1901; x_wconf 85' lang='lat' dir='ltr'>extra</span> <span class='ocrx_word' id='word_1_696' title='bbox 2410 1882 2516 1903; x_wconf 91' lang='lat' dir='ltr'>omne.</span> 
     </span>
     <span class='ocr_line' id='line_1_90' title="bbox 1522 1912 2518 1955; baseline 0.004 -13"><span class='ocrx_word' id='word_1_697' title='bbox 1522 1913 1539 1932; x_wconf 89' lang='lat'>*</span> <span class='ocrx_word' id='word_1_698' title='bbox 1555 1912 1712 1942; x_wconf 85' lang='lat' dir='ltr'>Existente</span> <span class='ocrx_word' id='word_1_699' title='bbox 1736 1912 1820 1942; x_wconf 91' lang='lat' dir='ltr'>enim</span> <span class='ocrx_word' id='word_1_700' title='bbox 1839 1912 1981 1952; x_wconf 89' lang='lat' dir='ltr'>quodam</span> <span class='ocrx_word' id='word_1_701' title='bbox 2007 1913 2113 1943; x_wconf 92' lang='lat' dir='ltr'>divino</span> <span class='ocrx_word' id='word_1_702' title='bbox 2142 1920 2172 1943; x_wconf 90' lang='lat' dir='ltr'>et</span> <span class='ocrx_word' id='word_1_703' title='bbox 2194 1914 2317 1953; x_wconf 91' lang='lat' dir='ltr'>optimo</span> <span class='ocrx_word' id='word_1_704' title='bbox 2346 1922 2376 1945; x_wconf 93' lang='lat' dir='ltr'>et</span> <span class='ocrx_word' id='word_1_705' title='bbox 2398 1916 2518 1955; x_wconf 89' lang='lat' dir='ltr'>appeti-</span> 
     </span>
     <span class='ocr_line' id='line_1_91' title="bbox 1523 1956 2409 1997; baseline 0.005 -11"><span class='ocrx_word' id='word_1_706' title='bbox 1523 1957 1588 1994; x_wconf 90' lang='lat' dir='ltr'>bili,</span> <span class='ocrx_word' id='word_1_707' title='bbox 1613 1957 1699 1986; x_wconf 85' lang='lat' dir='ltr'>aliud</span> <span class='ocrx_word' id='word_1_708' title='bbox 1723 1956 1853 1996; x_wconf 89' lang='lat' dir='ltr'>quidem</span> <span class='ocrx_word' id='word_1_709' title='bbox 1877 1957 2069 1987; x_wconf 87' lang='lat' dir='ltr'>contrarium</span> <span class='ocrx_word' id='word_1_710' title='bbox 2093 1967 2158 1987; x_wconf 92' lang='lat' dir='ltr'>esse</span> <span class='ocrx_word' id='word_1_711' title='bbox 2182 1958 2241 1997; x_wconf 90' lang='lat' dir='ltr'>ipsi</span> <span class='ocrx_word' id='word_1_712' title='bbox 2266 1958 2409 1990; x_wconf 90' lang='lat' dir='ltr'>dicimus.</span> 
     </span>
    </p>

    <p class='ocr_par' dir='ltr' id='par_1_24' title="bbox 1457 2001 2520 2349">
     <span class='ocr_line' id='line_1_92' title="bbox 1457 2001 2519 2043; baseline 0.003 -12"><span class='ocrx_word' id='word_1_713' title='bbox 1457 2001 1555 2031; x_wconf 90' lang='lat' dir='ltr'>Aliud</span> <span class='ocrx_word' id='word_1_714' title='bbox 1578 2008 1684 2031; x_wconf 89' lang='lat' dir='ltr'>autem</span> <span class='ocrx_word' id='word_1_715' title='bbox 1713 2007 1824 2040; x_wconf 86' lang='lat' dir='ltr'>aptum</span> <span class='ocrx_word' id='word_1_716' title='bbox 1855 2007 1966 2030; x_wconf 87' lang='lat' dir='ltr'>natum</span> <span class='ocrx_word' id='word_1_717' title='bbox 1997 2008 2142 2040; x_wconf 90' lang='lat' dir='ltr'>appetere</span> <span class='ocrx_word' id='word_1_718' title='bbox 2167 2009 2196 2032; x_wconf 94' lang='lat' dir='ltr'>et</span> <span class='ocrx_word' id='word_1_719' title='bbox 2219 2002 2391 2033; x_wconf 86' lang='lat' dir='ltr'>desiderare</span> <span class='ocrx_word' id='word_1_720' title='bbox 2412 2004 2519 2043; x_wconf 85' lang='lat' dir='ltr'>ipsum</span> 
     </span>
     <span class='ocr_line' id='line_1_93' title="bbox 1525 2044 2520 2084; baseline 0.003 -9"><span class='ocrx_word' id='word_1_721' title='bbox 1525 2045 1701 2075; x_wconf 90' lang='lat' dir='ltr'>secundum</span> <span class='ocrx_word' id='word_1_722' title='bbox 1730 2044 1828 2084; x_wconf 90' lang='lat' dir='ltr'>ipsius</span> <span class='ocrx_word' id='word_1_723' title='bbox 1858 2051 2012 2075; x_wconf 87' lang='lat' dir='ltr'>naturam.</span> <span class='ocrx_word' id='word_1_724' title='bbox 2045 2045 2379 2082; x_wconf 83' lang='lat' dir='ltr'>Quibusdamautetn</span> <span class='ocrx_word' id='word_1_725' title='bbox 2409 2048 2520 2078; x_wconf 87' lang='lat' dir='ltr'>accidit</span> 
     </span>
     <span class='ocr_line' id='line_1_94' title="bbox 1525 2088 2519 2132; baseline 0.003 -13"><span class='ocrx_word' id='word_1_726' title='bbox 1525 2089 1718 2119; x_wconf 90' lang='lat' dir='ltr'>contrarium</span> <span class='ocrx_word' id='word_1_727' title='bbox 1742 2095 1887 2128; x_wconf 87' lang='lat' dir='ltr'>appetere</span> <span class='ocrx_word' id='word_1_728' title='bbox 1911 2089 1959 2118; x_wconf 88' lang='lat' dir='ltr'>sui</span> <span class='ocrx_word' id='word_1_729' title='bbox 1978 2088 2077 2128; x_wconf 87' lang='lat' dir='ltr'>ipsius</span> <span class='ocrx_word' id='word_1_730' title='bbox 2101 2090 2353 2129; x_wconf 89' lang='lat' dir='ltr'>corruptionem:</span> <span class='ocrx_word' id='word_1_731' title='bbox 2372 2098 2401 2121; x_wconf 90' lang='lat' dir='ltr'>et</span> <span class='ocrx_word' id='word_1_732' title='bbox 2417 2102 2519 2132; x_wconf 88' lang='lat' dir='ltr'>neque</span> 
     </span>
     <span class='ocr_line' id='line_1_95' title="bbox 1525 2132 2518 2175; baseline 0.004 -13"><span class='ocrx_word' id='word_1_733' title='bbox 1525 2133 1574 2163; x_wconf 90' lang='lat' dir='ltr'>sui</span> <span class='ocrx_word' id='word_1_734' title='bbox 1597 2133 1695 2172; x_wconf 90' lang='lat' dir='ltr'>ipsius</span> <span class='ocrx_word' id='word_1_735' title='bbox 1719 2132 1868 2172; x_wconf 89' lang='lat' dir='ltr'>possibile</span> <span class='ocrx_word' id='word_1_736' title='bbox 1893 2139 1939 2162; x_wconf 87' lang='lat' dir='ltr'>est</span> <span class='ocrx_word' id='word_1_737' title='bbox 1962 2140 2107 2172; x_wconf 90' lang='lat' dir='ltr'>appetere</span> <span class='ocrx_word' id='word_1_738' title='bbox 2131 2134 2278 2173; x_wconf 88' lang='lat' dir='ltr'>speciem,</span> <span class='ocrx_word' id='word_1_739' title='bbox 2303 2142 2430 2175; x_wconf 90' lang='lat' dir='ltr'>propter</span> <span class='ocrx_word' id='word_1_740' title='bbox 2453 2146 2518 2166; x_wconf 91' lang='lat' dir='ltr'>non</span> 
     </span>
     <span class='ocr_line' id='line_1_96' title="bbox 1526 2177 2520 2218; baseline 0.004 -12"><span class='ocrx_word' id='word_1_741' title='bbox 1526 2187 1592 2207; x_wconf 90' lang='lat' dir='ltr'>esse</span> <span class='ocrx_word' id='word_1_742' title='bbox 1616 2177 1768 2216; x_wconf 89' lang='lat' dir='ltr'>indigens,</span> <span class='ocrx_word' id='word_1_743' title='bbox 1789 2187 1891 2217; x_wconf 92' lang='lat' dir='ltr'>neque</span> <span class='ocrx_word' id='word_1_744' title='bbox 1916 2177 2123 2214; x_wconf 87' lang='lat' dir='ltr'>contrarium;</span> <span class='ocrx_word' id='word_1_745' title='bbox 2143 2179 2322 2218; x_wconf 88' lang='lat' dir='ltr'>corruptiva</span> <span class='ocrx_word' id='word_1_746' title='bbox 2343 2180 2427 2209; x_wconf 92' lang='lat' dir='ltr'>enim</span> <span class='ocrx_word' id='word_1_747' title='bbox 2447 2187 2520 2210; x_wconf 90' lang='lat' dir='ltr'>sunt</span> 
     </span>
     <span class='ocr_line' id='line_1_97' title="bbox 1526 2221 2519 2254; baseline 0.002 -3"><span class='ocrx_word' id='word_1_748' title='bbox 1526 2221 1565 2252; x_wconf 86' lang='lat' dir='ltr'>ad</span> <span class='ocrx_word' id='word_1_749' title='bbox 1588 2221 1724 2251; x_wconf 88' lang='lat' dir='ltr'>invicem</span> <span class='ocrx_word' id='word_1_750' title='bbox 1747 2221 1911 2251; x_wconf 87' lang='lat' dir='ltr'>contraria.</span> <span class='ocrx_word' id='word_1_751' title='bbox 1932 2221 1994 2251; x_wconf 85' lang='lat' dir='ltr'>Sed</span> <span class='ocrx_word' id='word_1_752' title='bbox 2017 2221 2079 2251; x_wconf 92' lang='lat' dir='ltr'>hoc</span> <span class='ocrx_word' id='word_1_753' title='bbox 2106 2229 2151 2252; x_wconf 88' lang='lat' dir='ltr'>est</span> <span class='ocrx_word' id='word_1_754' title='bbox 2174 2223 2303 2252; x_wconf 89' lang='lat' dir='ltr'>materia</span> <span class='ocrx_word' id='word_1_755' title='bbox 2331 2223 2412 2254; x_wconf 89' lang='lat' dir='ltr'>sicut</span> <span class='ocrx_word' id='word_1_756' title='bbox 2430 2224 2455 2253; x_wconf 94' lang='lat' dir='ltr'>si</span> <span class='ocrx_word' id='word_1_757' title='bbox 2475 2224 2519 2253; x_wconf 83' lang='lat' dir='ltr'>fe-</span> 
     </span>
     <span class='ocr_line' id='line_1_98' title="bbox 1526 2264 2519 2307; baseline 0.004 -13"><span class='ocrx_word' id='word_1_758' title='bbox 1526 2264 1612 2294; x_wconf 86' lang='lat' dir='ltr'>mina</span> <span class='ocrx_word' id='word_1_759' title='bbox 1635 2265 1813 2295; x_wconf 86' lang='lat' dir='ltr'>masculum</span> <span class='ocrx_word' id='word_1_760' title='bbox 1844 2272 1874 2295; x_wconf 89' lang='lat' dir='ltr'>et</span> <span class='ocrx_word' id='word_1_761' title='bbox 1901 2271 1992 2304; x_wconf 88' lang='lat' dir='ltr'>turpe</span> <span class='ocrx_word' id='word_1_762' title='bbox 2024 2266 2166 2296; x_wconf 91' lang='lat' dir='ltr'>bonum:</span> <span class='ocrx_word' id='word_1_763' title='bbox 2195 2276 2261 2296; x_wconf 89' lang='lat' dir='ltr'>non</span> <span class='ocrx_word' id='word_1_764' title='bbox 2291 2267 2379 2307; x_wconf 92' lang='lat' dir='ltr'>quod</span> <span class='ocrx_word' id='word_1_765' title='bbox 2409 2278 2464 2307; x_wconf 92' lang='lat' dir='ltr'>per</span> <span class='ocrx_word' id='word_1_766' title='bbox 2487 2278 2519 2299; x_wconf 92' lang='lat' dir='ltr'>se</span> 
     </span>
     <span class='ocr_line' id='line_1_99' title="bbox 1527 2308 2419 2349; baseline 0.004 -12"><span class='ocrx_word' id='word_1_767' title='bbox 1527 2314 1572 2338; x_wconf 90' lang='lat' dir='ltr'>est</span> <span class='ocrx_word' id='word_1_768' title='bbox 1595 2314 1685 2348; x_wconf 89' lang='lat' dir='ltr'>turpe</span> <span class='ocrx_word' id='word_1_769' title='bbox 1709 2319 1812 2349; x_wconf 89' lang='lat' dir='ltr'>neque</span> <span class='ocrx_word' id='word_1_770' title='bbox 1836 2308 1964 2346; x_wconf 87' lang='lat' dir='ltr'>femina,</span> <span class='ocrx_word' id='word_1_771' title='bbox 1989 2310 2043 2339; x_wconf 89' lang='lat' dir='ltr'>sed</span> <span class='ocrx_word' id='word_1_772' title='bbox 2067 2310 2243 2340; x_wconf 85' lang='lat' dir='ltr'>secundum</span> <span class='ocrx_word' id='word_1_773' title='bbox 2266 2311 2419 2342; x_wconf 89' lang='lat' dir='ltr'>accidens.</span> 
     </span>
    </p>
   </div>
   <div class='ocr_carea' id='block_1_13' title="bbox 1460 2401 2525 3233">
    <p class='ocr_par' dir='ltr' id='par_1_25' title="bbox 1460 2401 2524 2884">
     <span class='ocr_line' id='line_1_100' title="bbox 1460 2401 2521 2442; baseline 0.003 -10"><span class='ocrx_word' id='word_1_774' title='bbox 1460 2402 1477 2421; x_wconf 88' lang='lat'>*</span> <span class='ocrx_word' id='word_1_775' title='bbox 1497 2401 1720 2441; x_wconf 89' lang='lat' dir='ltr'>Corrumpitur</span> <span class='ocrx_word' id='word_1_776' title='bbox 1743 2408 1850 2432; x_wconf 82' lang='lat' dir='ltr'>autem</span> <span class='ocrx_word' id='word_1_777' title='bbox 1873 2409 1903 2432; x_wconf 91' lang='lat' dir='ltr'>et</span> <span class='ocrx_word' id='word_1_778' title='bbox 1925 2401 1971 2439; x_wconf 89' lang='lat' dir='ltr'>fit,</span> <span class='ocrx_word' id='word_1_779' title='bbox 1994 2409 2040 2432; x_wconf 89' lang='lat' dir='ltr'>est</span> <span class='ocrx_word' id='word_1_780' title='bbox 2063 2403 2192 2442; x_wconf 90' lang='lat' dir='ltr'>quidem</span> <span class='ocrx_word' id='word_1_781' title='bbox 2217 2411 2252 2434; x_wconf 91' lang='lat' dir='ltr'>ut</span> <span class='ocrx_word' id='word_1_782' title='bbox 2275 2404 2328 2442; x_wconf 90' lang='lat' dir='ltr'>sic,</span> <span class='ocrx_word' id='word_1_783' title='bbox 2346 2412 2392 2435; x_wconf 91' lang='lat' dir='ltr'>est</span> <span class='ocrx_word' id='word_1_784' title='bbox 2415 2411 2521 2435; x_wconf 88' lang='lat' dir='ltr'>autem</span> 
     </span>
     <span class='ocr_line' id='line_1_101' title="bbox 1527 2445 2520 2489; baseline 0.004 -14"><span class='ocrx_word' id='word_1_785' title='bbox 1527 2452 1563 2475; x_wconf 91' lang='lat' dir='ltr'>ut</span> <span class='ocrx_word' id='word_1_786' title='bbox 1586 2455 1661 2475; x_wconf 90' lang='lat' dir='ltr'>non.</span> <span class='ocrx_word' id='word_1_787' title='bbox 1687 2446 1869 2475; x_wconf 90' lang='lat' dir='ltr'>Secundum</span> <span class='ocrx_word' id='word_1_788' title='bbox 1893 2445 2022 2486; x_wconf 87' lang='lat' dir='ltr'>quidem</span> <span class='ocrx_word' id='word_1_789' title='bbox 2046 2447 2131 2476; x_wconf 88' lang='lat' dir='ltr'>enim</span> <span class='ocrx_word' id='word_1_790' title='bbox 2155 2449 2244 2487; x_wconf 93' lang='lat' dir='ltr'>quod</span> <span class='ocrx_word' id='word_1_791' title='bbox 2267 2455 2313 2478; x_wconf 90' lang='lat' dir='ltr'>est</span> <span class='ocrx_word' id='word_1_792' title='bbox 2335 2448 2368 2478; x_wconf 92' lang='lat' dir='ltr'>id</span> <span class='ocrx_word' id='word_1_793' title='bbox 2391 2449 2423 2478; x_wconf 89' lang='lat' dir='ltr'>in</span> <span class='ocrx_word' id='word_1_794' title='bbox 2443 2459 2520 2489; x_wconf 74' lang='lat' dir='ltr'>qUO,</span> 
     </span>
     <span class='ocr_line' id='line_1_102' title="bbox 1529 2489 2519 2532; baseline 0.005 -14"><span class='ocrx_word' id='word_1_795' title='bbox 1529 2490 1704 2519; x_wconf 87' lang='lat' dir='ltr'>secundum</span> <span class='ocrx_word' id='word_1_796' title='bbox 1728 2499 1760 2519; x_wconf 90' lang='lat' dir='ltr'>se</span> <span class='ocrx_word' id='word_1_797' title='bbox 1785 2489 2011 2529; x_wconf 86' lang='lat' dir='ltr'>corrumpitur:</span> <span class='ocrx_word' id='word_1_798' title='bbox 2036 2491 2125 2530; x_wconf 93' lang='lat' dir='ltr'>quod</span> <span class='ocrx_word' id='word_1_799' title='bbox 2149 2492 2234 2521; x_wconf 85' lang='lat' dir='ltr'>enim</span> <span class='ocrx_word' id='word_1_800' title='bbox 2257 2493 2469 2532; x_wconf 89' lang='lat' dir='ltr'>corrumpitur</span> <span class='ocrx_word' id='word_1_801' title='bbox 2488 2494 2519 2523; x_wconf 92' lang='lat' dir='ltr'>in</span> 
     </span>
     <span class='ocr_line' id='line_1_103' title="bbox 1529 2533 2520 2576; baseline 0.005 -14"><span class='ocrx_word' id='word_1_802' title='bbox 1529 2533 1606 2571; x_wconf 88' lang='lat' dir='ltr'>hoc,</span> <span class='ocrx_word' id='word_1_803' title='bbox 1632 2540 1677 2563; x_wconf 92' lang='lat' dir='ltr'>est</span> <span class='ocrx_word' id='word_1_804' title='bbox 1696 2534 1838 2572; x_wconf 85' lang='lat' dir='ltr'>privatio.</span> <span class='ocrx_word' id='word_1_805' title='bbox 1865 2534 2058 2573; x_wconf 89' lang='lat' dir='ltr'>Inquantum</span> <span class='ocrx_word' id='word_1_806' title='bbox 2085 2542 2191 2565; x_wconf 81' lang='lat' dir='ltr'>autem</span> <span class='ocrx_word' id='word_1_807' title='bbox 2216 2537 2389 2566; x_wconf 91' lang='lat' dir='ltr'>secundum</span> <span class='ocrx_word' id='word_1_808' title='bbox 2410 2544 2520 2576; x_wconf 86' lang='lat' dir='ltr'>poten-</span> 
     </span>
     <span class='ocr_line' id='line_1_104' title="bbox 1529 2577 2521 2620; baseline 0.004 -14"><span class='ocrx_word' id='word_1_809' title='bbox 1529 2577 1624 2614; x_wconf 87' lang='lat' dir='ltr'>tiam,</span> <span class='ocrx_word' id='word_1_810' title='bbox 1650 2587 1715 2607; x_wconf 91' lang='lat' dir='ltr'>non</span> <span class='ocrx_word' id='word_1_811' title='bbox 1739 2587 1794 2617; x_wconf 89' lang='lat' dir='ltr'>per</span> <span class='ocrx_word' id='word_1_812' title='bbox 1818 2584 1870 2614; x_wconf 87' lang='lat' dir='ltr'>se;</span> <span class='ocrx_word' id='word_1_813' title='bbox 1902 2577 1956 2607; x_wconf 90' lang='lat' dir='ltr'>sed</span> <span class='ocrx_word' id='word_1_814' title='bbox 1987 2577 2259 2618; x_wconf 87' lang='lat' dir='ltr'>incorruptibilem</span> <span class='ocrx_word' id='word_1_815' title='bbox 2292 2587 2322 2610; x_wconf 90' lang='lat' dir='ltr'>et</span> <span class='ocrx_word' id='word_1_816' title='bbox 2350 2580 2521 2620; x_wconf 90' lang='lat' dir='ltr'>ingenitam</span> 
     </span>
     <span class='ocr_line' id='line_1_105' title="bbox 1526 2621 2522 2665; baseline 0.004 -15"><span class='ocrx_word' id='word_1_817' title='bbox 1526 2630 1650 2650; x_wconf 88' lang='lat' dir='ltr'>necesse</span> <span class='ocrx_word' id='word_1_818' title='bbox 1681 2628 1727 2651; x_wconf 90' lang='lat' dir='ltr'>est</span> <span class='ocrx_word' id='word_1_819' title='bbox 1757 2631 1822 2651; x_wconf 89' lang='lat' dir='ltr'>esse</span> <span class='ocrx_word' id='word_1_820' title='bbox 1850 2621 1961 2661; x_wconf 88' lang='lat' dir='ltr'>ipsam.</span> <span class='ocrx_word' id='word_1_821' title='bbox 1992 2621 2023 2651; x_wconf 91' lang='lat' dir='ltr'>Si</span> <span class='ocrx_word' id='word_1_822' title='bbox 2047 2622 2132 2652; x_wconf 89' lang='lat' dir='ltr'>enim</span> <span class='ocrx_word' id='word_1_823' title='bbox 2162 2622 2232 2660; x_wconf 89' lang='lat' dir='ltr'>fiat,</span> <span class='ocrx_word' id='word_1_824' title='bbox 2264 2623 2374 2654; x_wconf 90' lang='lat' dir='ltr'>subiici</span> <span class='ocrx_word' id='word_1_825' title='bbox 2403 2624 2522 2665; x_wconf 86' lang='lat' dir='ltr'>aliquid</span> 
     </span>
     <span class='ocr_line' id='line_1_106' title="bbox 1531 2664 2520 2710; baseline 0.004 -16"><span class='ocrx_word' id='word_1_826' title='bbox 1531 2672 1656 2704; x_wconf 86' lang='lat' dir='ltr'>oportet</span> <span class='ocrx_word' id='word_1_827' title='bbox 1675 2665 1814 2704; x_wconf 89' lang='lat' dir='ltr'>primum</span> <span class='ocrx_word' id='word_1_828' title='bbox 1834 2675 1870 2710; x_wconf 75' lang='lat' dir='ltr'>ex</span> <span class='ocrx_word' id='word_1_829' title='bbox 1889 2675 1954 2705; x_wconf 93' lang='lat' dir='ltr'>quo</span> <span class='ocrx_word' id='word_1_830' title='bbox 1974 2664 2025 2695; x_wconf 90' lang='lat' dir='ltr'>fit:</span> <span class='ocrx_word' id='word_1_831' title='bbox 2046 2666 2107 2696; x_wconf 93' lang='lat' dir='ltr'>hoc</span> <span class='ocrx_word' id='word_1_832' title='bbox 2122 2673 2228 2696; x_wconf 89' lang='lat' dir='ltr'>autem</span> <span class='ocrx_word' id='word_1_833' title='bbox 2244 2674 2290 2697; x_wconf 92' lang='lat' dir='ltr'>est</span> <span class='ocrx_word' id='word_1_834' title='bbox 2308 2667 2384 2698; x_wconf 88' lang='lat' dir='ltr'>haec</span> <span class='ocrx_word' id='word_1_835' title='bbox 2401 2675 2520 2698; x_wconf 87' lang='lat' dir='ltr'>natura:</span> 
     </span>
     <span class='ocr_line' id='line_1_107' title="bbox 1531 2709 2522 2751; baseline 0.002 -11"><span class='ocrx_word' id='word_1_836' title='bbox 1531 2719 1627 2749; x_wconf 91' lang='lat' dir='ltr'>quare</span> <span class='ocrx_word' id='word_1_837' title='bbox 1644 2709 1700 2739; x_wconf 90' lang='lat' dir='ltr'>erit</span> <span class='ocrx_word' id='word_1_838' title='bbox 1715 2716 1784 2738; x_wconf 89' lang='lat' dir='ltr'>ante</span> <span class='ocrx_word' id='word_1_839' title='bbox 1801 2709 1876 2739; x_wconf 88' lang='lat' dir='ltr'>fieri.</span> <span class='ocrx_word' id='word_1_840' title='bbox 1897 2709 1977 2739; x_wconf 90' lang='lat' dir='ltr'>Dico</span> <span class='ocrx_word' id='word_1_841' title='bbox 1998 2709 2082 2739; x_wconf 88' lang='lat' dir='ltr'>enim</span> <span class='ocrx_word' id='word_1_842' title='bbox 2102 2711 2274 2749; x_wconf 85' lang='lat' dir='ltr'>materiam,</span> <span class='ocrx_word' id='word_1_843' title='bbox 2295 2712 2434 2751; x_wconf 89' lang='lat' dir='ltr'>primum</span> <span class='ocrx_word' id='word_1_844' title='bbox 2450 2713 2522 2742; x_wconf 91' lang='lat' dir='ltr'>sub-</span> 
     </span>
     <span class='ocr_line' id='line_1_108' title="bbox 1530 2753 2522 2794; baseline 0.002 -10"><span class='ocrx_word' id='word_1_845' title='bbox 1530 2753 1647 2784; x_wconf 88' lang='lat' dir='ltr'>iectum</span> <span class='ocrx_word' id='word_1_846' title='bbox 1664 2753 1913 2793; x_wconf 89' lang='lat' dir='ltr'>uniuscuiusque</span> <span class='ocrx_word' id='word_1_847' title='bbox 1933 2763 1968 2783; x_wconf 85' lang='lat' dir='ltr'>ex</span> <span class='ocrx_word' id='word_1_848' title='bbox 1987 2763 2053 2793; x_wconf 92' lang='lat' dir='ltr'>quo</span> <span class='ocrx_word' id='word_1_849' title='bbox 2072 2753 2108 2784; x_wconf 90' lang='lat' dir='ltr'>fit</span> <span class='ocrx_word' id='word_1_850' title='bbox 2126 2755 2244 2794; x_wconf 89' lang='lat' dir='ltr'>aliquid</span> <span class='ocrx_word' id='word_1_851' title='bbox 2264 2765 2337 2785; x_wconf 87' lang='lat' dir='ltr'>cum</span> <span class='ocrx_word' id='word_1_852' title='bbox 2356 2756 2440 2794; x_wconf 89' lang='lat' dir='ltr'>insit,</span> <span class='ocrx_word' id='word_1_853' title='bbox 2456 2766 2522 2786; x_wconf 88' lang='lat' dir='ltr'>non</span> 
     </span>
     <span class='ocr_line' id='line_1_109' title="bbox 1531 2797 2524 2838; baseline 0.002 -10"><span class='ocrx_word' id='word_1_854' title='bbox 1531 2798 1707 2828; x_wconf 88' lang='lat' dir='ltr'>secundum</span> <span class='ocrx_word' id='word_1_855' title='bbox 1730 2797 1882 2827; x_wconf 87' lang='lat' dir='ltr'>accidens.</span> <span class='ocrx_word' id='word_1_856' title='bbox 1914 2797 1954 2827; x_wconf 91' lang='lat' dir='ltr'>Et</span> <span class='ocrx_word' id='word_1_857' title='bbox 1978 2797 2002 2826; x_wconf 89' lang='lat' dir='ltr'>si</span> <span class='ocrx_word' id='word_1_858' title='bbox 2029 2799 2258 2838; x_wconf 87' lang='lat' dir='ltr'>corrumpitur,</span> <span class='ocrx_word' id='word_1_859' title='bbox 2282 2799 2314 2829; x_wconf 91' lang='lat' dir='ltr'>in</span> <span class='ocrx_word' id='word_1_860' title='bbox 2337 2799 2399 2830; x_wconf 90' lang='lat' dir='ltr'>hoc</span> <span class='ocrx_word' id='word_1_861' title='bbox 2427 2800 2524 2830; x_wconf 90' lang='lat' dir='ltr'>abibit</span> 
     </span>
     <span class='ocr_line' id='line_1_110' title="bbox 1532 2841 2492 2884; baseline 0.003 -13"><span class='ocrx_word' id='word_1_862' title='bbox 1532 2842 1697 2872; x_wconf 90' lang='lat' dir='ltr'>ultimum:</span> <span class='ocrx_word' id='word_1_863' title='bbox 1719 2851 1815 2881; x_wconf 86' lang='lat' dir='ltr'>quare</span> <span class='ocrx_word' id='word_1_864' title='bbox 1834 2848 1980 2881; x_wconf 87' lang='lat' dir='ltr'>corrupta</span> <span class='ocrx_word' id='word_1_865' title='bbox 2000 2841 2056 2872; x_wconf 93' lang='lat' dir='ltr'>erit</span> <span class='ocrx_word' id='word_1_866' title='bbox 2075 2849 2244 2883; x_wconf 87' lang='lat' dir='ltr'>antequam</span> <span class='ocrx_word' id='word_1_867' title='bbox 2264 2851 2492 2884; x_wconf 86' lang='lat' dir='ltr'>corrumpatur.</span> 
     </span>
    </p>

    <p class='ocr_par' dir='ltr' id='par_1_26' title="bbox 1464 2885 2525 3233">
     <span class='ocr_line' id='line_1_111' title="bbox 1464 2885 2525 2926; baseline 0.003 -11"><span class='ocrx_word' id='word_1_868' title='bbox 1464 2885 1481 2904; x_wconf 91' lang='lat'><em>*</em></span> <span class='ocrx_word' id='word_1_869' title='bbox 1496 2886 1543 2916; x_wconf 90' lang='lat' dir='ltr'>De</span> <span class='ocrx_word' id='word_1_870' title='bbox 1567 2885 1721 2926; x_wconf 89' lang='lat' dir='ltr'>principio</span> <span class='ocrx_word' id='word_1_871' title='bbox 1746 2891 1852 2915; x_wconf 89' lang='lat' dir='ltr'>autern</span> <span class='ocrx_word' id='word_1_872' title='bbox 1868 2886 2043 2915; x_wconf 89' lang='lat' dir='ltr'>secundum</span> <span class='ocrx_word' id='word_1_873' title='bbox 2059 2887 2205 2925; x_wconf 91' lang='lat' dir='ltr'>speciem,</span> <span class='ocrx_word' id='word_1_874' title='bbox 2221 2894 2329 2917; x_wconf 90' lang='lat' dir='ltr'>utrum</span> <span class='ocrx_word' id='word_1_875' title='bbox 2350 2898 2451 2918; x_wconf 85' lang='lat' dir='ltr'>unum</span> <span class='ocrx_word' id='word_1_876' title='bbox 2471 2895 2525 2918; x_wconf 88' lang='lat' dir='ltr'>aut</span> 
     </span>
     <span class='ocr_line' id='line_1_112' title="bbox 1532 2929 2525 2972; baseline 0.003 -13"><span class='ocrx_word' id='word_1_877' title='bbox 1532 2930 1633 2970; x_wconf 86' lang='lat' dir='ltr'>plura,</span> <span class='ocrx_word' id='word_1_878' title='bbox 1651 2936 1704 2959; x_wconf 83' lang='lat' dir='ltr'>aut</span> <span class='ocrx_word' id='word_1_879' title='bbox 1723 2936 1803 2969; x_wconf 90' lang='lat' dir='ltr'>quot</span> <span class='ocrx_word' id='word_1_880' title='bbox 1822 2935 1876 2959; x_wconf 89' lang='lat' dir='ltr'>aut</span> <span class='ocrx_word' id='word_1_881' title='bbox 1894 2939 1974 2969; x_wconf 89' lang='lat' dir='ltr'>quae</span> <span class='ocrx_word' id='word_1_882' title='bbox 1999 2929 2074 2967; x_wconf 85' lang='lat' dir='ltr'>sint,</span> <span class='ocrx_word' id='word_1_883' title='bbox 2095 2940 2150 2969; x_wconf 89' lang='lat' dir='ltr'>per</span> <span class='ocrx_word' id='word_1_884' title='bbox 2169 2931 2386 2961; x_wconf 89' lang='lat' dir='ltr'>certitudinem</span> <span class='ocrx_word' id='word_1_885' title='bbox 2406 2932 2525 2972; x_wconf 87' lang='lat' dir='ltr'>primae</span> 
     </span>
     <span class='ocr_line' id='line_1_113' title="bbox 1531 2973 2524 3015; baseline 0.003 -12"><span class='ocrx_word' id='word_1_886' title='bbox 1531 2973 1750 3013; x_wconf 86' lang='lat' dir='ltr'>philosophiae</span> <span class='ocrx_word' id='word_1_887' title='bbox 1775 2983 1856 3012; x_wconf 92' lang='lat' dir='ltr'>opus</span> <span class='ocrx_word' id='word_1_888' title='bbox 1881 2979 1926 3003; x_wconf 90' lang='lat' dir='ltr'>est</span> <span class='ocrx_word' id='word_1_889' title='bbox 1950 2974 2170 3004; x_wconf 87' lang='lat' dir='ltr'>determinare:</span> <span class='ocrx_word' id='word_1_890' title='bbox 2197 2985 2269 3015; x_wconf 90' lang='lat' dir='ltr'>ergo</span> <span class='ocrx_word' id='word_1_891' title='bbox 2294 2975 2325 3005; x_wconf 92' lang='lat' dir='ltr'>in</span> <span class='ocrx_word' id='word_1_892' title='bbox 2349 2975 2428 3005; x_wconf 89' lang='lat' dir='ltr'>illud</span> <span class='ocrx_word' id='word_1_893' title='bbox 2447 2983 2524 3006; x_wconf 90' lang='lat' dir='ltr'>tem-</span> 
     </span>
     <span class='ocr_line' id='line_1_114' title="bbox 1532 3017 2524 3059; baseline 0.003 -12"><span class='ocrx_word' id='word_1_894' title='bbox 1532 3028 1592 3058; x_wconf 90' lang='lat' dir='ltr'>pus</span> <span class='ocrx_word' id='word_1_895' title='bbox 1616 3024 1796 3056; x_wconf 82' lang='lat' dir='ltr'>reponatur.</span> <span class='ocrx_word' id='word_1_896' title='bbox 1827 3017 1875 3047; x_wconf 90' lang='lat' dir='ltr'>De</span> <span class='ocrx_word' id='word_1_897' title='bbox 1906 3017 2042 3058; x_wconf 90' lang='lat' dir='ltr'>physicis</span> <span class='ocrx_word' id='word_1_898' title='bbox 2073 3026 2178 3049; x_wconf 89' lang='lat' dir='ltr'>autem</span> <span class='ocrx_word' id='word_1_899' title='bbox 2211 3026 2241 3050; x_wconf 91' lang='lat' dir='ltr'>et</span> <span class='ocrx_word' id='word_1_900' title='bbox 2271 3020 2524 3059; x_wconf 89' lang='lat' dir='ltr'>corruptibilibus</span> 
     </span>
     <span class='ocr_line' id='line_1_115' title="bbox 1533 3061 2525 3101; baseline 0.003 -10"><span class='ocrx_word' id='word_1_901' title='bbox 1533 3061 1710 3101; x_wconf 91' lang='lat' dir='ltr'>speciebus,</span> <span class='ocrx_word' id='word_1_902' title='bbox 1734 3061 1767 3091; x_wconf 91' lang='lat' dir='ltr'>in</span> <span class='ocrx_word' id='word_1_903' title='bbox 1790 3061 1945 3100; x_wconf 87' lang='lat' dir='ltr'>posterius</span> <span class='ocrx_word' id='word_1_904' title='bbox 1970 3062 2220 3092; x_wconf 89' lang='lat' dir='ltr'>demonstrandis</span> <span class='ocrx_word' id='word_1_905' title='bbox 2245 3063 2395 3094; x_wconf 90' lang='lat' dir='ltr'>dicemus.</span> <span class='ocrx_word' id='word_1_906' title='bbox 2428 3065 2525 3100; x_wconf 90' lang='lat' dir='ltr'>Quod</span> 
     </span>
     <span class='ocr_line' id='line_1_116' title="bbox 1533 3105 2523 3147; baseline 0.003 -13"><span class='ocrx_word' id='word_1_907' title='bbox 1533 3106 1663 3146; x_wconf 90' lang='lat' dir='ltr'>quidem</span> <span class='ocrx_word' id='word_1_908' title='bbox 1686 3105 1779 3144; x_wconf 88' lang='lat' dir='ltr'>igitur</span> <span class='ocrx_word' id='word_1_909' title='bbox 1803 3105 1864 3135; x_wconf 87' lang='lat' dir='ltr'>sint</span> <span class='ocrx_word' id='word_1_910' title='bbox 1887 3105 2049 3145; x_wconf 88' lang='lat' dir='ltr'>principia,</span> <span class='ocrx_word' id='word_1_911' title='bbox 2070 3113 2100 3136; x_wconf 92' lang='lat' dir='ltr'>et</span> <span class='ocrx_word' id='word_1_912' title='bbox 2119 3117 2209 3146; x_wconf 88' lang='lat' dir='ltr'>quae,</span> <span class='ocrx_word' id='word_1_913' title='bbox 2231 3114 2261 3137; x_wconf 86' lang='lat' dir='ltr'>et</span> <span class='ocrx_word' id='word_1_914' title='bbox 2279 3114 2359 3147; x_wconf 94' lang='lat' dir='ltr'>quot</span> <span class='ocrx_word' id='word_1_915' title='bbox 2378 3118 2523 3145; x_wconf 89' lang='lat' dir='ltr'>numero,</span> 
     </span>
     <span class='ocr_line' id='line_1_117' title="bbox 1533 3149 2524 3191; baseline 0.003 -13"><span class='ocrx_word' id='word_1_916' title='bbox 1533 3149 1776 3179; x_wconf 86' lang='lat' dir='ltr'>determinatum</span> <span class='ocrx_word' id='word_1_917' title='bbox 1799 3149 1842 3179; x_wconf 89' lang='lat' dir='ltr'>sic</span> <span class='ocrx_word' id='word_1_918' title='bbox 1866 3159 1883 3178; x_wconf 91' lang='lat' dir='ltr'>a</span> <span class='ocrx_word' id='word_1_919' title='bbox 1907 3149 1998 3179; x_wconf 91' lang='lat' dir='ltr'>nobis</span> <span class='ocrx_word' id='word_1_920' title='bbox 2018 3150 2064 3180; x_wconf 90' lang='lat' dir='ltr'>sit.</span> <span class='ocrx_word' id='word_1_921' title='bbox 2087 3151 2202 3180; x_wconf 90' lang='lat' dir='ltr'>Iterum</span> <span class='ocrx_word' id='word_1_922' title='bbox 2219 3158 2324 3181; x_wconf 90' lang='lat' dir='ltr'>autem</span> <span class='ocrx_word' id='word_1_923' title='bbox 2341 3151 2426 3181; x_wconf 85' lang='lat' dir='ltr'>aliud</span> <span class='ocrx_word' id='word_1_924' title='bbox 2440 3151 2524 3191; x_wconf 90' lang='lat' dir='ltr'>prin-</span> 
     </span>
     <span class='ocr_line' id='line_1_118' title="bbox 1534 3193 2036 3233; baseline 0.002 -10"><span class='ocrx_word' id='word_1_925' title='bbox 1534 3193 1655 3233; x_wconf 90' lang='lat' dir='ltr'>cipium</span> <span class='ocrx_word' id='word_1_926' title='bbox 1678 3193 1861 3232; x_wconf 88' lang='lat' dir='ltr'>incipientes</span> <span class='ocrx_word' id='word_1_927' title='bbox 1885 3193 2036 3224; x_wconf 86' lang='lat' dir='ltr'>dicamus.</span> 
     </span>
    </p>
   </div>
   <div class='ocr_carea' id='block_1_14' title="bbox 1466 3305 2525 3654">
    <p class='ocr_par' dir='ltr' id='par_1_27' title="bbox 1466 3305 2525 3654">
     <span class='ocr_line' id='line_1_119' title="bbox 1466 3305 2524 3341; baseline 0.001 -8"><span class='ocrx_word' id='word_1_928' title='bbox 1466 3305 1503 3333; x_wconf 89' lang='lat' dir='ltr'>ad</span> <span class='ocrx_word' id='word_1_929' title='bbox 1525 3305 1648 3333; x_wconf 84' lang='lat' dir='ltr'>diversas</span> <span class='ocrx_word' id='word_1_930' title='bbox 1670 3306 1777 3333; x_wconf 90' lang='lat' dir='ltr'>formas</span> <span class='ocrx_word' id='word_1_931' title='bbox 1803 3311 1869 3333; x_wconf 87' lang='lat' dir='ltr'>sunt</span> <span class='ocrx_word' id='word_1_932' title='bbox 1890 3305 1919 3332; x_wconf 89' lang='lat' dir='ltr'>in</span> <span class='ocrx_word' id='word_1_933' title='bbox 1941 3305 2003 3341; x_wconf 86' lang='lat' dir='ltr'>ipsa</span> <span class='ocrx_word' id='word_1_934' title='bbox 2023 3305 2130 3332; x_wconf 92' lang='lat' dir='ltr'>multae</span> <span class='ocrx_word' id='word_1_935' title='bbox 2152 3305 2303 3341; x_wconf 90' lang='lat' dir='ltr'>potentiae.</span> <span class='ocrx_word' id='word_1_936' title='bbox 2319 3322 2338 3326; x_wconf 91' lang='lat'>—</span> <span class='ocrx_word' id='word_1_937' title='bbox 2352 3315 2379 3340; x_wconf 92' lang='lat'>4.</span> <span class='ocrx_word' id='word_1_938' title='bbox 2402 3306 2524 3334; x_wconf 89' lang='lat' dir='ltr'>Multum</span> 
     </span>
     <span class='ocr_line' id='line_1_120' title="bbox 1467 3344 2524 3382; baseline 0.002 -10"><span class='ocrx_word' id='word_1_939' title='bbox 1467 3344 1560 3372; x_wconf 86' lang='lat' dir='ltr'>differt</span> <span class='ocrx_word' id='word_1_940' title='bbox 1574 3345 1682 3381; x_wconf 90' lang='lat' dir='ltr'>aliquid</span> <span class='ocrx_word' id='word_1_941' title='bbox 1704 3354 1765 3372; x_wconf 90' lang='lat' dir='ltr'>esse</span> <span class='ocrx_word' id='word_1_942' title='bbox 1786 3354 1876 3372; x_wconf 90' lang='lat' dir='ltr'>unum</span> <span class='ocrx_word' id='word_1_943' title='bbox 1895 3353 2017 3372; x_wconf 90' lang='lat' dir='ltr'>numero</span> <span class='ocrx_word' id='word_1_944' title='bbox 2035 3345 2078 3372; x_wconf 90' lang='lat' dir='ltr'>vel</span> <span class='ocrx_word' id='word_1_945' title='bbox 2099 3344 2236 3379; x_wconf 80' lang='lat' dir='ltr'>subiecto,</span> <span class='ocrx_word' id='word_1_946' title='bbox 2252 3351 2279 3372; x_wconf 90' lang='lat' dir='ltr'>et</span> <span class='ocrx_word' id='word_1_947' title='bbox 2293 3354 2383 3372; x_wconf 89' lang='lat' dir='ltr'>unum</span> <span class='ocrx_word' id='word_1_948' title='bbox 2394 3346 2524 3382; x_wconf 90' lang='lat' dir='ltr'>potentia</span> 
     </span>
     <span class='ocr_line' id='line_1_121' title="bbox 1467 3383 2523 3419; baseline 0.002 -8"><span class='ocrx_word' id='word_1_949' title='bbox 1467 3384 1510 3411; x_wconf 91' lang='lat' dir='ltr'>vel</span> <span class='ocrx_word' id='word_1_950' title='bbox 1526 3383 1645 3412; x_wconf 88' lang='lat' dir='ltr'>ratione.</span> <span class='ocrx_word' id='word_1_951' title='bbox 1661 3384 1707 3411; x_wconf 87' lang='lat' dir='ltr'>Sic</span> <span class='ocrx_word' id='word_1_952' title='bbox 1728 3384 1846 3411; x_wconf 88' lang='lat' dir='ltr'>materia</span> <span class='ocrx_word' id='word_1_953' title='bbox 1863 3390 1890 3411; x_wconf 90' lang='lat' dir='ltr'>et</span> <span class='ocrx_word' id='word_1_954' title='bbox 1906 3383 2026 3419; x_wconf 88' lang='lat' dir='ltr'>privatio</span> <span class='ocrx_word' id='word_1_955' title='bbox 2043 3390 2109 3410; x_wconf 90' lang='lat' dir='ltr'>sunt</span> <span class='ocrx_word' id='word_1_956' title='bbox 2130 3393 2219 3411; x_wconf 89' lang='lat' dir='ltr'>unum</span> <span class='ocrx_word' id='word_1_957' title='bbox 2242 3384 2380 3419; x_wconf 86' lang='lat' dir='ltr'>subiecto,</span> <span class='ocrx_word' id='word_1_958' title='bbox 2402 3385 2523 3413; x_wconf 88' lang='lat' dir='ltr'>alterum</span> 
     </span>
     <span class='ocr_line' id='line_1_122' title="bbox 1468 3422 2525 3461; baseline 0.003 -11"><span class='ocrx_word' id='word_1_959' title='bbox 1468 3423 1587 3451; x_wconf 87' lang='lat' dir='ltr'>ratione.</span> <span class='ocrx_word' id='word_1_960' title='bbox 1604 3425 1640 3450; x_wconf 93' lang='lat' dir='ltr'>Et</span> <span class='ocrx_word' id='word_1_961' title='bbox 1654 3424 1709 3450; x_wconf 91' lang='lat' dir='ltr'>hoc</span> <span class='ocrx_word' id='word_1_962' title='bbox 1723 3433 1755 3451; x_wconf 87' lang='lat' dir='ltr'>ex</span> <span class='ocrx_word' id='word_1_963' title='bbox 1771 3424 1882 3450; x_wconf 86' lang='lat' dir='ltr'>duabus</span> <span class='ocrx_word' id='word_1_964' title='bbox 1898 3422 2065 3450; x_wconf 77' lang='lat' dir='ltr'>rationibus.</span> <span class='ocrx_word' id='word_1_965' title='bbox 2082 3439 2100 3443; x_wconf 87' lang='lat'>—</span> <span class='ocrx_word' id='word_1_966' title='bbox 2117 3423 2143 3450; x_wconf 85' lang='lat'>5.</span> <span class='ocrx_word' id='word_1_967' title='bbox 2159 3424 2190 3450; x_wconf 94' lang='lat' dir='ltr'>In</span> <span class='ocrx_word' id='word_1_968' title='bbox 2205 3423 2258 3451; x_wconf 90' lang='lat' dir='ltr'>hac</span> <span class='ocrx_word' id='word_1_969' title='bbox 2272 3423 2453 3452; x_wconf 88' lang='lat' dir='ltr'>distinctione</span> <span class='ocrx_word' id='word_1_970' title='bbox 2467 3426 2525 3461; x_wconf 90' lang='lat' dir='ltr'>pri-</span> 
     </span>
     <span class='ocr_line' id='line_1_123' title="bbox 1468 3461 2524 3500; baseline 0.002 -10"><span class='ocrx_word' id='word_1_971' title='bbox 1468 3462 1589 3490; x_wconf 87' lang='lat' dir='ltr'>vationis</span> <span class='ocrx_word' id='word_1_972' title='bbox 1611 3471 1628 3490; x_wconf 87' lang='lat' dir='ltr'>a</span> <span class='ocrx_word' id='word_1_973' title='bbox 1650 3462 1768 3490; x_wconf 89' lang='lat' dir='ltr'>materia</span> <span class='ocrx_word' id='word_1_974' title='bbox 1782 3462 1937 3489; x_wconf 90' lang='lat' dir='ltr'>secundam</span> <span class='ocrx_word' id='word_1_975' title='bbox 1959 3461 2109 3495; x_wconf 88' lang='lat' dir='ltr'>rationem,</span> <span class='ocrx_word' id='word_1_976' title='bbox 2126 3462 2260 3490; x_wconf 88' lang='lat' dir='ltr'>fundatur</span> <span class='ocrx_word' id='word_1_977' title='bbox 2281 3463 2440 3492; x_wconf 82' lang='lat' dir='ltr'>differentia</span> <span class='ocrx_word' id='word_1_978' title='bbox 2461 3465 2524 3500; x_wconf 91' lang='lat' dir='ltr'>opi-</span> 
     </span>
     <span class='ocr_line' id='line_1_124' title="bbox 1469 3500 2525 3539; baseline 0.003 -10"><span class='ocrx_word' id='word_1_979' title='bbox 1469 3501 1563 3529; x_wconf 87' lang='lat' dir='ltr'>nionis</span> <span class='ocrx_word' id='word_1_980' title='bbox 1585 3501 1744 3529; x_wconf 86' lang='lat' dir='ltr'>Aristotelis</span> <span class='ocrx_word' id='word_1_981' title='bbox 1766 3510 1782 3528; x_wconf 94' lang='lat' dir='ltr'>a</span> <span class='ocrx_word' id='word_1_982' title='bbox 1803 3500 1943 3528; x_wconf 87' lang='lat' dir='ltr'>sententia</span> <span class='ocrx_word' id='word_1_983' title='bbox 1964 3501 2111 3528; x_wconf 85' lang='lat' dir='ltr'>Platonica</span> <span class='ocrx_word' id='word_1_984' title='bbox 2137 3503 2234 3538; x_wconf 87' lang='lat' dir='ltr'>quoad</span> <span class='ocrx_word' id='word_1_985' title='bbox 2262 3502 2401 3539; x_wconf 88' lang='lat' dir='ltr'>principia</span> <span class='ocrx_word' id='word_1_986' title='bbox 2429 3513 2525 3531; x_wconf 89' lang='lat' dir='ltr'>rerum</span> 
     </span>
     <span class='ocr_line' id='line_1_125' title="bbox 1469 3539 2525 3579; baseline 0.003 -11"><span class='ocrx_word' id='word_1_987' title='bbox 1469 3541 1651 3568; x_wconf 86' lang='lat' dir='ltr'>naturalium.</span> <span class='ocrx_word' id='word_1_988' title='bbox 1674 3540 1786 3567; x_wconf 88' lang='lat' dir='ltr'>Etenim</span> <span class='ocrx_word' id='word_1_989' title='bbox 1809 3539 1964 3574; x_wconf 87' lang='lat' dir='ltr'>Platonici,</span> <span class='ocrx_word' id='word_1_990' title='bbox 1987 3549 2048 3568; x_wconf 89' lang='lat' dir='ltr'>non</span> <span class='ocrx_word' id='word_1_991' title='bbox 2070 3540 2274 3578; x_wconf 88' lang='lat' dir='ltr'>distinguentes</span> <span class='ocrx_word' id='word_1_992' title='bbox 2296 3542 2368 3570; x_wconf 84' lang='lat' dir='ltr'>inter</span> <span class='ocrx_word' id='word_1_993' title='bbox 2389 3542 2525 3579; x_wconf 86' lang='lat' dir='ltr'>p1ivatio-</span> 
     </span>
     <span class='ocr_line' id='line_1_126' title="bbox 1469 3579 2524 3615; baseline 0.004 -9"><span class='ocrx_word' id='word_1_994' title='bbox 1469 3589 1534 3607; x_wconf 90' lang='lat' dir='ltr'>nem</span> <span class='ocrx_word' id='word_1_995' title='bbox 1558 3587 1585 3607; x_wconf 89' lang='lat' dir='ltr'>et</span> <span class='ocrx_word' id='word_1_996' title='bbox 1607 3579 1764 3612; x_wconf 86' lang='lat' dir='ltr'>materiam,</span> <span class='ocrx_word' id='word_1_997' title='bbox 1780 3579 1981 3615; x_wconf 87' lang='lat' dir='ltr'>supponebant</span> <span class='ocrx_word' id='word_1_998' title='bbox 1996 3580 2130 3608; x_wconf 85' lang='lat' dir='ltr'>omnibus</span> <span class='ocrx_word' id='word_1_999' title='bbox 2152 3581 2251 3609; x_wconf 88' lang='lat' dir='ltr'>formis</span> <span class='ocrx_word' id='word_1_1000' title='bbox 2272 3582 2447 3610; x_wconf 83' lang='lat' dir='ltr'>naturalibus</span> <span class='ocrx_word' id='word_1_1001' title='bbox 2464 3592 2524 3610; x_wconf 88' lang='lat' dir='ltr'>rna-</span> 
     </span>
     <span class='ocr_line' id='line_1_127' title="bbox 1468 3618 2525 3654; baseline 0.005 -9"><span class='ocrx_word' id='word_1_1002' title='bbox 1468 3619 1568 3646; x_wconf 89' lang='lat' dir='ltr'>teriam</span> <span class='ocrx_word' id='word_1_1003' title='bbox 1597 3618 1720 3654; x_wconf 88' lang='lat' dir='ltr'>primam</span> <span class='ocrx_word' id='word_1_1004' title='bbox 1742 3627 1830 3646; x_wconf 90' lang='lat' dir='ltr'>unam</span> <span class='ocrx_word' id='word_1_1005' title='bbox 1862 3625 1889 3646; x_wconf 90' lang='lat' dir='ltr'>et</span> <span class='ocrx_word' id='word_1_1006' title='bbox 1916 3618 2025 3647; x_wconf 85' lang='lat' dir='ltr'>ratione</span> <span class='ocrx_word' id='word_1_1007' title='bbox 2053 3626 2080 3647; x_wconf 90' lang='lat' dir='ltr'>et</span> <span class='ocrx_word' id='word_1_1008' title='bbox 2107 3620 2246 3649; x_wconf 89' lang='lat' dir='ltr'>subiecto.</span> <span class='ocrx_word' id='word_1_1009' title='bbox 2271 3638 2290 3642; x_wconf 91' lang='lat'>—</span> <span class='ocrx_word' id='word_1_1010' title='bbox 2314 3623 2340 3649; x_wconf 88' lang='lat'>6.</span> <span class='ocrx_word' id='word_1_1011' title='bbox 2363 3622 2525 3650; x_wconf 84' lang='lat' dir='ltr'>Subdivisio</span> 
     </span>
    </p>
   </div>
   <div class='ocr_carea' id='block_1_15' title="bbox 2534 904 2747 958">
    <p class='ocr_par' dir='ltr' id='par_1_28' title="bbox 2534 904 2747 958">
     <span class='ocr_line' id='line_1_128' title="bbox 2534 904 2747 958; baseline 0 -32"><span class='ocrx_word' id='word_1_1012' title='bbox 2534 905 2618 958; x_wconf 71' lang='lat' dir='ltr'>⁸9Cap.</span> <span class='ocrx_word' id='word_1_1013' title='bbox 2632 911 2664 926; x_wconf 80' lang='lat' dir='ltr'>lx.</span> <span class='ocrx_word' id='word_1_1014' title='bbox 2678 904 2747 926; x_wconf 80' lang='lat' dir='ltr'>Text.</span> 
     </span>
     <span class='ocr_line' id='line_1_129' title="bbox 2537 938 2574 958; baseline 0 -5"><span class='ocrx_word' id='word_1_1015' title='bbox 2537 938 2548 958; x_wconf 91' lang='lat'>7</span> <span class='ocrx_word' id='word_1_1016' title='bbox 2568 947 2574 953; x_wconf 91' lang='lat'>.</span> 
     </span>
    </p>
   </div>
   <div class='ocr_carea' id='block_1_16' title="bbox 2538 1390 2684 1412">
    <p class='ocr_par' dir='ltr' id='par_1_29' title="bbox 2538 1390 2684 1412">
     <span class='ocr_line' id='line_1_130' title="bbox 2538 1390 2684 1412; baseline 0 0"><span class='ocrx_word' id='word_1_1017' title='bbox 2538 1392 2549 1402; x_wconf 70' lang='lat'>&#39;⁸</span> <span class='ocrx_word' id='word_1_1018' title='bbox 2563 1391 2631 1412; x_wconf 85' lang='lat' dir='ltr'>Text.</span> <span class='ocrx_word' id='word_1_1019' title='bbox 2646 1390 2684 1412; x_wconf 81' lang='lat'>80.</span> 
     </span>
    </p>
   </div>
   <div class='ocr_carea' id='block_1_17' title="bbox 2541 1746 2682 1767">
    <p class='ocr_par' dir='ltr' id='par_1_30' title="bbox 2541 1746 2682 1767">
     <span class='ocr_line' id='line_1_131' title="bbox 2541 1746 2682 1767; baseline 0 0"><span class='ocrx_word' id='word_1_1020' title='bbox 2541 1747 2552 1757; x_wconf 71' lang='lat'>‘⁴</span> <span class='ocrx_word' id='word_1_1021' title='bbox 2566 1746 2634 1767; x_wconf 86' lang='lat' dir='ltr'>Text.</span> <span class='ocrx_word' id='word_1_1022' title='bbox 2651 1746 2682 1767; x_wconf 80' lang='lat'>81.</span> 
     </span>
    </p>
   </div>
   <div class='ocr_carea' id='block_1_18' title="bbox 2547 2408 2692 2430">
    <p class='ocr_par' dir='ltr' id='par_1_31' title="bbox 2547 2408 2692 2430">
     <span class='ocr_line' id='line_1_132' title="bbox 2547 2408 2692 2430; baseline 0.007 -1"><span class='ocrx_word' id='word_1_1023' title='bbox 2547 2409 2557 2420; x_wconf 75' lang='lat'>⁴⁸</span> <span class='ocrx_word' id='word_1_1024' title='bbox 2572 2408 2639 2430; x_wconf 88' lang='lat' dir='ltr'>Text.</span> <span class='ocrx_word' id='word_1_1025' title='bbox 2656 2408 2692 2430; x_wconf 69' lang='lat'>82.</span> 
     </span>
    </p>
   </div>
   <div class='ocr_carea' id='block_1_19' title="bbox 2551 2891 2694 2919">
    <p class='ocr_par' dir='ltr' id='par_1_32' title="bbox 2551 2891 2694 2919">
     <span class='ocr_line' id='line_1_133' title="bbox 2551 2891 2694 2919; baseline 0 -7"><span class='ocrx_word' id='word_1_1026' title='bbox 2551 2893 2557 2900; x_wconf 91' lang='grc'><em>·</em></span> <span class='ocrx_word' id='word_1_1027' title='bbox 2576 2891 2643 2912; x_wconf 85' lang='lat' dir='ltr'>Text.</span> <span class='ocrx_word' id='word_1_1028' title='bbox 2659 2891 2694 2919; x_wconf 79' lang='lat'>83.</span> 
     </span>
    </p>
   </div>
  </div>
 </body>
</html>
