2982 4022
12 3467 31 3630 -ι-ιτῖᾴῑκω
16 3443 21 3451 ι
20 3426 22 3431 -
10 3381 19 3394 -’

82 481 94 492 ’“
101 481 135 508 fit
147 486 194 502 om.
209 486 245 501 uz.

82 533 94 544 ‘³
101 538 157 554 vero
167 538 215 554 om.
225 532 293 553 rab.-

83 565 113 580 ex
127 564 182 590 app.
197 558 293 580 ΡΛΒΝαθ.

82 585 94 596 ⁸
100 587 175 613 gum-t
181 584 263 606 etad&
269 590 292 611 κ,

82 611 158 639 grume
167 610 220 632 add.
227 610 294 632 eda.

1098 284 1208 320 CAP.
1237 283 1323 329 Vll,
1353 282 1503 319 LECT.
1533 282 1603 319 XII

309 364 416 411 fiunt
441 369 528 410 etc.,
558 363 720 400 ostendit
752 363 855 400 idem
888 361 1103 399 inducendo
1136 373 1206 409 per
1237 360 1375 396 modos

319 415 447 452 fiendi.
477 416 526 452 Et
554 415 642 452 dicit
664 416 768 464 quod
789 428 923 452 eorum
942 427 1039 464 quae
1058 415 1165 458 fiunt,
1187 413 1375 461 quaedam

320 468 417 504 fiunt
443 468 789 516 transfiguratione,
819 468 914 504 sicut
941 474 1061 503 statua
1088 466 1130 503 fit
1147 467 1166 487 ‘³¹‘
1194 477 1239 501 ex
1267 477 1374 510 aere3

321 520 511 568 quaedam
543 533 637 558 vero
656 522 676 542 '⁵‘
707 521 803 557 fiunt
839 519 1095 568 appositione,
1128 526 1170 555 ut
1205 524 1307 566 patet
1338 517 1376 553 in

322 572 500 609 omnibus
528 573 787 621 augmentatis,
808 572 903 608 sicut
924 570 1063 608 fluvius
1082 571 1125 607 fit
1144 582 1188 606 ex
1203 572 1222 590 ³*
1251 569 1376 606 multis

321 624 431 671 rivis;
461 626 532 662 alia
558 638 651 663 vero
679 626 776 662 fiunt
794 623 1055 670 abstractione,
1075 622 1170 659 sicut
1189 634 1234 659 ex
1252 621 1376 671 lapide

321 678 364 714 fit
381 690 451 726 per
469 679 699 727 sculpturam
718 678 843 724 imago
864 676 1057 722 Mercurii;
1079 676 1268 724 quaedam
1282 687 1376 711 vero

321 731 418 767 fiunt
446 730 730 779 compositione,
759 729 854 765 sicut
882 728 1036 774 domus;
1065 727 1255 777 quaedam
1282 740 1376 764 vero

321 783 419 819 fiunt
445 782 681 829 alteratione,
711 782 806 818 sicut
833 793 878 817 ea
911 785 1075 829 quorum
1104 781 1260 817 materia
1289 781 1376 816 alte-

322 842 439 880 ratur,
469 834 550 871 sive
578 835 671 871 fiant
694 834 904 870 secundum
933 841 1107 878 naturam
1135 833 1214 870 sive
1243 846 1377 869 secun-

323 887 416 924 dum
435 893 574 923 artem:
596 894 633 923 et
650 886 688 923 in
708 886 885 923 omnibus
908 886 966 922 his
985 893 1141 934 apparet
1160 887 1263 934 quod
1282 886 1379 922 fiunt

323 951 368 975 ex
404 938 529 987 aliquo
562 939 742 976 subiecto.
772 938 883 976 Unde
911 939 1154 975 manifestum
1191 945 1247 974 est
1273 938 1378 986 quod

323 1003 437 1028 omne
458 991 561 1040 quod
595 992 657 1038 fit,
686 992 730 1028 fit
758 1003 803 1028 ex
831 991 1024 1028 subiectov
1045 1019 1053 1027 .
1075 990 1151 1027 Sed
1180 990 1377 1027 adverten-

323 1044 416 1081 dum
445 1051 500 1080 est
527 1044 632 1093 quod
659 1044 863 1080 artificialia
891 1043 1179 1080 connumeravit
1205 1043 1301 1079 inter
1334 1055 1378 1079 ea

324 1109 421 1146 quae
440 1097 538 1133 fiunt
555 1097 771 1145 simpliciter
789 1096 984 1144 (quamvis
1002 1096 1148 1132 formae
1168 1095 1378 1138 artificiales

323 1149 396 1186 sint
410 1149 642 1195 accidentia),
659 1149 747 1198 quia
761 1148 964 1186 artificialia
983 1148 1272 1197 quodammodo
1292 1156 1378 1185 sunt

322 1202 362 1238 in
375 1214 512 1249 genere
532 1202 759 1238 substantiae
773 1214 842 1251 per
856 1214 965 1238 suam
980 1201 1195 1238 materiam:
1215 1201 1277 1237 vel
1291 1213 1377 1249 pro-

376 1373 403 1406 η)
427 1373 501 1398 Unde
514 1373 681 1407 manifestum
700 1377 764 1399 est...
778 1380 816 1398 ex
827 1373 949 1399 subiecto.
958 1387 978 1393 -
986 1374 1057 1398 Haec
1069 1382 1122 1401 om.
1134 1373 1362 1404 ACIKOQTVXY
1373 1382 1380 1405 ;

322 1416 371 1441 pro
389 1411 435 1438 est,
443 1409 482 1441 fit
499 1409 640 1438 PFMNab;
657 1417 704 1441 pro
721 1416 758 1433 ex
775 1409 896 1438 subiecto,
917 1416 954 1434 ex
971 1409 1060 1442 aliquo
1078 1409 1191 1434 subiecto
1206 1409 1389 1440 EGHLRSZ‚-

2433 283 2483 328 43

1428 367 1511 409 pter
1534 360 1754 408 opinionem
1789 360 2050 409 antiquorum,
2081 360 2146 408 qui
2183 360 2349 396 similiter
2378 361 2396 380 ²5²

1430 413 1632 449 stimabant
1659 413 1841 449 naturalia
1860 421 1901 449 ut
1919 413 2135 460 artificialia,
2155 420 2197 449 ut
2215 412 2253 449 in
2282 413 2450 449 secundo
2467 413 2487 433 '³⁵

1431 465 1584 502 dicetur.

1490 530 1546 554 12.
1568 517 1716 553 Deinde
1746 530 1833 553 cum
1863 517 1966 554 dicit:
1992 519 2118 560 Quare
2145 523 2330 554 ostensum
2360 530 2409 553 ex
2436 518 2488 554 di-

1429 571 1495 606 ctis
1514 577 1596 616 etc„
1618 569 1840 606 concludit*
1854 570 2110 619 propositum:
2133 578 2167 606 et
2187 570 2274 607 dicit
2292 577 2488 607 ostensum

1431 635 1512 659 esse
1540 635 1584 658 ex
1605 622 1710 659 dictis
1739 622 1843 670 quod
1870 623 1909 659 id
1938 623 1997 659 cui
2026 623 2235 659 attribuitur
2262 623 2360 670 fieri,
2389 636 2488 660 sem-

1429 687 1499 723 per
1518 682 1572 711 est
1597 675 1863 723 compositum.
1885 676 1933 711 Et
1961 688 2049 711 cum
2077 676 2116 712 in
2135 676 2300 724 qualibet
2327 676 2488 713 factione

1431 728 1476 764 sit
1503 728 1614 778 idad
1643 727 1747 776 quod
1771 728 1991 764 terminatur
2017 728 2110 774 fieri,
2133 736 2169 764 et
2186 728 2225 765 id
2245 728 2303 764 cui
2323 729 2487 765 attribui-

1430 788 1490 817 tur
1516 780 1619 826 fieri,
1640 780 1745 828 quod
1774 788 1829 817 est
1847 781 1986 829 duplex
2007 782 2042 827 ’ἢ
2063 780 2202 817 scilicet
2221 781 2433 818 subiectum
2453 789 2490 818 et

1432 833 1650 881 oppositum
1668 835 1703 878 ’ἢ
1720 833 1961 870 manifestum
1978 840 2032 869 est
2047 833 2151 882 quod
2166 834 2205 870 in
2225 834 2393 882 quolibet
2406 834 2489 871 fieri
2516 848 2527 858 ⁴

1432 893 1518 922 sunt
1544 886 1623 932 tria,
1653 885 1791 922 scilicet
1810 886 2022 922 subiectum
2052 894 2087 922 et
2110 886 2291 923 terminus
2319 887 2489 923 factionis

1432 946 1469 974 et
1497 938 1715 986 oppositum
1737 938 1833 984 eius3
1862 939 1957 975 sicut
1977 951 2064 975 cum
2091 939 2210 975 homo
2239 940 2281 976 fit
2309 940 2488 986 musicus,

1432 990 1651 1038 oppositum
1689 998 1744 1026 est
1771 1003 1849 1027 non
1885 991 2092 1038 musicum,
2132 999 2168 1028 et
2196 992 2407 1028 subiectum
2436 1000 2491 1028 est

1431 1044 1570 1089 homo,
1602 1050 1638 1079 et
1665 1043 1831 1079 musicus
1860 1051 1915 1079 est
1942 1044 2123 1080 terminus
2156 1044 2337 1081 factionis.
2367 1046 2416 1081 Et
2443 1045 2489 1081 si-

1432 1095 1567 1132 militer
1585 1095 1799 1142 infiguratio
1821 1103 1856 1131 et
1876 1096 2084 1133 informitas
2105 1104 2140 1133 et
2159 1097 2384 1133 inordinatio
2405 1105 2491 1134 sunt

1432 1148 1617 1196 opposita,
1634 1148 1702 1184 sed
1730 1160 1794 1184 aes
1824 1155 1860 1184 et
1887 1161 2022 1185 aurum
2043 1157 2079 1186 et
2099 1150 2242 1198 lapides
2262 1157 2348 1186 sunt
2367 1151 2489 1187 subie-
2517 1164 2527 1174 “

1432 1208 1491 1237 cta
1519 1201 1538 1221 ’¹‘
1566 1200 1605 1237 in
1637 1200 1902 1238 artificialibus.

1434 1381 1472 1399 ex
1485 1374 1575 1406 aliqua
1588 1374 1737 1399 substantia
1751 1375 1783 1403 H.
1798 1375 1842 1406 qui
1855 1375 1930 1399 etiam
1946 1375 1988 1399 lin.
2004 1376 2120 1407 praeced.
2136 1375 2204 1400 idem
2218 1375 2325 1408 legebat.
2334 1389 2353 1395 —-
2363 1376 2421 1400 Lin.
2436 1384 2491 1409 seq.

1433 1417 1480 1442 pro
1499 1410 1706 1439 connumeravit,
1721 1413 1948 1435 connumerantur
1966 1410 2146 1441 BDRSTZsH,
2161 1414 2333 1435 connumerat
2351 1411 2429 1436 COX.

2426 373 2486 396 ae·
2514 374 2524 384 ⁴

2543 374 2678 402 simpliciter

2516 400 2583 421 codd.

2516 427 2526 437 “
2540 427 2604 448 Lect.
2618 433 2642 454 u,
2658 433 2680 449 n.
2691 433 2708 449 1.

2515 584 2526 594 '⁵
2541 584 2644 605 ostendit
2658 590 2726 606 υεῦι-ι.

2516 794 2527 805 ⁸
2542 794 2664 822 dupliciter
2673 801 2727 817 mn.

2543 847 2593 869 eius
2608 847 2660 869 add.
2676 854 2713 869 εσ.

2548 1162 2679 1184 substantia
2700 1168 2729 1183 m:

2518 1195 2603 1215 thxz,
2621 1188 2653 1210 al.
2675 1189 2729 1209 sub-

2518 1215 2605 1236 stantia
2621 1221 2701 1242 margo
2709 1221 2730 1236 s.
