2898 3996
19 854 24 870 ·.
40 851 51 861 ·
62 849 93 877 fit
102 850 196 877 unxit
208 853 252 871 cet.

25 903 27 905 ,
41 879 64 898 et
77 882 100 898 a.

15 1094 29 1150 *¹
41 1114 52 1126 ³
65 1113 136 1136 Num.
149 1118 171 1143 5.

0 1340 1 1350 ¹
25 1319 52 1336 ι·
66 1317 252 1345 namnetim

40 2110 146 2138 ⁶,totax
161 2116 250 2138 aequa-

38 2136 70 2159 Re
83 2143 110 2164 τ,
129 2143 252 2159 0121.sz

26 2167 109 2198 {ow-³-

40 2214 125 2242 'quod
137 2214 190 2236 add.
198 2219 214 2235 a
229 2218 251 2236 et

40 2240 186 2294 mffiamu
203 2273 250 2288 uno

23 2296 100 2321 ,μοι
114 2299 137 2319 a,
151 2295 251 2321 utraque

14 2328 15 2331 =
41 2322 84 2341 cet.
99 2325 148 2340 exc.
162 2325 201 2340 nn.

1106 294 1216 330 CAP.
1247 292 1312 338 IV,
1343 292 1493 329 LECT.
1521 294 1607 330 VIII

280 373 442 410 stionem
462 379 646 420 quantum
666 372 715 408 ad
733 370 851 409 unam
878 380 1046 421 partem:
1067 379 1103 408 et
1123 372 1210 409 dicit
1228 371 1333 418 quod

278 426 318 463 in
345 425 561 462 alteratione
591 437 635 461 ex
662 432 768 473 parte
788 425 974 473 passionis
994 425 1131 472 duplex
1159 423 1333 460 identitas

279 477 419 514 attendi
448 477 571 525 debet,
592 477 640 514 ad
663 478 737 514 hoc
765 476 870 524 quod
889 477 934 513 sit
962 489 1082 525 aeque
1104 476 1217 513 velox
1245 476 1332 511 alte-

279 530 383 567 ratio.
414 530 542 566 Primo
563 529 718 578 quidem
747 529 850 577 quod
870 529 915 565 sit
943 529 1076 565 eadem
1096 527 1251 576 qualitas
1275 539 1334 563 se-

280 584 447 620 cundum
476 582 663 631 speciem:
696 589 787 630 puta
814 588 855 617 ut
882 581 1084 629 accipiatur
1111 579 1245 616 eadem
1275 592 1332 615 sa-

278 635 394 681 nitas,
423 642 464 671 ut
492 634 590 671 oculi
618 641 682 670 aut
706 633 860 670 alicuius
887 632 1117 669 huiusmodi.
1154 633 1331 668 Secundo

278 695 319 724 ut
338 687 352 713 ζ
372 687 506 724 eadem
534 687 691 735 qualitas
719 693 872 733 accepta
896 684 1062 721 similiter
1084 684 1179 730 insit,
1209 696 1332 732 neque

278 740 398 787 magis
426 751 550 787 neque
577 739 714 775 minus.
749 737 824 774 Sed
859 736 888 773 si
915 736 1061 785 passio,
1095 736 1191 772 idest
1216 736 1333 784 passi-

279 792 361 828 bilis
390 791 558 840 qualitas,
588 798 643 827 est
669 791 783 826 altera
806 789 1015 825 secundum
1045 789 1222 836 speciem,
1241 796 1333 836 puta

278 844 309 881 si
331 856 452 880 unum
473 845 670 880 alteratum
697 842 763 878 fiat
779 843 799 862 ’²
815 841 943 877 album
973 849 1008 877 et
1036 841 1135 878 aliud
1163 849 1331 887 sanetur;

278 896 316 933 in
343 896 400 932 his
429 895 575 932 duabus
600 893 840 943 passionibus
864 893 954 930 nihil
983 901 1038 930 est
1064 893 1178 940 idem,
1209 906 1332 941 neque

278 947 451 996 aequale,
478 958 602 995 neque
630 946 761 982 simile.
791 946 902 983 Unde
935 946 1145 982 secundum
1180 946 1333 982 diversi-

277 1007 392 1036 tatem
424 999 560 1036 harum
596 998 817 1047 passionum
854 999 950 1034 fiunt
981 998 1152 1035 diversae
1189 998 1332 1046 species

277 1051 524 1098 alterationis,
555 1058 590 1087 et
608 1063 686 1088 non
715 1058 769 1088 est
795 1063 871 1087 una
891 1050 1076 1087 alteratio:
1107 1050 1201 1086 sicut
1220 1050 1332 1086 etiarn

279 1116 391 1153 supra
410 1105 429 1124 '¹‘
458 1104 599 1141 dictum
624 1111 698 1150 est,
725 1105 829 1152 quod
857 1110 982 1139 motus
1011 1110 1132 1139 rectus
1157 1110 1193 1138 et
1217 1102 1332 1139 circu-

278 1157 364 1193 laris
392 1169 470 1193 non
498 1163 583 1193 sunt
609 1169 685 1193 una
703 1155 776 1192 loci
794 1155 963 1192 mutatio.
986 1157 1035 1192 Et
1053 1155 1139 1192 ideo
1160 1156 1208 1192 ad
1229 1167 1331 1192 com-

277 1209 490 1258 parandum
509 1216 587 1245 tam
607 1209 678 1245 loci
698 1208 924 1245 mutationes
943 1220 1058 1256 quam
1079 1208 1330 1255 alterationes,

279 1261 597 1298 considerandum
625 1268 681 1297 est
707 1268 800 1310 quot
832 1260 904 1298 sint
936 1260 1080 1308 species
1108 1260 1332 1297 alterationis

277 1314 340 1351 vel
372 1314 444 1350 loci
473 1313 709 1360 mutationis,
742 1320 869 1350 utrum
898 1313 1035 1349 scilicet
1065 1313 1199 1349 eadem
1224 1314 1244 1334 *
1270 1314 1332 1349 vel

277 1367 416 1415 plures.
437 1367 486 1402 Et
504 1367 578 1402 hoc
597 1366 752 1415 quidem
770 1373 894 1414 potest
913 1365 1139 1402 considerari
1159 1377 1204 1402 ex
1219 1366 1332 1402 rebus

278 1419 317 1455 in
336 1418 474 1467 quibus
503 1426 557 1455 est
583 1425 727 1455 motus:
758 1418 845 1466 quia
873 1417 903 1454 si
921 1415 982 1454 illa
1000 1430 1097 1466 quae
1124 1424 1330 1464 moventur,

278 1470 374 1508 idest
408 1471 618 1508 secundum
652 1483 747 1519 quae
782 1478 837 1507 est
869 1478 995 1507 motus
1027 1482 1095 1519 per
1123 1483 1162 1507 se
1192 1478 1227 1507 et
1254 1483 1332 1507 non

279 1523 490 1560 secundum
524 1522 718 1570 accidens,
754 1523 930 1559 differunt
962 1523 1106 1571 specie,
1142 1530 1178 1559 et
1205 1531 1331 1560 motus

279 1575 404 1624 specie
433 1575 626 1621 differunt;
655 1575 686 1611 si
712 1588 806 1612 vero
831 1575 1008 1613 differunt
1025 1588 1174 1623 genere,
1196 1584 1231 1612 et
1249 1588 1332 1612 mo-

278 1635 338 1665 tus
371 1627 548 1665 differunt
579 1640 736 1675 genere;
771 1635 807 1664 et
833 1628 863 1664 si
891 1640 1050 1664 numero
1078 1634 1108 1675 η,
1139 1635 1174 1664 et
1206 1637 1332 1665 motus

279 1680 455 1718 differunt
482 1693 663 1727 numero,
693 1688 733 1716 ut
760 1680 798 1717 in
827 1680 955 1729 quinto
975 1681 995 1701 ³*
1023 1680 1165 1717 dictum
1195 1689 1259 1718 est.

337 1744 394 1780 14.
424 1733 552 1770 Tertio
589 1733 660 1769 ibi:
699 1733 773 1769 Sed
799 1738 923 1769 utrum
951 1738 1121 1780 oporteat
1146 1740 1232 1779 etc.,
1270 1733 1332 1769 de-

278 1785 476 1822 terminata
503 1797 579 1822 una
605 1792 710 1833 parte
740 1785 968 1833 quaestionis
1001 1797 1118 1832 quam
1145 1793 1331 1831 moverat,

278 1838 423 1887 quaerit
437 1838 484 1875 de
499 1838 581 1875 alia.
602 1839 651 1874 Et
671 1845 725 1874 est
739 1839 908 1886 quaestio
928 1845 1054 1874 utrum
1069 1838 1117 1874 ad
1132 1838 1206 1874 hoc
1230 1838 1334 1886 quod

277 1890 488 1927 iudicentur
516 1890 751 1927 alterationes
776 1902 857 1927 esse
886 1889 1024 1926 similes
1047 1890 1108 1927 vel
1128 1902 1247 1939 aeque
1267 1903 1334 1927 ve-

277 1943 391 1991 loces,
420 1949 592 1992 oporteat
619 1943 803 1991 respicere
832 1944 956 1979 solum
980 1943 1027 1979 ad
1046 1943 1277 1991 passionem,
1303 1943 1334 1979 si

278 1995 323 2032 sit
351 1995 506 2041 eadem;
536 2002 600 2032 aut
627 1995 740 2032 etiam
769 2003 940 2054 oporteat
972 1995 1157 2044 respicere
1177 1995 1226 2032 ad
1246 1996 1332 2032 sub-

277 2048 416 2085 iectum
445 2048 549 2097 quod
577 2049 771 2092 alteratur;
805 2048 855 2084 ita
883 2047 1021 2084 scilicet
1047 2049 1152 2096 quod
1171 2047 1201 2084 si
1219 2048 1331 2085 huius

279 2100 446 2149 eorporis
465 2102 600 2137 tanta*
613 2112 700 2148 pars
720 2100 765 2136 sit
784 2100 907 2137 albata
934 2100 972 2136 in
995 2101 1069 2136 hoc
1087 2107 1272 2159 ternpore,
1294 2108 1331 2137 et

278 2153 426 2189 alterius
451 2153 619 2200 corporis
639 2152 804 2200 aequalis
822 2165 910 2200 pars
929 2153 974 2188 sit
993 2153 1142 2188 albata'
1134 2165 1173 2189 111
1193 2153 1332 2189 eodem

277 2206 339 2243 vel
359 2205 504 2253 aequali
528 2212 711 2253 tempore,
731 2206 750 2226 '¹⁴‘
770 2205 913 2241 dicatur
935 2204 1102 2241 alteratio
1127 2217 1247 2253 aeque
1266 2211 1350 2242 ve-'

277 2258 350 2295 lox.
379 2258 428 2294 Et
452 2257 563 2294 solvit
585 2257 690 2306 quod
719 2265 866 2305 oportet
884 2257 932 2294 ad
955 2265 1158 2304 utrumque
1180 2259 1198 2278 ‘⁵'
1218 2257 1333 2306 respi-

278 2323 382 2356 cere,
408 2310 547 2346 scilicet
573 2310 621 2346 ad
648 2309 864 2358 passionem
894 2317 931 2346 et
954 2309 1181 2346 subiectum:
1212 2310 1332 2347 diver-

277 2362 423 2399 simode
443 2369 582 2399 tamen.
614 2362 715 2408 Quia
735 2362 944 2399 iudicamus
973 2362 1231 2399 alterationem
1252 2375 1332 2399 esse

278 2415 438 2452 eandem
465 2415 527 2452 vel
555 2414 667 2451 aliam
696 2427 742 2450 ex
765 2422 870 2463 parte
896 2414 1093 2463 passioniS,
1119 2415 1331 2452 secundum

277 2468 381 2515 quod
400 2474 455 2503 est
479 2467 613 2504 eadem
631 2467 694 2503 vel
713 2466 804 2503 alia:
834 2468 900 2503 sed
919 2467 1128 2504 iudicamus
1149 2467 1332 2504 alteratio-

277 2531 367 2556 nem
391 2520 589 2568 aequalem
616 2520 679 2556 vel
707 2519 955 2568 inaequalem,
986 2519 1198 2556 secundum
1226 2520 1330 2568 quod

276 2584 363 2621 pars
391 2572 550 2609 subiecti·
576 2572 715 2608 alterati
745 2579 800 2608 est
823 2572 987 2620 aequalis
1015 2573 1076 2609 vel
1104 2572 1328 2620 inaequalis:

278 2624 428 2661 sienim
456 2624 567 2660 huius
596 2624 763 2673 corporis
784 2625 929 2661 albetur
956 2637 1094 2672 magna
1121 2637 1207 2673 pars
1227 2623 1254 2670 θ,
1281 2626 1331 2662 al-

277 2676 390 2713 terius
409 2684 536 2713 autern
563 2688 696 2725 parva,
723 2676 789 2713 erit
813 2677 968 2725 quidem
997 2678 1163 2714 alteratio
1194 2677 1329 2715 eadem

278 2729 415 2777 specie,
444 2729 512 2765 sed
539 2741 618 2765 non
645 2729 821 2777 aequalis.

337 2782 393 2818 15.
423 2781 569 2818 Deinde
591 2793 678 2817 cum
698 2781 804 2818 dicit:
833 2782 883 2817 Et
908 2782 945 2818 in
972 2782 1213 2831 generatione
1242 2789 1328 2829 etc.,

279 2833 440 2871 ostendit
458 2834 655 2882 quomodo
685 2833 821 2870 debeat
839 2833 920 2870 fieri
950 2834 1180 2883 comparatio
1206 2834 1244 2870 in
1267 2847 1329 2882 ge-

278 2886 471 2923 neratione
492 2893 527 2922 et
546 2885 796 2933 corruptione.
814 2887 862 2922 Et
879 2886 1003 2934 primo
1019 2887 1229 2923 secundum
1250 2887 1329 2936 opi·

278 2938 434 2975 nionem
452 2938 663 2987 propriam;
692 2938 859 2975 secundo
879 2939 1089 2976 secundum
1109 2940 1328 2987 opinionem

277 2990 455 3038 Platonis,
472 2991 539 3027 ibi:
558 2992 610 3027 Et
624 2991 658 3026 si
669 2996 722 3027 est
735 3003 912 3027 numerus
929 2992 1131 3029 substantia
1144 2994 1163 3014 *
1175 3000 1243 3029 etc.
1264 2993 1329 3029 Di-

330 3137 356 3169 ζ)
372 3137 492 3162 Secundo
503 3140 566 3162 ut.-
574 3137 722 3162 Secundum
738 3140 777 3162 est
789 3138 860 3169 quod
873 3141 903 3162 ut
916 3145 1007 3163 omnes
1022 3139 1158 3170 editiones3
1173 3140 1219 3164 sed
1232 3139 1332 3172 phrasis

279 3180 338 3197 cum
350 3172 398 3196 ista
416 3172 523 3196 lectione
541 3180 620 3197 sensu
639 3177 715 3197 caret.
728 3185 746 3192 -
765 3173 815 3197 Pro
828 3173 882 3197 Sed
899 3173 923 3197 si
940 3173 1032 3213 passio
1049 3179 1074 3198 et
1087 3177 1126 3198 est
1143 3175 1242 3203 altera,
1262 3175 1332 3207 quod

277 3206 372 3231 habent
391 3206 439 3236 1²12,
458 3206 480 3231 si
498 3209 585 3231 autem
600 3207 715 3239 passio..
718 3207 769 3231 ..sit
780 3208 866 3232 altera
884 3208 919 3238 D,
938 3209 985 3232 sed
997 3208 1065 3233 sicut
1072 3209 1187 3240 passio.
1191 3210 1297 3234 ‚altera
1310 3210 1331 3234 N

278 3242 354 3271 male,
373 3241 420 3266 sed
437 3241 460 3265 si
478 3241 512 3266 sit
531 3242 599 3266 idem
613 3242 728 3273 passio.
732 3243 837 3266 ,altera
855 3243 895 3266 LS
914 3242 989 3267 etiam
1010 3244 1083 3272 male,
1103 3244 1149 3268 sed
1170 3245 1194 3269 si
1207 3245 1322 3276 passio..

279 3276 328 3308 (sit
347 3284 369 3300 s.
388 3275 439 3307 m.)
464 3276 549 3300 altera
567 3276 600 3306 C,
619 3277 666 3301 sed
683 3277 718 3301 sit
731 3277 847 3308 passio„
849 3277 955 3301 ‚altera
973 3278 1332 3311 ABEKMOQTXYpGHIV,

278 3311 325 3336 sed
342 3311 366 3335 si
383 3310 419 3335 sit
431 3310 548 3342 passio.
550 3312 656 3335 ‚altera
675 3311 846 3340 FRZsGHIV,
865 3316 890 3335 et
907 3311 969 3336 haec
990 3313 1064 3336 lectio
1082 3313 1149 3338 bona
1171 3314 1278 3345 explicat
1296 3314 1332 3338 le·-

279 3346 390 3370 ctionem
408 3346 431 3369 A
450 3349 507 3375 etc.;
526 3345 573 3370 sed
591 3345 626 3370 sit
639 3346 754 3377 passio..
758 3349 816 3370 ‚est
833 3347 918 3370 altera
937 3347 976 3370 ed.
996 3353 1021 3371 a.

331 3379 358 3414 η)
378 3383 404 3404 et
422 3382 508 3404 motus
521 3379 647 3412 differunt
664 3387 775 3412 genere,
793 3383 819 3404 et
830 3381 854 3405 si
866 3387 1011 3405 numero.—
1023 3384 1049 3405 et
1068 3385 1167 3410 motus‚·
1185 3382 1209 3407 si
1223 3390 1332 3407 numero

278 3415 341 3439 Pab.
361 3415 529 3439 Restituimus
548 3414 683 3439 lectionem
702 3415 826 3446 codicum,
845 3423 956 3448 quorum
975 3420 1061 3439 tamen
1079 3416 1218 3441 DEGHFN
1238 3417 1332 3449 singuli

279 3450 379 3474 diversa
396 3449 569 3473 homoteleuta
590 3449 717 3474 omittunt.

332 3482 356 3518 Θ)
376 3484 480 3508 albetur
499 3490 596 3516 magna
615 3491 683 3515 pars
701 3489 748 3509 etc.
761 3497 780 3503 -
796 3484 900 3509 albetur
919 3485 1004 3509 maior
1021 3491 1090 3516 pars
1113 3492 1191 3516 quam
1210 3487 1245 3511 sit
1263 3493 1332 3518 pars

279 3519 398 3550 corporis
417 3519 470 3543 iam
488 3518 578 3543 albata
597 3518 622 3542 in
642 3519 731 3543 eodem
751 3522 883 3550 tempore,
908 3519 1017 3544 alterius
1040 3519 1093 3544 erit
1110 3521 1214 3552 quidem
1233 3522 1331 3545 altera-

280 3553 316 3578 tio
335 3554 370 3584 D;
396 3561 442 3586 pro
462 3561 564 3585 parva,
583 3553 669 3578 minor
687 3553 723 3582 Τ,
748 3554 853 3578 albatur
876 3554 962 3579 minor
982 3560 1049 3586 pars
1068 3555 1101 3583 L,
1126 3555 1186 3579 alba
1211 3556 1246 3580 sit
1265 3561 1332 3587 pars

280 3589 368 3613 minor
386 3589 420 3615 R.
439 3589 494 3613 albi
511 3589 549 3619 O,
568 3588 629 3612 alba
647 3589 682 3613 sit
700 3588 787 3613 minor
805 3589 851 3618 sF,
869 3589 929 3613 alba
948 3594 995 3613 cet.
1010 3596 1062 3613 exc.
1076 3590 1227 3615 BHsCIVX.

2366 295 2438 330 355

1388 371 1435 407 cit
1450 383 1538 418 ergo
1557 372 1694 420 prim0,
1708 373 1812 421 quod
1827 373 1864 409 in
1879 373 2120 420 generatione
2137 381 2172 409 et
2187 372 2440 420 corruptione,

1387 423 1435 459 ad
1463 424 1536 459 hoc
1564 426 1667 473 quod
1687 425 1878 472 generatio
1895 425 2037 462 dicatur
2061 437 2181 473 aeque
2208 425 2331 472 velox,
2354 437 2442 461 con-

1387 474 1630 513 siderandum
1659 485 1714 513 est
1745 478 1776 514 si
1812 478 1850 514 in
1882 478 2029 526 aequali
2066 485 2238 525 tempore
2266 478 2312 513 sit
2339 477 2441 514 idem

1387 528 1490 575 quod
1509 537 1707 575 generatur
1727 537 1762 566 et
1780 530 2003 566 indivisibile
2024 530 2233 566 secundum
2254 529 2441 578 speciem:

1386 587 1477 627 puta
1501 581 1530 616 si
1555 581 1592 617 in
1610 589 1768 629 utraque
1787 582 2026 629 generatione
2046 590 2243 629 generetur
2261 583 2379 618 homo
2403 581 2442 618 in

1387 633 1535 680 aequali
1562 641 1746 682 tempore,
1769 642 1823 670 est
1846 647 1965 683 aeque
1993 635 2105 671 velox
2133 634 2334 681 generatio.
2366 634 2443 670 Sed

1387 697 1465 721 non
1494 693 1548 721 est
1575 698 1694 734 aeque
1713 687 1826 723 velox
1854 687 2044 734 generatio
2067 699 2110 723 ex
2134 687 2207 723 hoc
2232 687 2312 723 solo
2338 686 2443 734 quod

1387 737 1425 773 in
1445 738 1590 785 aequali
1613 746 1785 787 tempore
1805 746 2003 786 generatur
2030 739 2187 785 animal;
2217 739 2304 786 quia
2328 751 2442 786 quae-

1387 790 1476 826 dam
1505 790 1679 827 animalia
1706 799 1861 839 propter
1893 791 1949 827 sui
1976 791 2248 839 perfectionem
2276 791 2444 838 indigent

1387 842 1521 878 maiori
1549 850 1720 891 tempore
1758 844 1807 880 ad
1844 844 2146 902 generationem:
2181 844 2248 880 sed
2275 843 2444 880 velocior

1387 894 1518 931 dicitur
1542 908 1624 931 esse
1651 896 1856 942 generatio,
1883 896 1912 931 si
1939 896 1978 932 in
2006 896 2152 968 aequali
2180 903 2351 943 tempore
2380 908 2442 943 ge-

1387 954 1537 983 neretur
1565 949 1749 984 alterurn¹
1762 961 1770 993 ;
1789 955 1881 996 puta
1909 948 1939 984 si
1963 948 2033 984 in
2035 955 2162 984 ·tanto
2190 955 2383 995 tempore,
2404 948 2442 983 in

1388 1011 1463 1046 quo
1493 1011 1537 1035 ex
1564 1012 1640 1036 una
1668 1007 1771 1048 parte
1799 1008 1996 1047 generatur
2024 1001 2137 1047 canis,
2168 1012 2213 1036 ex
2241 1000 2311 1036 alia
2338 1008 2442 1048 parte

1387 1059 1585 1097 generetur
1599 1064 1730 1099 equus,
1744 1060 1839 1088 esset
1859 1053 1946 1100 equi
1965 1030 2137 1089 velocior⁷
2151 1053 2382 1099 generatio·
2394 1053 2443 1088 Et

1387 1103 1474 1151 quia
1493 1103 1530 1139 in
1550 1104 1768 1140 alteratione
1789 1116 1833 1140 ex
1850 1112 1956 1152 parte
1975 1105 2160 1153 passionis
2180 1105 2351 1142 dixerat*
2365 1105 2442 1141 duo

1387 1155 1672 1202 consideranda,
1702 1156 1838 1192 scilicet
1862 1157 1892 1192 si
1914 1165 1967 1193 est
1996 1158 2131 1194 eadem
2152 1157 2301 1204 sanitas,
2323 1165 2358 1194 et
2378 1157 2442 1193 ite-

1387 1219 1471 1244 rum
1492 1208 1521 1244 si
1541 1207 1709 1244 similiter
1733 1208 1851 1244 existit
1879 1216 1915 1244 et
1939 1221 2062 1257 neque
2091 1210 2210 1256 magis
2230 1222 2353 1258 neque
2374 1210 2442 1246 mi-

1386 1273 1477 1307 nus;
1507 1260 1567 1296 hic
1586 1268 1714 1297 autem
1733 1260 1771 1297 in
1791 1261 2030 1308 generatione
2050 1274 2170 1298 unum
2190 1270 2335 1298 tantum
2355 1262 2445 1298 dixit

1387 1313 1704 1350 considerandum
1723 1319 1748 1359 ²,
1769 1313 1907 1350 scilicet
1925 1313 1955 1349 si
1975 1314 2020 1350 sit
2038 1314 2267 1363 idequuod
2289 1327 2443 1362 genera-

1385 1373 1460 1409 tur;
1480 1365 1591 1402 huius
1607 1366 1726 1402 modo
1742 1378 1895 1402 causam
1916 1366 2076 1413 assignat
2092 1366 2235 1403 dicens:
2256 1379 2329 1403 non
2346 1367 2444 1403 enim

1385 1419 1564 1455 habemus
1582 1418 1708 1466 aliqua
1727 1418 1800 1454 duo
1825 1419 1860 1455 in
1882 1419 2013 1466 quibus
2031 1419 2206 1465 alteritas,
2225 1419 2321 1455 sicut
2342 1420 2445 1455 dissi-

1386 1471 1563 1507 mititudo.
1577 1470 1695 1516 Quasi
1707 1471 1817 1507 dicat:
1834 1471 1921 1508 ideo
1932 1471 1969 1508 in
1980 1471 2220 1518 generatione
2231 1472 2306 1507 hoc
2321 1472 2444 1507 solum

1388 1523 1705 1569 considerandum
1733 1530 1860 1560 utrum
1890 1524 1936 1560 sit
1962 1524 2065 1560 idem
2094 1525 2198 1572 quod
2226 1531 2443 1571 generatur,

1386 1576 1474 1624 quia
1502 1576 1539 1612 in
1568 1575 1808 1623 generatione
1843 1588 1921 1612 non
1955 1577 2143 1612 habemus
2172 1576 2312 1624 aliquid
2341 1576 2445 1624 quod

1386 1628 1504 1677 possit
1525 1628 1662 1665 variari
1680 1640 1749 1676 per
1769 1628 1857 1674 duo,
1878 1629 2088 1665 seeundum
2113 1641 2210 1677 quae
2234 1629 2445 1665 attendatur

1388 1681 1511 1729 aliqua
1530 1681 1706 1726 alteritas3
1727 1681 1822 1717 sicut
1840 1681 1877 1717 in
1898 1682 2114 1718 alteratione
2134 1681 2266 1718 accidit
2285 1681 2444 1718 dissimi-

1387 1733 1502 1770 litudo
1522 1745 1590 1781 per
1604 1734 1677 1769 hoc
1692 1734 1796 1781 quod
1810 1746 1887 1769 una
1904 1741 1939 1770 et
1958 1734 2092 1771 eadem
2109 1733 2264 1782 qualitas
2279 1734 2445 1770 variatur

1388 1785 1597 1822 secundum
1617 1785 1736 1831 magis
1757 1793 1793 1821 et
1812 1785 1957 1822 minus:
1979 1786 2184 1823 substantia
2204 1786 2317 1831 enirn,
2339 1786 2444 1823 cuius

1389 1846 1443 1875 est
1469 1837 1638 1885 generari
1667 1839 1707 1884 ⁴⁶,
1737 1850 1815 1874 non
1843 1838 1972 1886 recipit
1999 1839 2118 1886 magis
2147 1846 2182 1875 et
2210 1838 2345 1875 minus.

1447 1892 1502 1927 16.
1533 1890 1680 1926 Deinde
1710 1902 1798 1927 cum
1827 1891 1933 1927 dicit:
1962 1893 2013 1927 Et
2028 1892 2061 1927 si
2077 1897 2131 1927 est
2157 1903 2334 1928 numerus
2354 1899 2442 1938 etc.,

1387 1943 1460 1990 agit
1480 1943 1526 1980 de
1548 1943 1830 1991 comparatione
1851 1943 2101 1990 generationis
2124 1943 2334 1980 secundum
2364 1944 2443 1992 opi-

1386 1996 1542 2032 nionem
1562 1996 1738 2042 Platonis,
1760 1995 1823 2044 qui
1841 1997 2009 2044 ponebat
2027 2009 2232 2032 numerum
2254 2009 2335 2033 esse
2356 1997 2443 2033 sub-

1387 2048 1560 2085 stantiam
1589 2048 1662 2095 rei,
1697 2055 1851 2096 propter
1878 2049 1952 2084 hoc
1980 2049 2085 2096 quod
2111 2061 2232 2085 unum
2261 2049 2366 2097 quod
2390 2057 2445 2085 est

1385 2100 1613 2150 principium
1641 2101 1802 2147 numeri,
1827 2102 1983 2149 putabat
2011 2113 2092 2138 esse
2121 2101 2223 2138 idem
2253 2114 2341 2138 cum
2364 2114 2442 2138 uno

1387 2153 1492 2201 quod
1511 2153 1741 2190 convertitur
1761 2166 1848 2189 curn
1879 2161 1973 2199 ente,
1997 2161 2032 2190 et
2051 2154 2102 2190 rei
2132 2154 2377 2190 substantiam
2398 2154 2443 2190 si-

1387 2205 1547 2252 gnificat.
1569 2207 1698 2253 Ipsum
1718 2213 1845 2242 autem
1866 2206 1970 2253 quod
1991 2214 2046 2242 est
2061 2219 2194 2253 unum,
2216 2214 2270 2243 est
2284 2206 2442 2243 omnino

1385 2257 1496 2294 unius
1525 2265 1679 2294 naturae
1713 2265 1749 2294 et
1780 2258 1929 2306 speciei.
1961 2259 2000 2295 Si
2030 2271 2119 2306 ergo
2148 2271 2348 2306 numerus,
2379 2259 2442 2307 qui

1386 2310 1476 2346 nihil
1497 2317 1551 2347 est
1573 2309 1672 2347 aliud
1693 2322 1809 2357 quam
1838 2311 2048 2358 aggregatio
2072 2311 2271 2358 unitatum,
2292 2312 2338 2348 sit
2357 2312 2443 2347 sub-

1387 2363 1520 2399 stantia
1536 2374 1663 2399 rerum
1682 2362 1893 2399 secundum
1909 2363 2134 2410 Platonicos,
2147 2371 2324 2413 sequetur
2338 2364 2443 2412 quod

1387 2415 1529 2453 dicetur
1550 2415 1704 2463 quidem
1733 2415 1855 2451 maior
1879 2423 1914 2451 et
1933 2415 2058 2452 minor
2076 2429 2256 2453 numerus
2275 2415 2287 2437 '-
2311 2429 2443 2453 secun-

1386 2469 1478 2505 dum
1509 2467 1698 2504 diversam
1736 2468 1902 2516 speciem
1940 2468 2172 2516 quantitatis;
2211 2469 2277 2505 sed
2315 2477 2442 2505 tamen

1386 2528 1570 2568 quantum
1605 2521 1652 2556 ad
1680 2520 1927 2556 substantiam
1963 2521 2030 2556 erit
2056 2521 2186 2557 similis
2215 2521 2362 2569 speciei.
2394 2522 2443 2557 Et

1385 2573 1471 2610 inde
1497 2581 1551 2609 est
1570 2573 1672 2621 quod
1692 2573 1797 2609 Plato
1817 2572 1943 2621 posuit
1962 2573 2138 2621 speciem,
2160 2586 2280 2610 unum
2295 2575 2329 2609 *ε
2353 2586 2441 2610 con—

1384 2625 1495 2662 traria
1513 2638 1618 2672 vero,
1638 2637 1707 2674 per
1725 2638 1822 2673 quae
1852 2625 2149 2662 diversificantur
2167 2638 2237 2672 res,
2259 2638 2440 2673 magnum

1385 2686 1420 2714 et
1439 2691 1613 2726 parvum,
1626 2689 1722 2726 quae
1742 2685 1828 2714 sunt
1848 2690 1892 2714 ex
1909 2686 2013 2726 parte
2033 2678 2223 2715 materiae.
2245 2679 2294 2715 Et
2313 2679 2364 2715 sic
2384 2690 2440 2715 se-

1385 2738 1519 2779 quetur
1533 2731 1637 2779 quod
1657 2731 1751 2767 sicut
1769 2743 1844 2766 una
1860 2738 1895 2766 et
1910 2732 2044 2768 eadem
2063 2731 2198 2767 sanitas
2218 2731 2331 2767 habet
2350 2732 2439 2777 duo,

1383 2783 1607 2831 inquantum
1635 2783 1764 2832 recipit
1792 2783 1911 2830 magis
1945 2790 1980 2819 et
2011 2783 2151 2829 minus;
2182 2783 2233 2820 sic
2263 2784 2375 2820 etiam
2405 2791 2441 2820 et

1384 2835 1599 2883 substantia,
1612 2848 1709 2883 quae
1730 2843 1784 2871 est
1798 2847 1989 2882 numerus,
2003 2848 2090 2872 cum
2110 2836 2155 2872 sit
2172 2836 2283 2872 unius
2302 2836 2440 2884 speciei

1385 2901 1429 2925 ex
1451 2895 1555 2937 parte
1579 2888 1739 2935 unitatis,
1763 2888 1916 2924 habebit
1944 2888 2066 2937 aliqua
2095 2889 2187 2934 duo,
2217 2889 2440 2937 inquantum

1386 2949 1440 2977 est
1472 2941 1593 2977 maior
1626 2948 1662 2977 et
1693 2941 1818 2982 minor
1850 2952 2042 2977 numerus.
2065 2942 2139 2978 Sed
2169 2941 2207 2978 in
2235 2941 2441 2978 substantia

1385 3005 1462 3030 non
1483 3001 1538 3030 est
1557 3006 1761 3030 commune
1781 3006 1923 3030 nomen
1941 2994 2118 3042 positum,
2137 2994 2240 3042 quod
2260 2994 2442 3041 significet

1396 3153 1398 3156 >
1439 3139 1456 3175 ι)
1476 3144 1619 3174 generetur
1642 3141 1765 3165 alterum.
1784 3155 1803 3159 -
1821 3141 1886 3165 Huic
1912 3141 1969 3165 add.
1987 3141 2021 3165 L:
2048 3141 2119 3173 quod
2142 3141 2340 3174 intelligendum
2360 3144 2398 3165 est
2416 3141 2440 3165 si

1387 3178 1558 3208 utrorumque
1571 3176 1716 3208 generatio,
1736 3176 1887 3207 accipiendo
1907 3176 1982 3208 large
1997 3183 2049 3207 pro
2067 3176 2230 3205 alteratione,
2250 3176 2285 3200 sit
2303 3176 2336 3199 ab
2350 3175 2439 3199 eodem

1387 3211 1499 3235 termino
1513 3218 1530 3235 a
1545 3218 1603 3242 quo,
1620 3211 1659 3235 vel
1672 3211 1757 3243 magis
1771 3210 1882 3242 proprie
1901 3211 1937 3234 ad
1955 3210 2065 3234 eundem
2080 3211 2219 3234 terminum
2233 3211 2270 3234 ad
2283 3217 2367 3242 quem,
2382 3210 2441 3234 licet

1387 3246 1514 3270 terminus
1532 3253 1549 3270 a
1568 3253 1618 3277 quo
1638 3246 1674 3270 sit
1693 3246 1822 3275 diversus,
1848 3245 1915 3270 sicut
1935 3245 2003 3277 ignis
2016 3248 2107 3276 potest
2124 3245 2248 3277 generari
2266 3252 2303 3269 ex
2321 3251 2382 3269 aere
2401 3244 2441 3268 vel

1386 3283 1459 3304 terra
1465 3287 1474 3309 ,⁴
1492 3285 1532 3304 est
1550 3280 1712 3312 interpolatio
1731 3285 1805 3304 notae
1824 3280 1978 3311 marginalis.

1439 3314 1464 3347 κ)
1483 3315 1526 3340 hic
1543 3319 1632 3340 autem
1648 3315 1673 3339 in
1688 3315 1858 3347 generatione
1872 3322 1952 3338 unum
1972 3317 2075 3338 tantum
2094 3314 2167 3338 dixit
2185 3314 2440 3338 considerandum.-

1385 3349 1420 3373 Ita
1440 3349 1491 3379 Pb,·
1515 3350 1557 3374 hic
1577 3348 1639 3383 (hoc
1657 3349 1910 3378 AKLMOQVXYZ,
1934 3356 2003 3373 nunc
2021 3347 2055 3381 C)
2081 3352 2167 3372 autem
2187 3349 2297 3373 dixerat
2316 3349 2341 3373 in
2361 3355 2439 3381 gene-

1386 3384 1491 3408 ratione
1514 3388 1603 3409 utrum
1628 3385 1725 3415 (unum
1748 3383 1951 3415 BDFRTpCI-II,
1977 3383 2062 3407 virum
2083 3384 2123 3407 ed.
2142 3385 2174 3414 a)
2200 3386 2303 3407 tantum
2322 3383 2439 3408 conside-

1386 3419 1500 3443 randum
1519 3420 1594 3444 codd.
1613 3424 1638 3443 et
1657 3426 1681 3443 a.
1692 3418 1799 3443 -huius
1819 3418 1896 3442 modo
1916 3422 2083 3450 corrumpunt
2102 3418 2212 3442 CDEGZ
2232 3418 2257 3442 in
2276 3418 2438 3447 huiusmodi,

1386 3454 1409 3477 H
1429 3454 1454 3477 in
1473 3453 1514 3478 hic
1533 3454 1628 3482 modo,
1656 3454 1678 3477 R
1703 3454 1728 3477 in
1753 3452 1903 3477 huiusmodi
1922 3456 2058 3483 movetur;
2084 3452 2116 3477 de
2134 3453 2182 3478 hoc
2201 3453 2278 3478 modo
2297 3453 2328 3482 T,
2347 3456 2373 3478 et
2391 3453 2439 3478 hoc

1386 3488 1464 3512 modo
1483 3489 1536 3518 LS,
1556 3489 1603 3513 hoc
1623 3488 1700 3512 modo
1719 3488 1760 3511 ed.
1778 3494 1795 3511 a
1814 3492 1839 3511 et
1857 3492 1905 3511 cet.
1925 3495 1978 3512 exc.
1997 3487 2040 3511 sF.

1438 3521 1466 3556 λ)
1487 3523 1573 3548 maior
1595 3526 1621 3547 et
1646 3523 1732 3546 minor
1757 3529 1888 3546 numerus.
1897 3523 1949 3546 -P
1969 3530 2027 3546 cum
2046 3522 2233 3551 Venet.1551,
2253 3522 2316 3547 1552
2342 3530 2396 3547 om.
2414 3525 2439 3547 et

1386 3557 1509 3582 minor.—
1522 3558 1572 3582 Pro
1584 3557 1767 3586 substanttam,
1780 3557 1942 3582 substantias
1960 3557 2088 3582 EGHNR.
2094 3558 2168 3582 -Pro
2181 3557 2283 3590 speciei,
2303 3558 2373 3590 quod
2385 3565 2438 3582 om.

1386 3591 1423 3622 Q,
1442 3593 1539 3624 species
1558 3593 1597 3617 ed.
1617 3600 1633 3616 a
1653 3596 1677 3616 et
1695 3596 1742 3616 cet.
1761 3599 1814 3616 exc.
1833 3591 1889 3616 DG.

2471 984 2518 1005 in
2533 990 2580 1005 om.
2595 990 2617 1005 P.

2470 1116 2478 1124 ·
2493 1114 2563 1135 Num.
2580 1120 2609 1142 ¹3-

2473 1851 2481 1859 ·
2493 1850 2619 1877 generatio
2630 1850 2682 1877 pah,

2471 1882 2576 1903 nzmpou
2591 1877 2633 1897 lac.

2469 2586 2477 2595 ·
2490 2591 2559 2606 unam
2568 2591 2653 2612 ntupu-
