2982 4022
550 295 599 331 72

1192 288 1542 326 PHYSICORUM
1568 290 1917 328 ARISTOTELIS
1947 292 2040 329 LIB.
2071 293 2102 329 ΙΙ

1329 513 1630 571 LECTIO
1668 515 1952 572 SEXTA

899 671 957 701 DE
980 671 1171 703 DIVERSIS
1193 671 1327 704 MODIS
1351 648 1604 706 CAUSARUM:
1628 675 1686 707 ET
1709 676 1766 707 DE
1789 677 1858 708 HIS
1882 677 2000 715 QUAE
2025 677 2380 716 CONSEQUUNTUR
2400 670 2401 673 Ἴ

1291 735 1350 766 AD
1374 736 1582 768 DIVERSOS
1604 737 1755 770 MODOS
1779 738 1994 771 CAUSANDI

552 886 674 930 τρόποι
699 881 736 917 δὲ
760 886 826 918 τῶν
852 885 969 918 αἰτίων
995 885 1119 931 ἀριθμῷ
1137 886 1196 931 μέν
1219 888 1281 919 εἰσι
1298 890 1433 930 πολλοί,
1450 891 1612 934 κεφαλαι-

620 929 753 974 ούμενοι
778 927 816 961 δὲ
845 932 903 962 καὶ
933 930 1028 963 οὗτοι
1050 932 1230 969 ἐλάττους.
1256 932 1406 978 Λέγεται
1431 933 1495 980 γάρ
1514 936 1612 967 αἴτια

619 975 823 1020 πολλαχῶς,
850 976 907 1006 καὶ
934 973 1045 1007 αὐτῶν
1071 977 1138 1008 τῶν
1165 971 1324 1020 ὁμοειδῶν
1357 977 1526 1022 προτέρως
1554 980 1613 1011 καὶ1

617 1019 761 1063 ὑστέρως
781 1019 864 1050 ἀλλο
884 1018 1000 1060 ἄλλου,
1018 1020 1084 1052 οἷον
1104 1021 1231 1065 ύγιείας
1254 1022 1269 1052 ὀ
1286 1021 1402 1065 ἰατρός
1422 1024 1481 1054 καὶ
1502 1025 1612 1068 τεχνί-

617 1075 692 1104 της,
710 1065 767 1094 καὶ
785 1064 848 1095 τοῦ
873 1058 933 1095 διά
949 1064 1065 1095 πασῶν
1084 1064 1126 1096 τὸ
1146 1060 1326 1097 διπλάσιον
1341 1068 1400 1098 καὶ
1423 1067 1438 1098 ὀ
1461 1066 1610 1112 ἀριθμός,

615 1108 674 1138 καὶ
701 1108 752 1140 ἀεὶ
777 1107 824 1140 τά
848 1107 1054 1152 περιέχοντα
1079 1107 1159 1154 πρός
1185 1109 1227 1142 τὸ
1251 1109 1326 1141 καθ’
1356 1109 1502 1144 ἕκαστα.

543 1151 619 1183 Ἔτι
644 1147 672 1182 δ’
694 1153 735 1189 ὠς
761 1151 802 1183 τὸ
827 1152 1037 1195 συμβεβηκὸς
1060 1155 1119 1185 καὶ
1140 1153 1188 1185 τά
1207 1153 1340 1186 τούτων
1358 1154 1453 1201 γένη·
1471 1156 1540 1187 οἶον
1558 1155 1614 1188 ἀν-

616 1191 772 1239 δριάντος
800 1195 907 1233 ἄλλως
932 1195 1155 1235 Πολύκλειτος
1186 1199 1243 1229 καὶ
1271 1198 1379 1236 ἄλλως
1415 1194 1612 1242 ἀνδριαντο-

616 1240 733 1282 ποιός,
762 1239 815 1272 ὅτι
844 1240 1034 1285 συμβέβηκε
1065 1242 1113 1283 τῷ
1147 1236 1417 1286 ἀνδριαντοποιῷ
1447 1255 1489 1276 το
1510 1245 1612 1276 Πολυ-

613 1286 734 1327 κλείτῳ
760 1281 857 1316 εἶναι.
885 1285 950 1316 Καὶ
976 1285 1024 1318 τά
1048 1285 1254 1331 περιέχοντα
1271 1282 1309 1318 δὲ
1327 1287 1368 1319 τό
1386 1288 1610 1330 συμβεβηκός,

616 1329 684 1360 οἷον
717 1330 745 1361 εἰ
771 1330 787 1360 ὁ
814 1327 985 1373 ἄνθρωπος
1020 1332 1128 1368 αἴτιος
1161 1332 1210 1367 εἴη
1247 1326 1444 1375 ἀνδριάντος
1475 1330 1496 1369 ἦ
1528 1331 1610 1370 ὅλως

613 1373 710 1415 ζῷον.
736 1374 835 1406 Ἔστι
859 1369 897 1405 δὲ
921 1375 979 1405 καὶ
1004 1375 1070 1406 τῶν
1096 1374 1358 1418 συμβεβηκότων
1385 1376 1475 1408 ἄλλα
1502 1376 1610 1408 ἄλλων

614 1417 822 1462 πορρώτερον
852 1420 911 1450 καὶ
937 1418 1140 1464 ἐγγύτερον,
1173 1420 1240 1451 οἷον
1272 1420 1301 1450 εἰ
1327 1421 1342 1451 ὁ
1363 1420 1478 1457 λευκός
1511 1422 1569 1453 καὶ
1596 1422 1612 1453 ὁ

614 1462 770 1506 μουσικὸς
797 1464 904 1500 αἴτιος
929 1464 1067 1508 λέγοιτο
1093 1464 1155 1495 τοῦ
1183 1460 1393 1507 ἀνδριάντος.

546 1504 667 1543 Πάντα
691 1503 728 1538 δέ
751 1507 809 1538 καὶ
835 1507 882 1539 τά
908 1508 1033 1544 οἰκείως
1058 1506 1227 1552 λεγόμενα
1252 1509 1309 1538 καὶ
1335 1508 1383 1539 τά
1405 1507 1501 1539 κατά
1531 1519 1613 1552 συμ-

614 1550 756 1591 βεβηκός
781 1550 829 1582 τά
844 1551 902 1595 μὲν
928 1552 970 1589 ῶς
987 1547 1158 1594 δυνάμενα
1174 1551 1330 1597 λέγεται,
1350 1550 1397 1583 τά
1417 1546 1444 1582 δ’
1466 1552 1507 1589 ὠς
1525 1551 1611 1595 ἐνερ-

613 1596 765 1640 γοῦντα,
794 1595 861 1626 οἷον
887 1596 950 1627 τοῦ
981 1590 1230 1638 οἰκοδομεῖσθαι
1255 1596 1363 1626 οἰκίαν
1390 1595 1406 1626 ὀ
1432 1591 1609 1640 οἰκοδόμος

613 1639 634 1676 ’ἢ
660 1635 843 1680 οἰκοδομῶν
871 1635 1060 1682 οἰκοδόμος.
1092 1640 1232 1683 Ὀμοίως
1256 1634 1294 1671 δὲ
1317 1637 1527 1684 λεχθήσεται
1550 1643 1609 1672 καὶ

613 1684 654 1727 ἐφ’
680 1683 722 1714 ὠν
749 1684 847 1727 αἴτια
873 1684 921 1715 τοὶ
950 1686 1049 1716 αἴτια
1078 1687 1149 1721 τοῖς
1180 1683 1380 1728 εἰρημένοις,
1413 1685 1481 1716 οἱον
1514 1680 1609 1717 τουδὶ

612 1729 674 1761 τοῦ
711 1725 909 1771 ἀνδριάντος
935 1727 955 1764 ἦ
983 1723 1181 1770 ἀνδριάντος
1208 1729 1229 1766 ἦ
1253 1730 1312 1760 καὶ
1346 1727 1429 1765 ὅλως
1461 1728 1607 1771 εἰκόνος,

610 1773 668 1804 καὶ
692 1773 824 1818 χαλκοῦ
854 1767 955 1803 τοῦδε
982 1771 1002 1809 ἦ
1026 1773 1159 1817 χαλκοῦ
1185 1770 1205 1809 ἦ
1233 1771 1314 1810 ὅλως
1342 1771 1435 1810 ὕλης·
1467 1775 1524 1804 καὶ
1551 1773 1608 1805 ἐπὶ

612 1817 679 1849 τῶν
704 1815 967 1859 συμβεβηκότων
993 1815 1168 1855 ὡσαύτως.

538 1863 614 1896 Ἔτι
639 1858 677 1893 δὲ
701 1859 961 1904 συμπλεκόμενα
984 1862 1043 1893 καὶ
1068 1862 1187 1893 ταῦτα
1210 1861 1353 1892 κάκεῖνα
1384 1859 1606 1906 λεχθήσεται,

613 1906 679 1938 οἷον
707 1906 744 1937 οὐ
768 1904 993 1943 Πολύκλειτος
1019 1901 1097 1937 οὐδὲ
1125 1901 1418 1949 ἀνδριαντοποιός,
1443 1903 1532 1937 ἀλλά
1546 1907 1610 1938 Πο-

608 1950 786 1987 λύκλειτος
813 1949 1105 1993 ἀνδριαντοποιός.

537 1995 624 2027 Ἀλλ’
655 1993 741 2038 ὅμως
768 1994 911 2026 ἅπαντα
937 1994 1055 2026 ταῦτά
1079 1995 1153 2026 ἐστι
1178 1993 1219 2026 τό
1244 1993 1303 2037 μὲν
1329 1992 1456 2030 πλῆθος
1482 1992 1530 2034 ἕξ,
1555 1995 1607 2024 λε-

609 2038 738 2085 γόμενα
762 2034 800 2070 δὲ
824 2034 939 2083 διχῶς.
955 2038 1002 2070 ’Ἡ
1025 2038 1090 2082 γάρ
1115 2039 1157 2076 ὠς
1181 2038 1223 2070 τό
1247 2037 1319 2070 καθ’
1344 2037 1504 2079 ἕκαστον,
1524 2037 1544 2075 ἦ
1566 2038 1607 2075 ὠς

611 2083 651 2115 τὸ
675 2082 785 2129 γένος,
812 2081 833 2119 ἦ
858 2085 899 2121 ὠς
925 2083 966 2115 τὸ
991 2081 1219 2126 συμβεβηκός,
1246 2081 1267 2119 ἦ
1291 2083 1333 2119 ὥς
1358 2081 1400 2114 τό
1423 2081 1517 2128 γένος
1544 2083 1607 2115 τοῦ

610 2126 884 2170 συμβεβηκότος,
919 2126 939 2164 ἦ
972 2128 1013 2164 ὠς
1044 2127 1304 2171 συμπλεκόμενα
1339 2127 1477 2167 ταῦτα,
1512 2125 1532 2163 ἦ
1565 2128 1606 2164 ὠς

611 2173 724 2209 ἁπλῶς
755 2171 935 2218 λεγόμενα·
969 2171 1088 2204 πάντα
1116 2167 1154 2204 δέ
1179 2171 1200 2208 ἦ
1226 2172 1429 2217 ἐνεργοῦντα
1459 2169 1480 2208 ἦ
1511 2171 1608 2203 κατά

608 2212 764 2260 δύναμιν.

543 2260 696 2305 Διαφέρει
721 2257 758 2292 δὲ
783 2260 971 2302 τοσοῦτον,
1004 2259 1058 2292 ὅτι
1083 2259 1132 2292 τά
1154 2259 1212 2303 μὲν
1244 2259 1448 2305 ἐνεργοῦντα
1477 2260 1534 2291 καὶ
1559 2258 1608 2291 τά

607 2305 682 2337 καθ’
706 2304 850 2337 ἕκαστον
878 2303 948 2349 ἅμα
975 2305 1047 2337 ἐστὶ
1072 2306 1130 2336 καὶ
1157 2305 1214 2336 οὐκ
1240 2304 1313 2336 ἔστι
1337 2305 1395 2335 καὶ
1420 2303 1463 2334 ὠν
1491 2305 1602 2343 αἴτια,

611 2351 677 2381 οἷον
705 2345 750 2380 ὅδ’
776 2350 791 2381 ὀ
808 2350 868 2381 ἰατ
891 2350 972 2382 εύων
998 2344 1085 2390 τῷδε
1111 2349 1158 2390 τῷ
1185 2347 1406 2395 ύγιαζομένω,
1424 2349 1480 2379 καὶ
1505 2343 1559 2379 ὅδε
1589 2349 1604 2380 ὁ

608 2389 790 2438 οἰκοδομῶν
817 2361 904 2435 τῷδε
929 2395 978 2435 τῷ
1005 2389 1284 2438 οἰκοδομουμένῳ·
1305 2393 1352 2424 τά
1399 2392 1412 2424 ἑ
1437 2393 1532 2424 κατά
1548 2388 1605 2424 δύ-

607 2449 705 2482 ναμιν
734 2439 792 2470 οὐκ
818 2439 882 2471 ἀεί·
912 2438 1082 2483 φθείρεται
1108 2438 1172 2484 γάρ
1200 2437 1263 2482 οὐχ
1290 2436 1360 2481 ἅμα
1386 2438 1406 2474 ἡ
1433 2437 1522 2468 οἰκία
1546 2438 1604 2469 καὶ

608 2484 623 2515 ὁ
651 2478 837 2527 οἰκοδόμος.

541 2531 596 2559 Δεῖ
624 2522 653 2558 δ’
684 2528 735 2559 ἀεὶ
764 2527 805 2560 τὸ
838 2529 947 2560 αἴτιον
983 2526 1129 2559 ἑκάστου
1164 2526 1205 2559 τὸ
1240 2524 1433 2569 ἀκρότατον
1467 2526 1602 2567 ζητεῖν,

606 2571 715 2614 ὥσπερ
740 2573 799 2603 καὶ
826 2572 880 2604 ἐπὶ
905 2573 970 2605 τῶν
999 2572 1122 2612 ἄλλων,
1150 2571 1217 2602 οἷον
1241 2570 1410 2613 ἅνθρωπος
1436 2567 1606 2613 οἰκοδομεῖ

608 2615 661 2649 ὅτι
687 2612 877 2660 οἰκοδόμος,
898 2618 914 2648 ὁ
931 2612 960 2647 δ’
984 2611 1156 2659 οἰκοδόμος
1173 2613 1268 2647 κατά
1285 2614 1349 2650 τήν
1371 2608 1600 2655 οἰκοδομικνίν·

606 2661 714 2693 τοῦτο
744 2663 854 2692 τοίνυν
887 2660 1047 2705 πρότερον
1081 2659 1122 2692 τό
1154 2661 1275 2690 αἴτιον.
1315 2659 1381 2688 Καὶ
1415 2655 1520 2694 οὕτως
1547 2657 1602 2688 ἐπὶ

607 2705 758 2737 πάντων.

531 2750 608 2781 Ἔτι
634 2749 681 2781 τά
704 2749 762 2791 μέν
787 2749 866 2794 γένη
894 2749 960 2780 τῶν
985 2749 1102 2793 γενῶν,
1129 2746 1176 2778 τοὶ
1199 2741 1236 2777 δέ
1261 2744 1334 2776 καθ’
1363 2744 1509 2777 ἕκαστον
1535 2745 1602 2776 τῶν

602 2793 676 2825 καθ’
707 2793 871 2834 ἕκαστον,
899 2793 966 2824 οἷον
994 2786 1273 2835 ἀνδριαντοποιὸς
1298 2789 1357 2833 μὲν
1385 2784 1597 2833 ἀνδριάντος,

605 2834 654 2870 ὁδὶ
681 2835 718 2869 δὲ
744 2833 851 2869 τουδί·
877 2838 936 2868 καὶ
961 2836 1024 2873 τοὶς
1049 2835 1108 2879 μὲν
1138 2831 1293 2878 δυνάμεις
1327 2834 1393 2866 τῶν
1424 2828 1599 2874 δυνατῶν,

605 2882 652 2915 τοὶ
683 2877 711 2913 δ’
741 2882 943 2927 ἐνεργοῦντα
973 2879 1053 2923 πρὸς
1086 2879 1134 2910 τά
1166 2878 1399 2924 ἐνεργούμενα.
1432 2877 1518 2910 ’Ὀσα
1541 2877 1600 2921 μὲν

605 2925 660 2958 οὖν
687 2926 734 2958 τά
760 2928 856 2957 αἴτια
880 2927 936 2956 καὶ
964 2924 998 2956 ὃν
1025 2923 1150 2966 τρόπον
1178 2926 1288 2964 αἴτια,
1313 2923 1399 2954 ἔστω
1426 2922 1505 2966 ἡμῖν
1525 2916 1602 2953 διω-

604 2970 741 3014 ρισμένα
767 2970 898 3006 ἱκανῶς.

590 3076 738 3104 SYNOPSIS.
753 3091 786 3095 ——
804 3084 827 3102 1.
842 3075 1051 3111 Argumentum
1074 3080 1101 3101 et
1123 3073 1224 3101 divisio
1246 3079 1346 3100 textus.
1359 3089 1378 3094 -
1395 3079 1421 3100 2.
1437 3071 1535 3100 Prima
1555 3071 1598 3099 di-

536 3115 607 3144 visio
629 3115 672 3143 vel
701 3114 877 3143 combinatio
904 3114 1059 3142 modorum
1088 3122 1238 3141 causarum
1260 3119 1317 3147 est,
1345 3112 1424 3148 quod
1446 3111 1475 3139 in
1497 3111 1598 3139 eadem

535 3155 630 3192 specie
651 3164 754 3183 causae
775 3163 833 3182 una
855 3153 957 3182 dicitur
978 3153 1056 3189 prior
1074 3159 1101 3180 et
1114 3152 1311 3187 universalior,
1326 3152 1414 3180 altera
1435 3150 1552 3188 propria
1571 3157 1598 3178 et

535 3194 686 3232 posterior.
703 3211 722 3215 —-
742 3195 767 3222 3.
785 3194 879 3222 Causa
896 3199 991 3221 autem
1013 3192 1179 3220 universalis
1200 3198 1295 3228 potest
1316 3190 1405 3227 accipi
1426 3197 1476 3219 aut
1496 3199 1597 3218 secun-

536 3236 605 3263 dum
627 3233 848 3271 praedicationis
869 3239 918 3261 aut
939 3233 1097 3260 secundum
1113 3231 1283 3260 causalitatis
1302 3230 1548 3259 communitatem.
1562 3231 1598 3257 Et

534 3275 605 3303 haec
626 3275 685 3302 duo
707 3274 760 3301 sibi
782 3273 903 3301 invicem
922 3273 1158 3308 correspondent.
1182 3273 1255 3299 Nam
1277 3280 1343 3299 cum
1364 3270 1453 3298 virtus
1474 3278 1598 3306 propor-

534 3314 660 3342 tionetur
681 3313 795 3342 obiecto
817 3313 975 3341 secundum
997 3311 1100 3340 obiecti
1122 3310 1279 3346 rationem,
1301 3316 1410 3347 quanto
1433 3310 1503 3337 haec
1523 3308 1596 3337 ratio

534 3354 571 3382 ad
586 3354 668 3390 plura
685 3353 854 3388 extenditur,
876 3358 956 3380 tanto
977 3357 1091 3388 oportet
1112 3360 1227 3379 causam
1249 3349 1427 3386 superiorem
1448 3357 1531 3386 agere
1552 3357 1596 3376 se-

535 3394 662 3421 cundum
690 3393 813 3421 formam
841 3391 931 3429 magis
958 3391 1234 3425 universalem-4.
1255 3389 1388 3418 Secunda
1415 3388 1516 3416 divisio
1545 3394 1595 3423 est,

535 3433 614 3468 quod
636 3432 707 3460 sicut
721 3441 823 3460 causae
839 3441 889 3468 per
903 3441 942 3466 se,
958 3431 996 3459 ita
1010 3437 1037 3459 et
1052 3439 1153 3459 causae
1169 3439 1227 3468 per
1241 3429 1375 3457 accidens
1389 3427 1553 3456 dividuntur
1567 3427 1596 3455 in

534 3471 644 3507 priores
662 3478 689 3499 et
709 3471 891 3507 posteriores,
905 3471 949 3499 vel
971 3479 1141 3499 communes
1156 3476 1183 3498 et
1197 3468 1337 3506 proprias.
1361 3467 1437 3502 Quid
1452 3467 1488 3495 sit
1511 3476 1597 3495 causa

534 3519 586 3546 per
606 3510 747 3538 accidens.
770 3511 880 3538 Causae
901 3519 952 3547 per
973 3509 1104 3538 accidens
1127 3507 1349 3546 propinquiores
1367 3515 1469 3535 causae
1484 3515 1535 3543 per
1556 3515 1595 3541 se,

534 3550 578 3577 vel
594 3550 629 3577 ab
645 3559 678 3577 ea
700 3550 878 3578 remotiores.
897 3566 912 3571 -
930 3550 955 3578 5.
971 3549 1068 3578 Tertia
1083 3548 1201 3577 divisio:
1217 3554 1329 3585 praeter
1343 3546 1514 3575 divisionem
1529 3555 1596 3574 cau-

535 3598 631 3617 sarum
654 3588 682 3616 in
704 3598 802 3617 causas
830 3589 945 3625 proprie
973 3588 1077 3624 dictas,
1106 3588 1164 3617 sive
1186 3597 1237 3625 per
1258 3596 1303 3623 se,
1326 3593 1353 3615 et
1374 3586 1403 3614 in
1425 3594 1525 3614 causas
1546 3594 1597 3622 per

535 3628 685 3663 accidens,
716 3628 786 3656 aliae
808 3628 938 3655 dicuntur
966 3637 1067 3656 causae
1089 3628 1117 3655 in
1142 3627 1273 3665 potentia
1295 3633 1322 3655 et
1343 3626 1415 3655 aliae
1437 3626 1465 3654 ίη
1487 3630 1561 3654 actu.
1578 3642 1596 3647 -

1665 895 1683 915 '¹‘
1698 897 1788 928 Modi
1803 904 1910 928 autem
1926 909 2092 930 causarum
2114 910 2248 932 numero
2272 902 2402 943 quidem
2418 909 2491 934 sunt
2509 904 2620 936 multi:
2644 906 2728 947 capi-

1733 942 1810 973 tales
1832 949 1940 974 autem
1963 950 1994 975 et
2008 944 2041 975 hi
2055 944 2203 976 minores.
2219 945 2376 977 Dicuntur
2390 953 2497 978 autem
2519 958 2630 980 causae
2645 951 2727 981 mul—

1733 985 1889 1026 tipliciter.
1920 987 1962 1018 Et
1987 988 2128 1029 ipsarum
2152 989 2305 1020 similium
2328 990 2504 1031 specierum
2528 999 2558 1024 et
2579 993 2667 1034 prior
2695 1001 2726 1025 et

1733 1029 1889 1070 posterior
1912 1031 2006 1063 altera
2035 1032 2143 1071 altera3
2168 1040 2203 1064 ut
2225 1034 2364 1065 sanitatis
2388 1034 2528 1066 medicus
2551 1043 2582 1068 et
2602 1037 2726 1078 artifex,

1734 1081 1765 1106 et
1788 1074 1939 1115 diapason
1963 1075 2099 1117 duplum
2116 1084 2146 1108 et
2161 1086 2323 1117 numerus,
2348 1085 2379 1109 et
2393 1087 2518 1119 semper
2535 1081 2727 1113 continentia

1733 1119 1774 1148 ad
1797 1120 2063 1160 unumquodque.
2300 1120 2303 1123 ’

1665 1162 1684 1182 *
1698 1163 1847 1203 Amplius
1861 1170 1969 1194 autem
1984 1164 2160 1195 secundum
2175 1164 2330 1203 accidens,
2346 1171 2377 1201 et
2388 1164 2506 1196 horum
2514 1175 2637 1207 genera:
2647 1169 2728 1202 sicut
2753 1176 2765 1188 ‘

1733 1213 1854 1238 statuae
1877 1207 1964 1238 aliter
1985 1208 2176 1248 Polycletus,
2194 1215 2225 1238 et
2239 1208 2327 1240 aliter
2342 1215 2478 1240 statuam
2495 1209 2628 1251 faciens;
2644 1222 2727 1256 quo-

1732 1250 1818 1281 niam
1841 1251 1952 1282 accidit
1975 1258 2111 1282 statuam
2134 1251 2259 1283 facienti
2280 1252 2479 1294 Polycletum
2495 1264 2571 1286 esse.
2594 1255 2635 1288 Et
2650 1266 2726 1288 con-

1733 1293 1866 1325 tinentes
1890 1295 2067 1325 secundum
2090 1295 2243 1334 accidens,
2267 1302 2304 1327 ut
2321 1295 2347 1327 si
2370 1296 2470 1329 homo
2494 1308 2587 1329 causa
2610 1299 2649 1332 sit
2666 1306 2726 1331 sta-

1733 1344 1820 1377 tuae,
1845 1345 1899 1369 aut
1913 1338 2046 1369 omnino
2063 1338 2189 1369 animal.
2207 1339 2288 1370 Sunt
2302 1347 2408 1371 autem
2424 1341 2632 1374 accidentium
2648 1343 2727 1375 aliae

1733 1382 1800 1412 aliis
1822 1382 1950 1422 longius
1973 1389 2004 1413 et
2025 1383 2175 1423 propius3
2198 1389 2234 1414 ut
2257 1383 2283 1414 si
2306 1384 2396 1415 albus
2419 1391 2450 1416 et
2471 1386 2611 1418 musicus
2633 1397 2726 1420 cansa

1733 1426 1876 1457 dicantur
1898 1433 2029 1458 statuae.
2715 1448 2718 1452 ·

1665 1513 1682 1532 *
1704 1513 1828 1545 Praeter
1851 1521 1958 1545 autem
1980 1523 2091 1545 omnes
2115 1521 2145 1545 et
2160 1515 2286 1556 proprie
2310 1516 2406 1548 dictas
2437 1523 2467 1548 et
2482 1518 2659 1550 secundum
2676 1529 2725 1551 ac·
2752 1527 2761 1538 ·

1733 1558 1849 1596 cidens,
1873 1558 1951 1589 aliae
1975 1557 2104 1599 quidem
2114 1558 2200 1590 ‘sicut
2214 1566 2359 1599 potentes
2380 1561 2537 1600 dicuntur,
2558 1561 2636 1593 aliae
2649 1571 2724 1595 vero

1732 1601 1813 1633 sicut
1835 1609 2018 1642 operantes;
2042 1609 2078 1633 ut
2101 1601 2284 1634 aedificandi
2308 1604 2443 1636 domum
2466 1604 2644 1638 aedificator
2671 1606 2726 1640 aut

1731 1645 1897 1677 aedificans
1920 1645 2109 1678 aedificator.
2126 1646 2144 1666 *
2158 1647 2307 1678 Similiter
2332 1655 2440 1680 autem
2463 1649 2611 1681 dicuntur
2634 1657 2665 1682 et
2690 1651 2724 1683 in
2751 1663 2760 1673 ·

1731 1690 1847 1731 quibus
1871 1700 1982 1721 causae
1997 1700 2079 1731 quae
2095 1698 2169 1722 sunt
2183 1701 2305 1730 causae,
2327 1692 2366 1723 de
2380 1693 2419 1724 iis
2434 1703 2516 1734 quae
2537 1693 2619 1726 dicta
2632 1702 2723 1735 aunt3

1730 1741 1766 1765 ut
1787 1734 1883 1766 huius
1907 1741 2037 1774 statuae,
2054 1742 2108 1766 aut
2123 1742 2254 1774 statuae,
2270 1743 2325 1767 aut
2348 1743 2378 1768 et
2401 1737 2534 1769 omnino
2558 1737 2721 1779 imagini„

1730 1785 1761 1809 et
1776 1778 1853 1809 aeris
1872 1778 1978 1817 huius,
1997 1785 2052 1810 aut
2067 1779 2155 1818 aeris,
2172 1786 2227 1811 aut
2242 1779 2375 1811 omnino
2391 1781 2540 1812 materiei.
2564 1781 2605 1814 Et
2619 1780 2653 1815 in
2671 1791 2722 1820 ace

1730 1821 1905 1853 cidentibus
1929 1822 2070 1854 similiter
2093 1829 2148 1854 est.

1662 1865 1679 1886 *
1694 1866 1843 1907 Amplius
1867 1873 1974 1897 autem
1996 1867 2178 1907 complexae
2201 1874 2232 1898 et
2253 1867 2330 1899 istae
2353 1875 2384 1899 et
2402 1868 2472 1900 inae
2496 1869 2663 1901 dicuntur:
2686 1871 2724 1902 ut
2749 1883 2759 1894 ·

1729 1921 1795 1941 non
1818 1911 2007 1952 Polycletus,
2031 1920 2135 1952 neque
2158 1918 2294 1942 statuam
2317 1912 2444 1953 faciens,
2468 1914 2524 1944 sed
2541 1913 2723 1956 Polycletus

1729 1962 1864 1986 statuam
1883 1955 2008 1986 faciens.

1663 1998 1724 2030 Sed
1747 2006 1852 2030 tamen
1875 1999 1934 2029 hae
1950 2008 2062 2029 omnes
2078 2006 2152 2030 sunt
2169 1999 2372 2031 multitudine
2387 2001 2518 2042 quidem
2533 2009 2605 2032 sex:
2622 2002 2722 2034 dictae

1728 2050 1836 2074 autem
1859 2042 2034 2083 dupliciter.
2058 2045 2124 2074 Aut
2147 2043 2233 2074 enim
2262 2043 2343 2075 sicut
2365 2044 2541 2085 singulare,
2563 2052 2620 2077 aut
2641 2045 2722 2077 sicut

1728 2094 1848 2128 genus;
1872 2093 1927 2118 aut
1948 2087 2028 2118 sicut
2051 2087 2209 2127 accidens,
2233 2095 2288 2119 aut
2311 2088 2392 2120 sicut
2413 2099 2513 2130 genus
2535 2090 2720 2131 accidenti„

1729 2138 1783 2162 aut
1806 2131 1886 2163 sicut
1910 2131 2092 2172 complexae
2115 2131 2191 2170 hae,
2216 2139 2271 2163 aut
2291 2130 2379 2175 [sicut
2405 2132 2588 2174 simpliciter
2610 2133 2719 2167 dictae.

1729 2175 1850 2206 Omnes
1873 2182 1980 2206 autem
2003 2182 2074 2206 actu
2103 2182 2289 2216 operantes,
2322 2183 2377 2208 aut
2405 2177 2582 2216 secundum
2610 2185 2721 2218 poten-

1728 2220 1805 2250 tiam
1828 2226 1911 2250 sunt.

1660 2263 1678 2283 *
1695 2263 1852 2295 Differunt
1867 2271 1974 2294 autem
1987 2263 2156 2302 intantum,
2171 2264 2262 2304 quod
2277 2270 2443 2304 operantes
2464 2265 2596 2306 quidem
2611 2272 2643 2297 et
2657 2266 2721 2297 sin-
2747 2280 2756 2289 ·

1727 2308 1849 2348 gulares
1873 2308 1968 2338 simul
2000 2314 2074 2338 sunt
2097 2314 2127 2338 et
2150 2318 2216 2338 non
2249 2315 2323 2339 sunt
2354 2315 2384 2339 et
2407 2318 2443 2339 ea
2475 2319 2615 2350 quorum
2647 2317 2722 2342 sunt

1727 2359 1857 2382 causae:
1882 2352 1962 2382 sicut
1984 2351 2034 2383 hic
2058 2351 2217 2382 medicans
2241 2362 2315 2382 cum
2338 2352 2400 2383 hoc
2423 2353 2478 2394 qui
2502 2352 2537 2384 fit
2560 2363 2672 2393 sanus,
2690 2361 2721 2386 et

1726 2395 1777 2426 hic
1801 2395 1980 2426 aedificator
1996 2405 2076 2426 >cum
2100 2394 2161 2426 hoc
2184 2395 2357 2426 aedificato.
2392 2397 2482 2434 Quae
2510 2403 2618 2428 autem
2646 2405 2720 2430 sunt

1726 2440 1902 2470 secundum
1919 2439 2105 2480 potentiam,
2122 2449 2188 2469 non
2208 2447 2346 2479 semper:
2371 2448 2619 2481 corrumpuntur
2633 2441 2719 2472 enim

1726 2493 1792 2514 non
1816 2484 1911 2514 simul
1934 2484 2050 2514 domus
2074 2490 2104 2514 et
2127 2482 2316 2514 aedificator.
2603 2498 2608 2503 ·

1658 2527 1676 2547 *
1692 2527 1827 2567 Oportet
1850 2534 1956 2558 autem
1980 2537 2104 2567 semper
2126 2537 2254 2557 causam
2277 2527 2526 2569 uniuscuiusque
2556 2539 2717 2560 summam

1726 2581 1885 2612 quaerere,
1908 2571 1988 2602 sicut
2011 2578 2041 2602 et
2063 2571 2096 2601 in
2116 2570 2202 2612 aliisq
2226 2577 2261 2601 ut
2276 2571 2376 2602 homo
2400 2571 2541 2603 aedificat
2563 2572 2718 2614 quoniam

1725 2615 1903 2646 aedificator
1926 2622 1982 2653 est,
2008 2614 2187 2645 aedificator
2209 2621 2315 2645 autem
2344 2622 2390 2646 est
2412 2617 2588 2647 secundum
2617 2623 2717 2648 artem

1725 2659 1925 2690 aedificandi:
1957 2659 2033 2690 haec
2065 2665 2171 2689 autem
2198 2658 2301 2699 prima
2332 2669 2425 2690 causa
2453 2667 2508 2691 est.
2539 2660 2580 2691 Et
2609 2660 2652 2691 sic
2682 2661 2716 2691 in

1725 2703 1883 2733 omnibus.
2709 2718 2712 2720 v

1657 2747 1805 2787 Amplius
1829 2754 1946 2784 autem,
1970 2747 2048 2777 aliae
2071 2747 2200 2787 quidem
2223 2756 2337 2787 genera
2359 2754 2434 2778 sunt
2455 2757 2618 2787 generum,
2637 2748 2716 2780 aliae

1724 2798 1830 2822 autem
1853 2791 2025 2831 singulares
2048 2790 2273 2830 singularium:
2299 2798 2334 2822 ut
2349 2798 2468 2822 statuae
2491 2798 2627 2823 statuam
2646 2792 2715 2834 qui-

1723 2835 1796 2865 dem
1825 2835 1960 2873 faciens,
1984 2835 2035 2865 hic
2065 2842 2171 2865 autem
2194 2834 2300 2866 huius.
2330 2835 2371 2866 Et
2398 2835 2557 2876 potentiae
2584 2835 2716 2877 quidem

1721 2879 1931 2920 possibilium,
1942 2886 2106 2919 operantes
2122 2885 2228 2909 autem
2244 2879 2283 2909 ad
2297 2886 2434 2919 operata.
2445 2878 2463 2897 ⁸*
2477 2880 2567 2918 Quot
2582 2880 2712 2921 quidem

1720 2923 1815 2963 igitur
1839 2933 1949 2954 causae
1973 2923 2048 2961 sint,
2074 2929 2104 2953 et
2122 2923 2288 2963 quomodo
2312 2933 2422 2954 causae
2445 2922 2522 2962 sint,
2545 2923 2637 2955 nobis
2661 2924 2713 2955 de·

1721 2967 1923 2998 terminatum
1947 2967 1987 2998 sit
2010 2966 2206 2998 sufficienter.

1652 3071 1679 3099 6.
1695 3070 1830 3099 Similiter
1843 3077 1875 3098 ut
1890 3079 2001 3105 causae,
2023 3077 2051 3098 et
2066 3079 2099 3098 ea
2113 3079 2239 3107 quorum
2258 3077 2324 3099 sunt
2338 3079 2441 3099 causae
2455 3070 2668 3108 distinguuntur
2681 3071 2711 3100 in

1652 3117 1800 3138 causatum
1815 3110 1957 3146 posterius
1971 3116 1998 3138 et
2012 3110 2103 3146 magis
2113 3110 2272 3146 proprium,
2284 3116 2311 3138 et
2325 3116 2473 3139 causatum
2486 3110 2565 3147 prius
2580 3117 2608 3139 et
2621 3111 2712 3149 magis

1652 3159 1823 3184 commune;
1845 3155 1872 3177 et
1893 3149 1949 3177 hoc
1969 3156 2031 3177 tum
2053 3149 2082 3176 in
2103 3149 2249 3177 effectibus
2264 3159 2316 3186 per
2333 3149 2465 3178 accidens
2485 3156 2547 3177 tum
2562 3149 2591 3178 in
2606 3150 2711 3179 effecti-

1652 3190 1705 3217 bus
1726 3198 1778 3226 per
1796 3198 1835 3217 se.
1859 3188 1937 3223 Quid
1957 3188 1993 3217 sit
2014 3189 2132 3227 effectus
2148 3198 2206 3226 per
2226 3189 2369 3217 accidens.
2385 3205 2404 3210 -
2419 3198 2446 3225 7.
2463 3190 2573 3224 Quarta
2593 3189 2709 3219 divisio:

1652 3229 1827 3266 quandoque
1848 3228 1996 3264 complexe
2017 3228 2194 3264 accipiuntur
2214 3237 2316 3256 causae
2336 3238 2387 3265 per
2408 3238 2438 3257 se
2460 3238 2524 3256 cum
2547 3229 2639 3258 causis
2660 3239 2712 3267 per

1651 3268 1791 3296 accidens.
1806 3285 1824 3289 —
1839 3269 1867 3296 8.
1883 3269 1992 3296 Omnes
2007 3267 2051 3295 isti
2067 3267 2146 3296 modi
2161 3268 2335 3296 reducuntur
2348 3269 2386 3296 ad
2400 3269 2560 3297 duodecim.
2570 3284 2589 3290 -·
2599 3278 2627 3306 9.
2642 3268 2711 3298 Tria

1651 3307 1857 3345 consequentia
1877 3316 1911 3335 ex
1927 3307 2092 3344 praedictis:
2114 3309 2142 3343 a)
2158 3308 2269 3336 Causae
2283 3307 2460 3346 singulares,
2476 3307 2548 3336 idest
2557 3308 2709 3347 propriae,

1651 3354 1678 3376 et
1699 3347 1727 3375 in
1749 3352 1814 3376 actu
1829 3346 1913 3375 simul
1927 3353 1993 3375 sunt
2007 3353 2035 3375 et
2049 3356 2110 3376 non
2124 3353 2190 3375 sunt
2204 3356 2270 3375 cum
2287 3347 2328 3376 eis
2342 3357 2467 3384 quorum
2482 3354 2548 3376 sunt
2562 3356 2665 3376 causae
2680 3348 2709 3376 in

1651 3392 1732 3415 actu:
1747 3387 1827 3424 quod
1840 3396 1901 3415 non
1916 3395 2029 3423 semper
2049 3386 2151 3415 accidit
2165 3387 2195 3415 in
2209 3386 2390 3424 causis.quae
2406 3396 2467 3416 non
2482 3393 2548 3415 sunt
2557 3387 2708 3426 propriae,

1651 3433 1678 3455 et
1699 3427 1728 3455 in
1750 3426 1842 3455 causis
1863 3426 1892 3454 in
1914 3426 2051 3463 potentia.
2068 3443 2086 3448 -
2100 3427 2176 3464 Ergo
2198 3426 2221 3454 si
2242 3426 2317 3455 actio
2339 3426 2444 3462 divina,
2465 3435 2540 3464 quae
2561 3433 2603 3455 est
2622 3435 2709 3455 eausa

1651 3466 1787 3495 existendi
1802 3466 1831 3494 in
1845 3473 1920 3501 actu,
1936 3473 1963 3494 et
1984 3466 2050 3494 ideo
2071 3466 2156 3494 simul
2178 3472 2220 3494 est
2241 3475 2306 3494 cum
2328 3475 2389 3495 esse
2409 3466 2449 3495 rei
2464 3466 2493 3494 in
2507 3473 2581 3500 actu,
2596 3466 2708 3494 subtra-

1650 3506 1764 3534 heretur
1778 3515 1796 3534 a
1810 3507 1903 3541 rebus,
1920 3515 1964 3534 res
1982 3505 2012 3534 in
2026 3505 2147 3534 nihilum
2169 3505 2333 3534 deciderent
2348 3523 2366 3527 -
2385 3515 2427 3534 io.
2443 3506 2471 3542 b)
2487 3507 2518 3534 In
2532 3504 2708 3534 naturalibus

1650 3552 1765 3582 oportet
1775 3555 1888 3583 semper
1902 3554 2066 3582 supremam
2077 3554 2192 3574 causam
2208 3545 2432 3582 uniuscuiusque
2442 3544 2586 3582 requirere
2600 3543 2629 3572 in
2643 3543 2706 3581 ipso

1650 3585 1751 3614 ordine
1773 3585 1904 3614 naturali.
1919 3601 1938 3607 -
1956 3594 1999 3614 ιι.
2022 3587 2048 3620 c)
2070 3583 2170 3613 Causis
2191 3585 2296 3613 debent
2316 3583 2568 3622 proportionaliter
2588 3591 2706 3620 respon-

1650 3626 1716 3654 dere
1737 3625 1862 3653 effectus.
1878 3641 1896 3646 -
1910 3624 2058 3661 Epilogus.

2755 913 2902 968 igganfw’
2910 921 2937 938 ιιι
2944 918 2970 938 et

2777 1176 2845 1199 Text.
2859 1183 2896 1206 33.

2774 1529 2842 1552 Ταῑ.
2857 1534 2895 1558 ³⁴·

2774 1663 2843 1687 Text.
2855 1669 2894 1693 35.

2773 1883 2840 1907 Text.
2856 1885 2893 1914 36.

2771 2279 2840 2304 Text.
2854 2287 2892 2310 37.

2744 2543 2753 2552 ·
2768 2542 2836 2566 Text.
2850 2544 2890 2572 38.

2741 2894 2750 2904 ·
2764 2893 2832 2917 Tm.
2846 2900 2890 2924 39-
