2898 3996
229 588 238 596 ·
254 586 364 613 aufertur
370 585 438 607 anab.

226 1109 236 1117 ·
244 1108 316 1135 finita
331 1113 367 1128 nn.

224 1581 232 1589 ·
250 1579 319 1600 Num.
335 1579 356 1600 8.

226 1737 234 1745 ·
250 1735 318 1757 Num.
334 1741 356 1762 9.

222 1900 229 1908 ’
247 1898 282 1920 Cf.
292 1905 316 1920 n,
325 1904 344 1924 2,
354 1903 417 1925 seqq.

225 1956 233 1965 ”
249 1954 283 1976 Cf.
293 1959 430 1981 num.praec.

470 290 543 326 306

468 368 613 414 differt,
648 365 859 404 dummodo
888 373 1050 414 ponatur
1082 363 1186 412 quod
1222 362 1409 411 quaelibet
1435 373 1522 409 pars

467 419 730 467 magnitudinis
759 425 912 466 accepta
940 417 986 454 sit
1012 416 1133 454 finita:
1162 410 1267 463 quod
1295 420 1445 462 oportet
1470 413 1521 449 di-

468 485 572 518 cere;
602 471 763 519 alioquin
799 478 946 506 tantum
983 475 1202 505 moveretur
1228 467 1266 503 in
1292 474 1399 515 parte
1427 472 1522 501 tem-

466 525 579 573 poris,
600 531 783 572 quantum
810 522 848 558 in
875 529 966 558 toto.
989 521 1048 558 Sic
1077 520 1176 556 enim
1197 518 1437 555 manifestum
1467 525 1522 553 est

466 576 570 625 quod
597 588 666 624 per
694 575 916 611 divisionem
944 572 1125 622 temporis
1150 572 1338 608 auferetur
1359 572 1378 591 ’Ἢ
1399 577 1520 606 toturn

467 629 627 678 spatium
643 627 829 664 infinitum
843 638 912 675 per
925 626 1089 674 aliquam
1109 624 1252 661 finitam
1269 623 1518 660 ablationem:

467 682 552 730 quia
580 693 666 716 cum
693 688 843 727 tempus
872 678 1058 715 dividatur
1084 677 1121 713 in
1148 684 1272 724 partes
1309 675 1431 712 finitas
1459 686 1520 710 ae-

466 734 605 782 quales,
627 740 663 768 et
690 740 744 768 tot
772 737 943 779 oporteat
979 742 1060 766 esse
1097 735 1222 777 partes
1255 726 1520 775 magnitudinis

466 793 557 834 quot
583 784 784 832 temporis,
815 783 981 831 sequitur
1009 782 1112 830 quod
1141 780 1302 829 spatium
1330 779 1519 816 infinitum

467 845 718 882 consumetur,
741 837 836 872 facta
863 835 967 872 finita
987 835 1006 855 ’Ἢ
1027 833 1227 879 ablatione,
1257 845 1304 868 eo
1333 832 1438 881 quod
1465 839 1520 868 tot

466 890 587 927 modis
615 897 763 937 oportet
782 887 898 925 dividi
926 885 1223 934 magnitudinem
1249 885 1345 921 sicut
1372 893 1407 921 et
1426 893 1521 921 tem-

464 955 547 991 pus.
570 943 653 978 Hoc
673 949 798 978 autem
820 948 874 976 est
888 939 1128 987 impossibile.
1154 939 1255 985 Ergo
1276 937 1519 974 manifestum

466 1002 520 1032 est
548 994 650 1043 quod
679 993 865 1030 infinitum
902 991 1064 1040 spatium
1093 995 1171 1027 no'n
1202 990 1447 1039 pertransitur
1482 989 1520 1026 in

464 1056 636 1096 tempore
664 1046 782 1082 finito.
804 1046 851 1081 Et
878 1045 953 1081 hoc
980 1043 1248 1090 indifferenter,
1270 1043 1349 1079 sive
1377 1042 1520 1090 magni-

463 1100 554 1136 tudo
575 1099 681 1147 spatii
701 1098 745 1134 sit
766 1097 908 1134 infinita
921 1098 941 1118 ’¹‘
957 1109 1000 1133 ex
1019 1109 1095 1133 una
1114 1104 1230 1145 parte,
1251 1096 1332 1133 sive
1357 1107 1402 1132 ex
1421 1103 1519 1132 utra-

464 1165 557 1201 que:
587 1151 675 1199 quia
703 1151 837 1187 eadem
867 1149 959 1186 ratio
990 1157 1044 1185 est
1072 1149 1120 1186 de
1146 1156 1319 1197 utroque.

509 1206 543 1240 6.
560 1203 705 1240 Deinde
722 1215 809 1239 curn
826 1202 924 1239 dicit:
939 1202 1213 1239 Demonstratis
1226 1207 1350 1238 autem
1365 1201 1421 1237 his
1437 1208 1518 1247 etc.,

464 1257 624 1293 ostendit
651 1256 754 1303 quod
774 1255 961 1291 infinitum
991 1262 1026 1291 et
1053 1254 1202 1291 finitum
1222 1254 1389 1291 similiter
1415 1253 1520 1290 inve-

463 1310 560 1346 nitur
587 1309 624 1345 in
643 1308 785 1354 mobili,
806 1307 901 1344 sicut
929 1308 966 1344 in
986 1307 1241 1355 magnitudine
1271 1314 1305 1343 et
1333 1314 1518 1354 tempore.

463 1363 511 1399 Et
540 1362 635 1398 circa
662 1362 736 1397 hoc
754 1360 823 1396 tria
851 1360 957 1397 facit:
986 1359 1112 1408 primo
1132 1359 1295 1396 ostendit
1313 1358 1417 1407 quod
1437 1370 1519 1395 mo-

463 1415 536 1451 bile
565 1426 642 1450 non
671 1421 726 1450 est
753 1413 964 1459 infinitum,
994 1413 1024 1448 si
1053 1419 1203 1460 tempus
1232 1419 1267 1448 et
1300 1411 1519 1459 magnitudo

464 1467 536 1503 sint
562 1467 682 1511 finita3
713 1466 880 1502 secundo
910 1465 1015 1513 quod
1043 1464 1183 1501 mobile
1208 1477 1285 1500 non
1316 1471 1371 1501 est
1397 1463 1519 1501 infini-

463 1528 556 1566 tum,
578 1519 607 1555 si
636 1518 853 1566 magnitudo
883 1518 927 1554 sit
945 1517 1088 1554 infinita
1117 1525 1152 1554 et
1180 1525 1330 1565 tempus
1358 1517 1518 1563 finitum,

462 1572 533 1608 ibi:
562 1573 614 1608 At
637 1583 727 1608 vero
756 1582 873 1618 neque
901 1570 1083 1618 infinitum
1115 1571 1134 1591 Ἢ
1164 1577 1250 1615 etc.;
1280 1569 1387 1606 tertio
1417 1570 1520 1618 quod

461 1624 600 1661 mobile
628 1636 706 1660 non
732 1631 855 1671 potest
884 1635 964 1659 esse
998 1622 1207 1669 infinitum,
1239 1622 1269 1659 si
1297 1622 1519 1670 magnitudo

462 1677 506 1713 sit
533 1676 637 1713 finita
658 1684 692 1712 et
711 1684 861 1724 tempus
884 1675 1085 1722 infinitum,
1106 1675 1176 1712 ibi:
1205 1675 1377 1723 Amplius
1395 1681 1520 1712 autem

461 1735 496 1765 et
521 1735 685 1777 tempore
703 1729 723 1749 Ἢ
744 1737 812 1765 etc.

513 1781 683 1818 Primum
704 1780 865 1818 ostendit
885 1781 1032 1817 duabus
1056 1780 1273 1817 rationibus.
1301 1780 1411 1816 Circa
1431 1792 1521 1828 qua-

460 1846 544 1871 rum
571 1834 735 1883 primam
765 1833 852 1870 dicit
880 1833 984 1882 quod
1017 1833 1274 1870 demonstrato
1311 1832 1414 1881 quod
1442 1845 1522 1869 ma-

460 1887 614 1935 gnitudo
635 1887 739 1924 finita
758 1899 836 1923 non
859 1886 1102 1934 pertransitur
1119 1893 1291 1934 ternpore
1312 1885 1457 1922 infinito
1479 1887 1498 1906 Ἢ
1511 1914 1520 1932 ,

460 1952 583 1988 neque
603 1940 748 1976 infinita
766 1939 931 1984 finitostt,
957 1938 1199 1975 manifestum
1229 1946 1283 1975 est
1312 1951 1356 1975 ex
1385 1938 1521 1975 eadem

461 2005 592 2039 causa,
620 1993 724 2041 quod
752 2003 875 2040 neque
903 1991 1091 2028 infinitum
1118 1991 1260 2028 mobile
1287 1999 1411 2039 potest
1437 2004 1521 2040 per·

459 2046 615 2082 transire
643 2045 787 2081 finitam
818 2044 1115 2092 magnitudinem
1145 2044 1182 2080 in
1209 2051 1382 2092 tempore
1401 2044 1519 2081 finito.

380 2113 392 2128 ε
409 2113 431 2128 0·
460 2097 677 2147 Accipiatur
706 2098 806 2134 enim
828 2098 847 2118 Ἢ
873 2097 997 2145 aliqua
1023 2109 1111 2145 pars
1134 2097 1315 2144 temporis
1343 2097 1448 2133 finiti.
1480 2098 1522 2133 In

460 2151 521 2188 illa
540 2159 645 2200 parte
674 2150 837 2198 spatium
857 2150 1005 2186 finitum
1027 2149 1265 2198 pertransibit
1292 2161 1370 2186 non
1398 2157 1519 2186 toturn

460 2203 621 2250 mobile,
652 2203 718 2239 sed
746 2215 832 2251 pars
861 2202 1033 2249 mobilis,
1069 2209 1104 2238 et
1131 2202 1169 2238 in
1197 2202 1267 2238 alia
1294 2210 1399 2250 parte
1426 2210 1520 2239 tem-

459 2256 564 2305 poris
600 2256 786 2301 similiter,
822 2263 856 2291 et
884 2255 935 2291 sic
964 2255 1010 2291 de
1043 2254 1133 2291 aliis.
1172 2255 1220 2291 Et
1248 2255 1301 2291 sic
1333 2255 1521 2303 oportebit

461 2309 631 2358 accipere
658 2317 712 2344 tot
735 2316 859 2356 partes
884 2307 1045 2353 mobilis,
1066 2315 1158 2355 quot
1178 2307 1410 2356 accipiuntur
1435 2320 1520 2356 par-

460 2370 515 2398 tes
534 2361 726 2410 temporis.
758 2361 948 2397 Infinitum
969 2367 1096 2396 autem
1116 2372 1193 2396 non
1214 2360 1455 2409 componitur
1475 2373 1519 2397 ex

460 2415 626 2464 partibus
646 2414 770 2459 finitis,
795 2421 835 2449 ut
855 2421 1048 2449 ostensum
1078 2420 1133 2449 est
1150 2414 1181 2449 Ἢ.
1212 2414 1314 2460 Ergo
1342 2421 1520 2461 sequetur

461 2467 564 2516 quod
592 2466 731 2503 mobile
762 2466 864 2514 quod
892 2473 1068 2503 movetur
1099 2465 1137 2502 in
1164 2473 1243 2502 toto
1276 2473 1448 2515 tempore
1476 2467 1519 2503 fi-

460 2520 550 2567 nito,
580 2520 624 2556 sit
653 2519 812 2556 finitum.

513 2585 548 2621 7.
572 2572 787 2609 Secundam
808 2571 992 2608 rationem
1020 2571 1127 2620 ponit
1154 2571 1220 2608 ibi:
1246 2572 1432 2613 Quoniam
1451 2584 1517 2608 au-

460 2631 532 2662 tem
549 2626 702 2673 finitum
733 2633 800 2662 etc.
823 2625 871 2660 Et
900 2624 1024 2661 differt
1051 2625 1146 2660 haec
1179 2624 1344 2661 secunda
1373 2624 1467 2661 ratio
1496 2637 1518 2661 a

459 2678 584 2727 priori,
606 2678 693 2726 quia
720 2678 759 2714 in
786 2677 898 2726 priori
937 2678 1199 2714 assumebatur
1235 2690 1305 2726 pro
1333 2677 1516 2726 principio

461 2731 560 2767 idem
580 2731 750 2767 medium
772 2742 816 2766 ex
831 2743 906 2778 quo
923 2730 1093 2778 superius
1103 2731 1123 2751 Ἢ·
1135 2730 1436 2767 demonstrabat:
1457 2730 1518 2767 hic

462 2791 586 2820 autem
616 2784 792 2832 accipitur
820 2795 888 2831 pro
917 2783 1099 2832 principio
1128 2783 1209 2832 ipsa
1238 2783 1429 2820 conclusio
1458 2796 1518 2820 su-

396 2850 433 2865 ¹†
461 2836 586 2884 petius
615 2837 878 2873 demonstrata.
909 2837 1115 2873 Ostensum
1140 2844 1195 2873 est
1219 2837 1320 2873 enim
1345 2849 1459 2885 supra
1487 2837 1516 2883 *,

462 2889 564 2936 quod
581 2889 718 2925 mobile
732 2889 877 2926 finitum
893 2901 969 2925 non
984 2896 1108 2937 potest
1120 2889 1344 2938 pertransire
1356 2889 1518 2938 spatium

463 2941 648 2978 infinitum
667 2942 705 2978 in
724 2950 894 2990 tempore
923 2941 1046 2978 finito:
1071 2942 1174 2979 unde
1193 2942 1434 2979 manifestum
1464 2950 1518 2979 est

463 2994 565 3042 quod
595 2994 727 3030 eadem
749 2995 890 3030 ratione
911 3007 980 3031 nec
1008 2995 1149 3032 mobile
1177 2994 1366 3032 infinitum
1394 3002 1518 3044 potest

462 3047 685 3094 pertransire
722 3046 881 3095 spatium
923 3047 1071 3084 finitum
1108 3048 1146 3084 in
1188 3055 1360 3097 tempore
1397 3048 1515 3086 finito.

463 3099 563 3145 Quia
591 3099 619 3135 si
639 3100 825 3137 infinitum
854 3100 994 3136 mobile
1018 3101 1216 3149 pertransit
1243 3101 1406 3150 spatium
1434 3101 1517 3138 fini-

462 3158 552 3198 tum,
572 3153 741 3201 sequitur
760 3153 862 3201 quod
883 3153 994 3189 etiam
1015 3153 1163 3190 finitum
1182 3153 1330 3197 mobile
1349 3161 1517 3203 pertran-

463 3211 540 3240 seat
576 3205 738 3253 spatium
776 3205 981 3242 infinitum:
1013 3206 1099 3254 quia
1137 3218 1224 3243 cum
1261 3213 1339 3243 tarn
1376 3207 1516 3244 mobile

464 3269 577 3304 quam
602 3258 762 3306 spatium
784 3258 827 3295 sit
856 3266 1050 3307 quantum,
1072 3259 1164 3296 datis
1186 3259 1335 3296 duobus
1355 3260 1515 3308 quantis,

463 3309 552 3345 nihil
573 3310 694 3347 differt
714 3312 817 3359 quod
837 3323 969 3348 eorum
990 3320 1202 3358 moveatur,
1224 3320 1260 3349 et
1278 3313 1384 3361 quod
1411 3313 1515 3361 quie-

463 3369 550 3398 scat.
573 3363 656 3399 Hoc
676 3364 775 3400 enim
795 3363 993 3401 habebitur
1010 3377 1081 3413 pro
1102 3365 1233 3414 spatio,
1251 3364 1355 3414 quod
1374 3365 1394 3386 *
1413 3365 1516 3414 quie-

517 3454 541 3487 β)
556 3460 723 3487 pertranseat
747 3458 860 3489 spatium
882 3459 989 3492 finitum
1014 3459 1039 3483 in
1066 3462 1183 3491 tempore
1203 3459 1293 3492 finito.
1311 3473 1330 3478 --
1343 3463 1515 3491 pertranseat

463 3492 678 3522 (pertranseatur
692 3493 742 3524 Pb)
757 3493 869 3524 spatium
886 3494 1015 3526 infinitum
1028 3494 1182 3526 intempore
1193 3494 1275 3526 flm'to
1290 3494 1419 3527 PBNpFO
1435 3499 1459 3519 et
1469 3495 1514 3525 ab,

464 3526 555 3550 mobile
572 3527 678 3559 finitum
701 3531 868 3558 pertranseat
889 3530 1002 3561 spatium
1028 3530 1159 3562 infinitum
1184 3530 1210 3555 in
1237 3533 1354 3561 tempore
1374 3529 1454 3563 finito
1479 3531 1515 3561 L;

465 3560 568 3592 RSVpkl
590 3562 635 3586 lac.
651 3561 687 3586 Cf.
708 3571 776 3587 num.
796 3572 850 3595 seq.
871 3563 894 3587 in
914 3573 967 3596 quo

1091 284 1433 323 PHYSICORUM
1460 282 1809 319 ARISTOTELIS
1839 283 1933 319 LIB.
1962 283 2013 319 VI

1578 360 1660 405 scit;
1681 367 1718 396 et
1745 359 1835 396 illud
1862 371 1932 408 pro
1951 359 2102 407 mobili,
2127 360 2232 408 quod
2259 368 2449 399 movetur.
2479 357 2643 400 Manife-'
2672 381 2675 383 >
2703 382 2706 385 ·

1577 420 1676 448 stum
1693 419 1748 448 est
1762 412 1863 448 enim
1883 412 1989 460 quod
2008 412 2279 461 quodcumque
2293 421 2459 462 ponatur
2476 414 2639 463 moveri,

1576 464 1744 512 sequitur
1762 465 1866 513 quod
1894 464 2044 501 finitum
2063 473 2295 513 pertranseat
2318 465 2520 504 infinitum.
2550 468 2637 504 Μο-

1575 524 1709 553 veatur
1737 517 1838 553 enim
1865 517 2054 554 infinitum
2083 517 2189 565 quod
2217 525 2272 554 est
2299 520 2346 565 A,
2376 525 2414 555 et
2439 518 2486 555 sit
2513 515 2639 568 aliqua

1574 580 1662 616 pars
1682 569 1761 606 eius
1789 569 1895 606 finita
1918 581 2018 618 quae
2039 578 2093 606 est
2112 570 2193 607 CD.
2225 570 2391 617 Quando
2410 578 2534 608 totum
2553 582 2638 609 mo·
2670 590 2673 593 ·

1574 629 1706 668 vetur,
1745 622 1840 658 haec
1860 635 1862 637 ·
1879 634 1968 671 pars
1999 622 2106 659 finita
2135 622 2202 659 erit
2239 622 2450 660 secundum
2484 620 2638 673 aliquod

1575 673 1724 721 signum
1753 674 1879 723 spatii,
1909 675 2014 723 quod
2042 675 2089 712 sit
2117 676 2169 721 B;
2201 682 2236 712 et
2264 675 2480 712 continuato
2508 684 2636 724 motu,

1574 725 1710 763 iterum
1730 727 1802 763 alia
1819 739 1907 775 pars
1926 727 2059 764 infiniti
2079 727 2231 764 mobilis
2245 728 2311 765 fiet
2325 727 2426 765 iuxta
2443 728 2638 778 illudspa-

1574 778 1680 825 tium,
1709 787 1744 815 et
1772 779 1824 816 sic
1852 791 2015 828 semper.
2045 780 2156 818 Unde
2185 780 2278 817 sicut
2306 779 2448 817 mobile
2466 789 2636 830 pertran-

1574 831 1619 867 sit
1638 831 1812 879 spatium,
1828 831 1879 868 ita
1898 832 2060 881 spatium
2089 833 2379 882 quodammodo
2402 834 2422 854 *
2438 834 2638 883 pertransit

1574 883 1727 931 mobile,
1743 883 1969 932 inquantum
1987 885 2200 922 successive
2215 887 2444 923 alternantur
2465 886 2638 924 diversae

1573 944 1699 985 partes
1727 935 1878 973 mobilis
1916 937 2018 974 iuxta
2045 937 2221 986 spatium.
2251 938 2362 976 Unde
2393 946 2497 988 patet
2533 939 2639 989 quod

1574 989 1686 1026 simul
1714 989 1848 1026 accidit
1875 988 2065 1026 infinitum
2102 991 2244 1027 mobile
2272 991 2422 1028 moveri
2457 1004 2527 1041 per
2553 992 2637 1030 fini-

1574 1050 1655 1079 tum
1684 1042 1859 1090 spatium,
1890 1049 1927 1078 et
1953 1042 2103 1078 finitum
2131 1042 2287 1079 transire
2315 1043 2516 1081 infinitum.
2545 1045 2638 1082 Non

1575 1094 1676 1131 enim
1705 1094 1811 1131 aliter
1838 1101 1895 1131 est
1921 1094 2100 1143 possibile
2129 1095 2234 1144 quod
2262 1095 2452 1133 infinitum
2479 1108 2637 1134 movea-

1574 1155 1635 1184 tur
1652 1159 1721 1196 per
1748 1146 1911 1196 spatium
1931 1147 2092 1194 finitum,
2115 1159 2231 1196 quam
2260 1148 2364 1196 quod
2383 1148 2534 1186 finitum
2552 1161 2637 1198 per-

1574 1207 1738 1237 transeat
1764 1200 1978 1236 infinitum:
2009 1207 2073 1237 aut
2100 1199 2150 1237 ita
2177 1201 2284 1249 quod
2314 1201 2466 1238 finitum
2498 1202 2639 1240 feratur

1574 1265 1643 1301 per
1670 1252 1871 1299 infinitum,
1893 1252 1988 1289 sicut
2015 1253 2169 1301 quando
2191 1253 2333 1290 mobile
2353 1261 2410 1291 est
2427 1253 2577 1292 finitum
2599 1261 2638 1292 et

1575 1305 1739 1354 spatium
1768 1305 1980 1350 infinitum3
2010 1313 2075 1342 aut
2101 1305 2151 1342 ita
2183 1306 2290 1354 quod
2321 1307 2453 1344 saltem
2485 1307 2638 1345 finitum

1575 1358 1750 1395 metiatur
1776 1357 1984 1406 infinitum,
2005 1358 2100 1395 sicut
2119 1370 2207 1395 cum
2227 1358 2391 1408 spatium
2409 1367 2467 1397 est
2484 1359 2636 1400 finitum

1575 1419 1611 1448 et
1629 1411 1771 1448 mobile
1791 1411 1992 1448 infinitum.
2014 1412 2126 1448 Tunc
2146 1411 2259 1459 enim,
2285 1411 2371 1449 licet
2388 1411 2539 1450 finitum
2558 1423 2638 1451 non

1575 1464 1713 1500 feratur
1746 1476 1815 1513 per
1849 1463 2059 1512 infinitum,
2088 1471 2217 1501 tamen
2259 1465 2410 1502 finitum
2444 1464 2640 1503 mensurat

1575 1516 1783 1563 infinitum,
1813 1516 2037 1566 inquantum
2061 1517 2212 1554 finitum
2234 1518 2254 1539 *
2273 1517 2436 1566 spatium
2464 1518 2508 1555 fit
2534 1518 2639 1556 iuxta
2664 1521 2675 1530 '

1575 1569 1739 1617 singulas
1757 1577 1882 1618 partes
1902 1569 2054 1607 mobilis
2073 1569 2217 1607 infiniti.
2249 1570 2349 1617 Quia
2373 1582 2464 1618 ergo
2487 1571 2563 1608 hoc
2581 1577 2639 1609 est

1574 1622 1820 1671 impossibile,
1842 1621 2010 1671 sequitur
2036 1622 2142 1671 quod
2169 1622 2360 1660 infinitum
2386 1623 2528 1660 mobile
2558 1634 2638 1662 non

1574 1675 1772 1723 pertransit
1799 1675 1963 1723 spatium
1991 1675 2142 1712 finitum
2172 1675 2211 1713 in
2237 1683 2410 1725 ternpore
2438 1676 2559 1714 finito.

1630 1729 1664 1764 8.
1695 1727 1844 1764 Deinde
1882 1739 1969 1764 cum
2007 1727 2114 1765 dicit:
2151 1729 2205 1765 At
2237 1740 2328 1766 vero
2361 1740 2480 1778 neque
2515 1729 2637 1778 infini-

1575 1786 1652 1816 tum
1683 1787 1763 1827 etc.,
1795 1780 1957 1817 ostendit
1985 1781 2090 1829 quod
2126 1793 2205 1818 non
2230 1788 2357 1830 potest
2384 1794 2466 1819 esse
2493 1781 2638 1820 mobile

1575 1832 1777 1879 infinitum,
1798 1833 1919 1881 spatio
1948 1833 2127 1870 existente
2151 1833 2298 1871 infinito
2327 1842 2365 1871 et
2391 1841 2565 1883 tempore
2591 1833 2637 1873 fi-

1575 1885 1665 1922 nito.
1687 1886 1736 1922 Et
1762 1886 1837 1922 hoc
1866 1893 1921 1922 est
1948 1885 2053 1934 quod
2078 1885 2175 1932 dicit,
2201 1887 2307 1935 quod
2334 1887 2525 1924 infinitum
2552 1898 2637 1925 mo-

1575 1938 1648 1975 bile
1669 1950 1747 1975 non
1774 1938 1973 1987 pertransit
1991 1938 2180 1975 infinitum
2207 1939 2371 1988 spatium
2395 1939 2434 1976 in
2461 1947 2636 1989 tempore

1574 1991 1693 2028 finito.
1717 1992 1759 2028 In
1788 1991 1895 2028 omni
1915 1990 2017 2028 enim
2046 1990 2192 2028 infinito
2223 1999 2278 2028 est
2296 1991 2436 2041 aliquid
2463 1992 2636 2031 finitum:

1575 2044 1605 2080 si
1625 2044 1733 2091 igitur
1751 2044 1893 2081 mobile
1922 2043 2111 2080 infinitum
2135 2051 2370 2093 pertranseat
2397 2045 2562 2094 spatium
2581 2045 2637 2083 in-

1574 2097 1723 2133 finitum
1753 2097 1790 2133 in
1818 2104 1990 2145 tempore
2010 2096 2130 2144 finito,
2152 2097 2320 2145 sequitur
2338 2098 2444 2146 quod
2467 2106 2637 2147 pertran-

1575 2157 1654 2186 seat
1681 2149 1845 2197 spatium
1873 2149 2023 2186 finitum
2056 2149 2095 2185 in
2131 2157 2304 2198 tempore
2340 2150 2449 2188 finito
2467 2149 2503 2198 ¹³3
2533 2150 2638 2201 quod

1574 2209 1629 2238 est
1657 2209 1787 2238 contra
1813 2209 2058 2250 praeostensa
2074 2203 2106 2238 Ἢ.
2630 2230 2633 2232 .

1627 2267 1662 2302 9.
1685 2254 1834 2291 Deinde
1863 2267 1949 2291 cum
1971 2254 2078 2291 dicit:
2107 2255 2279 2303 Amplius
2297 2261 2423 2292 autem
2443 2262 2527 2303 etc.,
2544 2255 2638 2295 dicit

1574 2307 1679 2355 quod
1699 2307 1835 2344 eadem
1856 2307 2126 2344 demonstratio
2151 2307 2230 2355 erit,
2251 2308 2281 2345 si
2309 2308 2515 2360 accipiatur
2541 2313 2636 2348 tem-

1573 2373 1645 2409 pus
1665 2360 1854 2397 infinitum
1879 2368 1915 2397 et
1934 2360 2098 2409 spatium
2117 2361 2278 2397 finitum.
2301 2361 2402 2408 Quia
2420 2361 2451 2398 si
2469 2369 2638 2411 pertran-

1573 2413 1619 2450 sit
1645 2413 1836 2450 infinitum
1856 2413 1997 2450 mobile
2025 2413 2176 2450 finitum
2203 2413 2368 2462 spatium
2395 2414 2435 2451 in
2462 2422 2638 2465 tempore

1573 2466 1732 2513 infinito,
1762 2466 1931 2515 sequitur
1963 2467 2067 2514 quod
2094 2466 2134 2503 in
2161 2466 2287 2516 aliqua
2312 2473 2419 2515 parte
2452 2467 2638 2517 temporis

1571 2519 1666 2556 finiti
1684 2526 1917 2568 pertranseat
1935 2519 2103 2567 aliquam
2123 2527 2271 2568 partem
2294 2519 2418 2568 spatii:
2440 2527 2477 2556 et
2502 2519 2554 2558 ita
2579 2520 2636 2558 in-

1572 2572 1722 2609 finitum
1759 2572 1998 2621 pertransibit
2033 2572 2183 2609 finitum
2217 2572 2258 2609 in
2293 2580 2467 2621 tempore
2504 2573 2634 2622 finito;

1571 2625 1676 2675 quod
1705 2633 1760 2662 est
1788 2633 1916 2662 contra
1943 2633 2188 2674 praeostensa
2204 2625 2236 2662 Ἢ.

1632 2691 1687 2715 ιο.
1709 2678 1858 2715 Deinde
1878 2690 1966 2715 eum
1987 2677 2089 2715 dicit:
2114 2678 2301 2720 Quoniam
2316 2684 2440 2716 autem
2455 2690 2576 2728 neque
2580 2679 2636 2728 fi-

1573 2731 1689 2768 nitum
1707 2738 1788 2778 etc.,
1805 2731 1967 2769 ostendit
1986 2731 2091 2780 quod
2110 2731 2258 2768 finitum
2279 2738 2315 2768 et
2327 2731 2518 2769 infinitum
2529 2731 2635 2770 simi-2

1571 2784 1652 2821 liter
1671 2784 1860 2821 invenitur
1876 2785 1895 2805 Ἢ
1911 2784 1948 2820 in
1976 2791 2095 2830 motu,
2125 2784 2220 2821 sicut
2244 2791 2282 2821 et
2294 2785 2334 2806 Ἢ*
2348 2785 2386 2822 in
2405 2784 2632 2834 praemissis.
2661 2786 2690 2796 '

1572 2838 1621 2874 Et
1641 2837 1729 2874 dicit
1755 2838 1861 2885 quod
1888 2836 1977 2886 quia
1995 2837 2145 2874 finitum
2165 2836 2307 2874 mobile
2334 2849 2415 2874 non
2435 2837 2636 2886 pertransit

1572 2890 1735 2938 spatium
1756 2890 1957 2937 infinitum,
1969 2902 2094 2938 neque
2113 2889 2304 2927 infinitum
2322 2889 2465 2927 mobile
2482 2888 2633 2928 finitum

1572 2942 1756 2992 spatium,
1786 2955 1911 2992 neque
1938 2942 2128 2980 infinitum
2156 2942 2298 2980 mobile
2331 2941 2519 2980 infinitum
2548 2954 2633 2992 spa-

1572 2996 1666 3032 tium
1685 2995 1724 3032 in
1751 3003 1924 3044 tempore
1943 2995 2069 3042 finito;
2094 2995 2262 3044 sequitur
2281 3007 2326 3032 ex
2352 2994 2410 3032 his
2429 2995 2535 3044 quod
2553 3007 2634 3034 non

1571 3048 1690 3097 possit
1727 3061 1809 3085 esse
1846 3055 1974 3085 motus
2010 3048 2179 3085 infinitus
2214 3048 2253 3085 in
2293 3055 2466 3097 tempore
2511 3048 2633 3087 finito.

1572 3101 1771 3148 Quantitas
1791 3100 1892 3138 enim
1919 3108 2046 3138 motus
2065 3100 2246 3150 accipitur
2273 3100 2486 3138 secundum
2514 3113 2633 3150 quan·

1571 3154 1715 3191 titatem
1748 3154 1877 3203 spatii:
1905 3153 2008 3190 unde
2044 3165 2123 3191 non
2161 3153 2284 3191 differt
2319 3161 2469 3191 motum
2508 3153 2633 3192 dicere

1571 3207 1762 3244 infinitum
1790 3214 1854 3244 aut
1886 3206 2198 3254 magnitudinem.
2229 3207 2395 3244 Necesse
2425 3214 2480 3244 est
2507 3206 2644 3255 enim,-

1572 3260 1602 3297 si
1628 3272 1749 3298 unum
1779 3271 1912 3296 eorum
1942 3259 2051 3296 fuerit
2077 3258 2279 3307 infinitum,
2301 3266 2336 3296 et
2360 3260 2520 3297 alterum
2548 3259 2632 3298 infi-

1571 3313 1692 3350 nitum
1722 3325 1822 3360 esse,
1842 3311 1931 3362 quia
1959 3324 2036 3350 non
2055 3320 2179 3361 potest
2207 3324 2289 3350 esse
2310 3312 2435 3362 aliqua
2453 3325 2541 3362 pars
2558 3311 2631 3365 loci

1571 3365 1789 3403 mutationis
1818 3373 1920 3402 extra
1947 3366 2087 3403 locum.

1569 3461 1701 3493 possibile,
1720 3461 1838 3486 videlicet
1857 3461 1916 3494 quia
1935 3468 2012 3486 secus
2030 3466 2182 3494 sequeretur
2201 3460 2263 3486 illud
2281 3460 2352 3494 quod
2372 3460 2397 3485 in
2415 3467 2516 3486 numm.
2535 3459 2552 3484 6
2570 3465 2596 3487 et
2614 3467 2630 3494 7

1569 3495 1705 3528 probatum
1725 3501 1764 3521 est
1783 3504 1842 3521 esse
1860 3495 2034 3529 impossibile,
2053 3503 2148 3529 nempe
2167 3495 2237 3529 quod
2257 3495 2352 3520 mobile
2370 3494 2496 3520 infinltum
2514 3500 2631 3536 pertruu-

1569 3536 1624 3556 seat
1648 3531 1760 3564 spatium
1785 3530 1884 3556 finitum
1909 3536 2027 3564 tempore
2052 3529 2160 3556 finiem-
2178 3531 2229 3556 Pro
2247 3534 2436 3563 praeostensa,
2457 3533 2575 3563 positum
2593 3530 2628 3560 E,

987 3564 1076 3588 similis
1097 3565 1226 3589 conclusio
1246 3564 1360 3589 habetur.
1381 3565 1412 3589 Et
1426 3572 1515 3590 revera
1568 3569 1672 3591 ostensa
1693 3565 1810 3598 positum
1830 3566 1867 3597 G,
1893 3566 1938 3591 sed
1964 3566 2085 3599 expungit
2109 3569 2222 3592 ostensa.
2241 3579 2259 3585 -
2277 3566 2304 3590 ln
2329 3564 2380 3591 fine
2404 3573 2476 3591 num.
2502 3571 2558 3598 aeq.
2581 3571 2629 3598 pro

464 3594 488 3619 in
507 3594 546 3619 his
565 3596 663 3620 duobus
683 3599 793 3622 numeris
812 3598 954 3623 ostenditur
972 3599 1133 3632 propositum
1153 3607 1199 3632 per
1217 3604 1397 3631 argumentum
1417 3599 1448 3625 ad
1467 3600 1514 3625 im·
1564 3604 1751 3632 praeostensa,
1771 3604 1876 3626 ostensa
1894 3600 1949 3626 EG.

1092 3653 1104 3656 ,
1234 3643 1622 3669 ῇ-Ἣψ*

2665 838 2675 847 ·
2755 842 2818 866 mn,

2698 869 2721 885 m
2734 864 2778 887 »ab
2801 879 2806 881 -
2839 866 2878 882 υἱ

2666 895 2716 912 exe.
2731 895 2772 913 ιο.

2664 2214 2675 2224 ·
2689 2150 2824 2242 Nam-5507.
2844 2188 2845 2191 ¹
2865 2189 2868 2192 ⁴
