2950 4004
477 294 549 330 124

1093 283 1437 320 PHYSICORUM
1464 283 1812 323 ARISTOTELIS
1842 287 1935 324 LIB.
1965 288 2015 324 111
2223 284 2246 307 ⁴*

1215 515 1516 572 LECTIO
1562 518 1899 575 OCTAVA

1021 687 1112 719 NON
1136 688 1238 718 DARI
1263 689 1488 720 1NF-1N1TUM
1511 690 1555 720 IN
1578 690 1698 723 ACTU
1722 692 1765 723 IN
1788 693 2084 733 SENSIBILIBUS,
2180 726 2182 729 ,

544 748 821 779 OSTENDITUR
844 747 977 778 PRIMO
1002 747 1261 779 RATIONIBUS
1284 749 1472 787 LOGICIS,
1497 750 1697 782 SECUNDO
1721 752 1980 786 RATIONIBUS
2003 755 2316 796 NATURALIBUS,
2341 757 2575 790 SUPPOSITO

777 808 898 846 QUOD
922 808 1160 839 ELEMENTA
1184 809 1425 841 CORPORUM
1449 810 1545 842 SINT
1569 811 1715 843 FINITA
1738 813 1974 846 SECUNDUM
1992 816 2330 849 MULTITUDINEM

467 948 615 993 Λογικῶς
640 947 698 990 μὲν
724 946 779 978 οὗν
805 945 1042 990 σκοπουμένοις
1073 946 1108 978 ἐκ
1134 946 1200 978 τῶν
1227 942 1365 979 τοιῶνδε
1398 943 1525 989 δόξειεν

536 991 574 1023 ὂὶν
600 992 659 1023 οὐκ
685 987 782 1023 εἶναι·
802 992 829 1022 εἱ
846 991 910 1046 γάρ
929 991 1001 1023 ἐστι
1025 990 1182 1035 σώματος
1199 991 1299 1037 λόγος
1318 992 1359 1024 τὸ
1377 988 1525 1034 ἐπιπέδῳ

533 1037 558 1067 ὠ
579 1035 727 1079 ισμένον,
757 1036 814 1067 οὐκ
841 1037 879 1067 ἀν
904 1037 953 1072 εἴη
980 1036 1076 1079 σῶμα
1110 1034 1263 1079 ἄπειρον,
1292 1036 1371 1069 οὔτε
1403 1037 1524 1074 νοητὸν

534 1092 612 1112 ουτε
639 1079 812 1116 αἰσθητόν.
843 1079 952 1112 Ἀλλά
983 1079 1048 1123 μὴν
1085 1073 1154 1111 οὐδ’
1185 1079 1320 1123 ἀριθμὸς
1353 1079 1458 1118 οὕτως
1484 1082 1525 1119 ὠς

532 1123 772 1169 κεχωρισμένος
798 1125 854 1154 καὶ
882 1124 1030 1167 ἅπειρος’
1059 1123 1241 1167 ἀριθμητὸν
1258 1125 1322 1170 γάρ
1348 1125 1364 1156 ὁ
1391 1125 1525 1180 ἀριθμὸς

532 1167 553 1205 ἦ
579 1168 619 1200 τὸ
645 1168 721 1212 ἕχον
750 1167 820 1212 ἀριθ
851 1167 898 1200 ἀν’
925 1169 952 1200 εἱ
978 1166 1035 1200 οὖν
1061 1169 1102 1200 τὸ
1131 1168 1153 1201 ά
1174 1167 1314 1212 ιθμητὸν
1348 1164 1525 1215 ἑνδεχεται

534 1212 729 1256 ἀριθμῆσαι,
747 1214 806 1244 καὶ
849 1212 1003 1254 ιεξελθεῖν
1023 1211 1061 1245 ἂν
1079 1214 1128 1250 εἴη
1168 1212 1293 1245 υνατόν
1314 1212 1354 1246 τὸ
1374 1213 1522 1259 ἄπειρον.

465 1301 612 1338 Φυσικῶς
636 1295 818 1345 δὲμᾶλλον
844 1299 1019 1345 θεωροῦσιν
1044 1300 1080 1332 ἐκ
1106 1297 1223 1333 τῶνδε.
1250 1301 1336 1334 Οὔτε
1360 1301 1425 1348 γάρ
1451 1301 1526 1333 συ’ν-

532 1344 629 1377 θετον
657 1345 766 1377 οἷόντε
797 1342 881 1376 εἶναι
906 1345 985 1378 οὔτε
1012 1346 1154 1377 άπλοῦν.
1193 1345 1356 1377 Σύνθετον
1381 1346 1440 1390 μὲν
1468 1344 1523 1378 οὖν

534 1390 593 1422 οὐκ
626 1389 724 1422 ἔσται
757 1389 798 1422 τὸ
832 1389 966 1434 ἄπειρον
1000 1389 1118 1433 σῶμα,
1151 1390 1179 1421 εἰ
1213 1389 1453 1434 πεπερασμένα
1478 1391 1526 1432 τῷ

533 1432 656 1470 πλήθει
690 1433 737 1466 τά
761 1437 928 1479 στοιχεῖα.
960 1433 1109 1480 Ἀνάγκη
1134 1434 1198 1489 γάρ
1225 1435 1327 1466 πλείω
1358 1431 1443 1466 εἶναι
1467 1435 1525 1466 καὶ

531 1477 657 1521 ἰσάζειν
684 1478 735 1510 ἀεὶ
759 1478 945 1518 τάναντία,
967 1479 1025 1509 καὶ
1050 1479 1097 1522 μή
1123 1489 1207 1511 ειναι
1234 1479 1266 1510 ἓν
1292 1479 1404 1511 αὐτῶν
1431 1479 1526 1511 ἄπει-

532 1534 600 1567 ροψ
627 1523 655 1554 εὶ
679 1522 743 1576 γάρ
770 1523 941 1563 ὀποσῳοῦν
965 1523 1122 1555 λείπεται
1149 1524 1169 1560 ἡ
1195 1522 1228 1554 ἑν
1254 1523 1299 1554 ἑνὶ
1319 1522 1452 1567 σώματι
1469 1518 1527 1554 δό-

531 1578 628 1610 ναμις
649 1566 805 1611 θατέρου,
827 1567 892 1598 οἷον
918 1567 946 1597 εἰ
970 1567 1012 1599 τό
1038 1569 1102 1611 πῦρ
1128 1566 1354 1610 πεπέρανται,
1375 1568 1391 1598 ὁ
1407 1562 1437 1598 δ’
1460 1567 1524 1612 ἀήρ

534 1611 682 1653 ἄπειρος,
703 1611 775 1644 ’ἐστι
799 1607 836 1642 δὲ
861 1610 901 1643 τὸ
925 1612 996 1642 ἴσον
1022 1612 1086 1656 πῦρ
1112 1613 1174 1644 τοῦ
1199 1613 1270 1643 ἴσου
1295 1610 1390 1653 ἀέρος
1407 1612 1452 1651 τῇ
1470 1607 1526 1644 δυ-

530 1655 627 1697 νάμει
654 1656 986 1695 ὀποσαπλασιονοῦν,
1006 1654 1106 1698 μόνον
1124 1651 1161 1688 δὲ
1180 1654 1316 1700 ἀριθμόν
1335 1667 1413 1688 τινα
1431 1655 1447 1687 ἔ
1475 1667 1523 1697 ον,

532 1698 617 1743 ὅμως
642 1700 782 1744 φανερὸν
809 1699 861 1732 ὅτι
887 1699 928 1731 τὸ
960 1698 1094 1744 ἄπειρον
1129 1700 1314 1744 ὑπερβαλεῖ
1335 1701 1392 1731 καὶ
1441 1669 1526 1744 &pet

531 1744 573 1776 τὸ
598 1743 861 1788 πεπερασμένον.
881 1743 1052 1775 Ἕκαστον
1078 1739 1106 1775 δ’
1130 1745 1267 1787 ἄπειρον
1291 1741 1377 1775 εἶναι
1402 1710 1527 1776 ἀδύνα-

531 1800 603 1820 τον·
629 1790 726 1832 σῶμα
751 1788 809 1832 μὲν
834 1787 898 1833 γάρ
925 1788 998 1820 ἐστι
1024 1787 1064 1819 τό
1091 1788 1207 1830 πάντῃ
1234 1789 1310 1834 ἔχον
1327 1782 1523 1829 διάστασιν,

532 1833 668 1874 ἄπειρον
685 1828 723 1864 δέ
740 1833 782 1864 ‘ro‘
802 1829 1000 1876 ἀπεράντως
1016 1826 1206 1873 διεστηκός,
1223 1831 1310 1866 ὥστε
1327 1831 1368 1864 τὸ
1388 1832 1523 1877 ἄπειρον

530 1878 627 1919 σῶμα
651 1876 820 1919 πανταχῇ
846 1877 945 1908 ἔσται
970 1871 1145 1914 διεστηκὸς
1172 1878 1216 1914 εἰς
1244 1877 1391 1920 ἄπειρον.
1418 1878 1526 1909 Ἀλλά

530 1921 595 1964 μήν
621 1916 699 1952 οὐδὲ
724 1921 756 1952 ἓν
780 1921 839 1951 καὶ
867 1921 995 1952 άπλοῦν
1022 1917 1106 1952 εἶναι
1133 1915 1310 1966 ἐνδέχεται
1327 1921 1369 1953 τὸ
1388 1921 1524 1965 ἄπειρον

530 1967 640 2008 σῶμα,
661 1965 752 2005 οὔτε,
770 1965 811 2001 ὠς
827 1964 962 2010 λέγουσί
987 1976 1088 2006 τινες,
1116 1965 1156 1998 τὸ
1175 1965 1272 2009 παρά
1289 1965 1336 1998 τά
1351 1969 1522 2010 στοιχεῖα,

532 2009 566 2050 ἐξ
591 2009 629 2042 οὗ
655 2010 772 2041 ταῦτα
796 2010 965 2054 γεννῶσιν,
993 2007 1061 2041 οὔθ’
1092 2010 1217 2047 ἅπλῶς.
1252 2010 1324 2041 Εἰσὶ
1347 2009 1411 2065 γάρ
1437 2021 1524 2048 τινες

531 2057 560 2086 οἳ
586 2054 691 2086 τοῦτο
718 2056 850 2086 ποιοῦσι
869 2053 910 2086 τὸ
931 2053 1079 2097 ἄπειρον,
1101 2051 1175 2086 ἀλλ’
1197 2053 1256 2086 οὐκ.
1283 2051 1365 2096 ἀέρα
1382 2055 1402 2091 ὴ
1422 2049 1521 2098 ὕδωρ,

529 2099 570 2135 ὠς
605 2098 651 2142 μή
684 2096 798 2130 τᾶλλα
829 2095 1005 2141 φθείρηται
1034 2098 1100 2129 ὑπὸ
1130 2098 1192 2130 τοῦ
1224 2099 1362 2141 ἀπείρου
1395 2098 1521 2131 αὐτῶν·

530 2143 644 2187 ’έχουσι
668 2142 732 2188 γάρ
758 2142 839 2185 πρὸς
865 2141 998 2179 ἄλληλα
1023 2140 1232 2183 ἐναντίωσιν,
1253 2142 1322 2174 οἷον
1347 2143 1363 2174 ὀ
1381 2143 1439 2186 μὲν
1460 2141 1523 2187 ἀήρ

529 2186 662 2233 ψυχρός,
689 2187 730 2218 τὸ
754 2182 784 2218 δ’
813 2181 898 2229 ὕδωρ
925 2186 1022 2232 ὑγρόν
1049 2186 1091 2218 τὸ
1115 2181 1154 2218 δὲ
1178 2187 1242 2231 πῦρ
1271 2185 1401 2230 θερμόν·
1427 2186 1469 2217 ὦν
1496 2188 1523 2218 εἰ

531 2233 562 2263 ἓν
592 2232 747 2275 ἄπειρον,
775 2229 918 2273 ἔφθαρτο
952 2231 990 2263 οἲν
1016 2225 1080 2267 ἤδη
1114 2228 1242 2263 τᾶλλα·
1269 2232 1325 2262 νῦν
1349 2225 1379 2261 δ’
1408 2229 1520 2275 ἕτερον

529 2273 614 2307 εἶναί
640 2286 737 2319 φασιν
764 2274 798 2317 ἐξ
826 2274 862 2306 οῦ
880 2275 1011 2308 ταῦτα.
1043 2269 1232 2307 Ἀδύνατον
1258 2269 1288 2305 δ’
1308 2272 1393 2307 εἶναι
1411 2275 1523 2307 τοιοῦ-

529 2332 608 2360 τον,
635 2319 698 2363 οὐχ
724 2318 777 2352 ὅτι
804 2318 938 2362 ἄπειρον
965 2319 1058 2362 (περὶ
1083 2318 1210 2351 τούτου
1239 2319 1298 2361 μὲν
1322 2319 1386 2365 γάρ
1410 2318 1520 2350 κοινόν

528 2377 562 2396 τι
585 2365 723 2396 λεκτέον
749 2365 803 2396 ἐπὶ
826 2363 954 2400 παντὸς
978 2365 1110 2406 ὁμοίως,
1128 2365 1185 2395 καὶ
1205 2362 1298 2406 ἀέρος
1318 2365 1377 2394 καὶ
1395 2358 1520 2402 ὕδατος

527 2411 586 2441 καὶ
611 2407 784 2449 ὁτουοῦν),
813 2405 885 2439 ἀλλ’
908 2406 961 2438 ὅτι
988 2405 1046 2439 οὐκ
1071 2407 1144 2439 ἔστι
1170 2408 1327 2440 τοιοῦτον
1352 2408 1449 2451 σῶμα
1471 2409 1523 2439 αἰ-

527 2453 651 2491 σθητὸν
677 2453 772 2496 παρά
796 2452 843 2484 τά
867 2455 1023 2496 στοιχεῖα
1051 2450 1261 2494 καλούμενα·
1290 2451 1432 2484 ἅπαντα
1456 2452 1520 2498 γάρ

527 2496 561 2538 ἐξ
588 2497 625 2529 οὗ
650 2495 742 2539 ἐστί,
767 2498 825 2528 καὶ
858 2490 1038 2528 διαλύεται
1070 2496 1114 2533 εἰς
1147 2497 1268 2529 τοῦτο·
1294 2495 1383 2528 ὥστε
1414 2495 1453 2533 ἣν
1481 2496 1520 2528 ἂν

527 2540 679 2574 ἐνταῦθα
704 2541 799 2585 παρά
825 2540 908 2579 ἀέρα
932 2542 990 2572 καὶ
1016 2541 1080 2582 πῦρ
1095 2541 1155 2571 καὶ
1171 2541 1235 2587 γῆν
1251 2542 1309 2572 καὶ
1328 2535 1427 2585 ὕδωρ·
1446 2543 1523 2584 φαί-

526 2597 623 2618 νεται
647 2581 675 2617 δ’
698 2581 808 2617 οὐδέν.
834 2580 920 2617 Οὐδὲ
943 2579 987 2621 δή
1013 2585 1077 2629 πῦρ
1104 2579 1172 2616 οὐδ’
1195 2584 1277 2617 ἄλλο
1294 2596 1327 2617 τι
1344 2585 1411 2617 τῶν
1428 2596 1521 2617 στοι-

526 2633 624 2676 χείων
650 2625 746 2662 οὐδὲν
774 2629 910 2675 ἄπειρον
936 2624 1113 2674 ἐνδέχεται
1138 2625 1235 2661 εἶναι.
1255 2627 1361 2666 ’Ὀλως
1377 2629 1441 2675 γάρ
1458 2629 1519 2660 καὶ

526 2677 624 2722 χωρὶς
643 2676 705 2707 τοῦ
732 2674 866 2718 ἄπειρον
884 2671 969 2706 εἶναί
987 2685 1021 2706 τι
1040 2671 1167 2714 αὐτῶν,
1189 2668 1359 2705 ἀδύνατον
1377 2673 1419 2704 τὸ
1436 2673 1517 2713 πᾶν,

525 2719 587 2752 κᾶν
607 2718 627 2760 ἦ
645 2717 912 2761 πεπερασμένον,
933 2717 953 2754 ἦ
974 2714 1059 2749 εἶναι
1077 2716 1098 2753 ἦ
1115 2716 1265 2762 γίνεσθαι
1287 2716 1320 2748 ἕν
1337 2728 1372 2748 τι
1391 2714 1516 2758 αὐτῶν,

527 2754 637 2808 ὥσπερ
652 2762 871 2806 Ἡράκλειτός
888 2774 983 2806 φησιν
1004 2760 1147 2793 ἅπαντα
1187 2760 1313 2792 ίνεσθαί
1335 2771 1421 2792 ποτε
1439 2761 1514 2803 πῦρ.

522 2810 559 2839 'O
583 2804 612 2840 δ’
634 2808 737 2844 αὐτὸς
768 2806 869 2852 λόγος
901 2809 958 2838 καὶ
983 2806 1038 2838 ἐπὶ
1070 2805 1131 2837 τοῦ
1164 2804 1254 2846 ενός,
1286 2804 1353 2836 οἷον
1386 2805 1518 2836 ποιοῦσι

527 2853 622 2897 παρά
638 2852 686 2884 τά
702 2856 858 2895 στοιχεῖα
876 2853 905 2882 οἱ
923 2851 1064 2893 φυσικοί·
1085 2848 1202 2882 πάντα
1218 2848 1282 2894 γάρ
1305 2848 1516 2892 μεταβάλλει

527 2895 560 2937 ἐξ
585 2895 738 2929 ἐναντίου
764 2896 807 2932 εἰς
834 2897 1000 2935 ἐναντίον,
1021 2894 1088 2926 οἷον
1116 2891 1151 2925 ἐκ.
1174 2892 1294 2937 θερμοῦ
1320 2893 1363 2931 εἱς
1381 2892 1514 2938 ψυχρόν.

518 3176 665 3203 Svnor’sxs.
683 3190 717 3194 ——
734 3183 757 3201 1.
770 3174 979 3210 Argumentum
994 3179 1021 3200 et
1035 3171 1137 3200 divisio
1152 3177 1252 3199 textus.
1265 3187 1284 3191 -
1299 3177 1326 3198 2.
1338 3169 1452 3207 Logice,
1461 3169 1518 3213 hoc

459 3221 501 3243 est
522 3224 555 3242 ex
576 3213 779 3242 communibus
800 3219 828 3241 et
848 3212 1045 3249 probabilibus
1066 3210 1227 3240 ostenditur
1248 3209 1347 3247 primo
1374 3218 1434 3237 non
1455 3209 1518 3237 dari

459 3263 563 3290 corpus
584 3253 742 3281 infinitum:
765 3262 832 3280 narn
854 3253 889 3280 de
910 3251 1021 3280 ratione
1047 3249 1177 3287 corporis
1199 3255 1241 3277 est
1268 3249 1348 3286 quod
1370 3248 1405 3276 sit
1425 3248 1517 3276 deter-

460 3294 599 3322 minatum
621 3292 784 3329 superficie;
807 3301 875 3329 ergo
901 3300 994 3328 neque
1016 3299 1121 3327 corpus
1142 3288 1275 3317 sensibile
1304 3297 1353 3316 seu
1375 3287 1516 3322 naturale,

460 3342 553 3369 neque
581 3341 685 3368 corpus
713 3331 886 3368 intelligibile
916 3340 966 3359 seu
993 3328 1227 3359 mathematicum
1257 3333 1298 3356 est
1326 3327 1478 3371 infinitum.
1496 3343 1517 3371 .‘

463 3372 487 3399 3.
510 3372 677 3399 Ostenditur
698 3371 822 3399 secundo
843 3379 903 3399 non
925 3369 986 3398 dari
1008 3369 1150 3397 infinitum
1179 3367 1338 3396 secundum
1359 3366 1518 3394 mulntudi-

461 3419 542 3437 nem:
566 3410 660 3438 omnis
680 3419 804 3447 namque
826 3419 962 3438 numerus
985 3416 1011 3437 et
1033 3417 1120 3437 omne
1143 3408 1223 3445 quod
1251 3407 1336 3435 habet
1362 3414 1516 3450 numerum

460 3455 554 3485 potest
568 3450 746 3477 numerando
767 3449 946 3486 pertransiri;
968 3458 1036 3485 ergo
1051 3448 1074 3476 si
1089 3447 1192 3484 aliquis
1208 3455 1345 3475 numerus
1359 3454 1417 3473 sive
1433 3454 1514 3482 sepa-

461 3494 538 3515 ratus
559 3487 616 3515 sive
632 3487 660 3515 in
676 3488 853 3516 sensibilibus
874 3488 1004 3523 existens,
1027 3487 1062 3515 sit
1076 3486 1213 3521 infinitus,
1228 3485 1333 3523 poterit
1351 3484 1515 3521 pertransiri

460 3526 612 3561 infinitum,
628 3528 707 3563 quod
726 3534 767 3555 est
788 3528 953 3555 absurdum.
969 3544 988 3548 —
1001 3536 1029 3562 4.
1046 3527 1243 3555 Manifestatur
1263 3525 1344 3562 quod
1358 3523 1428 3552 istae
1443 3524 1515 3552 duae

461 3565 586 3593 rationes
607 3572 672 3593 sunt
692 3572 803 3594 tantum
825 3566 995 3602 probabiles,
1011 3567 1067 3595 hoc
1081 3572 1122 3594 est
1137 3575 1197 3594 non
1212 3574 1245 3593 ex
1260 3563 1427 3593 necessitate
1446 3571 1515 3592 con-

462 3604 588 3633 cludunt.
612 3620 630 3625 -
653 3605 678 3632 5.
705 3605 922 3633 Animadversio
950 3606 1063 3641 praevia
1090 3605 1165 3634 circa
1192 3604 1313 3633 modum
1342 3602 1516 3640 procedendi

1579 951 1596 971 *
1619 952 1857 984 Rationabiliter
1879 954 2009 996 quidem
2031 955 2125 996 igitur
2148 958 2381 997 speculantibus
2400 969 2437 991 ex
2454 959 2640 991 huiusmodi
2667 970 2678 982 ⁸

1645 996 1801 1028 videbitur
1823 1008 1889 1029 non
1913 1008 1979 1030 esse
2011 999 2131 1040 utique.
2154 1001 2188 1031 Si
2210 1001 2296 1032 enim
2319 1009 2366 1034 est
2388 1003 2530 1044 corporis
2561 1004 2640 1035 ratio

1645 1041 1734 1081 quod
1757 1042 1885 1082 planitie
1905 1043 2147 1074 determinatum
2166 1051 2222 1084 est,
2237 1055 2303 1076 non
2319 1046 2376 1077 erit
2399 1047 2510 1088 utique
2525 1057 2640 1089 corpus

1645 1083 1816 1125 infinitum,
1833 1096 1936 1128 neque
1950 1087 2144 1127 intelligibile
2167 1098 2271 1129 neque
2294 1089 2448 1121 sensibile.
2465 1089 2481 1106 ⁴¹
2497 1093 2540 1122 At
2564 1101 2639 1123 vero

1646 1138 1703 1160 nec
1730 1139 1881 1160 numerus
1905 1130 1948 1162 sic
1972 1138 2018 1162 est
2041 1131 2121 1163 sicut
2153 1139 2313 1172 separatus
2336 1140 2367 1164 et
2387 1132 2549 1165 infinitus:
2582 1145 2641 1167 nu-

1645 1173 1794 1204 merabile
1817 1174 1902 1204 enirn
1926 1184 2077 1206 numerus
2101 1182 2147 1207 est
2169 1182 2223 1207 aut
2245 1176 2363 1208 habens
2391 1185 2581 1210 numerum:
2614 1178 2640 1210 si

1646 1226 1720 1256 ergo
1743 1218 1936 1249 numerabile
1959 1219 2109 1259 possibile
2132 1226 2179 1251 est
2204 1221 2380 1260 numerari,
2404 1227 2435 1252 et
2456 1222 2641 1262 pertransire

1645 1260 1755 1301 utique
1778 1262 1926 1301 possibile
1950 1263 2007 1294 erit
2029 1263 2199 1295 infinitum.

1578 1301 1593 1318 '⁴‘
1609 1303 1740 1344 Physice
1764 1312 1870 1336 autem
1892 1307 1992 1346 magis
2016 1307 2283 1339 considerantibus
2307 1318 2344 1339 ex
2366 1308 2414 1340 his
2437 1309 2641 1341 manifesmm

1646 1348 1712 1379 erit.
1735 1349 1846 1390 Neque
1878 1350 1964 1381 enim
1986 1351 2202 1391 compositum
2233 1352 2382 1392 possibile
2405 1360 2451 1384 est
2473 1363 2540 1384 esse
2571 1353 2640 1384 infi-

1645 1391 1760 1432 nitum,
1780 1403 1884 1435 neque
1900 1393 2041 1435 simplex.
2060 1394 2288 1436 Compositum
2303 1396 2434 1437 quidem
2455 1396 2550 1438 igitur
2573 1407 2640 1428 non

1645 1436 1701 1466 erit
1724 1436 1884 1468 infinitum
1917 1447 2043 1478 corpus,
2067 1439 2092 1469 si
2115 1438 2202 1470 finita
2226 1439 2379 1471 elementa
2409 1440 2471 1471 sint
2497 1441 2641 1473 multitu-

1645 1480 1727 1511 dine.
1743 1481 1878 1512 Necesse
1901 1489 1947 1513 est
1970 1482 2055 1513 enirn
2070 1483 2161 1523 plura
2184 1492 2261 1522 esse,
2286 1490 2317 1515 et
2337 1493 2472 1526 aequare
2488 1485 2641 1517 contraria

1645 1534 1780 1565 semper,
1805 1531 1835 1556 et
1858 1535 1922 1556 non
1948 1536 2015 1557 esse
2037 1536 2140 1558 unum
2163 1537 2276 1558 eorum
2297 1527 2468 1560 infinitum.
2492 1528 2525 1560 Si
2552 1537 2641 1560 nam·

1645 1579 1708 1610 que
1731 1576 2027 1611 quantumcumque
2042 1570 2166 1602 deficiat
2187 1581 2269 1612 quae
2291 1571 2324 1602 in
2348 1581 2414 1603 uno
2445 1582 2578 1613 corpore
2594 1579 2643 1607 eet

1645 1613 1797 1654 potentia,
1821 1624 1839 1644 a
1862 1614 2002 1654 potentia
2024 1614 2161 1654 alterius,
2185 1621 2221 1646 ut
2239 1615 2264 1646 si
2287 1615 2368 1655 ignis
2384 1615 2491 1647 finitus
2515 1616 2564 1656 sit,
2587 1626 2640 1648 aer

1645 1664 1752 1688 autem
1774 1657 1925 1689 infinitus:
1950 1658 1989 1689 sit
2011 1665 2118 1690 autem
2141 1658 2279 1700 aequalis
2297 1659 2378 1700 ignis
2401 1660 2441 1690 ad
2463 1670 2567 1691 aerem
2589 1670 2640 1691 ae-

1646 1701 1773 1742 qualem
1796 1701 1829 1732 in
1848 1702 1999 1742 potentia,
2016 1709 2311 1744 quantumcumque
2327 1703 2516 1744 duplicatus,
2535 1703 2642 1735 solum

1645 1751 1752 1776 autem
1775 1754 1945 1776 numerum
1968 1747 2128 1786 quendam
2150 1747 2284 1786 habens,
2307 1753 2413 1778 tamen
2438 1747 2641 1780 manifestum

1647 1795 1693 1819 est
1705 1789 1793 1830 quod
1804 1789 1964 1820 infinitum
1977 1791 2102 1821 excedet
2114 1797 2144 1822 et
2156 1797 2336 1831 corrumpet
2347 1789 2502 1822 finitum.*
2515 1792 2640 1823 Unum·
2666 1803 2676 1812 ·

1645 1833 1798 1874 quodque
1821 1840 1928 1864 autem
1945 1833 2106 1865 infinitum
2121 1844 2198 1874 esse,
2217 1835 2413 1875 impossibile
2436 1842 2491 1867 est.
2513 1835 2640 1877 Corpus

1645 1877 1731 1907 enim
1749 1884 1796 1908 est
1818 1877 2034 1918 omniquaque
2057 1878 2175 1909 habens
2198 1878 2447 1910 dimensionem:
2479 1879 2641 1911 infinitum

1645 1928 1752 1952 autem
1775 1922 1863 1962 quod
1886 1921 2122 1953 indeterminate
2146 1922 2263 1953 distans
2279 1929 2334 1953 est.
2359 1923 2465 1960 Quare
2480 1922 2640 1955 infinitum

1646 1975 1762 2006 corpus
1790 1965 1909 2006 ubique
1938 1972 2101 1997 extensum
2130 1965 2187 1996 erit
2215 1966 2248 1996 in
2271 1965 2441 1998 infinitum.
2460 1965 2477 1982 ⁸¹
2499 1969 2543 1998 At
2563 1976 2639 1998 vero
2665 1983 2676 1995 ι

1645 2019 1749 2050 neque
1772 2019 1875 2040 unum
1903 2009 2050 2040 convenit
2080 2009 2241 2040 infinitum
2273 2020 2388 2050 corpus
2411 2020 2477 2041 esse
2507 2017 2538 2042 et
2565 2011 2639 2042 sim-

1644 2054 1734 2094 plex:
1758 2064 1861 2095 neque
1885 2053 1965 2085 sicut
1987 2053 2096 2085 dicunt
2116 2054 2257 2095 quidam,
2281 2055 2368 2095 quod
2388 2061 2472 2085 extra
2487 2054 2642 2087 elementa

1645 2105 1692 2129 est
1724 2108 1760 2128 ex
1783 2107 1848 2138 quo
1882 2097 1942 2128 alia
1972 2104 2174 2137 generantur,
2207 2108 2310 2139 neque
2339 2098 2531 2139 simpliciter.
2560 2099 2642 2131 Sunt

1646 2141 1731 2172 enim
1754 2142 1885 2182 quidam
1907 2141 1963 2182 qui
1985 2141 2047 2172 hoc
2069 2141 2189 2172 faciunt
2219 2141 2396 2181 infinitum,
2420 2142 2475 2172 sed
2497 2152 2563 2174 non
2591 2153 2640 2174 ae-

1644 2196 1713 2216 rem
1736 2192 1790 2216 aut
1808 2195 1935 2226 aquam,
1959 2195 2000 2215 ne
2023 2185 2083 2215 alia
2105 2191 2348 2226 corrumpantur
2367 2186 2405 2216 ab
2421 2185 2562 2218 infinito:
2586 2186 2640 2218 ha-

1644 2230 1719 2260 bent
1742 2229 1828 2266 enim
1850 2230 1889 2259 ad
1920 2229 2055 2259 invicem
2085 2229 2354 2268 contrarietatem,
2378 2236 2415 2261 ut
2437 2239 2488 2260 aer
2510 2229 2642 2272 quidem

1644 2273 1807 2311 humidus,
1831 2283 1913 2314 aqua
1937 2279 2043 2304 autem
2066 2272 2187 2313 frigida,
2211 2273 2291 2313 ignis
2305 2283 2381 2304 vero
2405 2273 2534 2305 calidus:
2558 2282 2640 2316 quo-

1644 2328 1716 2348 rum
1739 2318 1765 2348 si
1788 2324 1868 2348 esset
1890 2327 1992 2348 unum
2015 2316 2194 2356 infinitum,
2223 2324 2499 2357 corrumperentur
2529 2318 2640 2360 utique

1643 2361 1707 2392 iam
1726 2361 1795 2392 alia.
1818 2362 1925 2392 Nuncv
1941 2367 2048 2391 autem
2078 2360 2187 2391 dicunt
2209 2361 2343 2391 alterum
2365 2371 2432 2392 esse
2456 2361 2488 2392 id
2511 2372 2548 2392 ex
2573 2372 2640 2404 quo

1642 2406 1719 2437 haec
1734 2412 1818 2436 sunt.
1833 2403 1848 2420 *
1865 2404 2062 2445 Impossibile
2086 2411 2132 2435 est
2149 2411 2256 2435 autem
2272 2414 2338 2435 esse
2361 2404 2557 2444 huiusmodi,
2573 2416 2640 2438 non
2666 2419 2676 2430 ·

1642 2450 1718 2491 quia
1743 2449 1904 2480 infinitum
1930 2446 1990 2491 (de
2016 2448 2078 2479 hoc
2104 2448 2391 2486 enim,commune
2420 2448 2575 2490 quiddam
2596 2449 2641 2481 di-

1642 2494 1779 2524 cendum
1802 2500 1869 2532 est,
1894 2499 1925 2523 et
1948 2492 1986 2522 de
2016 2491 2105 2523 omni
2129 2492 2270 2523 similiter
2294 2499 2324 2524 et
2351 2502 2422 2524 aere
2445 2499 2476 2524 et
2502 2503 2585 2534 aqua
2606 2500 2639 2525 et

1642 2535 1819 2580 quolibet);
1843 2537 1897 2567 sed
1928 2536 2003 2577 quia
2029 2546 2095 2567 non
2119 2542 2166 2567 est
2186 2536 2372 2567 huiusmodi
2401 2546 2516 2577 corpus
2545 2537 2640 2568 sensi-

1641 2581 1702 2612 bile
1736 2588 1819 2612 extra
1854 2587 1965 2612 vocata
1997 2579 2172 2611 elementa:
2206 2589 2303 2611 omne
2334 2590 2473 2622 namque
2503 2590 2540 2612 ex
2571 2590 2637 2622 quo

1642 2632 1698 2663 est,
1723 2632 1753 2656 et
1770 2625 1935 2656 resolvitur
1959 2624 1993 2655 in
2021 2623 2096 2655 hoc:
2126 2633 2230 2665 quare.
2245 2630 2325 2655 esset
2347 2624 2458 2665 utique
2489 2624 2540 2656 hic
2569 2635 2637 2656 cor—

1640 2679 1701 2710 pus
1724 2675 1845 2709 praeter
1867 2678 1971 2699 aerem
1999 2675 2030 2699 et
2058 2668 2166 2708 ignem
2187 2674 2219 2699 et
2241 2674 2354 2699 terram
2377 2675 2408 2699 et
2433 2675 2565 2710 aquam:
2591 2669 2638 2700 vi-

1640 2713 1732 2744 detur
1754 2719 1860 2744 autem
1884 2712 2010 2742 nullum
2032 2711 2228 2743 huiusmodi.
2252 2709 2267 2727 *
2290 2713 2401 2753 Neque
2424 2712 2519 2752 igitur
2531 2713 2638 2753 ignem

1640 2767 1743 2798 neque
1759 2757 1895 2787 aliorum
1916 2757 2147 2787 elementorum
2171 2756 2275 2787 ullum
2299 2756 2452 2796 contingit
2478 2755 2638 2788 infinitum

1641 2811 1716 2832 esse.
1742 2801 1885 2832 Omnino
1914 2800 1999 2830 enim
2027 2807 2058 2831 et
2089 2806 2210 2840 praeter
2238 2800 2270 2830 id
2296 2801 2384 2841 quod
2415 2799 2576 2832 infinitum
2597 2801 2639 2832 sit

1640 2845 1770 2886 aliquod
1794 2845 1956 2885 ipsorum,
1984 2844 2179 2884 impossibile
2209 2850 2255 2875 est
2282 2854 2348 2875 esse
2376 2854 2490 2883 omne,
2519 2844 2546 2875 si
2567 2843 2636 2876 infi-

1639 2889 1743 2920 nitum
1770 2889 1828 2927 sit;
1856 2895 1911 2919 aut
1932 2898 1998 2918 esse
2025 2895 2080 2919 aut
2100 2887 2166 2919 fieri
2192 2898 2295 2919 unum
2321 2887 2452 2929 aliquod
2473 2888 2636 2929 ipsorum,

1641 2934 1721 2964 sicut
1750 2933 1825 2964 dicit
1858 2932 2033 2963 Heraclitus
2067 2933 2175 2963 omnia
2214 2932 2280 2962 fieri
2314 2931 2484 2972 aliquando
2517 2931 2634 2973 ignem.

1639 2975 1655 2992 *
1671 2977 1791 3007 Eadem
1815 2983 1921 3007 autem
1944 2976 2023 3007 ratio
2043 2983 2089 3007 est
2104 2983 2134 3007 et
2153 2977 2191 3007 de
2214 2985 2280 3006 uno
2299 2983 2330 3007 et
2345 2976 2383 3006 de
2401 2975 2463 3006 alio
2486 2976 2574 3017 quod
2593 2975 2635 3007 fa-

1640 3021 1726 3052 ciunt
1758 3027 1841 3051 extra
1864 3020 2017 3051 elementa
2051 3020 2186 3061 physici:
2213 3029 2308 3050 omne
2335 3029 2473 3060 namque
2495 3026 2636 3051 mutatur

1639 3075 1677 3095 ex
1699 3064 1855 3096 contrario
1883 3063 1915 3094 in
1948 3063 2150 3102 contrarium,
2174 3070 2211 3095 ut
2233 3074 2269 3094 ex
2292 3063 2393 3094 calido
2417 3063 2449 3094 in
2473 3063 2632 3104 frigidum.

1571 3167 1733 3196 Aristotelis
1754 3166 1800 3196 hic
1821 3174 1849 3195 et
1869 3166 2151 3196 communiter.-Ex
2173 3167 2319 3204 principiis
2340 3167 2475 3197 scientiae
2495 3167 2632 3197 naturalis

1572 3207 1675 3236 certius
1696 3206 1857 3236 ostenditur
1871 3207 1951 3244 quod
1965 3215 2027 3235 non
2041 3206 2076 3235 sit
2090 3216 2195 3244 corpus
2210 3207 2340 3236 sensibile
2354 3207 2498 3236 infinitum
2513 3207 2542 3236 in
2557 3214 2631 3237 actu.

1572 3248 1645 3276 Nam
1668 3255 1755 3275 omne
1776 3255 1882 3283 corpus
1896 3245 2029 3274 sensibile
2043 3252 2092 3274 aut
2106 3253 2149 3275 est
2162 3246 2282 3284 simplex
2302 3253 2352 3275 aut
2365 3254 2407 3276 est
2422 3247 2631 3284 compositum3

1571 3293 1706 3315 neutrum
1727 3292 1821 3323 potest
1842 3295 1903 3314 esse
1924 3285 2077 3314 infinitum.
2092 3303 2112 3308 -
2127 3287 2154 3314 6.
2177 3287 2318 3315 Ptobatur
2331 3287 2403 3315 haec
2416 3286 2513 3315 minor
2533 3287 2632 3324 quoad

1571 3335 1676 3363 corpus
1704 3324 1916 3362 compositum,
1938 3325 2088 3362 supposito
2110 3326 2189 3362 quod
2217 3326 2358 3354 elementa
2387 3326 2443 3354 sint
2470 3325 2550 3355 finita
2577 3335 2630 3354 nu-

1571 3375 1661 3394 mero.
1683 3366 1910 3400 Elementorum,
1932 3374 1965 3393 ex
1987 3364 2090 3402 quibus
2109 3365 2226 3394 resultat
2247 3364 2450 3402 compositum,
2469 3371 2519 3394 aut
2538 3373 2630 3394 unum

1571 3411 1613 3433 est
1634 3404 1777 3433 infinitum
1798 3411 1826 3433 et
1840 3411 1933 3433 cetera
1947 3404 2035 3440 finita,
2051 3411 2100 3433 aut
2114 3404 2213 3433 omnia
2227 3411 2293 3433 sunt
2307 3404 2425 3434 infinita.
2446 3405 2475 3433 si
2489 3403 2628 3442 primum,

1571 3453 1631 3473 non
1652 3451 1726 3473 esset
1740 3443 1890 3481 proportio
1905 3443 1979 3472 inter
1992 3444 2141 3480 elementa,
2157 3450 2184 3472 et
2198 3444 2371 3481 compositio
2386 3452 2554 3481 permanere
2568 3452 2628 3471 non

1570 3490 1676 3520 posset,
1699 3483 1767 3520 quia
1787 3483 1961 3512 elementum
1984 3482 2127 3511 infinitum
2148 3484 2306 3512 destrueret
2326 3483 2382 3512 alia
2402 3482 2456 3511 sibi
2476 3481 2627 3511 contraria.

1572 3540 1589 3545 -
1603 3522 1728 3551 Solvitur
1748 3522 1882 3551 obiectio.
1899 3539 1917 3544 —
1932 3532 1959 3559 7.
1975 3522 2005 3550 Si
2019 3522 2118 3551 omnia
2138 3523 2280 3551 elementa
2301 3522 2357 3551 sint
2370 3521 2491 3557 infinita,
2511 3530 2577 3550 cum
2591 3521 2627 3549 de

1571 3563 1681 3591 ratione
1703 3562 1832 3599 cor-poris
1854 3561 1955 3590 infiniti
1977 3561 2013 3590 sit
2033 3562 2138 3590 habere
2160 3561 2356 3590 dimensiones
2377 3560 2510 3596 infinitas,
2533 3561 2626 3597 quod-

1570 3602 1637 3630 libet
1658 3602 1866 3630 elementorum
1887 3607 2041 3638 occuparet
2061 3607 2155 3629 totum
2176 3601 2327 3636 mundum,
2349 3606 2376 3629 et
2395 3600 2433 3629 ita
2448 3609 2508 3628 non
2529 3605 2626 3636 posset

2667 996 2736 1020 Text.
2749 1002 2789 1025 4ο.

2667 1098 2677 1109 “
2690 1097 2759 1120 Text.
2771 1103 2805 1125 41.

2667 1321 2676 1330 ·
2690 1318 2761 1342 Text.
2771 1325 2809 1348 42.

2690 1802 2758 1825 Text.
2771 1808 2808 1831 43.
2849 1795 2857 1802 ⁸

2690 1982 2758 2006 Teu.
2772 1989 2812 2011 44.
2830 2010 2833 2016 Δ

2690 2418 2760 2443 Tm.
2772 2425 2810 2450 45,

2663 2727 2674 2739 “
2687 2725 2756 2750 Text.
2769 2726 2808 2755 45.

2662 2986 2672 2996 ·
2684 2985 2752 3008 Text.
2766 2992 2803 3015 47.

2702 961 2756 1000 Seq.
2778 976 2839 1006 cap..
2853 978 2879 997 v.
2927 991 2930 993 ,
