2898 3996
58 1097 69 1107 '
83 1095 154 1118 Num.
168 1101 217 1123 seq.

58 1204 126 1231 *per
138 1209 164 1225 se
182 1209 229 1225 om.
244 1210 267 1225 ιη

57 1229 110 1251 rab.

58 1256 268 1304 ;at.·bongregat¹'one

58 1469 69 1479 ⁸
83 1469 218 1496 aggregata
230 1474 254 1489 n.

58 1620 69 1630 *
89 1620 255 1648 congregatio-

57 1651 110 1668 nem
122 1652 162 1667 m«.

58 1673 68 1682 ·
85 1672 225 1700 Quicumque
238 1678 268 1694 m>

60 1704 127 1726 onpc.

58 2142 69 2152 ⁴
83 2141 139 2169 quia
153 2147 174 2162 ι’.

156 2345 171 2370 01

18 2445 23 2448 -
3 1790 33 2410 ‘rfawffmwffwwaffl'ffm
21 1926 23 1934 „„
0 1852 1 1855 Α
21 1826 23 1828 ,
7 1697 24 1796 ’.τε-θη*
17 1729 20 1731 ,
4 1494 24 1697 baem
19 1599 22 1601 ,
8 1473 25 1519 „5
17 1435 22 1454 ,,
22 1406 25 1407 ¹
5 1346 29 1386 „¹

21 3068 31 3096 ἶ
58 3086 71 3097 '
84 3085 150 3114 ἐξῇ-α
163 3086 215 3108 rab.

1173 285 1282 320 CAP.
1313 285 1345 331 1,
1375 283 1524 321 LECT.
1554 285 1568 319 1

293 363 481 400 affirmant
508 362 611 412 quod
639 370 765 399 motus
794 363 847 399 sit.
869 364 917 399 Et
944 363 1017 399 hoc
1044 369 1145 411 patet
1162 375 1231 410 per
1257 363 1342 407 hoe,

293 415 398 463 quod
413 414 540 451 dicunt
554 417 742 455 mundum
757 427 837 452 esse
858 416 1014 460 factum3
1036 423 1070 451 et
1090 414 1193 462 quod
1209 426 1344 450 omnes

293 467 528 503 considerant
548 467 594 504 de
618 468 855 515 generatione
884 475 920 503 et
939 467 1177 515 corruptione
1206 478 1343 512 rerum,

293 531 392 568 quae
420 532 497 556 non
524 527 647 568 potest
667 532 748 556 esse
776 520 854 556 sine
878 527 996 556 motu.
1022 520 1089 555 Est
1115 519 1221 566 igitur
1242 530 1345 554 com-

293 572 418 608 munis
446 572 652 620 suppositio
670 573 708 608 in
728 572 878 608 scientia
896 571 1063 617 naturali,
1093 572 1196 618 quod
1219 578 1345 606 motus

294 624 432 660 habeat
460 636 541 660 esse
567 625 605 661 in
624 625 748 661 rebus.
769 624 878 660 Unde
899 624 945 660 de
968 624 1042 659 hoc
1061 635 1139 659 non
1159 630 1213 658 est
1233 634 1345 670 quae-

295 676 456 713 rendum
484 677 522 713 in
549 677 701 713 scientia
736 676 908 712 naturali:
938 675 1030 711 sicut
1056 687 1126 710 nec
1157 674 1195 710 in
1224 674 1346 722 aliqua

295 728 446 764 scientia
472 736 650 766 movetur
677 728 843 777 quaestio
873 727 919 764 de
957 726 1275 775 suppositionibus
1306 726 1346 762 il-

294 780 364 816 lius
391 780 575 818 scientiae.

346 843 384 878 4.
404 832 550 869 Deinde
579 844 666 868 cum
696 831 795 868 dicit:
825 830 898 866 Sed
923 830 1052 878 quanti
1087 830 1233 878 quidem
1263 838 1344 877 etc.,

293 884 399 932 ponit
427 884 622 932 opiniones
651 883 700 920 ad
727 890 924 930 utramque
943 890 1090 930 partem
1119 883 1345 930 quaestionis

294 943 433 972 motae.
453 936 502 972 Et
527 935 651 983 primo
679 934 786 983 ponit
814 935 1009 983 opiniones
1035 934 1236 971 dicentium
1264 946 1346 970 mo-

293 994 374 1023 tum
402 999 552 1035 semper
580 999 677 1032 esse;
707 987 874 1023 secundo
903 987 1097 1035 opiniones
1124 987 1345 1034 ponentium

293 1046 442 1076 motum
478 1052 556 1076 non
593 1052 744 1087 semper
777 1051 882 1085 esse,
911 1039 980 1075 ibi:
1015 1039 1244 1086 Quicumque
1280 1050 1346 1074 au-

293 1097 365 1127 tem
382 1093 401 1112 '¹⁴
417 1099 486 1128 etc.
507 1092 568 1128 Ad
588 1091 812 1128 evidentiam
829 1103 917 1139 ergo
935 1090 1079 1139 primae
1098 1091 1210 1138 partis
1230 1090 1346 1126 scien-

295 1143 386 1180 dum
414 1151 480 1191 est,
505 1144 610 1192 quod
637 1144 873 1181 Democritus
909 1143 1033 1192 posuit
1060 1142 1181 1191 prima
1218 1155 1345 1179 rerum

293 1192 472 1244 principia
501 1209 660 1244 corpora
686 1196 917 1233 indivisibilia
936 1208 1004 1244 per
1032 1207 1072 1231 se
1093 1197 1112 1216 ³²
1133 1203 1168 1232 et
1196 1207 1347 1243 semper

294 1248 463 1295 mobilia,
489 1261 534 1284 ex
553 1261 716 1296 quorum
744 1248 1004 1296 aggregatione
1024 1249 1043 1267 ⁴*
1065 1247 1210 1284 dicebat
1237 1260 1346 1284 mun-

295 1300 387 1336 dum
402 1344 404 1347 .
421 1301 615 1337 casualiter
650 1301 810 1338 factum:
841 1309 876 1337 et
903 1312 980 1337 non
1013 1300 1136 1336 solum
1163 1300 1274 1336 istum
1309 1300 1347 1336 in

295 1365 371 1400 quo
403 1365 474 1389 nos
506 1365 658 1400 sumus,
693 1353 759 1390 sed
795 1353 959 1390 infinitos
993 1352 1106 1400 alios,
1137 1352 1346 1389 secundum

295 1404 400 1452 quod
428 1405 562 1442 accidit
589 1406 626 1442 in
664 1405 820 1442 diversis
855 1406 1022 1454 partibus
1050 1405 1182 1442 infiniti
1215 1405 1344 1456 vacui,

293 1457 484 1506 praedicta
521 1470 681 1506 corpora
718 1458 980 1506 congregata*
1001 1457 1167 1494 mundos
1201 1458 1343 1494 fecisse.

295 1510 379 1546 Nec
405 1516 533 1546 tamen
560 1511 631 1547 hos
658 1512 824 1548 mundos
859 1511 1026 1559 p'onebat
1053 1510 1090 1547 in
1118 1517 1345 1559 perpetuum

296 1561 513 1606 duraturos;
547 1563 614 1599 sed
643 1563 829 1611 quosdam
855 1575 988 1599 eorum
1016 1562 1099 1599 fieri
1125 1575 1193 1610 per
1221 1574 1346 1610 aggre-

294 1613 524 1661 gationem*
544 1622 780 1673 atomorum,
811 1616 998 1663 quosdam
1026 1627 1118 1651 vero
1155 1614 1346 1673 corrumpi

293 1678 363 1714 per
392 1678 524 1703 eorum
557 1667 866 1714 segregationem
902 1668 1211 1715 Quotcumque·
1192 1669 1211 1685 ”
1238 1667 1347 1717 igitur

293 1718 509 1767 philosophi
545 1720 620 1756 hoc
655 1727 802 1768 ponunt
830 1732 916 1756 cum
945 1719 1184 1766 Democrito,
1220 1719 1347 1755 dicunt

295 1783 447 1819 semper
474 1783 555 1807 esse
582 1780 750 1818 motum;
788 1772 876 1820 quia
912 1783 1063 1819 semper
1101 1771 1228 1808 dicunt
1264 1784 1346 1807 esse

295 1823 554 1870 generationes
583 1832 618 1860 et
646 1824 904 1872 corruptiones
938 1823 1151 1872 aliquorum
1185 1824 1348 1860 mundo-

294 1887 397 1922 rum,
425 1887 518 1923 quas
545 1877 799 1912 necessarium
828 1883 883 1912 est
911 1888 992 1912 esse
1022 1889 1110 1912 cum
1139 1884 1257 1913 motu.

351 1928 383 1964 5.
412 1928 560 1964 Deinde
589 1941 675 1964 cum
713 1929 817 1966 dicit.
850 1929 1080 1977 Quicumque
1106 1934 1230 1965 autem
1260 1935 1346 1974 etc.,

292 1979 400 2028 ponit
427 1980 623 2028 opiniones
653 1981 701 2017 ad
735 1988 882 2029 partem
917 1981 1152 2017 contrariam.
1182 1982 1230 2018 Et
1261 1981 1349 2018 dicit

294 2032 399 2080 quod
426 2033 656 2081 quicumque
674 2041 822 2092 ponunt
848 2045 968 2070 unum
988 2034 1111 2069 solum
1140 2034 1348 2080 mundum,

296 2091 332 2120 et
357 2097 436 2121 non
465 2097 546 2121 esse
584 2098 672 2122 eum
701 2086 993 2134 sempiternum,
1024 2086 1136 2122 etiam
1165 2086 1212 2122 de
1241 2094 1348 2122 motu

294 2144 442 2185 ponunt
465 2139 568 2185 quod
580 2139 599 2158 ²²²
611 2138 851 2186 consequitur
872 2139 1081 2174 secundum
1097 2138 1292 2184 rationem,
1308 2145 1350 2175 ut

295 2189 433 2225 scilicet
460 2202 538 2226 non
561 2202 711 2239 semper
738 2190 793 2227 sit.
817 2191 855 2227 Si
885 2202 971 2237 ergo
991 2197 1154 2238 ponatur
1182 2190 1286 2238 quod
1305 2190 1351 2227 sit·

296 2241 448 2289 aliquod
477 2249 626 2291 tempus
654 2243 692 2279 in
721 2255 797 2291 quo
826 2243 915 2279 nihil
943 2243 1180 2289 movebatur,
1202 2250 1349 2290 oportet

296 2294 400 2342 quod
418 2295 493 2330 hoc
512 2295 656 2332 accidat
675 2295 824 2332 duobus
844 2294 980 2340 modis,
1005 2294 1099 2331 sicut
1118 2295 1230 2331 etiam
1256 2295 1348 2331 duo-

296 2346 366 2382 bus
394 2347 519 2383 modis
546 2354 669 2395 potest
686 2348 776 2396 poni
795 2347 856 2384 hic
875 2348 1039 2384 mundus
1059 2345 1083 2368 ⁶*
1099 2359 1177 2383 non
1190 2359 1349 2406 semper

295 2398 429 2435 fuisse:
466 2411 544 2436 uno
582 2400 700 2436 modo
738 2400 842 2448 quod
873 2399 1038 2436 mundus
1074 2399 1140 2435 iste
1169 2400 1222 2436 sic
1248 2399 1348 2435 ince-

294 2451 389 2499 perit
425 2452 528 2500 quod
564 2464 759 2500 nunquam
788 2459 897 2488 antea
930 2452 1057 2498 fuerit,
1092 2452 1186 2488 sicut
1220 2452 1348 2500 posuit

295 2505 558 2562 Anaxagoras3
594 2504 666 2541 alio
695 2505 813 2541 modo
842 2505 945 2552 quod
974 2504 1139 2541 mundus
1167 2504 1220 2540 sic
1246 2504 1345 2540 ince-

294 2556 390 2605 perit
417 2556 522 2604 quod
554 2557 677 2605 aliquo
706 2565 877 2606 tempore
905 2569 983 2594 non
1010 2556 1134 2604 fuerit,
1166 2558 1233 2594 sed
1261 2564 1347 2594 ante

295 2608 386 2644 illud
413 2616 562 2657 tempus
599 2609 733 2646 iterum
762 2610 888 2656 fuerit,
923 2617 965 2646 ut
990 2609 1116 2657 posuit
1152 2610 1345 2658 Empedo-

297 2661 383 2697 cles.
412 2661 461 2697 Et
489 2661 655 2698 similiter
674 2661 770 2698 circa
788 2669 937 2699 motum
965 2664 1209 2709 Anaxagoras
1229 2662 1318 2698 dixit
1336 2668 1347 2682 ¹

296 2713 400 2761 quod
419 2713 615 2760 quondam
635 2714 763 2750 omnia
782 2714 894 2750 simul
914 2721 1017 2750 erant
1030 2726 1150 2750 unum
1166 2727 1253 2750 cum
1273 2715 1346 2751 alio

297 2766 556 2812 commixtum,
578 2773 614 2802 et
640 2766 729 2802 nihil
749 2774 827 2802 erat
854 2767 902 2802 ab
924 2767 996 2802 alio
1026 2774 1278 2813 segregatum:
1308 2767 1345 2803 in

296 2829 371 2866 qua
401 2818 556 2866 quidem
584 2830 710 2854 rerum
738 2818 898 2855 mixtura
925 2831 1079 2855 necesse
1111 2818 1178 2855 fuit
1203 2831 1345 2866 ponere

296 2870 400 2918 quod
434 2870 563 2911 omnia
596 2870 848 2919 quiescerent:
883 2878 1008 2907 motus
1042 2871 1143 2907 enim
1180 2883 1255 2907 non
1293 2878 1348 2907 est

295 2922 437 2971 absque
467 2922 754 2970 disgregatione;
775 2935 889 2960 omne
916 2923 1016 2959 enim
1037 2923 1140 2971 quod
1158 2931 1346 2970 movetur,

295 2975 342 3011 ab
371 2975 496 3023 aliquo
526 2975 674 3022 recedit,
703 2982 745 3011 ut
767 2975 805 3012 in
829 2975 929 3012 aliud
952 2976 1089 3012 tendat.
1121 2977 1229 3012 Hanc
1257 2988 1346 3023 ergo

295 3039 422 3064 rerum
443 3027 644 3067 mixturam
660 3035 695 3064 et
709 3027 874 3075 quietem
892 3028 1018 3076 posuit
1037 3028 1290 3076 praeextitisse
1310 3028 1348 3065 in

295 3086 468 3128 tempore
486 3079 643 3127 infinito,
664 3079 714 3116 ita
732 3081 752 3101 ’ἢ
766 3080 871 3128 quod
889 3093 1085 3129 nunquam
1106 3088 1215 3117 antea
1230 3081 1349 3117 fuerat

348 3198 374 3233 δ)
392 3199 461 3224 sicut
477 3199 556 3224 etiam
576 3200 676 3225 duobus
694 3200 779 3225 modis
792 3203 883 3232 potest
896 3200 963 3232 poni
981 3200 1022 3225 hic
1035 3201 1156 3225 mundus.
1169 3213 1188 3220 —·
1200 3201 1235 3225 Ita
1253 3200 1346 3225 CDGH

295 3234 555 3265 LMNOQRSVZsK;
574 3235 642 3260 sicut
659 3236 739 3260 etiam
757 3235 858 3260 duobus
871 3235 956 3259 modis
972 3243 1024 3260 om.
1035 3236 1135 3267 'pABIK
1149 3235 1223 3260 solita
1234 3235 1346 3259 occasio-

296 3277 329 3294 ne
346 3269 524 3300 homoteleuti;
543 3277 590 3302 pro
608 3270 676 3295 sicut
694 3270 781 3299 etiam,
801 3273 827 3294 et
844 3270 912 3294 sicut
929 3270 1007 3300 sA1x,
1030 3270 1104 3294 etsie
1118 3270 1228 3301 FTYpX
1249 3274 1274 3294 et
1292 3277 1308 3293 a
1319 3269 1347 3299 b,-

295 3304 345 3328 hoc
363 3304 464 3335 corrigit
477 3304 568 3328 Venet.
586 3303 652 3336 1504
671 3309 695 3328 et
714 3309 852 3336 sequentes
866 3304 989 3329 editiones
1003 3304 1054 3329 sic:
1073 3305 1185 3329 Ponitur
1198 3305 1267 3328 enim
1283 3304 1347 3328 duo-

296 3339 342 3363 bus
361 3339 446 3363 modis
464 3338 506 3363 hic
523 3339 637 3363 mundus
656 3338 791 3370 (mundum
807 3339 825 3362 Ρ
838 3344 863 3363 et
877 3338 967 3364 Vener.
985 3338 1059 3370 1545,
1076 3337 1148 3368 1551,
1166 3338 1279 3370 1552).—-
1291 3340 1347 3363 Sta-

295 3374 341 3398 tim
355 3381 402 3406 pro
422 3373 547 3405 inceperit
560 3373 612 3398 Pab
625 3373 664 3398 bis
678 3374 765 3406 legunt
779 3373 888 3405 incepit;
907 3373 967 3397 item
982 3381 1029 3405 pro
1041 3374 1129 3407 suerit
1147 3374 1230 3406 primo
1242 3375 1345 3406 suerat,

296 3408 409 3433 secundo
420 3409 493 3441 suit;
512 3408 558 3432 sed
577 3413 602 3432 et
615 3409 686 3440 ipsae
704 3413 794 3440 postea
813 3408 907 3432 iterum
920 3408 1016 3441 suerit.

348 3443 369 3475 ε)
391 3443 426 3467 Et
443 3443 564 3467 similiter
581 3443 652 3468 circa
670 3446 768 3468 motum
786 3444 967 3475 Anaxagoras
985 3443 1066 3467 dixit.
1079 3456 1097 3462 —-
1113 3442 1154 3467 Sic
1167 3451 1258 3467 omnes
1278 3443 1347 3467 codi-

297 3486 339 3502 ces
359 3477 454 3512 (tamen
472 3485 519 3509 pro
537 3477 617 3507 dixit,
634 3477 699 3502 dicit
717 3477 951 3511 CFHLMORVZ);
971 3485 1061 3502 omnes
1079 3485 1141 3502 vero
1160 3478 1283 3502 editiones
1302 3478 1346 3502 ad-

297 3513 360 3538 dunt
377 3516 465 3537 autem
484 3517 543 3544 post
560 3513 743 3545 Anaxagoras
761 3517 786 3537 et
804 3512 998 3544 interpungunt:
1018 3515 1047 3536 ut
1055 3512 1147 3544 posuit
1162 3513 1347 3544 Empedocles,-

296 3551 323 3573 et
340 3547 462 3572 similiter
479 3548 550 3572 circa
573 3551 680 3572 motum.
703 3549 884 3580 Anaxagoras
908 3550 995 3572 autem
1016 3547 1088 3572 dixit
1106 3552 1153 3572 etc.
1178 3548 1293 3572 Praestat
1310 3548 1346 3572 le-

297 3582 346 3607 ctio
365 3582 494 3607 codicum:
513 3590 572 3607 nam
591 3590 612 3607 s.
627 3582 743 3607 Thomas
761 3582 867 3606 intendit
883 3582 1044 3607 manifestare
1055 3583 1231 3614 Anaxagoram
1246 3588 1272 3607 et
1285 3583 1346 3607 Ern-

2379 285 2451 320 363

1401 360 1531 408 aliquis
1551 368 1693 406 motus3
1724 369 1760 397 et
1787 361 1888 419 quod
1919 361 2137 407 intellectus,
2159 361 2222 409 qui
2248 362 2348 397 solus
2377 373 2455 397 non

1402 420 1479 449 erat
1505 413 1729 461 permixtus,
1759 414 1896 461 incepit
1925 414 1971 449 de
2000 426 2102 450 novo
2133 414 2254 449 facere
2284 421 2452 459 motum,

1402 472 1437 501 et
1464 465 1673 523 disgregare
1698 478 1756 501 res
1777 467 1823 502 ab
1844 466 1863 486 ’¹‘
1884 466 2059 502 invicem.
2090 466 2343 524 Empedocles
2361 477 2454 502 vero

1401 517 1491 554 dixit
1517 518 1621 575 quod
1654 508 1693 553 in
1721 517 1845 576 aliqua
1880 525 1986 566 parte
2022 518 2204 566 temporis
2234 526 2288 554 est
2315 517 2455 565 aliquid

1401 570 1560 628 moveri,
1578 576 1613 605 et
1632 570 1765 605 iterum
1786 570 1824 606 in
1844 570 1914 606 alia
1932 578 2037 619 parte
2056 570 2237 618 temporis
2254 578 2307 606 est
2326 570 2455 606 omnia

1402 621 1604 670 quiescere.
1626 622 1798 658 Ponebat
1826 622 1926 658 enirn
1955 623 2210 670 Empedocles
2230 622 2335 670 quod
2363 623 2455 658 ami-

1402 674 1486 710 citia
1515 681 1551 709 et
1587 674 1769 710 discordia
1805 681 1890 710 sunt
1923 675 2044 722 prima
2081 687 2206 710 rerum
2239 675 2453 711 moventia:

1401 726 1584 762 amicitiae
1623 734 1750 762 autem
1786 727 1982 774 proprium
2016 735 2071 763 est
2108 727 2212 774 quod
2246 739 2291 762 ex
2329 727 2455 763 multis

1401 778 1510 814 faciat
1527 791 1660 825 unum,
1682 778 1891 815 discordiae
1910 791 2003 815 vero
2024 780 2128 826 quod
2144 779 2163 799 ’¹‘
2185 791 2230 814 ex
2248 791 2325 815 uno
2347 779 2456 815 faciat

1402 831 1530 867 multa.
1553 831 1652 876 Quia
1670 843 1763 867 vero
1779 831 1827 867 ad
1848 843 1928 867 esse
1945 831 2113 879 corporis
2133 831 2237 867 mixti
2257 831 2456 879 requiritur

1402 884 1505 930 quod
1534 883 1718 919 elementa
1746 883 1818 919 sint
1843 883 1881 919 in
1909 895 2029 919 unum
2051 883 2270 930 commixta,
2296 883 2345 919 ad
2373 896 2454 920 esse

1400 946 1493 970 vero
1513 935 1646 971 mundi
1667 935 1864 982 requiritur
1883 936 1987 983 quod
2008 937 2194 972 elementa
2215 935 2287 972 sint
2304 936 2344 972 in
2363 936 2455 972 locis

1401 986 1477 1022 suis
1495 999 1564 1034 per
1583 987 1757 1023 ordinem
1778 987 1987 1024 distributa:
2007 989 2174 1036 ponebat
2196 989 2214 1009 '³‘
2235 988 2338 1036 quod
2363 988 2455 1024 ami-

1402 1038 1486 1073 citia
1506 1046 1561 1074 est
1589 1051 1702 1075 causa
1726 1040 1974 1086 generationis
2005 1053 2208 1088 corporum
2237 1041 2453 1085 mixtorum,

1403 1089 1588 1126 discordia
1602 1103 1694 1127 vero
1712 1104 1824 1127 causa
1840 1092 2106 1140 corruptionis;
2119 1093 2184 1129 sed
2200 1105 2221 1128 e
2237 1093 2422 1129 contrario
2435 1093 2454 1113 ’¹‘

1401 1142 1439 1178 in
1466 1149 1545 1178 toto
1574 1143 1719 1179 mundo
1740 1144 1903 1179 amicitia
1927 1157 2039 1181 causa
2068 1145 2325 1193 corruptionis,
2348 1153 2384 1181 et
2403 1145 2455 1181 di-

1402 1194 1548 1230 scordia
1584 1195 1845 1241 generationis.
1882 1196 1943 1232 Sic
1981 1209 2069 1243 ergo
2106 1199 2272 1245 ponebat
2308 1198 2456 1234 moveri

1401 1254 1523 1283 totum
1551 1248 1751 1293 mundum,
1773 1259 1860 1283 cum
1879 1249 1940 1284 vel
1969 1249 2130 1285 amicitia
2154 1262 2198 1285 ex
2226 1250 2351 1286 multis
2371 1250 2457 1286 facit

1401 1311 1534 1345 unum,
1554 1300 1616 1335 vel
1637 1299 1823 1336 discordia
1842 1301 1960 1336 multa
1979 1301 2065 1337 facit
2085 1313 2128 1337 ex
2147 1314 2245 1338 uno:
2267 1302 2334 1338 sed
2353 1302 2456 1350 quie-

1401 1359 1478 1388 tem
1506 1352 1674 1400 ponebat
1693 1364 1773 1388 esse
1793 1352 1832 1388 in
1859 1352 1994 1389 mediis
2013 1354 2259 1401 temporibus,
2281 1367 2358 1390 non
2378 1354 2456 1402 qui-

1402 1405 1490 1440 dem
1510 1404 1559 1440 ita
1579 1404 1683 1452 quod
1702 1404 1793 1440 nihil
1821 1412 2039 1441 moveretur
2057 1407 2086 1451 ’ἢ
2108 1406 2176 1442 sed
2197 1414 2379 1454 quantum
2408 1407 2456 1443 ad

1402 1457 1617 1503 generalem
1645 1457 1778 1493 mundi
1806 1457 2067 1494 mutationem.

1454 1509 1503 1544 Et
1531 1509 1618 1557 quia
1644 1509 1809 1556 posuit*

1403 1561 1515 1597 etiam
1535 1561 1614 1597 eius
1632 1562 1760 1608 verba,
1791 1574 1888 1609 quae
1911 1562 2168 1598 difficultatem
2196 1563 2347 1610 habent,
2369 1564 2457 1612 quia

1401 1613 1554 1649 metrice
1573 1613 1727 1661 scripsit.
1751 1614 1812 1650 Sic
1827 1626 1915 1661 ergo
1936 1627 2044 1651 suam
2065 1615 2287 1652 sententiam
2309 1629 2456 1664 expres-

1402 1665 1447 1701 sit
1474 1666 1729 1713 Empedocles
1756 1666 1814 1703 his
1841 1667 1979 1713 verbis,
2009 1679 2106 1714 quae
2133 1667 2186 1703 sic
2206 1669 2457 1705 construenda

1402 1725 1507 1754 sunt:
1527 1718 1666 1754 Didicit
1687 1719 1800 1764 nasci,
1830 1719 1926 1755 idest
1940 1719 1992 1755 sic
2008 1728 2231 1756 consuetum
2248 1728 2303 1756 est
2317 1721 2457 1769 aliquid

1402 1770 1582 1816 generari,
1608 1771 1826 1818 inquantum
1855 1784 1904 1807 ex
1916 1772 2088 1819 pluribus
2101 1774 2154 1819 fit
2180 1785 2314 1816 unum,·
2337 1779 2373 1809 et
2394 1774 2456 1809 ite-

1402 1834 1499 1867 rum,
1530 1822 1625 1858 idest
1653 1823 1724 1858 alio
1754 1823 1871 1860 modo
1893 1823 1916 1869 ζ,
1947 1836 1996 1860 ex
2024 1837 2097 1861 uno
2124 1826 2332 1873 geminato,
2362 1826 2457 1862 idest

1403 1874 1626 1922 composito,
1641 1876 1889 1923 perficiuntur
1909 1876 2088 1924 plurima,
2111 1877 2206 1913 idest
2225 1879 2320 1914 fiunt
2339 1879 2457 1915 multa

1401 1939 1471 1974 per
1498 1927 1809 1974 disgregationem
1827 1941 1835 1964 τ
1874 1929 2062 1976 quaedam
2101 1930 2201 1965 enim
2239 1938 2325 1966 sunt
2358 1943 2456 1979 quae

1402 1987 1627 2026 generantur
1662 1992 1731 2028 per
1767 1981 2104 2028 compositionem,
2136 1983 2325 2030 quaedam
2363 1996 2455 2019 vero

1401 2044 1470 2080 per
1489 2032 1813 2080 disgregationem.
1843 2034 1892 2069 Et
1910 2033 2004 2070 sicut
2026 2035 2100 2070 hoc
2123 2035 2297 2071 videmus
2317 2035 2355 2071 in
2373 2048 2456 2084 par—

1402 2084 1615 2121 ticularibus
1639 2085 1954 2132 generationibus,
1982 2087 2035 2122 sic
2051 2088 2157 2134 fiunt
2182 2099 2252 2132 res,
2281 2087 2376 2123 idest
2405 2087 2457 2124 sic

1402 2143 1458 2173 est
1484 2136 1764 2184 intelligendum
1783 2138 1822 2174 in
1846 2138 2048 2175 universali
2068 2152 2195 2175 rerum
2215 2140 2456 2187 generatione

1403 2196 1584 2236 quantum
1610 2190 1658 2226 ad
1686 2197 1807 2226 totum
1836 2192 2034 2228 mundum.
2065 2193 2115 2227 Et
2133 2192 2232 2228 nullo
2262 2193 2372 2229 modo
2406 2199 2460 2229 est

1402 2241 1513 2288 ipsius
1539 2242 1729 2278 saeculum
1759 2255 1886 2288 unum,
1915 2243 2011 2280 idest
2039 2256 2116 2280 non
2141 2252 2195 2280 est
2213 2257 2312 2281 unus
2341 2253 2456 2281 status

1403 2293 1608 2330 durationis
1627 2306 1769 2340 rerum3
1795 2295 1862 2331 sed
1882 2296 2111 2344 quandoque
2131 2304 2329 2343 generatur
2347 2310 2456 2334 mun-

1402 2346 1496 2392 dus,
1527 2347 1756 2395 quandoque
1785 2348 2047 2396 corrumpitur,
2078 2350 2307 2398 quandoque
2327 2350 2455 2386 medio

1401 2398 1518 2434 modo
1539 2411 1578 2435 se
1604 2399 1736 2435 habet:
1765 2400 1954 2436 saeculum
1984 2400 2084 2436 enim
2119 2401 2251 2437 dicitur
2279 2414 2456 2438 mensura

1402 2450 1606 2487 durationis
1635 2451 1790 2487 alicuius
1818 2452 1882 2488 rei.
1917 2452 2204 2489 Distinctionem
2233 2461 2360 2490 autem
2388 2456 2455 2490 ho-

1400 2515 1486 2540 rum
1527 2505 1764 2540 saeculorum
1807 2504 1978 2552 exprimit
2015 2505 2204 2552 subdens,
2242 2507 2295 2542 sic
2331 2512 2455 2543 autem

1393 2562 1676 2603 permutantur;
1704 2556 1809 2604 quasi
1840 2557 1953 2593 dicat:
1983 2569 2102 2593 unum
2123 2559 2315 2594 saeculum
2337 2566 2391 2595 est
2418 2558 2455 2595 in

1401 2621 1476 2656 quo
1497 2621 1556 2644 res
1583 2616 1844 2656 permutantur
1870 2622 1939 2657 per
1958 2610 2287 2657 congregationem
2311 2612 2373 2647 vel
2398 2623 2453 2647 se-

1400 2661 1666 2708 gregationem.
1701 2662 1750 2697 Et
1782 2674 1830 2697 ne
1858 2661 1989 2710 aliquis
2023 2662 2239 2710 opinaretur
2271 2663 2375 2711 quod
2408 2664 2455 2700 ad

1400 2713 1682 2760 generationem
1719 2713 1851 2750 mundi
1888 2726 1965 2750 non
2002 2715 2200 2762 requiritur
2234 2716 2452 2762 saeculum,

1400 2766 1495 2802 idest
1513 2774 1662 2815 tempus
1687 2766 1857 2814 aliquod,
1888 2767 1955 2803 sed
1983 2768 2147 2804 mundus
2167 2768 2209 2804 fit
2231 2768 2269 2804 in
2292 2768 2453 2816 instanti,

1400 2818 1449 2854 ad
1468 2819 1542 2854 hoc
1571 2819 1845 2855 excludendum
1874 2819 2079 2867 subiungit:
2100 2832 2217 2868 neque
2243 2821 2355 2856 simul
2366 2832 2454 2868 per-

1389 2871 1586 2918 ficiuntur,
1607 2872 1674 2908 sed
1696 2872 1715 2892 ‘¹‘
1732 2884 1800 2919 per
1823 2872 1982 2908 multam
2002 2884 2151 2909 moram
2171 2873 2362 2921 temporis.
2379 2874 2454 2909 De-

1401 2923 1486 2959 inde
1507 2923 1554 2960 de
1569 2923 1641 2960 alio
1662 2925 1812 2960 saeculo
1833 2924 1997 2961 subdens
2014 2925 2115 2962 dicit:
2131 2926 2183 2961 sic
2194 2927 2213 2946 ³⁸³
2224 2931 2347 2962 autem
2361 2938 2454 2961 sem-
2484 2936 2492 2945 ·

1395 2987 1467 3023 per
1484 2982 1570 3012 sunt
1583 2976 1804 3019 immobiles;
1824 2976 1911 3025 quia
1930 2977 2067 3014 scilicet
2086 2978 2123 3014 in
2138 2978 2267 3014 medio
2283 2985 2454 3026 tempore

1402 3028 1650 3075 generationis
1680 3036 1714 3064 et
1743 3029 1990 3077 corruptionis
2013 3030 2139 3078 posuit
2162 3043 2220 3067 res
2249 3030 2452 3079 quiescere.

1403 3081 1450 3116 Et
1478 3092 1524 3116 ne
1553 3081 1684 3129 aliquis
1714 3081 1880 3118 crederet
1908 3082 2013 3130 quod
2041 3095 2191 3131 semper
2212 3090 2320 3119 antea
2348 3083 2455 3119 fuerit

1401 3201 1543 3232 pedoclem,
1559 3209 1611 3233 quo
1630 3202 1708 3226 modo
1727 3202 1846 3226 differunt
1863 3202 1889 3226 in
1908 3202 2053 3234 acceptione
2071 3201 2186 3233 principii
2206 3201 2280 3225 huius
2300 3201 2395 3229 mundi.
2411 3209 2453 3225 eo-

1401 3235 1459 3259 dem
1479 3235 1578 3260 differre
1602 3237 1627 3260 in
1647 3237 1792 3268 acceptione
1817 3237 1930 3268 principii
1955 3242 2050 3261 motus.
2067 3249 2086 3254 —
2104 3237 2154 3260 Pro
2174 3236 2320 3267 quondam,
2339 3236 2453 3267 quodam

1401 3273 1516 3302 tempore
1535 3271 1601 3300 Pab,
1621 3271 1815 3303 quodammodo
1831 3272 1864 3296 G.

1452 3305 1478 3339 ζ)
1497 3309 1524 3330 et
1542 3306 1645 3335 iterum,
1661 3306 1729 3331 idest
1746 3307 1800 3331 alio
1815 3306 1892 3330 modo
1908 3310 1954 3329 etc.
1969 3319 1986 3323 -
2000 3306 2124 3330 Notamus
2137 3306 2262 3329 variantes
2276 3305 2404 3329 recitando
2417 3306 2454 3330 le-

1401 3341 1510 3364 ctionem
1535 3341 1680 3373 adoptatam
1700 3350 1714 3364 α
1729 3346 1754 3365 et
1773 3341 1879 3370 iterum,
1899 3341 1964 3364 idest
1989 3341 2033 3370 (et
2055 3340 2150 3364 iterum
2173 3340 2240 3364 idest
2258 3347 2311 3363 om.
2326 3340 2362 3370 N,
2387 3341 2455 3365 idest

1400 3382 1454 3399 om.
1468 3380 1515 3399 cet.
1534 3380 1560 3400 et
1577 3377 1612 3407 a)
1631 3376 1680 3400 alio
1699 3376 1785 3405 modo,
1806 3383 1835 3400 ex
1853 3383 1905 3399 uno
1924 3375 2052 3407 geminato
2072 3373 2210 3407 (generato
2225 3375 2342 3405 GLRSZ,
2356 3375 2454 3407 germi-

1401 3413 1464 3434 nato
1474 3410 1518 3442 Q),
1528 3410 1594 3435 idest
1606 3411 1757 3443 composito,
1769 3409 1933 3442 perficiuntur
1944 3409 2098 3442 (perficiunt
2107 3409 2452 3443 ACIKLMNOQSTVXYa)

1400 3445 1510 3476 piurima
1528 3445 1622 3477 (plura
1635 3445 1785 3476 BDFGLS),
1800 3445 1866 3468 idest
1883 3443 1947 3468 fiunt
1966 3445 2046 3468 multa
2058 3445 2159 3474 (multa
2171 3444 2245 3476 fiunt
2259 3444 2454 3469 PACDIKNTV

1401 3479 1500 3510 XYab)
1512 3487 1559 3512 per
1571 3480 1797 3512 disgregationem:
1812 3479 1938 3511 quaedam
1953 3479 2020 3503 enim
2034 3484 2094 3503 sunt
2104 3487 2170 3511 quae
2181 3479 2252 3510 (sunt
2261 3486 2328 3511 quae
2337 3487 2389 3504 om.
2397 3479 2452 3512 DF)

1400 3519 1555 3546 generantur
1573 3522 1618 3546 per
1635 3514 1847 3546 compositionem
1863 3513 2103 3546 (congregationem
2120 3514 2228 3546 DFsH),
2248 3515 2374 3546 quaedam
2392 3522 2454 3539 vero

1401 3556 1447 3581 per
1466 3549 1689 3581 disgregationem.
1709 3549 1741 3573 Et
1759 3549 1824 3573 sicut
1841 3548 1890 3572 hoc
1910 3548 1962 3580 (hic
1980 3549 2058 3578 POY,
2071 3551 2123 3572 om.
2138 3549 2194 3580 pH)
2214 3549 2332 3573 videmus
2351 3550 2376 3573 in
2395 3557 2453 3582 par-

1400 3583 1546 3608 ticularibus
1562 3583 1775 3616 generationibus,
1787 3583 1823 3615 (in
1835 3583 1960 3615 partibus
1972 3583 2151 3616 generationis
2165 3583 2198 3616 G)
2209 3584 2245 3609 sic
2255 3583 2320 3608 fiunt
2329 3592 2371 3608 res
2380 3593 2393 3608 »
2405 3590 2452 3609 etc.

2484 481 2492 488 ·
2509 479 2542 500 ad
2553 485 2667 507 ncncupn.

2484 788 2492 796 ·
2508 787 2571 814 quod
2582 793 2629 808 om.
2641 787 2694 808 rab.

2483 995 2491 1003 “
2508 994 2612 1021 sequitur
2622 1000 2658 1015 nr.

2484 1096 2492 1104 ·
2517 1100 2630 1116 converso
2652 1101 2694 1116 nei·-

2483 1127 2523 1146 ια.

2485 1412 2493 1420 ·
2509 1413 2613 1432 movetur
2627 1411 2662 1433 rb.

1829 1510 2052 1546 sententiam
2075 1510 2331 1558 Empedoclis,
2351 1511 2459 1560 ponit
2485 1517 2625 1542 mmm
2639 1521 2697 1537 Rem

2484 1548 2580 1568 MNOQRV
2568 1548 2633 1563 v.zs}{

2512 2934 2554 2955 sed
2573 2941 2619 2956 om.
2640 2940 2654 2955 a
2672 2938 2695 2955 et

2483 2961 2551 2982 codd.
2567 2967 2615 2982 exc.
2633 2967 2694 2986 uLQS

2483 2993 2529 3034 §usli
2538 3013 2581 3034 pah
2593 3016 2613 3034 et
2625 3012 2693 3033 codd.

2483 3045 2531 3060 exc.
2556 3044 2693 3060 ncnrcmxov

2483 3071 2539 3086 zsiu.
