2982 4022
73 1556 87 1567 ⁴
110 1555 260 1583 anu‘quorum

74 1587 123 1604 om.
139 1588 206 1604 mn.

72 1765 84 1777 ⁴
91 1764 196 1789 ostendit
202 1764 283 1791 racab,

10 1785 28 1823 ’,ἶ
72 1791 172 1820 inquirit
182 1797 205 1813 ιι.

73 1870 84 1882 “
97 1869 162 1892 Lecx.
176 1875 217 1892 xn-

74 2029 83 2038 ·
97 2027 161 2049 Lect.
170 2032 219 2054 seq.

73 2079 86 2091 ¹⁶
92 2078 208 2106 proponit
215 2077 284 2100 codd.

74 2110 124 2127 exc.
138 2110 203 2126 nou.
218 2116 228 2120 -
238 2110 272 2131 po
274 2117 285 2122 -

72 2131 180 2155 cilionem
188 2131 286 2153 rtonab.

73 2181 85 2193 ⁸
97 2180 169 2203 Num.
183 2186 197 2208 3

43 2270 51 2279 .
73 2290 84 2300 ·
97 2289 171 2311 Νιιιιι.
185 2294 205 2316 5.

72 2445 169 2468 innati
174 2452 196 2473 a,
205 2447 284 2467 osten-

74 2471 110 2494 dit
122 2478 160 2494 nz-

73 2711 86 2724 ⁴
95 2712 216 2740 ponebant
227 2719 263 2734 ιιτ.

73 2738 98 2760 in
109 2739 284 2761 om.codd.exc.

18 2784 24 2792 ,⁴
73 2770 97 2786 n.

75 2793 84 2800 “
94 2790 255 2813 attribuebant
263 2797 285 2813 ιιι

0 2818 1 2824 ’
13 2827 32 2839 -ν
43 2833 45 2836 .
72 2823 170 2845 xrvvps.

71 3135 83 3147 ⁸
92 3141 149 3157 vero
156 3141 205 3157 om.
214 3135 283 3157 codd.

72 3167 122 3183 exc.
136 3168 189 3184 zen.

72 3318 84 3330 '⁴
98 3317 213 3340 vocabant
230 3324 284 3339 cmo

23 3361 26 3366 .
74 3350 190 3370 qsrvxva.

1180 270 1291 307 CAP.
1320 269 1372 316 V,

304 349 408 382 Ὥστε
433 348 552 381 ταύτοί
572 347 683 395 λε’(ειν
709 361 778 386 πως
802 349 860 380 καὶ
885 345 940 379 ἕτε
927 358 986 392 ρα
1004 345 1174 386 ἀλλήλων,
1194 345 1248 377 ἐ’τε
1235 357 1293 390 ρα
1311 345 1370 388 μὲν

378 393 487 438 ω’σπερ
511 395 569 424 καὶ
594 388 687 425 δοκε*
658 405 685 424 ει
710 397 781 430 τοῖς
807 394 978 428 πλείστοις
1003 391 1123 424 ταύτοί
1146 385 1183 421 δὲ
1210 389 1229 432 ᾔ
1249 389 1373 422 ἀναλο-

378 449 452 493 γον
477 436 689 491 λαμβάνουσι
712 437 792 492 γοὶρ
802 437 838 469 ἐκ
863 437 926 473 τῆς
953 436 1058 473 ἀυτῆς
1083 436 1294 477 συστοιχίας·
1325 433 1373 465 τοὶ

379 482 437 525 μὲν
462 495 528 528 γαρ
553 481 719 526 περιέχει,
745 482 793 513 τοὶ
816 476 853 512 δὲ
870 479 1090 534 περιέχεται
1101 479 1167 511 τῶν
1194 479 1367 511 ἐναντίων.

379 526 500 569 Ταύτῃ
524 522 562 558 δὲ
586 522 629 563 δη
654 524 815 562 ὡσαύτως
839 522 975 578 λέγουσι
998 526 1055 555 καὶ
1075 522 1211 577 ἑτέρως,
1227 524 1286 553 καὶ
1303 525 1371 576 χεῖ-

379 582 434 624 ρον
457 573 516 603 καὶ
541 570 688 611 βέλτιον,
713 572 770 601 καὶ
795 571 824 600 οἰ
849 569 907 611 μὲν
931 566 1168 622 γνωριμώτερα
1191 566 1288 599 κατα
1311 565 1370 598 τὸν

378 614 495 661 λό(ον,
521 614 609 647 ὥσπε
597 627 633 669 ρ
653 617 785 659 εἴρηται
809 612 984 655 πρότερον,
1004 614 1033 644 οἱ
1024 607 1095 642 ἰδέ
1119 611 1215 643 κατα
1237 610 1302 647 τήν
1321 612 1372 641 αἴ-

379 658 508 697 σθησιν
534 660 575 693 τὸ
595 670 653 703 μεν
677 646 741 712 γάρ
764 655 911 688 καθόλου
935 656 1032 688 κατα
1055 655 1115 688 τόν
1132 655 1233 701 λόγον
1257 653 1374 708 γνώρι-

380 715 455 758 μον,
472 703 524 778 λτό
547 698 585 734 δὲ
608 701 679 734 καθ’
706 700 852 732 ἕκαστον
876 699 972 732 κατοί
995 699 1058 736 τήν
1085 698 1250 736 αἴσθησιν·
1279 698 1294 730 ὁ
1312 709 1352 741 με
1355 710 1370 728 ν

380 747 444 800 γοὶρ
472 746 600 802 λόγος
594 745 664 779 ,τοῦ
694 743 863 785 καθόλου,
897 757 916 781 η
943 739 971 775 δ’
1001 742 1151 781 αἴσθησις
1182 743 1244 775 τοῦ
1275 741 1372 774 noceo&

407 803 476 833 ερος
518 791 585 822 οἷον
617 790 657 822 τὸ
682 788 741 832 μὲν
759 787 855 844 μέγα
885 790 944 820 καὶ
973 787 1015 820 τὸ
1040 788 1153 842 μικρὸν
1183 787 1280 819 κατα
1310 798 1372 818 τον

379 803 501 889 ἵόγον,
534 834 576 866 τό
599 829 637 865 δέ
663 834 786 865 πυκνὸν
813 835 871 864 καὶ
901 844 1006 876 μανον
1035 832 1131 864 κατα
1162 843 1227 867 την
1257 830 1371 867 αἴσθη-

379 889 443 911 σιν·
460 858 537 910 ‘'o’m
561 890 620 921 μεν
646 876 702 909 οὖν
727 878 886 915 ἐναντίας
909 872 962 908 δεῖ
982 889 1044 914 τας
1064 876 1169 921 ἀρχοὶς
1187 878 1286 916 εἰναι,
1309 886 1373 918 φα-

379 921 482 966 νερόν.

366 1034 516 1061 smopsm.
538 1049 572 1054 -
601 1042 624 1060 1.
645 1033 857 1069 Argumentum
882 1038 910 1059 et
931 1030 1033 1059 divisio
1053 1037 1155 1058 textus.
1171 1047 1189 1051 -
1210 1037 1238 1058 2.
1261 1030 1372 1058 Omnes

313 1072 439 1110 antiqui,
461 1072 514 1100 etsi
534 1071 652 1100 diversis
673 1071 783 1106 modis,
810 1077 970 1116 posuerunt
991 1070 1222 1098 contrarietatem
1244 1069 1273 1097 in
1294 1069 1372 1105 prin-

313 1111 402 1148 cipiis.
417 1129 436 1134 -
452 1112 478 1140 3.
502 1112 590 1151 Quod
610 1118 706 1140 autem
719 1111 813 1147 prima
832 1110 973 1147 principia
993 1111 1078 1146 (nam
1100 1110 1135 1137 de
1156 1108 1256 1145 primis
1277 1108 1372 1136 solum

312 1152 416 1189 agitur)
438 1151 494 1180 sint
507 1151 659 1186 contraria,
681 1150 840 1179 ostenditur
854 1159 887 1178 ex
902 1159 937 1178 eo
959 1150 1039 1186 quod
1059 1149 1114 1178 tria
1127 1155 1194 1177 sunt
1211 1149 1247 1176 de
1261 1148 1372 1176 ratione

312 1190 536 1236 principiorum:
565 1191 646 1228 quod
665 1199 727 1218 non
747 1190 804 1218 sint
824 1199 858 1218 ex
877 1189 955 1225 aliis,
984 1189 1064 1226 quod
1089 1198 1150 1217 non
1171 1188 1228 1216 sint
1248 1197 1282 1216 ex
1302 1188 1372 1216 alte-

312 1231 414 1266 rutris,
436 1231 516 1267 quod
537 1230 636 1258 omnia
657 1229 712 1258 alia
733 1229 790 1258 sint
810 1238 844 1257 ex
865 1229 915 1257 eis.
948 1229 1099 1264 Quaedam
1124 1228 1256 1256 dicantur
1271 1227 1372 1265 prima

313 1269 464 1298 contraria.
479 1278 540 1305 -.4
556 1270 644 1304 Quod
665 1275 761 1297 autem
783 1268 879 1297 omnia
891 1268 973 1307 fiunt
990 1277 1030 1296 ex
1043 1267 1208 1301 contrariis,
1222 1268 1371 1303 probatur.

313 1310 409 1337 Omne
430 1310 511 1346 quod
531 1309 563 1337 fit
583 1315 612 1337 et
632 1307 842 1344 corrumpitur,
866 1317 927 1336 non
948 1314 991 1335 est
1010 1314 1165 1344 antequam
1187 1307 1233 1342 fit,
1255 1315 1309 1334 nec
1330 1312 1373 1334 est

311 1355 469 1386 postquam
491 1348 694 1384 corrumpitur.
721 1348 804 1376 Unde
825 1347 856 1375 id
876 1348 956 1384 quod
975 1356 1028 1383 per
1047 1356 1078 1375 se
1098 1346 1207 1383 aliquid
1226 1328 1271 1381 iit,
1294 1352 1321 1374 et
1341 1345 1372 1373 in

313 1388 395 1434 quod
407 1397 458 1425 per
471 1397 501 1416 se
522 1387 628 1425 aliquid
651 1387 854 1432 corrumpitur,
870 1388 955 1415 debet
967 1387 1022 1414 tale
1037 1395 1098 1414 esse
1120 1385 1223 1422 quod
1216 1395 1245 1413 ιιι
1260 1394 1312 1413 sua
1326 1395 1372 1413 ra-

311 1428 391 1456 tione
411 1427 538 1456 includat
558 1436 619 1455 non
640 1436 702 1455 esse
722 1427 783 1455 eius
804 1427 884 1464 quod
905 1426 937 1454 fit
956 1426 1001 1454 vel
1021 1425 1222 1462 corrumpitur.
1251 1424 1371 1453 Manife-

380 1552 401 1585 ἒ
429 1550 545 1594 ,Ἦ,·,·;·»
538 1558 541 1560 ·
549 1537 672 1574 ositis
691 1536 934 1595 opinionibus
958 1536 1200 1596 antiquorum
1215 1535 1368 1584 *philo-

379 1588 402 1619 Ἃ
441 1569 499 1621 ⁶5)
527 1590 780 1649 &sophorum
805 1590 851 1626 de
878 1589 1069 1637 principiis
1097 1596 1273 1635 naturae,
1307 1587 1368 1624 hic

366 1659 482 1689 qux
428 1642 697 1691 ffffiincipit
723 1641 912 1693 inquirere
931 1643 1140 1679 veritatem.
1171 1642 1220 1677 Et
1242 1640 1366 1689 primo

374 1686 402 1717 Ψ
428 1683 540 1738 iffi)
543 1692 557 1718 ¹·-
569 1694 721 1744 inquirit
739 1707 825 1731 eam
840 1706 910 1743 per
923 1694 1086 1730 modum
1107 1692 1369 1742 disputationis

313 1748 627 1808 exprobabilibus
641 1747 906 1796 procedend0;
927 1746 1096 1783 secundo
1113 1746 1361 1783 determinat
1349 1746 1368 1766 ²²

311 1802 508 1839 veritatem
534 1814 604 1851 per
636 1800 797 1837 modurn
832 1799 1176 1845 demonstrationis,
1207 1798 1278 1835 ibi:
1308 1798 1370 1834 Sic

311 1856 428 1905 igitur
454 1867 522 1892 nos
540 1855 707 1892 dzcamus
723 1854 743 1874 ’ἒ
763 1855 831 1889 etc.
854 1852 963 1889 Circa
980 1852 1156 1911 primurn
1168 1828 1246 1888 ⁷<in
1266 1851 1368 1887 facit:

309 1908 434 1958 primo
462 1907 612 1957 inquirit
641 1906 688 1943 de
717 1905 973 1943 contrarietate
1001 1905 1291 1953 principiorum3
1312 1917 1369 1940 se-

312 1961 437 1998 cundo
458 1961 505 1998 de
532 1971 693 1997 numero
723 1971 869 2005 eorum,
890 1958 956 1994 ibi:
991 1959 1226 2006 Consequens
1245 1963 1369 1994 autem

312 2014 471 2063 utique*
490 2020 558 2050 etc.
589 2012 698 2049 Circa
725 2011 893 2071 primum
921 2010 990 2047 tria
1017 2010 1119 2047 facit:
1148 2010 1272 2059 primo
1300 2022 1369 2059 po-

311 2067 366 2104 nit
381 2067 401 2088 *
417 2066 640 2115 opinionem
660 2065 902 2112 antiquorum
923 2063 970 2100 de
991 2063 1262 2100 contrarietate
1269 2063 1370 2111 prin-

313 2119 519 2168 cipiorum;
549 2117 717 2154 secundo
746 2117 889 2154 inducit
917 2116 966 2153 ad
989 2117 1062 2152 hoc
1081 2116 1278 2163 rationem,
1299 2115 1368 2152 ibi:

311 2172 362 2208 Et
386 2173 457 2208 hoc
484 2169 753 2208 rationabiliter
770 2170 790 2190 ’⁸
817 2176 909 2205 etc.·
901 2197 909 2214 ,
938 2168 1046 2205 tertio
1082 2168 1244 2205 ostendit
1276 2181 1369 2218 quo-

313 2223 431 2260 modo
463 2222 679 2282 philosophi
712 2234 752 2258 se
780 2221 973 2257 habebant
999 2221 1037 2257 in
1064 2220 1245 2269 ponendo
1281 2233 1370 2257 con-

312 2276 423 2313 traria
445 2275 643 2324 principia,
669 2274 736 2311 ibi:
771 2275 894 2322 Usque
921 2274 1068 2322 quidem
1097 2274 1213 2322 igitur
1234 2274 1253 2294 ’¹‘
1272 2281 1340 2310 etc.

367 2340 401 2365 2.
422 2328 522 2365 Dicit
540 2340 628 2375 ergo
648 2327 772 2375 primo
802 2326 906 2375 quod
926 2339 1061 2363 omnes
1086 2325 1228 2375 antiqui
1248 2326 1368 2374 philo-

311 2381 422 2430 sophi
448 2387 659 2430 posuerunt
686 2379 986 2426 contrarietatem
1014 2379 1052 2415 in
1079 2378 1281 2427 principiis.
1321 2380 1370 2415 Et

310 2434 386 2470 hoc
399 2433 644 2470 manifestat*
652 2445 722 2481 per
734 2440 808 2469 tres
824 2432 1023 2481 opiniones
1037 2431 1366 2491 philosophorum.

312 2486 480 2545 Quidam
509 2485 611 2523 enim
646 2485 819 2522 dixerunt
855 2486 959 2534 quod
995 2492 1117 2521 toturn
1145 2485 1368 2522 universum

311 2538 357 2576 sit
369 2551 491 2576 unum
507 2552 573 2577 ens
592 2538 800 2576 immobile.
819 2538 994 2590 Quorum
1013 2538 1260 2575 Parmenides
1281 2539 1370 2576 dixit

312 2592 415 2640 quod
445 2592 574 2629 omnia
593 2599 680 2629 sunt
697 2604 818 2628 unum
839 2592 1051 2628 secundum
1076 2592 1279 2638 rationem,
1301 2592 1369 2629 sed

312 2651 398 2681 sunt
414 2645 524 2694 plura
543 2637 754 2682 secundum
774 2657 947 2691 sensum,
973 2652 1009 2681 et
1027 2644 1252 2704 inquantum
1282 2652 1368 2682 sunt

310 2697 431 2745 plura,
450 2698 618 2748 ponebat
636 2697 682 2718 *
674 2709 712 2734 ln
733 2697 786 2734 eis
806 2697 992 2734 contraria
1009 2697 1209 2746 principia,
1230 2698 1369 2735 scilicet

313 2749 477 2786 calidum
497 2758 533 2786 et
547 2750 735 2797 frigidum,
756 2757 793 2786 et
812 2750 1036 2787 attribuebat
1056 2751 1076 2772 ²⁸
1096 2751 1288 2788 calidum
1279 2752 1366 2799 igni,

311 2801 488 2850 frigidum
501 2815 595 2839 vero
624 2810 756 2840 terrae.
773 2824 796 2830 -
814 2803 990 2840 Secunda
1021 2816 1115 2840 vero
1145 2804 1273 2853 opinio
1302 2805 1370 2841 fuit

309 2855 625 2915 philosophorum
658 2855 883 2893 naturalium
921 2856 985 2906 qui
1011 2864 1222 2905 posuerunt
1246 2869 1367 2895 unum

310 2907 538 2962 principium
567 2909 760 2946 materiale
797 2909 958 2946 mobile:
989 2916 1024 2945 et
1053 2909 1226 2947 dicebant
1263 2911 1368 2958 quod

312 2972 358 2997 ex
386 2973 431 2997 eo
460 2962 603 2999 fiebant
630 2961 701 2998 alia
728 2962 939 3000 secundum
964 2962 1151 2999 raritatem
1182 2971 1217 2999 et
1245 2963 1367 3000 densi-

310 3020 446 3060 tatem,
477 3021 512 3051 et
539 3015 592 3052 sic
627 3015 821 3063 ponebant
857 3027 984 3052 rarum
1022 3023 1058 3052 et
1086 3016 1247 3053 densum
1285 3030 1367 3054 esse

309 3066 504 3115 principia.
525 3089 549 3095 -
566 3068 695 3104 Tertia
722 3080 815 3104 vero
836 3070 855 3088 ⁴⁵
882 3068 1011 3116 opinio
1042 3076 1097 3105 est
1137 3081 1272 3106 eorum
1301 3070 1366 3118 qui

310 3126 520 3166 posuerunt
545 3121 653 3169 plura
679 3120 872 3170 principia.
906 3123 1006 3158 Inter
1041 3134 1138 3170 quos
1170 3123 1367 3159 Democri-

311 3178 370 3207 tus
396 3172 524 3219 posuit
550 3174 680 3210 omnia
707 3174 788 3210 fieri
818 3186 862 3211 ex
886 3174 1173 3212 indivisibilibus
1202 3176 1367 3225 corpori-

311 3223 382 3260 bus
394 3236 520 3272 ,quae
540 3226 695 3274 quidem
714 3226 790 3263 ad
781 3227 946 3264 invicem
975 3227 1190 3274 coniuncta,
1217 3228 1255 3265 in
1283 3229 1365 3277 ipso

312 3283 486 3312 contactu
501 3278 695 3325 quoddam
708 3291 875 3316 vacuum
896 3280 1172 3328 relinquebant;
1189 3288 1226 3317 et
1239 3282 1367 3319 huius-

312 3328 418 3365 modi
444 3330 650 3367 vacuitates
682 3332 847 3368 vocabat
875 3333 893 3354 *
921 3344 1058 3380 poros,
1088 3340 1131 3369 ut
1158 3341 1260 3381 patet
1287 3334 1326 3371 in
1350 3336 1365 3371 Ι

373 1711 402 1728 ὤ

347 3475 374 3507 α)
394 3474 498 3500 dicebat
516 3481 579 3499 esse.
596 3488 615 3493 —
632 3475 755 3507 Legimus
770 3483 830 3499 cum
844 3475 952 3506 CFMN;
971 3476 1093 3501 dicebant
1111 3474 1176 3510 (om.
1194 3476 1260 3511 esse)
1280 3478 1366 3510 GLpE

1403 270 1553 306 LECT.
1583 271 1618 307 X
2438 272 2484 308 33

1424 348 1442 366 ἦ
1457 349 1564 385 Quare
1587 355 1634 379 est
1658 349 1769 379 eadem
1795 349 1896 379 dicere
1920 349 2162 389 quodammodo
2183 355 2213 379 et
2236 349 2331 379 altera
2350 349 2387 378 ab
2409 349 2488 379 invi-

1492 399 1576 422 cem:
1588 393 1684 423 altera
1698 393 1828 433 quidem
1844 393 2119 434 quemadmodum
2130 393 2254 423 videtur
2269 393 2424 432 pluribus,
2440 403 2489 423 ea—

1490 437 1564 466 dem
1586 447 1660 467 vero
1680 437 1856 467 secundum
1879 437 2066 477 analogiam.
2087 437 2255 476 Accipiunt
2278 436 2364 466 enirn
2387 447 2424 467 ex
2440 447 2488 467 ea-

1491 480 1564 510 dem
1588 481 1844 511 coordinatione:
1875 480 1952 511 haec
1975 481 2104 521 quidem
2129 481 2213 510 enim
2237 480 2409 519 continent,
2429 480 2489 511 alia

1491 530 1597 554 autern
1622 525 1823 555 continentur
1839 525 2079 555 contrariorum.
2097 525 2147 555 Sic
2163 524 2257 564 igitur
2281 524 2422 554 similiter
2442 524 2489 554 di-

1492 575 1567 598 cunt
1590 576 1620 599 et
1634 569 1732 606 aliter,
1749 576 1779 599 et
1801 569 1891 609 peius
1908 576 1938 599 et
1953 569 2076 599 melius.
2101 569 2141 598 Et
2163 569 2196 598 hi
2215 568 2345 608 quidem
2364 568 2489 598 notiora

1492 613 1669 643 secundum
1691 613 1857 650 rationem,
1876 613 1956 643 sicut
1979 613 2099 643 dictum
2114 619 2160 643 est
2183 613 2288 652 prius,
2312 612 2357 642 illi
2381 618 2488 642 autem

1492 657 1669 687 secundum
1683 667 1822 688 sensum.
1846 657 2027 688 Universale
2051 656 2180 697 quidem
2203 657 2289 687 enim
2311 656 2489 686 secundum

1490 700 1648 730 rationem
1671 708 1785 731 notum
1810 707 1874 739 est,
1901 701 2057 741 singulare
2081 707 2188 731 autem
2220 700 2397 731 secundum
2421 710 2489 737 sen-

1492 752 1582 775 sum:
1606 744 1685 775 ratio
1710 745 1840 785 quidem
1864 745 1948 775 enim
1967 745 2150 775 universalis
2174 751 2230 782 est,
2248 754 2358 774 sensus
2381 750 2489 774 autem

1490 788 1700 828 particularis:
1717 796 1752 819 ut
1769 799 1921 828 magnum
1938 796 1968 819 et
1990 799 2124 829 parvum
2141 789 2317 819 secundum
2333 788 2488 818 rationem

1491 839 1548 869 est,
1565 843 1671 863 rarum
1694 840 1800 863 autem
1817 840 1847 863 et
1863 834 1998 863 densum
2013 833 2188 863 secundum
2208 831 2374 863 sensum.'²‘
2390 832 2488 869 Quod

1492 877 1622 917 quidem
1645 877 1739 917 igitur
1762 877 1916 908 contraria
1939 884 2065 917 oportet
2084 887 2150 907 esse
2173 877 2337 917 principia,
2357 875 2487 906 manife-

1492 927 1578 951 stum
1601 927 1656 951 est.

1426 1035 1516 1057 statur
1536 1038 1587 1065 per
1607 1028 1815 1057 inductionem.
1838 1029 1945 1057 Omnia
1959 1029 2036 1057 enim
2051 1039 2124 1066 quae
2145 1029 2218 1057 fiunt
2231 1029 2276 1057 vel
2297 1038 2487 1065 corrumpun-

1425 1075 1480 1103 tur,
1496 1068 1568 1096 fiunt
1582 1077 1615 1095 ex
1630 1069 1778 1096 contrariis
1793 1069 1838 1096 vel
1852 1069 1962 1102 mediis,
1978 1070 2022 1096 vel
2036 1075 2260 1105 corrumpuntur
2274 1069 2303 1096 in
2323 1078 2369 1096 ea:
2392 1068 2488 1096 media

1425 1114 1522 1136 autem
1540 1107 1612 1135 fiunt
1633 1117 1666 1135 ex
1688 1108 1846 1136 contrariis.
1869 1109 1952 1136 Unde
1974 1108 2119 1136 concludit
2140 1109 2220 1145 quod
2242 1108 2341 1136 omnia
2361 1108 2405 1136 vel
2425 1107 2488 1144 ipsa

1426 1154 1492 1176 sunt
1513 1147 1664 1182 contraria,
1686 1148 1730 1175 vel
1751 1148 1823 1175 fiunt
1845 1157 1878 1176 ex
1899 1148 2058 1176 contrariis.
2073 1165 2092 1170 -
2109 1149 2135 1176 5
2149 1148 2231 1176 Multi
2245 1148 2488 1184 philosophorum

1426 1193 1586 1224 posuerunt
1606 1187 1746 1224 principia
1766 1196 1828 1215 esse
1849 1187 2001 1222 contraria,
2016 1197 2078 1215 non
2099 1188 2180 1224 quasi
2202 1189 2237 1215 ab
2259 1187 2356 1224 aliqua
2375 1187 2487 1218 ratione

1426 1226 1507 1261 moti,
1522 1227 1572 1254 sed
1588 1227 1715 1263 quadam
1729 1226 1852 1255 naturali
1872 1226 2058 1255 inclinatione
2072 1227 2230 1255 intellectus
2244 1228 2281 1254 ad
2295 1227 2452 1254 veritatem.
2469 1242 2488 1247 -

1426 1267 1454 1294 6.
1478 1267 1584 1301 Quoad
1603 1275 1672 1294 vero
1693 1266 1870 1303 positionem
1891 1266 2061 1294 differebant
2086 1267 2206 1302 praefati
2226 1266 2401 1302 philosophi.
2430 1265 2487 1293 Alii

1425 1306 1502 1334 enim
1530 1307 1678 1342 ponebant
1700 1305 1839 1350 principia
1867 1306 2011 1334 contraria
2034 1315 2108 1342 quae
2129 1313 2195 1333 sunt
2215 1305 2328 1342 priora,
2349 1305 2396 1334 alii
2417 1314 2487 1333 vero

1425 1355 1499 1390 quae
1521 1352 1587 1373 sunt
1607 1345 1782 1382 posteriora;
1804 1345 1852 1374 alii
1872 1345 1988 1374 notiora
2010 1347 2169 1373 secundum
2190 1345 2342 1380 rationem,
2364 1345 2411 1373 alii
2432 1354 2487 1372 no-

1424 1385 1499 1413 tiora
1519 1385 1679 1413 secundum
1700 1394 1826 1413 sensum.
1841 1401 1860 1407 -
1875 1395 1901 1421 7.
1924 1386 2036 1413 Tamen
2064 1385 2137 1413 inter
2158 1394 2260 1413 omnes
2281 1391 2323 1413 est
2343 1385 2486 1421 quaedam

1426 1424 1638 1460 convenientia,
1661 1431 1688 1452 et
1709 1425 1827 1461 quidem
1847 1424 2003 1461 tripliciter.

1422 1533 1467 1571 de
1490 1534 1738 1571 Generatione
1756 1535 1785 1570 ³³.
1817 1534 1879 1571 Sic
1898 1534 2007 1583 igitur
2025 1534 2155 1571 omnia
2180 1546 2340 1583 corpora
2367 1547 2485 1584 pone-

1422 1588 1486 1623 bat
1504 1588 1524 1608 *⁴
1544 1586 1757 1635 composita
1785 1599 1831 1623 ex
1848 1588 1970 1635 firmo
1991 1595 2028 1624 et
2047 1588 2162 1634 inani,
2189 1587 2286 1624 idest
2305 1601 2350 1625 ex
2369 1588 2533 1637 pleno²¹

1423 1648 1459 1676 et
1477 1652 1618 1676 vacuo:
1639 1639 1741 1676 unde
1759 1640 1918 1688 plenum
1939 1647 1975 1676 et
1997 1653 2164 1677 vacuum
2195 1641 2343 1678 dicebat
2372 1653 2452 1678 esse
2467 1648 2484 1662 ”

1422 1692 1605 1741 principia
1623 1700 1795 1738 naturae;
1813 1693 1880 1729 sed
1894 1693 2050 1741 plenum
2071 1693 2296 1730 attribuebat
2312 1694 2398 1740 enti,
2418 1706 2484 1731 va-

1424 1757 1539 1781 cuum
1566 1757 1660 1782 vero
1680 1757 1758 1781 non
1781 1745 1866 1782 enti.
1889 1747 1996 1793 Item,
2017 1746 2102 1782 licet
2130 1759 2290 1795 corpora
2318 1724 2484 1784 indivisi-

1423 1797 1511 1834 bilia
1540 1797 1670 1834 omnia
1699 1805 1824 1834 essent
1853 1798 1966 1835 unius
1995 1806 2170 1846 naturae,
2199 1807 2329 1836 tamen
2358 1812 2403 1836 ex
2432 1800 2484 1836 eis

1423 1851 1606 1888 dicebat*
1628 1850 1801 1887 constitui
1822 1851 1971 1887 diversa
1996 1852 2207 1888 secundum
2228 1853 2521 1889 diversitatem·

1422 1904 1578 1963 figurae,
1599 1903 1798 1952 positionis
1818 1911 1854 1940 et
1873 1904 2028 1940 ordinis.
2050 1905 2161 1941 Unde
2175 1906 2484 1965 Ροιιεῐι3ῖ*Ρι”ιιι-
2511 1925 2522 1935 ⁴

1424 1957 1520 2005 cipia
1540 1969 1621 1992 esse
1648 1956 1833 1993 contraria
1861 1969 1958 2005 quae
1986 1965 2073 1993 sunt
2100 1957 2137 1994 in
2166 1970 2303 2006 genere
2330 1959 2484 2008 positio-

1423 2010 1502 2056 nis,
1531 2009 1670 2045 scilicet
1697 2022 1848 2046 sursum
1878 2017 1914 2046 et
1942 2011 2143 2058 deorsum,
2173 2019 2259 2048 ante
2294 2019 2330 2048 et
2362 2020 2483 2059 retro;

1424 2070 1461 2099 et
1478 2064 1498 2084 ³¹²
1518 2062 1703 2099 contraria
1722 2075 1820 2110 quae
1840 2070 1927 2099 sunt
1946 2063 1983 2099 in
2003 2040 2143 2111 genere
2164 2065 2319 2112 figurae,
2346 2065 2522 2102 scilicet

1424 2123 1580 2162 rectum,
1600 2115 1777 2163 angulare
1801 2123 1836 2151 et
1851 2115 2048 2162 circulare3
2065 2123 2101 2152 et
2115 2116 2283 2154 similiter
2299 2118 2484 2155 contraria

1424 2181 1521 2217 quae
1550 2175 1636 2204 sunt
1663 2168 1701 2204 in
1720 2181 1856 2216 genere
1886 2169 2039 2215 ordinis,
2061 2169 2200 2207 scilicet
2221 2171 2324 2219 prius
2354 2179 2388 2208 et
2414 2184 2484 2230 po-

1424 2221 1567 2267 sterius,
1595 2221 1642 2257 de
1672 2222 1809 2269 quibus
1837 2234 1915 2258 non
1943 2222 1986 2258 fit
2012 2222 2155 2259 mentio
2184 2223 2222 2259 in
2250 2224 2367 2260 littera
2396 2224 2484 2273 quia

1424 2273 1620 2309 manifesta
1649 2281 1744 2310 sunt.
1767 2275 1817 2310 Et
1845 2274 1897 2310 sic
1926 2275 2116 2311 concludit
2139 2276 2246 2324 quasi
2266 2277 2482 2314 inducendo

1423 2326 1527 2374 quod
1556 2338 1690 2362 omnes
1713 2326 1931 2375 philosophi
1957 2336 2168 2376 posuerunt
2190 2329 2373 2378 principia
2402 2342 2484 2366 esse

1424 2378 1610 2415 contraria
1630 2379 1841 2415 secundum
1866 2379 2030 2428 aliquem
2055 2381 2227 2419 modum.
2254 2383 2312 2419 De
2337 2383 2483 2442 opinio-

1423 2443 1472 2467 ne
1492 2439 1619 2468 autern
1647 2434 1895 2490 Anaxagorae
1916 2440 1951 2469 et
1975 2434 2219 2482 Empedoclis
2248 2436 2482 2472 mentionem

1423 2496 1501 2520 non
1529 2483 1637 2531 fecit,
1667 2484 1756 2532 quia
1785 2497 1847 2521 eas
1873 2486 2065 2560 superius*
2075 2488 2095 2507 ’³‘
2124 2488 2243 2536 magis
2273 2489 2480 2537 explicavit.

1423 2538 1472 2573 Et
1494 2544 1623 2573 tamen
1647 2537 1685 2573 hi
1703 2538 1898 2586 ponebant
1918 2538 2065 2575 etiarn*
2081 2541 2370 2600 quodammodo
2392 2555 2480 2578 con-

1422 2589 1650 2626 trarietatem
1684 2590 1722 2626 in
1749 2591 1961 2639 principiis,
1998 2592 2163 2629 dicentes
2190 2594 2318 2630 omnia
2346 2595 2428 2631 fieri
2461 2595 2480 2616 '¹‘

1421 2642 1712 2732 congregatione
1742 2651 1777 2679 et
1810 2645 2089 2692 segregatione,
2119 2658 2216 2695 quae
2251 2648 2483 2685 conveniunt

1490 2697 1510 2716 ·
1538 2708 1676 2743 genere
1706 2709 1794 2733 cum
1823 2709 1905 2733 raro
1935 2705 1971 2734 et
2000 2698 2130 2735 denso.

1435 2708 1512 2785 n.3
1533 2748 1682 2786 Deinde
1707 2762 1794 2786 cum
1823 2750 1930 2786 dicit:
1950 2752 2001 2787 Et
2020 2752 2091 2787 hoc
2110 2752 2379 2789 rationabiliter
2398 2761 2479 2800 etc.,

1420 2801 1556 2860 ponit*
1565 2802 1803 2861 probabilem
1819 2803 2004 2840 rationem
2020 2804 2068 2840 ad
2084 2805 2361 2842 ostendendum
2378 2807 2482 2855 quod

1422 2854 1545 2902 prima
1580 2855 1763 2903 principia
1800 2863 1887 2893 sunt
1921 2857 2125 2909 contraria:
2161 2870 2257 2906 quae
2272 2858 2376 2895 talis
2414 2867 2479 2896 est.

1423 2907 1514 2944 Tria
1535 2907 1713 2945 videntur
1732 2909 1778 2945 de
1798 2909 1941 2946 ratione
1959 2905 2231 2959 principiorum
2252 2924 2333 2948 esse
2352 2911 2386 2948 βε
2406 2913 2480 2961 pri-

1422 2973 1530 2997 mum
1568 2961 1672 3010 quod
1700 2974 1778 2998 non
1815 2962 1888 2998 sint
1921 2975 1966 2999 ex
2003 2963 2102 3010 aliis;
2132 2965 2343 3001 secundum
2376 2966 2481 3014 quod

1422 3026 1501 3050 non
1529 3014 1601 3051 sint
1629 3027 1674 3051 ex
1703 3015 1903 3061 alterutris;
1933 3015 2084 3053 tertium
2113 3017 2216 3076 quod
2252 3018 2381 3054 omnia
2409 3019 2480 3055 alia

1422 3066 1494 3103 sint
1513 3079 1558 3103 ex
1579 3067 1642 3104 eis.
1666 3068 1743 3104 Sed
1762 3068 1855 3104 haec
1883 3068 1951 3104 tria
1980 3070 2211 3107 conveniunt
2230 3071 2361 3130 primis
2391 3084 2479 3108 con-

1421 3120 1558 3166 trariis;
1589 3132 1678 3167 ergo
1706 3120 1831 3169 prima
1859 3122 2044 3158 contraria
2063 3131 2150 3159 sunt
2166 3123 2361 3172 principia.
2378 3145 2401 3151 -
2417 3124 2478 3160 Ad

1421 3149 1710 3220 intelligendum
1733 3181 1860 3210 autern
1880 3174 1971 3223 quid
1998 3183 2110 3211 vocet
2126 3177 2255 3224 prima
2275 3177 2476 3222 contraria,

1422 3226 1739 3265 considerandum
1756 3227 1844 3263 est*
1861 3227 1964 3286 quod
1984 3225 2173 3276 quaedam
2189 3229 2373 3265 contraria
2393 3236 2515 3266 sunt

1421 3291 1518 3327 quae
1548 3292 1592 3315 ex
1621 3279 1699 3316 aliis
1729 3280 1921 3316 contrariis
1951 3289 2161 3327 causantur,
2184 3282 2278 3317 sicut
2306 3282 2413 3318 dulce
2443 3289 2478 3318 et

1421 3344 1595 3369 amarum
1616 3340 1816 3369 causantur
1843 3345 1888 3368 ex
1915 3333 2073 3369 humido
2104 3341 2139 3369 et
2166 3334 2265 3370 sicco
2291 3341 2327 3370 et
2355 3334 2476 3371 calido

1416 3480 1620 3514 principiorum.
1635 3480 1733 3504 Deinde
1752 3479 1828 3503 iidem
1848 3478 1948 3503 codices
1967 3483 2027 3510 post
2044 3478 2122 3503 verba
2135 3479 2269 3510 primum,
2290 3480 2432 3505 secundum
2451 3486 2477 3506 et

312 3514 338 3534 et
355 3517 388 3539 a;
406 3509 528 3535 dicebant
545 3517 600 3534 esse
613 3514 675 3540 cet.;
691 3510 726 3534 Pb
745 3518 797 3534 om.
809 3517 872 3535 esse.
885 3511 1005 3535 -Altera
1020 3511 1086 3536 linea
1102 3512 1282 3537 attribuebant
1295 3513 1336 3538 ed.
1349 3520 1366 3538 a
1420 3515 1528 3539 tertium
1547 3510 1644 3539 addunt
1662 3518 1713 3543 est;
1732 3519 1756 3538 et
1774 3521 1865 3538 omnes
1884 3521 1931 3545 pro
1950 3513 2004 3538 sint
2022 3513 2116 3538 habent
2134 3518 2203 3539 sunt.
2218 3515 2287 3539 FMN
2307 3520 2477 3548 transponunt

312 3549 338 3569 et
356 3545 430 3570 codd.
449 3552 502 3569 exc.
520 3545 691 3570 FMNRsC.-
704 3545 767 3570 Post
786 3545 846 3570 licet
863 3553 916 3570 om.
935 3553 1049 3578 corpora
1067 3547 1303 3577 AClKOQTVXY.

1420 3549 1480 3574 aliis
1499 3555 1524 3574 et
1541 3549 1679 3574 alterutris
1698 3547 1740 3582 (cf.
1759 3548 1844 3580 infra).
1861 3548 1923 3572 Post
1944 3549 2081 3574 alterutris
2101 3549 2124 3573 O
2143 3550 2212 3574 addit
2231 3550 2299 3576 idest
2323 3559 2403 3576 unum
2422 3559 2473 3576 non

366 3578 391 3612 β)
411 3579 443 3605 de
461 3580 565 3605 ratione
579 3580 774 3612 principiorum
793 3588 855 3605 esse.
863 3581 972 3606 -Codd.
997 3589 1050 3606 exc.
1069 3582 1115 3606 EG
1137 3589 1191 3607 esse
1211 3582 1243 3607 de
1261 3582 1366 3608 ratione
1419 3584 1455 3609 sit
1472 3591 1509 3609 ex
1527 3585 1589 3609 alio.

453 3633 521 3666 Opp.
540 3634 571 3658 D.
586 3633 699 3658 Tnomn
717 3633 748 3657 Τ.
768 3634 796 3658 11.

2282 3639 2294 3664 5

2515 354 2525 365 “
2539 353 2607 375 Text.
2621 360 2661 382 49.

2514 841 2525 851 ⁸
2539 840 2607 862 Text.
2623 847 2659 868 5ο.

2512 1555 2562 1603 ¹Ca
2581 1561 2633 1582 .,vm
2641 1561 2680 1577 nn.
2688 1561 2726 1583 20,

2574 1573 2589 1603 f'.
2596 1588 2646 1609 cap.
2653 1588 2669 1609 1,
2677 1588 2691 1603 n
2695 1589 2726 1609 .,4

2512 1615 2527 1629 ιι
2542 1615 2565 1629 n.
2575 1608 2598 1629 8.
2640 1598 2669 1630 S.
2678 1608 2725 1630 Th.

2513 1635 2564 1656 lect.
2567 1641 2623 1656 xxu.
2631 1635 2668 1656 Cf.
2673 1635 2725 1656 lect.

2512 1667 2544 1682 ιιι.

2512 1688 2523 1699 “
2540 1687 2661 1714 ponebant
2673 1693 2688 1708 a
2704 1690 2726 1708 et

2513 1714 2584 1735 codd.
2599 1719 2649 1735 exc.
2665 1719 2726 1735 cnm

2512 1746 2550 1761 κιι.

2610 1777 2627 1792 α

2513 1871 2647 1892 'dicebant
2656 1871 2726 1892 codd.

2512 1903 2561 1919 exc.
2577 1903 2688 1918 CFGMNRZ.

2541 1923 2662 1951 ponebant
2682 1923 2726 1944 rab

2512 1954 2534 1971 et
2549 1950 2618 1971 codd.
2633 1956 2683 1972 exc.
2698 1955 2725 1971 cr

2512 1983 2583 1998 minz.

2511 2083 2561 2104 et
2573 2089 2619 2104 om.
2634 2089 2656 2104 r.

2509 2504 2589 2526 “Lect.
2598 2510 2644 2531 vm,
2655 2511 2677 2531 4
2688 2510 2722 2532 5-

2510 2520 2678 2562 explanaxito
2685 2537 2723 2552 ex-

2506 2547 2722 2608 5¹¹55s205221<⁰ss¹gs

2509 2616 2578 2631 rvxr.

2508 2636 2563 2657 ex
2577 2635 2629 2657 add.
2644 2642 2694 2657 Aue.

2509 2714 2559 2735 in
2575 2720 2623 2735 om.
2639 2715 2707 2736 codd.

2510 2746 2559 2761 exc.
2575 2747 2684 2762 Ancnrou.

2510 2823 2597 2844 ‘talem
2606 2823 2659 2845 add.
2667 2829 2721 2844 zoa.

2607 2924 2622 2957 β

2531 3247 2568 3267 est
2580 3252 2627 3267 om.
2642 3247 2695 3268 rab.
