2898 3996
1100 293 1209 328 CAP.
1239 291 1323 338 v11,
1354 291 1503 327 LECT.
1534 293 1586 328 ix

2357 290 2430 326 303

1069 512 1366 568 LECTIO
1404 514 1624 568 NONA

363 666 542 697 FINITUM
565 666 623 696 ET
646 664 871 696 INFINITUM
895 663 1022 694 SIMUL
1047 663 1284 693 INVENITUR
1307 663 1349 693 IN
1372 663 1692 702 MAGNITUDINE,
1716 664 1938 703 TEMPORE,
1962 665 2109 696 MOBILI
2133 666 2191 696 ET
2214 665 2342 696 MOTU

330 839 377 878 τῷ
403 840 531 869 πλείονι
555 837 665 880 μεῖζον
685 834 837 880 μεγεθος,
857 847 888 866 εν
907 848 955 875 τῳ
976 835 1097 877 ἀπείρῳ
1115 835 1219 879 χρόνῳ
1239 830 1316 867 ἀδύ-

329 880 432 913 νατόν
458 881 530 912 ἐστι
555 878 808 923 πεπερασμένην
838 878 1018 918 κινεῖσθαι,
1045 878 1091 921 μή
1117 879 1180 915 τήν
1207 879 1316 915 αὐτήν

330 925 383 999 {el
397 926 454 956 καὶ
472 925 537 956 τῶν
554 924 679 961 ἐκεῖνης
698 935 732 956 τι
747 921 954 967 κινούμενον,
975 923 1047 954 ἀλλ’
1069 923 1102 954 ἐν
1121 924 1167 964 τῷ
1188 922 1317 954 ἅπαντι

354 979 480 1000 πασαν.

253 1009 330 1043 Ὅτι
355 1011 413 1055 μὲν
439 1010 508 1052 οὖν,
535 1013 564 1042 εἴ
587 1022 622 1043 τι
646 1011 816 1064 ἰσοταχῶς
839 1013 979 1050 κινοῖτο,
1002 1008 1132 1054 ἀνάγκη
1151 1010 1192 1041 τὸ
1217 1021 1320 1041 πεπε-

520 1053 527 1064 ,

327 1055 491 1099 ρασμένον
517 1066 549 1087 εν
574 1065 812 1098 πεπερασμένῳ
839 1053 1013 1092 κινεῖσθαι,
1039 1049 1154 1089 δῆλον·
1180 1051 1318 1095 ληφθέν-

327 1110 384 1136 τος
409 1099 473 1146 γάρ
498 1101 611 1143 μορίου
637 1097 931 1142 ὃ,καταμετρῆσει
961 1097 1025 1133 τήν
1051 1096 1151 1138 ὅλην,
1179 1097 1211 1129 ὲν
1235 1099 1317 1134 ἴσοις

328 1146 398 1180 τοῖς
424 1142 553 1188 χρόνοις
579 1142 755 1180 τοσούτοις
781 1141 844 1173 ὅσα
867 1141 915 1174 τά
930 1139 1031 1185 μόριά
1048 1142 1133 1182 ἐστι,
1153 1140 1215 1177 τήν
1239 1139 1316 1177 ὅλην

327 1189 514 1224 κεκίνηται.
534 1185 628 1218 “Ωστ’
649 1187 723 1218 ἐπεὶ
748 1187 865 1219 ταῦτα
890 1185 1100 1230 πεπέρανται
1116 1186 1175 1216 καὶ
1192 1185 1240 1225 τῷ
1259 1183 1317 1216 πό-

327 1241 384 1262 σον
410 1231 554 1263 ’ἑκαστον
578 1232 636 1261 καὶ
661 1231 709 1271 τῷ
735 1229 876 1267 ποσάκις
902 1229 1058 1270 ἅπαντα,
1075 1229 1133 1261 καὶ
1160 1230 1175 1260 ὁ
1200 1227 1317 1273 χρόνος

329 1272 368 1306 οἳν
393 1277 442 1312 εἴη
469 1273 733 1318 πεπερασμένος·
759 1273 968 1311 τοσαυτάκις
991 1272 1056 1317 γοὶρ
1081 1273 1180 1306 ἔσται
1199 1273 1320 1304 τοσοῦ-

328 1328 386 1356 τος
413 1318 487 1357 ὅσος
513 1320 529 1350 ὀ
554 1319 616 1350 τοῦ
641 1320 754 1362 μορίου
779 1317 894 1362 χρόνος
913 1315 1246 1354 πολλαπλασιασθεὶς
1270 1317 1317 1357 τῷ

328 1361 450 1398 πλήθει
475 1363 541 1395 τῶν
566 1364 698 1405 μορίων.

639 1405 646 1416 ἱ

256 1402 364 1437 'Anae
387 1402 431 1444 δή
454 1405 517 1439 κᾶν
542 1407 570 1438 εἰ
599 1417 646 1450 μη
677 1406 866 1449 ἰσοταχῶς,
893 1400 1040 1449 διαφέρει
1070 1402 1177 1436 οὐθέν.
1206 1404 1317 1436 Ἔστω

353 1450 391 1496 ἀρ
418 1451 464 1494 ἐφ’
493 1449 530 1488 ἧς
557 1450 597 1482 τὸ
621 1451 647 1480 Α
669 1450 728 1480 καὶ
753 1451 793 1482 τό
809 1451 833 1480 Β
850 1445 1027 1493 διάστημα
1052 1446 1317 1492 πεπερασμένον,

327 1461 348 1527 ἔ
369 1497 543 1531 κεκίνηται
568 1495 601 1526 ἐν
627 1494 674 1534 τῷ
702 1493 838 1538 ἀπείρῳ,
856 1494 914 1525 καὶ
941 1494 956 1524 ὁ
981 1491 1098 1536 χρόνος
1117 1493 1250 1535 ἄπειρος
1269 1493 1315 1536 ἐφ’

328 1537 366 1570 οὖ
391 1538 432 1571 τὸ
456 1539 516 1570 ΓΔ.
543 1539 580 1569 Εἰ
605 1533 646 1574 δή
674 1536 804 1581 ἀνάγκη
824 1536 984 1580 πρότερον
1003 1535 1114 1580 ἕτερον
1133 1536 1247 1579 ἑτέρου
1267 1548 1319 1567 κε-

326 1581 495 1623 κινῆσθαι,
515 1583 622 1614 τοῦτο
646 1576 684 1612 δὲ
707 1580 811 1618 δῆλον
830 1580 883 1614 ὅτι
905 1582 967 1613 τοῦ
983 1580 1103 1625 χρόνου
1126 1581 1157 1612 ἐν
1176 1581 1224 1621 τῷ
1242 1592 1319 1622 προ-

327 1625 411 1669 τέρῳ
434 1629 492 1658 καὶ
521 1625 648 1668 ὑστέρῳ
680 1624 794 1669 ἕτερον
825 1627 1014 1661 κεκίνηται·
1043 1622 1093 1656 ἀεὶ
1122 1623 1186 1670 γάρ
1212 1625 1244 1655 ἑν
1270 1626 1318 1666 τῷ

327 1672 457 1702 πλείονι
482 1669 594 1714 ἕτερον
620 1669 718 1701 ἔσται
742 1668 976 1713 κεκινημένον,
1004 1667 1062 1700 ἐάν
1088 1680 1125 1700 τε
1150 1669 1318 1712 ἰσοταχῶς

329 1713 386 1745 ἐάν
412 1726 450 1746 τε
475 1714 522 1758 μή
550 1714 718 1758 ἰσοταχῶς
753 1712 978 1757 μεταβάλλῃ,
1010 1714 1066 1743 καὶ
1093 1711 1152 1743 ἐάν
1177 1724 1215 1744 τε
1250 1712 1319 1744 ἑπι-

328 1760 421 1800 τείνῃ
446 1758 467 1794 ἦ
491 1760 614 1795 κίνησις
642 1757 698 1789 ἐάν
725 1769 763 1789 τε
790 1757 865 1798 ἀνίῃ
892 1755 948 1788 ἐάν
976 1767 1012 1788 τε
1030 1756 1126 1799 μένῃ,
1146 1754 1240 1787 οὐθὲν
1259 1755 1319 1793 ἧτ-

327 1812 400 1833 τον.
434 1801 586 1844 Εἰλήφθω
611 1796 656 1838 δή
680 1813 714 1834 τι
739 1802 800 1834 τοῦ
825 1802 875 1831 ΑΒ
899 1795 1160 1842 διαστήματος,
1187 1800 1228 1831 τε)
1253 1801 1317 1840 ΑΕ,

329 1845 346 1876 ὃ
368 1845 624 1900 καταμετρῆσει
649 1845 712 1882 τήν
737 1846 800 1878 AB.
826 1844 935 1876 Τοῦτο
960 1838 1004 1879 δή
1030 1844 1091 1875 τοῦ
1119 1844 1256 1887 ἀπείρου
1286 1844 1318 1875 ’έν

327 1900 393 1920 τινι
418 1890 553 1935 ἐγενετο
577 1887 697 1933 χρόνῳ·
730 1888 762 1920 ἑν
791 1886 911 1932 ἀπείρῳ
941 1887 1005 1933 γάρ
1031 1887 1068 1918 οὐ
1124 1887 1248 1920 οἷόντε·
1277 1887 1317 1920 τὸ

326 1933 390 1978 γάρ
418 1933 508 1967 ἅπαν
535 1933 568 1965 ἑν
588 1934 723 1976 ἀπείρῳ.
750 1933 815 1964 Καὶ
828 1931 938 1964 ιπάλιν
957 1899 1130 1975 ἕτερονγδὴ
1148 1931 1205 1964 ἑσὶν
1222 1931 1317 1972 λάβω

327 1977 403 2010 ὅσον
430 1978 471 2011 τὸ
495 1978 559 2018 AE,
581 1976 711 2023 ἀνάγκη
738 1977 770 2008 ἐν
793 1975 1031 2020 πεπερασμένῳ
1056 1976 1175 2030 χρόνῳ·
1194 1975 1234 2008 τὸ
1251 1975 1315 2021 γάρ

329 2022 420 2054 ἅπαν
455 2023 487 2054 ἐν
521 2021 657 2065 ἀπείρῳ·
687 2023 744 2052 καὶ
771 2019 859 2052 οὕτω
891 2015 934 2056 δή
962 2019 1166 2063 λαμβανων,
1200 2015 1316 2056 ἐπειδή

327 2067 389 2099 τοῦ
414 2066 473 2110 μὲν
499 2066 636 2108 ἀπείρου
662 2063 756 2096 οὐθέν
786 2065 859 2096 ἐστι
883 2063 995 2107 μόριον
1022 2063 1039 2094 ὃ
1061 2063 1317 2107 καταμετρησει

327 2106 518 2152 (ἀδύνατον
577 2109 614 2153 ἀρ
639 2109 680 2141 τὸ
712 2107 846 2152 ἄπειρον
879 2105 963 2139 εἶναι
989 2108 1024 2140 ἐκ
1057 2107 1316 2153 πεπερασμένων

326 2155 385 2185 καὶ
408 2156 486 2185 ἴσων
511 2165 557 2185 κα
597 2154 729 2191 ἀνίσων,
748 2147 807 2184 διαὶ
830 2151 871 2184 τὸ
887 2151 1253 2196 καταμετρηθῆσεσθαι
1271 2152 1319 2184 τά

1020 2195 1027 2206 Ι

329 2197 567 2242 πεπερασμένα
585 2196 707 2233 πλήθει
730 2198 787 2227 καὶ
813 2194 942 2240 μεγέθει
961 2196 1027 2228 ὑπο
1045 2207 1135 2234 τινος
1154 2195 1238 2236 ἑνός,
1259 2195 1316 2228 ἐάν
1353 2212 1354 2215 =

328 2253 366 2274 τε
397 2243 455 2273 ἴσα
486 2240 505 2284 ᾖ
533 2240 590 2273 ἐάν
621 2253 659 2273 τε
693 2240 805 2272 ἄνισα·
839 2238 1004 2284 ὡρισμένα
1035 2235 1072 2271 δὲ
1105 2241 1152 2280 τῷ
1185 2238 1317 2285 μεγέθει

328 2283 423 2317 οὐθέν
449 2284 555 2322 ἧττον
565 2287 591 2326 ),
618 2284 659 2317 τὸ
683 2279 720 2315 δὲ
737 2279 913 2326 διάστημα
931 2283 971 2315 τὸ
990 2283 1239 2328 πεπερασμένον
1258 2295 1317 2315 πο-

327 2333 395 2366 σοῖς
421 2333 490 2367 τοῖς
514 2330 566 2360 ΑΕ
591 2332 787 2373 μετρεῖται,
821 2328 854 2359 ἐν
879 2327 1118 2371 πεπερασμένῳ
1145 2327 1183 2359 ἀν
1212 2327 1316 2372 χρόνῳ

327 2372 369 2405 τὸ
386 2373 437 2403 AB
453 2377 592 2405 κινοῖτο.
616 2371 788 2409 Ὡσαύτως
806 2366 844 2403 δὲ
860 2374 917 2404 καὶ
935 2372 991 2404 ἐπὶ
1009 2371 1214 2416 ἠρεμήσεως·
1229 2371 1317 2404 ὥστε

328 2416 407 2448 οὔτε
424 2417 573 2462 γίνεσθαι
599 2417 677 2449 οὔτε
695 2415 881 2460 φθείρεσθαι
906 2415 1015 2448 οἷόντε
1035 2417 1085 2448 ἀεί
1111 2427 1144 2447 τι
1170 2415 1210 2448 τὸ
1229 2415 1317 2448 αὐτὸ

326 2462 384 2492 καὶ
410 2459 455 2494 ἕν.

257 2505 295 2535 Ὃ
319 2504 421 2542 αὐτὸς
446 2499 484 2536 δὲ
506 2503 606 2550 λόγος
629 2505 688 2536 καὶ
714 2502 767 2535 ὅτι
792 2498 860 2535 οὐδ’
890 2501 923 2535 ἐν
950 2502 1188 2547 πεπερασμένῳ
1213 2503 1317 2548 χρόνῳ

323 2549 464 2591 ’ἄπειρον
491 2548 600 2580 οἷόντε
623 2546 785 2579 κινεῖσθαι
810 2542 878 2579 οὐδ’
901 2546 1126 2592 ἧρεμίζεσθαι,
1147 2546 1212 2578 οὗθ’
1237 2549 1320 2591 ὁμα-

325 2593 390 2630 λῶς
406 2592 598 2635 κινούμενον
618 2592 688 2624 οὔτ’
711 2590 906 2635 ἀνωμάλως.
933 2591 1124 2635 Ληφθέντος
1142 2591 1206 2636 γάρ
1229 2604 1318 2630 τινος

328 2635 443 2680 μέρους
470 2637 486 2667 ὃ
512 2635 738 2680 ἀναμετρήσει
770 2635 829 2668 τὸν
859 2634 934 2667 ὅλον
966 2635 1105 2680 χρόνον,
1143 2638 1174 2668 ἐν
1207 2636 1318 2677 τούτῳ

329 2680 432 2712 ποσόν
459 2691 493 2712 τι
516 2675 652 2720 διέξεισι
678 2680 739 2712 τοῦ
765 2678 922 2725 μεγέθους
938 2681 996 2711 καὶ
1015 2680 1077 2724 οὐχ
1095 2679 1183 2712 ὅλον·
1205 2682 1236 2713 ἐν
1254 2681 1318 2726 γάρ

329 2725 378 2764 τῷ
403 2725 508 2756 παντὶ
533 2723 574 2756 τὸ
599 2723 690 2765 ὅλον,
714 2725 772 2755 καὶ
797 2722 899 2755 πάλιν
925 2724 957 2755 ἐν
982 2725 1030 2765 τῷ
1053 2727 1111 2765 ἴσῳ
1139 2724 1235 2765 ἄλλο,
1261 2726 1319 2756 καὶ

331 2767 364 2798 ἐν
390 2765 521 2808 ἑκάστῳ
548 2769 680 2810 ὁμοίως,
706 2770 775 2799 εἴτε
798 2768 869 2798 ἴσον
894 2768 962 2800 εἴτε
989 2768 1100 2799 ἄνισον
1125 2769 1172 2809 τῷ
1199 2769 1233 2810 ἑξ
1261 2769 1317 2811 ἀρ-

329 2811 406 2856 χῆς·
432 2806 579 2855 διαφέρει
603 2812 667 2857 γάρ
693 2807 802 2851 οὐδέν,
829 2811 857 2842 εἰ
881 2810 980 2854 μόνον
1006 2812 1258 2856 πεπερασμένον
1285 2823 1318 2844 τι

331 2855 488 2887 ἕκαστον·
514 2850 617 2891 δῆλον
642 2855 705 2901 γάρ
726 2856 767 2892 ὠς
791 2854 1029 2898 ἀναιρουμένου
1048 2857 1109 2888 τοῦ
1127 2855 1260 2900 χρόνου,
1280 2856 1320 2888 τὸ

332 2900 467 2942 ἄπειρον
494 2897 551 2930 οὐκ
578 2897 852 2942 ἀναιρεθήσεται,
872 2900 1124 2943 πεπερασμένης
1142 2901 1204 2938 τῆς
1224 2900 1319 2955 ἀφαι-

330 2942 447 2988 ρέσεως
472 2942 644 2988 γινομένης
666 2945 723 2974 καὶ
742 2944 789 2984 τῷ
809 2943 900 2984 ποσῷ
917 2946 973 2974 καὶ
996 2944 1043 2985 τῷ
1061 2943 1215 2982 ποσάκις·
1234 2945 1315 2976 ὡστ’

332 2987 368 3019 οὗ
393 2982 507 3018 δίεισιν
534 2985 566 3018 ἑν
593 2987 833 3031 πεπερασμένῳ
857 2986 963 3031 χρόνῳ
981 2987 1022 3020 τὸ
1041 2987 1188 3032 ἄπειρον.
1214 2983 1317 3020 Οὐδέν

331 3042 369 3062 τε
393 3026 540 3085 διαφέρει
566 3031 607 3063 τὸ
632 3029 768 3077 μέγεθος
794 3031 848 3063 ἐπὶ
865 3030 994 3075 θάτερα
1018 3030 1039 3067 ἦ
1065 3031 1118 3063 ἐπ’
1142 3032 1318 3077 ἀμφότερα

331 3071 416 3105 εἶναι
443 3085 591 3127 απειρον·
619 3076 635 3106 ὁ
660 3075 723 3120 γάρ
749 3073 852 3112 αὐτὸς
879 3074 976 3107 ἔσται
999 3074 1112 3121 λόγος.

258 3113 567 3172 Ἀποδεδειγμενων
592 3114 630 3150 δὲ
653 3119 800 3160 τούτων,
819 3119 957 3163 φανερὸν
983 3119 1036 3152 ὅτι
1061 3115 1139 3151 οὐδὲ
1157 3119 1199 3152 τὸ
1217 3132 1320 3152 πεπε-

331 3172 492 3204 ρασμενον
518 3161 659 3215 μέγεθος
684 3163 725 3195 ’ro'
752 3162 885 3207 ἄπειρον
916 3161 1093 3207 ἐνδέχεται
1120 3158 1258 3195 διελθεῖν
1285 3164 1317 3196 ἐν

332 3216 569 3249 πεπερασμενῳ
600 3206 706 3251 χρόνῳ
730 3202 789 3239 διά
812 3207 874 3243 τήν
901 3207 1011 3243 αὐτήν
1039 3208 1166 3240 αἰτίαν·
1194 3208 1227 3239 ὲν
1251 3208 1317 3254 γάρ

331 3249 378 3289 τῷ
404 3250 502 3291 μορίῳ
527 3250 589 3281 τοῦ
622 3250 740 3295 χρόνου
771 3251 1022 3294 πεπερασμένον
1052 3246 1168 3291 δίεισι,
1201 3252 1260 3282 καὶ
1286 3252 1318 3283 ἐν

331 3291 463 3332 ἑκάστῳ
487 3293 660 3334 ὡσαύτως,
685 3294 762 3326 ὥστ’
788 3295 820 3326 ἑν
846 3295 893 3335 τῷ
919 3296 1027 3326 παντὶ
1053 3294 1316 3347 πεπερασμένον.

256 3336 356 3368 Ἐπεὶ
380 3330 418 3367 δὲ
442 3334 483 3367 τὸ
508 3337 759 3380 πεπερασμένον
786 3338 822 3369 οὗ
847 3332 943 3369 δίεισι
968 3337 1009 3370 τὸ
1036 3338 1169 3381 ἄπειρον
1195 3350 1227 3369 εν
1262 3350 1321 3370 πε-

333 3378 526 3423 περασμένῳ
551 3380 670 3424 χρόνῳ,
689 3376 792 3417 δῆλον
817 3382 858 3418 ὡς
884 3377 961 3412 οὐδὲ
986 3380 1026 3413 τὸ
1051 3382 1185 3424 ἄπειρον
1203 3381 1244 3413 τό
1263 3393 1321 3413 πε-

333 3422 553 3467 περασμένον·
585 3424 612 3455 εἰ
640 3424 703 3470 γάρ
737 3424 777 3457 τὸ
808 3424 941 3469 ἄπειρον
974 3425 1015 3457 τὸ
1047 3424 1317 3469 πεπερασμένον,

335 3466 466 3512 ἀνάγκη
497 3469 555 3499 καὶ
584 3467 625 3499 τὸ
659 3467 909 3512 πεπερασμένον
941 3463 1062 3499 διιέναι
1097 3469 1137 3500 τὸ
1170 3469 1316 3512 ἄπειρον.

332 3506 435 3543 Οὐδὲν
455 3511 519 3566 γάρ
536 3507 684 3556 διαφέρει
710 3513 930 3556 ὁποτερονοῦν
948 3509 1032 3543 εἶναι
1057 3512 1098 3544 τὸ
1114 3511 1318 3555 κινούμενον·

335 3556 527 3599 ἀμφοτερως
551 3556 615 3601 γάρ
641 3555 681 3588 τὸ
706 3555 956 3600 πεπερασμένον
982 3551 1078 3587 δίεισι
1103 3556 1144 3587 τὸ
1169 3556 1317 3599 ἄπειρον.

324 3599 432 3632 ’Ὀταν
452 3600 516 3646 γάρ
540 3600 677 3636 κινῆται
703 3600 743 3633 τό
770 3601 903 3644 ἄπειρον
929 3600 974 3644 ἐφ’
998 3599 1020 3641 ᾤ
1046 3599 1086 3632 τὸ
1111 3601 1149 3641 Α,
1170 3599 1267 3632 ἔσται
1284 3611 1318 3632 τι

263 794 356 826 Ἐπεὶ
381 789 419 825 δὲ
442 795 509 826 πᾶν
535 794 576 826 τό
599 793 790 844 κινούμενον
815 790 982 846 ἑν,χρόνῳ
1013 795 1175 831 κινεῖται,
1200 793 1258 822 καὶ
1284 789 1316 822 ἐν
1370 793 1388 812 *
1412 794 1574 831 Quoniam
1596 801 1702 824 autem
1725 805 1820 825 omne
1844 796 1932 837 quod
1955 802 2114 833 movetur,
2138 796 2171 825 in
2194 802 2336 835 tempore
2359 806 2428 826 mo-

1437 845 1537 875 vetur,
1554 845 1583 868 et
1599 838 1632 868 in
1648 838 1731 877 pluri
1754 839 1855 869 maior
1877 839 2073 878 magnitudo,
2089 839 2122 869 in
2140 839 2263 869 infinito
2287 846 2428 880 tempore

1437 881 1630 921 impossibile
1655 889 1700 912 est
1722 883 1842 912 moveri
1865 893 1921 922 per
1940 882 2190 922 magnitudinem
2213 882 2345 921 finitam,
2362 894 2428 913 non

1438 925 1570 955 eandem
1589 935 1712 965 semper
1732 932 1762 956 et
1780 926 1863 956 illius
1885 926 2004 967 aliquid
2027 926 2114 966 quod
2142 933 2298 965 movetur,
2320 927 2375 956 sed
2396 927 2430 957 in

1438 978 1527 998 omni
1550 978 1605 1008 per
1628 978 1767 999 ornnem.

1372 1012 1470 1049 Quod
1491 1011 1584 1050 igitur
1608 1012 1634 1041 si
1657 1013 1775 1052 aliquid
1800 1019 1965 1043 moveatur
1987 1023 2086 1053 aeque
2112 1013 2281 1051 velociter,
2306 1023 2430 1043 necesse

1438 1061 1484 1085 est
1506 1054 1632 1085 finitum
1654 1055 1687 1085 in
1709 1055 1799 1086 finito
1823 1057 1959 1095 moveri,
1983 1056 2185 1087 manifestum
2210 1063 2263 1087 est.
2294 1059 2431 1096 Accepta

1439 1098 1524 1128 enim
1537 1105 1623 1138 parte
1638 1109 1718 1138 quae
1730 1100 1923 1130 mensurabit
1938 1107 2049 1138 totam,
2062 1100 2095 1130 in
2112 1100 2294 1142 aequalibus
2309 1107 2430 1140 tempo-

1438 1142 1524 1172 ribus
1555 1142 1648 1171 tantis
1678 1149 1758 1182 quot
1780 1150 1882 1182 partes
1905 1151 1995 1182 sunt,
2019 1154 2075 1184 per
2102 1151 2203 1174 totam
2225 1150 2352 1174 motum
2375 1150 2430 1174 est.

1439 1186 1555 1223 Quare,
1580 1185 1732 1225 quoniam
1756 1186 1814 1215 hae
1830 1186 1934 1216 finitae
1947 1194 2030 1224 sunt,
2048 1194 2077 1218 et
2091 1187 2262 1227 quantitate
2275 1197 2432 1227 unaquae-

1438 1239 1511 1269 que,
1537 1235 1567 1259 et
1581 1235 1630 1259 tot
1648 1229 1751 1259 modis
1771 1239 1892 1268 omnes,
1909 1237 1939 1260 et
1957 1237 2082 1270 tempus
2101 1231 2210 1271 utique
2225 1231 2282 1261 erit
2295 1230 2430 1261 finitum.

1437 1273 1548 1303 Toties
1572 1273 1656 1302 enim
1689 1273 1745 1303 erit
1767 1279 1890 1303 tantum
1922 1280 2078 1313 quantum
2109 1281 2235 1313 tempus
2267 1275 2355 1314 quod
2387 1280 2433 1304 est

1437 1317 1543 1357 partis,
1566 1316 1812 1356 multiplicatum
1835 1318 2010 1347 secundum
2033 1318 2270 1348 multitudinem
2283 1318 2430 1357 partium.

1372 1411 1388 1430 ’¹‘
1404 1411 1466 1442 Sed
1480 1411 1505 1442 si
1522 1421 1588 1442 non
1603 1411 1641 1442 sit
1660 1421 1759 1451 aeque
1775 1411 1931 1450 velociter,
1942 1411 2040 1442 differt
2056 1411 2144 1442 nihil.
2161 1411 2207 1442 Sit
2217 1412 2302 1441 enim
2317 1412 2347 1441 in
2366 1421 2431 1451 quo

1439 1457 1469 1486 A
1492 1463 1522 1485 et
1543 1455 1569 1485 B
1593 1455 1730 1495 spatium
1752 1454 1895 1493 finitum,
1925 1455 2013 1496 quod
2036 1462 2163 1486 motum
2193 1455 2232 1485 sit
2253 1455 2286 1485 in
2309 1454 2432 1485 infinito

1439 1506 1598 1539 tempore,
1613 1505 1643 1529 et
1657 1505 1782 1538 tempus
1805 1498 1965 1529 infinitum
1987 1499 2020 1529 in
2036 1509 2101 1540 quo
2127 1499 2195 1530 CD.
2219 1499 2251 1530 Si
2274 1498 2367 1538 igitur
2382 1509 2434 1528 ne-

1440 1553 1523 1573 cesse
1548 1549 1593 1573 est
1615 1543 1702 1582 prius
1718 1543 1850 1573 alterum
1869 1543 1966 1574 altero
1982 1550 2110 1574 motum
2133 1553 2218 1581 esse,
2242 1543 2304 1572 hoc
2327 1549 2434 1572 autem

1439 1586 1652 1624 manifestum,
1660 1587 1747 1627 quod
1758 1587 1908 1626 temporis
1923 1587 1956 1616 in
1972 1587 2068 1626 priori
2078 1593 2108 1617 et
2121 1586 2287 1627 posteriori
2300 1586 2434 1617 alterum

1439 1638 1566 1661 motum
1589 1637 1644 1661 est.
1669 1631 1799 1670 Semper
1822 1630 1953 1662 enimin
1976 1630 2058 1670 pluri
2073 1631 2205 1661 alterum
2229 1630 2286 1661 erit
2307 1637 2434 1660 motum

1441 1685 1517 1712 esse,
1535 1674 1599 1704 sive
1615 1684 1714 1715 aeque
1729 1674 1877 1704 velociter
1890 1681 2002 1713 mutet,
2018 1674 2081 1704 sive
2091 1684 2157 1704 non
2172 1684 2271 1715 aeque
2286 1673 2433 1704 velociter

1440 1725 1558 1748 mutet:
1584 1724 1614 1748 et
1637 1718 1700 1748 sive
1724 1718 1903 1748 intendatur
1925 1724 2048 1756 motus,
2073 1718 2137 1748 sive
2161 1718 2344 1756 remittatur,
2369 1717 2433 1747 sive

1440 1768 1579 1799 maneat,
1597 1761 1675 1791 nihil
1692 1762 1807 1792 minus.
1825 1762 2005 1802 Accipiatur
2019 1762 2112 1802 igitur
2136 1762 2254 1802 aliquid
2268 1762 2323 1792 AB
2343 1761 2433 1801 spatii

1441 1806 1530 1846 quod
1553 1805 1592 1835 sit
1607 1806 1683 1843 AE,
1707 1806 1796 1845 quod
1818 1812 1978 1835 mensurat
2000 1806 2064 1836 AB.
2089 1807 2161 1836 Hoc
2191 1806 2297 1846 itaque
2320 1805 2433 1835 infiniti

1439 1850 1472 1879 in
1496 1849 1637 1890 quodam
1661 1848 1779 1879 facturn
1803 1855 1849 1879 est
1871 1855 2027 1889 tempore:
2052 1849 2085 1879 in
2112 1849 2235 1879 infinito
2260 1849 2344 1879 enirn
2367 1859 2433 1879 non

1439 1899 1543 1933 potest
1566 1903 1649 1931 esse,
1673 1903 1769 1923 omne
1793 1892 1878 1922 enim
1902 1893 1935 1923 in
1957 1892 2079 1923 infinito
2110 1900 2163 1923 est.
2190 1893 2231 1923 Et
2255 1893 2369 1923 iterum
2390 1893 2433 1922 al-

1439 1944 1542 1967 terum
1564 1936 1629 1966 iam
1656 1936 1681 1966 si
1704 1936 1894 1976 accipiamus
1917 1944 2073 1977 quantum
2098 1944 2143 1967 est
2165 1937 2237 1975 AE,
2257 1947 2382 1967 necesse
2400 1936 2434 1966 in

1438 1980 1527 2011 finito
1543 1987 1686 2020 tempore
1710 1988 1790 2010 esse:
1815 1990 1911 2010 omne
1927 1981 2012 2011 enim
2030 1981 2063 2010 in
2086 1980 2218 2011 infinito.
2239 1981 2279 2011 Et
2295 1981 2338 2011 sic
2357 1980 2433 2010 acci-

1438 2025 1565 2065 piendo,
1577 2024 1730 2064 quoniam
1745 2024 1858 2054 infiniti
1870 2025 1999 2064 quidem
2013 2025 2099 2054 nulla
2111 2035 2181 2064 pars
2198 2030 2244 2054 est
2255 2034 2335 2064 quae
2350 2034 2435 2054 men-

1439 2075 1524 2099 suret
1547 2067 1759 2110 (impossibile
1783 2068 1868 2098 enim
1890 2068 2050 2099 infinitum
2069 2078 2135 2098 esse
2150 2079 2186 2098 ex
2201 2067 2310 2106 finitis,
2336 2075 2366 2098 et
2385 2078 2434 2098 ae-

1438 2113 1583 2153 qualibus
1603 2119 1633 2142 et
1648 2112 1879 2152 inaequalibus:
1904 2119 2032 2152 propter
2055 2113 2087 2142 id
2110 2113 2198 2153 quod
2213 2119 2434 2142 mensurantur

1437 2156 1524 2187 finita
1546 2155 1748 2186 multitudine
1772 2162 1802 2186 et
1825 2156 2039 2196 magnitudine
2059 2167 2076 2186 a
2099 2156 2240 2196 quodam
2264 2163 2346 2194 uno;
2371 2156 2434 2186 sive

1438 2200 1579 2240 aequalia
1601 2200 1665 2230 sive
1681 2199 1856 2240 inaequalia
1879 2200 1950 2239 sint,
1967 2199 2053 2230 finita
2076 2207 2182 2230 autern
2207 2200 2433 2240 magnitudine,

1437 2243 1515 2273 nihil
1533 2242 1674 2286 minus);
1694 2244 1832 2283 spatium
1855 2251 1960 2274 autem
1979 2243 2104 2274 finitum
2118 2244 2242 2284 quantis
2262 2254 2342 2284 quae
2362 2250 2435 2274 sunt

1438 2287 1508 2325 AB,
1531 2293 1746 2317 mensuratur:
1772 2297 1845 2327 ergo
1869 2287 1902 2317 in
1924 2287 2014 2318 finito
2038 2295 2181 2328 ternpore
2203 2288 2258 2318 AB
2277 2295 2432 2318 movetur.

1439 2330 1586 2361 Similiter
1609 2338 1714 2361 autem
1738 2338 1768 2361 et
1790 2331 1823 2361 in
1846 2331 1959 2371 quiete.
1992 2332 2097 2368 Quare
2120 2341 2223 2372 neque
2246 2331 2312 2362 fieri
2331 2341 2433 2372 neque

1440 2374 1599 2414 corrumpi
1617 2374 1765 2415 possibile
1782 2381 1827 2406 est
1842 2385 1966 2415 semper
1988 2375 2106 2416 aliquid
2129 2385 2231 2406 unum
2250 2382 2280 2406 et
2293 2376 2387 2406 idem.

1372 2506 1390 2525 *
1405 2507 1525 2536 Eadem
1547 2509 1654 2536 autern
1676 2506 1755 2536 ratio
1780 2513 1825 2536 est
1840 2513 1871 2536 et
1893 2507 1981 2547 quod
2004 2516 2106 2547 neque
2129 2506 2162 2536 in
2178 2506 2267 2537 finito
2290 2513 2434 2547 tempore

1441 2561 1496 2590 per
1510 2549 1670 2580 infinitum
1689 2550 1837 2590 possibile
1854 2557 1899 2581 est
1918 2551 2053 2589 moveri,
2073 2561 2176 2591 neque
2193 2550 2362 2591 quiescere,
2383 2560 2434 2580 ne-

1441 2605 1502 2635 que
1519 2594 1607 2634 quod
1625 2594 1805 2633 regulariter
1821 2601 1977 2633 movetur,
1992 2604 2095 2635 neque
2112 2595 2199 2636 quod
2215 2594 2433 2634 irregulariter.

1440 2641 1577 2678 Accepta
1600 2637 1685 2668 enim
1701 2638 1838 2678 quadam
1860 2644 1946 2678 parte
1969 2648 2049 2679 quae
2065 2638 2211 2668 metietur
2228 2645 2334 2669 totum
2356 2644 2434 2668 tem-

1441 2693 1512 2722 pus,
1529 2682 1561 2712 in
1580 2683 1638 2712 hac
1662 2688 1818 2722 quantum
1841 2682 1970 2722 aliquod
1989 2682 2130 2712 transibit
2152 2682 2386 2721 magnitudinis,
2404 2688 2435 2712 et

1441 2737 1507 2756 non
1523 2733 1623 2756 totam
1648 2724 1697 2767 (in
1721 2726 1810 2755 omni
1826 2725 1910 2755 enirn
1926 2724 2060 2768 totam);
2085 2732 2115 2756 et
2129 2726 2243 2756 iterum
2262 2726 2294 2755 in
2311 2726 2433 2766 aequali

1441 2770 1552 2808 aliam,
1583 2776 1614 2800 et
1643 2770 1676 2799 in
1705 2779 1902 2810 unoquoque
1926 2770 2085 2807 similiter,
2119 2770 2182 2799 sive
2212 2770 2350 2810 aequalis
2378 2769 2435 2800 erit

1441 2814 1505 2844 sive
1527 2813 1699 2855 inaequalis
1727 2813 1755 2843 ei
1785 2823 1865 2854 quae
1889 2821 1934 2844 est
1957 2824 1974 2843 a
1998 2813 2167 2853 principio;
2199 2813 2298 2854 differt
2328 2820 2434 2844 autem

1440 2858 1529 2895 nihil,
1549 2857 1574 2887 si
1589 2858 1695 2888 solum
1714 2857 1753 2888 sit
1767 2857 1853 2888 finita
1871 2858 1976 2898 aliqua
1994 2867 2212 2898 unaquaeque.
2232 2857 2435 2888 Manifestum

1442 2901 1527 2931 enim
1560 2902 1659 2941 quod,
1691 2901 1791 2931 diviso
1811 2908 1972 2941 tempore,
2001 2901 2160 2931 infinitum
2190 2911 2255 2931 non
2285 2901 2432 2940 aufertur,

1440 2944 1527 2975 finita
1550 2945 1705 2976 ablatione
1729 2945 1825 2984 facta,
1843 2953 1872 2976 et
1887 2952 2006 2986 quanto
2024 2952 2054 2976 et
2077 2955 2114 2975 eo
2138 2945 2226 2985 quod
2249 2951 2296 2975 tot
2319 2945 2433 2976 modis.

1441 2989 1547 3026 Quare
1571 2999 1636 3019 non
1660 2989 1802 3019 transibit
1827 2989 1859 3019 in
1882 2988 1971 3019 finito
1994 2996 2136 3029 tempore
2154 2988 2323 3019 infinitum.
2349 2989 2434 3019 Nihil

1441 3039 1548 3063 autem
1572 3032 1671 3063 differt
1695 3033 1946 3072 magnitudinem
1971 3033 2003 3063 in
2027 3034 2140 3071 altera,
2164 3039 2219 3063 aut
2240 3033 2272 3063 in
2302 3039 2435 3073 utraque

1441 3087 1507 3107 esse
1530 3076 1701 3109 infinitam:
1727 3077 1783 3107 en't
1806 3077 1891 3106 enim
1914 3077 2023 3107 eadem
2046 3077 2133 3107 ratio.

1373 3120 1391 3139 *
1405 3121 1634 3151 Demonstratis
1653 3127 1760 3151 autem
1775 3120 1834 3158 his,
1850 3121 2052 3151 manifestum
2072 3127 2117 3151 est
2140 3121 2227 3160 quod
2251 3130 2353 3160 neque
2369 3119 2435 3150 fini-

1441 3171 1506 3195 tam
1529 3164 1779 3204 magnitudinem
1801 3164 1960 3194 infinitum
1976 3164 2128 3203 contingit
2146 3163 2273 3194 transire
2296 3163 2329 3193 in
2344 3163 2433 3194 finito

1440 3214 1593 3247 tempore,
1608 3215 1736 3248 propter
1759 3208 1890 3238 eandem
1914 3218 2049 3238 causam.
2083 3208 2116 3237 In
2138 3214 2223 3247 parte
2250 3207 2334 3236 enim
2356 3213 2432 3237 tem-

1441 3252 1526 3291 poris
1542 3251 1668 3282 finitum
1684 3251 1834 3290 transibit,
1850 3258 1879 3282 et
1892 3251 1925 3280 in
1948 3260 2138 3291 unaquaque
2154 3250 2303 3280 similiter.
2328 3250 2432 3287 Quare

1441 3295 1474 3325 in
1497 3295 1586 3325 omni
1609 3294 1744 3325 finitum.

1373 3339 1390 3358 *
1406 3339 1569 3376 Quoniam
1592 3345 1698 3369 autern
1716 3338 1841 3368 finitum
1864 3348 1929 3368 non
1952 3337 2092 3368 transibit
2113 3336 2271 3367 infinitum
2294 3337 2327 3367 in
2342 3337 2431 3368 finito

1440 3389 1593 3423 tempore,
1601 3382 1803 3412 manifestum
1819 3388 1864 3411 est
1878 3381 1958 3411 sicut
1967 3391 2069 3421 neque
2083 3380 2243 3410 infinitum
2254 3380 2389 3412 finitum.
2399 3381 2431 3412 Si

1441 3426 1526 3456 enim
1548 3426 1708 3456 infinitum
1723 3425 1858 3461 finitum,
1878 3435 2002 3454 necesse
2022 3431 2067 3455 est
2086 3431 2116 3454 et
2130 3423 2255 3454 finitum
2272 3424 2432 3455 infinitum

1441 3469 1583 3500 transire:
1601 3469 1678 3499 nihil
1694 3469 1778 3498 enim
1794 3468 1893 3498 differt
1908 3468 2071 3508 quodlibet
2085 3478 2150 3498 esse
2166 3469 2254 3509 quod
2268 3476 2430 3508 movetur3

1441 3513 1609 3553 utrobique
1641 3512 1725 3542 enim
1759 3511 1885 3541 finitum
1914 3511 2110 3551 pertransibit
2143 3511 2311 3543 infinitum.
2346 3512 2431 3543 Cum

1442 3556 1526 3586 enirn
1541 3558 1685 3586 mo‘vetur
1700 3554 1859 3585 infinitum
1874 3555 1907 3584 in
1922 3565 1987 3595 quo
2002 3562 2047 3586 est
2062 3557 2102 3594 A,
2126 3555 2182 3586 erit
2197 3556 2315 3596 aliquid
2332 3556 2430 3596 ipsius

1442 3600 1616 3630 secundum
1639 3600 1664 3629 B
1687 3598 1822 3637 finitum,
1839 3605 1874 3629 ut
1897 3598 1971 3638 CD3
1995 3606 2025 3630 et
2047 3599 2161 3630 iterum
2178 3600 2262 3630 aliud
2285 3607 2316 3631 et
2333 3601 2429 3639 aliud,

2456 801 2538 849 *60Cap.
2548 808 2587 823 vn.
2598 801 2667 824 Text.

2460 1417 2469 1426 '‘
2484 1415 2551 1438 Text.
2567 1416 2599 1437 61.

2461 2511 2471 2520 ·
2485 2510 2551 2533 Text.
2567 2511 2602 2532 62.

2462 3123 2471 3132 ·
2485 3122 2552 3143 Text.
2568 3122 2602 3150 63.

2459 3345 2467 3354 “
2482 3343 2548 3366 Text.
2560 3345 2598 3372 64.
