2898 3996
63 2001 66 2007 ’
100 2014 231 2041 .,.ςεηενατ

76 2050 87 2057 '¹
125 2041 160 2061 *tu
173 2044 232 2061 8¹50

51 2107 66 2128 ’·
93 2125 141 2144 om.
162 2122 232 2144 codd.

17 2437 27 2464 ῥ’
47 2435 103 2463 “;’·’·
127 2437 140 2459 7
155 2437 205 2459 “lq-

122 2483 231 2506 σειραὶ).

139 2812 144 2821 ι
154 2812 159 2819 ‹
171 2802 232 2824 'pab-

39 3259 90 3288 .⁸
124 3274 212 3297 x,n.9.

1097 302 1207 338 CAP.

270 391 324 421 est
360 384 454 420 sicut
483 391 518 420 et
554 391 724 431 tempus,
755 390 791 419 et
818 382 856 419 in
886 395 930 419 ea
959 382 1098 430 aliquid
1135 387 1319 426 mutatur,

268 436 406 473 scilicet
432 435 523 473 illud
551 435 655 484 quod
675 443 852 472 movetur
870 434 1080 471 secundum
1099 435 1239 479 locum,
1259 433 1321 475 vel

267 488 371 537 quod
398 495 574 525 movetur
610 489 819 525 secundum
857 494 1102 534 augmentum
1131 493 1167 522 et
1194 486 1322 522 decre-

266 547 450 578 mentum.
481 541 537 577 Sit
563 552 653 588 ergo
682 539 821 588 aliquid
858 546 1043 575 mutatum
1073 549 1118 574 ex
1147 538 1178 574 C
1206 537 1244 573 in
1271 538 1318 573 D.

267 594 358 630 Non
378 600 506 630 autem
524 600 648 641 potest
676 592 748 629 dici
771 591 876 640 quod
899 598 1020 627 totum
1049 590 1152 638 quod
1177 596 1231 625 est
1251 589 1318 625 CD

265 646 312 682 sit
346 645 589 691 indivisibile;
619 644 706 694 quia
739 649 887 692 oportet
914 642 1018 691 quod
1055 642 1123 678 CD
1153 642 1198 677 sit
1232 653 1319 690 pars

265 698 419 735 alicuius
447 697 733 745 magnitudiniS,
763 695 857 732 sicut
884 702 1010 731 motus
1038 693 1102 742 qui
1130 701 1186 730 est
1213 706 1258 730 ex
1288 694 1318 729 C

264 750 304 787 in
330 751 365 787 D
395 757 451 786 est
476 762 563 798 pars
589 749 702 786 totius
729 755 876 784 motus:
902 746 1069 782 similiter
1097 746 1197 782 enim
1227 745 1319 782 divi-

266 802 363 839 ditur
381 801 600 855 magnitudo
616 808 661 837 et
670 807 808 846 motus,
819 806 861 836 ut
879 800 1022 857 supra·
1038 805 1231 835 ostensum
1252 805 1316 835 est.

266 855 305 891 Si
333 862 460 892 autem
489 853 641 902 aliquod
663 851 888 889 indivisibile
917 851 962 887 sit
981 863 1066 900 pars
1096 851 1319 898 magnitudi-

263 906 332 954 nis,
353 906 520 964 sequitur
547 905 652 954 quod
680 905 756 941 duo
784 903 1021 953 impartibilia
1050 911 1158 940 erunt
1185 903 1318 940 imme-

202 981 208 987 ·
263 959 362 996 diate
390 958 607 1004 coniuncta3
637 957 741 1006 quod
761 963 816 993 est
838 956 1080 1004 impossibile,
1101 963 1143 992 ut
1170 968 1283 1004 supra
1298 955 1317 976 *

263 1013 458 1047 estensum
477 1017 543 1047 est.
556 1011 648 1046 Non
664 1021 752 1057 ergo
767 1015 892 1057 potest
906 1008 979 1045 dici
994 1008 1096 1056 quod
1111 1015 1232 1044 totum
1249 1008 1317 1043 CD

263 1123 318 1152 est
344 1115 441 1152 inter
467 1115 498 1152 C
529 1122 565 1152 et
591 1116 638 1161 D,
659 1114 705 1151 sit
723 1113 912 1163 quaedam
932 1112 1165 1160 magnitudo,
1187 1119 1223 1148 et
1249 1124 1319 1160 per

263 1180 500 1217 consequens
529 1167 633 1216 quod
660 1167 699 1204 in
726 1166 914 1205 infinitum
944 1165 1059 1204 dividi
1085 1164 1214 1214 possit.
1242 1165 1318 1201 Sed

262 1231 413 1269 semper
431 1220 534 1269 prius
553 1227 718 1256 mutatur
733 1219 771 1256 in
788 1226 892 1268 parte
912 1217 1189 1265 magnitudinis,
1201 1229 1317 1265 quam

260 1274 307 1310 sit
333 1280 520 1310 mutatum
546 1285 616 1321 per
642 1279 760 1308 totam
789 1271 1097 1319 magnitudinem.
1128 1271 1229 1317 Ergo
1253 1282 1317 1306 ne-

261 1338 365 1362 cesse
395 1332 449 1362 est
469 1337 584 1361 omne
613 1325 717 1373 quod
744 1331 931 1361 mutatum
951 1331 1018 1370 est,
1037 1323 1140 1371 prius
1160 1323 1316 1368 mutari;

261 1378 356 1415 sicut
382 1390 536 1414 necesse
565 1385 621 1414 est
648 1377 752 1426 quod
779 1383 866 1413 ante
894 1376 1099 1425 quamlibet
1133 1375 1315 1422 magnitu-

262 1430 390 1468 dinem
418 1437 548 1477 totam,
570 1430 616 1466 sit
642 1441 729 1478 pars
758 1429 849 1466 eius.

319 1494 376 1520 12.
397 1483 544 1519 Deinde
565 1494 652 1518 cum
682 1481 784 1519 dicit:
803 1481 947 1518 Eadem
972 1481 1070 1517 enim
1089 1481 1316 1517 demonstra-

261 1536 310 1572 tio
327 1543 408 1581 etc.,
425 1535 587 1572 ostendit
606 1534 709 1583 quod
728 1533 832 1571 idem
852 1545 1006 1570 necesse
1023 1540 1077 1569 est
1093 1545 1174 1569 esse
1190 1532 1228 1569 in
1247 1532 1317 1569 illis

261 1587 544 1634 mutationibus,
557 1599 655 1635 quae
670 1598 748 1622 non
764 1593 850 1623 sunt
864 1586 1073 1623 secundum
1089 1586 1213 1633 aliqua
1229 1597 1317 1621 con-

260 1640 381 1686 tinua3
402 1639 497 1676 sieut
516 1640 562 1676 de
578 1638 806 1686 alteratione,
824 1650 920 1687 quae
937 1645 992 1675 est
1006 1638 1100 1674 inter
1116 1637 1316 1674 contrarias

260 1692 466 1741 qualitates,
488 1699 525 1728 et
553 1691 600 1728 de
619 1692 859 1739 generatione
884 1698 919 1727 et
947 1690 1197 1739 corruptione,
1219 1703 1316 1739 quae

260 1752 346 1781 sunt
372 1745 468 1781 inter
495 1743 780 1780 contradictorie
809 1743 993 1791 opposita.
1024 1743 1128 1779 Licet
1148 1743 1249 1778 enim
1278 1742 1316 1778 in

258 1797 316 1834 his
336 1809 414 1834 non
431 1796 550 1845 possit
568 1798 642 1833 hoc
661 1795 908 1833 demonstrari
929 1808 973 1832 ex
991 1802 1096 1844 parte
1115 1795 1168 1831 rei
1183 1807 1315 1831 secun-

260 1850 352 1889 dum
381 1861 496 1898 quam
521 1856 577 1885 est
603 1856 747 1896 motus,
777 1848 980 1897 accipietur
1006 1855 1135 1884 tamen
1164 1855 1316 1895 tempus

257 1901 297 1938 in
317 1914 392 1950 quo
413 1908 498 1938 sunt
516 1901 734 1938 huiusmodi
757 1901 995 1948 mutationes,
1018 1907 1053 1936 et
1076 1899 1213 1936 eodem
1233 1911 1315 1936 mo-

260 1954 309 1991 do
328 1954 564 2003 procedetur.
581 1974 604 1981 -
622 1953 683 1990 Sic
710 1953 820 2002 igitur
837 1954 876 1991 in
894 1953 1012 1990 tribus
1031 1952 1314 1999 mutationibus,

259 2006 396 2043 scilieet
421 2006 636 2043 alteratione
656 2014 692 2042 et
711 2006 951 2056 corruptione
972 2013 1007 2042 et
1026 2005 1267 2052 generatione
1282 2005 1313 2051 *,

258 2059 372 2096 habet
395 2059 523 2095 locum
542 2059 623 2095 sola
649 2058 772 2107 prima
800 2059 915 2096 ratio:
945 2058 983 2095 in
1010 2058 1089 2094 aliis
1109 2065 1234 2094 autem
1255 2058 1315 2094 tri-

258 2112 340 2158 bus,
363 2111 499 2148 scilicet
518 2119 722 2158 augmento
742 2119 778 2147 et
797 2112 816 2131 ²⁸
837 2111 1080 2148 decremento
1097 2118 1132 2146 et
1146 2110 1219 2146 loci
1233 2122 1315 2146 mu-

258 2164 410 2209 tatione,
434 2164 548 2200 habet
570 2165 698 2200 locum
721 2171 891 2212 utraque.

318 2217 374 2253 13.
396 2215 545 2253 Deinde
565 2228 652 2252 cum
673 2215 779 2253 dicit:
805 2217 931 2258 Quare
949 2226 1094 2251 necesse
1123 2222 1204 2262 etc.,
1227 2227 1316 2251 con-

261 2268 376 2305 cludit
402 2268 605 2318 principale
642 2267 900 2317 propositum:
931 2275 967 2303 et
993 2267 1117 2316 primo
1146 2267 1184 2303 in
1213 2279 1316 2303 com-

260 2321 383 2367 muni;
414 2321 581 2358 secundo
603 2321 810 2369 specialiter
828 2328 1012 2369 quantum
1033 2319 1081 2356 ad
1109 2320 1315 2367 generatio-

259 2385 348 2410 nem
369 2381 405 2410 et
424 2373 716 2421 corruptionem,
737 2373 803 2410 ibi:
824 2373 1071 2421 Manifestum
1091 2373 1312 2422 igitur*etc.

261 2426 462 2463 Concludit
490 2438 579 2473 ergo
607 2426 730 2474 primo
761 2438 804 2462 ex
832 2425 1047 2474 praemissis
1066 2425 1097 2471 ²¹³,
1118 2425 1222 2473 quod
1250 2437 1314 2462 ne-

260 2491 363 2515 cesse
383 2486 438 2515 est
457 2490 572 2514 omne
591 2486 778 2515 mutatum
801 2478 905 2527 prius
934 2477 1081 2523 mutari,
1111 2485 1148 2514 et
1167 2490 1281 2514 omne
1296 2478 1316 2499 *

260 2530 364 2580 quod
383 2538 549 2568 mutatur
574 2531 678 2579 prius
707 2544 790 2568 esse
818 2538 1017 2567 mutatum.
1042 2531 1091 2566 Et
1109 2530 1162 2567 sic
1180 2542 1315 2567 verum

261 2591 315 2621 est
334 2583 457 2621 dicere
477 2584 582 2631 quod
595 2584 670 2620 hoc
687 2583 770 2633 ipso
787 2584 891 2632 quod
906 2591 960 2620 est
978 2583 1126 2630 mutari,
1137 2583 1240 2632 prius
1261 2590 1315 2619 est

260 2643 448 2673 mutatum
477 2648 579 2672 esse:
610 2643 646 2672 et
663 2636 809 2683 iterum,
828 2637 903 2672 hoc
921 2636 1004 2684 ipso
1024 2635 1129 2684 quod
1158 2643 1213 2672 est
1231 2648 1314 2672 rnu-

260 2696 379 2725 tatum
400 2697 493 2735 esse,
514 2695 569 2725 est
587 2688 690 2737 prius
719 2688 855 2725 mutari
874 2686 898 2725 ⁶.
929 2689 978 2725 Et
995 2688 1045 2724 ita
1073 2688 1313 2725 manifestum

232 2774 235 2775 γ
260 2741 303 2777 fit
330 2740 434 2789 quod
457 2741 559 2777 nullo
579 2741 697 2778 modo
727 2740 1059 2789 comprehenditur
1078 2741 1218 2789 aliquid
1241 2741 1314 2790 pri-

261 2805 381 2830 mum.
411 2793 460 2830 Et
486 2792 597 2830 huius
626 2794 646 2814 ᾖ·
675 2805 788 2830 causa
811 2800 877 2839 est,
907 2793 994 2841 quia
1026 2793 1064 2829 in
1097 2801 1204 2830 motu
1237 2806 1315 2830 non

261 2845 497 2892 coniungitur
524 2845 746 2893 impartibile
765 2845 988 2893 impartibili,
1010 2845 1060 2882 ita
1087 2846 1191 2894 quod
1216 2853 1314 2882 totus

261 2906 387 2935 motus
416 2906 666 2946 componatur
684 2910 730 2934 ex
749 2897 1054 2946 impartibilibus:
1075 2898 1163 2946 quia
1192 2898 1222 2935 si
1241 2899 1315 2935 hoc

262 2958 368 2998 esset,
390 2957 488 2987 esset
506 2950 676 2999 accipere
695 2950 849 2999 aliquod
875 2950 1054 2999 primum.
1068 2951 1162 2986 Hoc
1190 2958 1315 2987 autem

261 3015 340 3040 non
368 3010 423 3039 est
448 3015 605 3040 verum:
636 3003 723 3052 quia
741 3010 868 3040 motus
897 3010 952 3039 est
976 3002 1168 3039 divisibilis
1196 3003 1234 3040 in
1262 3003 1315 3040 in-

261 3055 422 3102 finitum,
443 3055 537 3092 sicut
564 3055 676 3092 etiam
706 3063 742 3092 et
768 3055 904 3102 lineae,
935 3067 1032 3104 quae
1061 3056 1099 3092 in
1127 3055 1313 3092 infinitum

263 3106 519 3144 diminuuntur
535 3120 605 3156 per
624 3107 860 3155 divisionem,
882 3115 917 3144 et
945 3108 983 3144 in
1010 3108 1198 3144 infinitum
1227 3121 1316 3156 aug-

261 3166 475 3196 mentantur
491 3172 560 3209 per
578 3160 810 3197 additionem
830 3160 1043 3209 oppositam
1063 3160 1315 3206 diminutioni;

264 3211 355 3248 dum
384 3211 522 3248 seilicet
549 3213 652 3261 quod
681 3213 908 3250 subtrahitur
935 3213 982 3249 ab
1009 3225 1100 3259 uno,
1121 3213 1223 3249 alteri
1252 3214 1316 3250 ad-

264 3264 372 3311 ditur,
392 3271 433 3299 ut
459 3264 498 3300 in
516 3265 624 3301 tertio
638 3265 658 3286 ²⁸
678 3272 732 3302 est
755 3272 961 3301 ostensum.
991 3265 1233 3301 Manifestum
1263 3273 1317 3302 est

264 3316 366 3352 enim
385 3316 423 3352 in
441 3315 550 3363 linea,
570 3317 674 3365 quod
693 3324 778 3353 ante
800 3316 1006 3364 quamlibet
1022 3324 1168 3364 partem
1196 3317 1317 3354 lineae

264 3376 319 3405 est
347 3367 516 3416 accipere
551 3375 735 3416 punctum
763 3369 801 3404 in
829 3368 956 3405 medio
993 3368 1090 3405 illius
1117 3369 1252 3417 partis3
1283 3377 1318 3406 et

264 3428 348 3457 ante
369 3420 459 3457 illud
477 3427 660 3468 punctum
680 3421 849 3457 medium
882 3427 938 3456 est
956 3420 1126 3468 accipere
1153 3421 1317 3469 aliquam

263 3481 408 3522 partem
445 3472 583 3519 lineae;
613 3480 648 3508 et
676 3473 729 3509 sic
765 3473 802 3508 in
840 3472 1040 3509 infinitum.
1071 3473 1162 3509 Non
1188 3480 1316 3537 tamen

1236 301 1305 348 v1‚
1336 300 1484 338 LECT.
1514 302 1599 338 v111

2357 303 2426 338 301

1375 380 1471 416 linea
1490 388 1564 417 est
1601 381 1761 427 infinita3
1799 381 1887 429 quia
1925 389 2010 417 ante
2046 381 2213 429 primum
2247 387 2431 429 punctum

1375 432 1495 468 lineae
1533 445 1611 469 non
1649 441 1703 470 est
1731 434 1854 482 aliqua
1891 445 1978 481 pars
2015 433 2147 470 lineae.
2182 434 2230 469 Et
2266 432 2432 469 similiter

1376 485 1693 522 considerandum
1724 494 1777 522 est
1796 486 1833 522 in
1861 493 1989 522 motu:
2019 486 2107 534 quia
2127 498 2214 522 curn
2244 485 2432 534 quaelibet

1374 549 1460 584 pars
1489 545 1614 574 motus
1643 538 1689 574 sit
1717 538 1920 584 divisibilis,
1943 546 2027 575 ante
2053 537 2258 587 quamlibet
2284 544 2431 586 partem

1374 597 1502 625 motus
1532 597 1587 626 est
1615 590 1784 638 accipere
1813 590 2038 627 indivisibile
2067 590 2207 638 aliquid
2235 590 2273 626 in
2301 589 2429 626 medio

1373 641 1468 677 illius
1496 642 1621 690 partis,
1643 643 1747 690 quod
1768 650 1823 679 est
1841 650 2027 679 mutatum
2047 655 2147 688 esse,
2171 650 2207 679 et
2235 650 2320 679 ante
2339 642 2431 679 illud

1373 693 1597 730 indivisibile
1622 702 1677 731 est
1704 695 1874 742 accipere
1901 703 2048 743 partem
2071 703 2218 740 motus;
2249 702 2284 731 et
2312 695 2364 731 sic
2392 695 2431 731 in

1372 745 1572 783 infinitum.
1600 748 1693 783 Non
1721 755 1849 783 tamen
1886 747 2053 794 sequitur
2090 748 2194 795 quod
2231 755 2357 784 motus
2386 747 2432 784 sit

1371 798 1557 835 infinitus:
1589 799 1676 848 quia
1710 807 1795 836 ante
1831 799 1998 847 primum
2027 799 2251 837 indivisibile
2280 808 2429 847 motus,

1372 862 1450 887 non
1480 859 1534 888 est
1562 852 1686 900 aliqua
1712 864 1799 900 pars
1827 859 1964 888 motus.
1987 852 2081 888 Illud
2105 859 2234 888 tamen
2261 852 2428 900 primum

1371 902 1596 940 indivisibile
1630 917 1708 941 non
1737 904 1870 941 dicitur
1897 911 2084 940 mutatum
2112 916 2211 951 esse,
2237 904 2332 941 sicut
2359 917 2430 941 nec

1371 955 1538 1003 primum
1566 964 1750 1004 punctum
1776 956 1896 993 lineae
1926 957 2059 993 dicitur
2087 956 2233 993 divisio.

1433 1019 1488 1054 14.
1509 1008 1657 1045 Deinde
1679 1021 1765 1045 cum
1795 1009 1900 1045 dicit:
1930 1010 2177 1057 Manifestum
2202 1009 2318 1058 igitur
2345 1018 2427 1056 etc.,

1373 1060 1562 1096 concludit
1577 1062 1596 1082 ’¹‘
1612 1061 1713 1097 idern
1743 1061 1950 1109 specialiter
1975 1062 2012 1098 in
2031 1061 2271 1108 generatione
2292 1068 2328 1098 et
2348 1074 2429 1098 cor-

1372 1111 1558 1159 ruptione.
1579 1114 1628 1149 Et
1655 1114 1729 1149 hoc
1757 1113 1863 1160 ideo,
1890 1114 1978 1161 quia
2006 1114 2109 1150 alite'r
2137 1126 2177 1150 se
2205 1114 2319 1150 habet
2346 1126 2428 1150 mu-

1371 1171 1490 1200 tatum
1518 1177 1600 1201 esse
1629 1165 1678 1201 ad
1715 1166 1851 1202 mutari
1889 1166 1927 1202 in
1955 1166 2196 1225 generatione
2237 1174 2273 1202 et
2302 1179 2428 1203 corru-

1370 1216 1512 1265 ptione,
1543 1224 1579 1254 et
1607 1218 1711 1254 aliter
1746 1218 1784 1254 in
1812 1218 1902 1254 aliis.
1934 1219 1975 1254 In
2004 1219 2082 1255 aliis
2111 1219 2212 1255 enim
2241 1226 2429 1256 mutatum

1373 1281 1454 1306 esse
1483 1277 1519 1306 et
1546 1270 1684 1306 mutari
1717 1278 1771 1307 est
1799 1271 2009 1307 secundum
2038 1270 2153 1318 idem,
2174 1271 2270 1307 sicut
2297 1272 2429 1308 altera-

1371 1329 1452 1358 tum
1482 1335 1564 1359 esse
1593 1330 1629 1359 et
1656 1323 1801 1359 alterari
1835 1330 1889 1359 est
1917 1323 2128 1359 secundum
2157 1324 2297 1360 album.
2326 1325 2428 1360 Nam

1371 1375 1515 1411 alterari
1531 1382 1585 1411 est
1602 1375 1737 1412 mutari
1757 1376 1967 1412 secundum
1987 1375 2213 1422 albedinem,
2235 1377 2430 1412 alteratum

1360 1434 1498 1463 ‘autem
1529 1440 1609 1464 esse
1639 1434 1693 1464 est
1721 1434 1909 1464 mutatum
1937 1440 2020 1464 esse
2049 1428 2260 1464 secundum
2289 1428 2429 1465 albedi-

1371 1492 1481 1516 nem:
1513 1487 1549 1516 et
1575 1480 1678 1517 idern
1708 1480 1912 1517 dicendum
1942 1488 1996 1517 est
2023 1480 2062 1517 in
2090 1488 2198 1517 motu
2234 1481 2364 1529 locali,
2395 1489 2431 1518 et

1371 1539 1576 1580 augmento
1610 1540 1646 1569 et
1665 1532 1918 1570 decremento.
1941 1533 2017 1570 Sed
2046 1533 2085 1570 in
2104 1533 2345 1581 generatione
2374 1546 2429 1570 se-

1372 1586 1539 1622 cundum
1577 1585 1678 1622 aliud
1707 1593 1761 1622 est
1796 1593 1983 1622 mutatum
2012 1597 2113 1633 esse,
2145 1593 2180 1622 et
2218 1586 2429 1623 secundum

1370 1637 1470 1674 aliud
1498 1638 1645 1674 mutari.
1676 1639 1779 1674 Nam
1808 1645 1995 1674 mutatum
2025 1650 2107 1674 esse
2136 1645 2192 1675 est
2219 1639 2429 1676 secundum

1371 1690 1551 1726 formam:
1581 1690 1719 1727 mutari
1746 1703 1839 1727 vero
1877 1703 1955 1727 non
1985 1698 2038 1727 est
2072 1690 2283 1727 secundum
2317 1704 2429 1739 nega-

1371 1742 1514 1778 tionem
1542 1743 1702 1789 formae,
1733 1755 1829 1791 quae
1858 1756 1936 1780 non
1965 1743 2118 1791 suscipit
2146 1744 2264 1790 magis
2300 1751 2335 1780 et
2361 1744 2429 1780 mi-

2456 1064 2465 1072 ‘
2485 1062 2588 1084 ostendit
2606 1063 2670 1089 rab,-

2456 1088 2485 1110 cf.
2510 1089 2584 1116 princ.
2603 1095 2668 1111 num.

2456 1121 2532 1142 praec.

1370 1807 1441 1830 nus
1470 1795 1680 1831 secundum
1708 1808 1764 1841 se;
1791 1795 1858 1832 sed
1885 1796 2022 1832 mutari
2042 1803 2098 1832 est
2125 1796 2336 1833 secundum
2367 1796 2429 1833 ali·
2479 1801 2483 1804 '

1371 1847 1462 1894 quid
1499 1847 1717 1884 adiunctum
1744 1847 1953 1894 negationi,
1985 1848 2090 1896 quod
2126 1848 2279 1897 suscipit
2311 1849 2429 1897 magis

1372 1907 1407 1936 et
1434 1899 1571 1947 minus,
1603 1900 1707 1948 quod
1735 1908 1791 1936 est
1818 1900 1986 1949 qualitas.
2018 1902 2066 1937 Et
2094 1901 2179 1937 ideo
2208 1909 2428 1948 generatum

1371 1965 1452 1988 esse
1483 1960 1537 1989 est
1564 1952 1745 1989 terminus
1766 1952 1844 1989 eius
1865 1954 1967 2001 quod
1989 1961 2043 1990 est
2063 1953 2219 2000 alterari,
2242 1961 2277 1990 et
2305 1954 2429 1990 simili-

1369 2013 1426 2041 ter
1446 2013 1665 2054 corruptum
1685 2018 1779 2042 esse.
1801 2006 1848 2042 Et
1867 2006 1956 2053 quia
1974 2013 2100 2042 motus
2130 2006 2394 2043 denominatur
2408 2019 2430 2043 a

1369 2058 1529 2094 termino
1546 2059 1593 2095 ad
1609 2070 1724 2106 quem
1737 2059 1767 2105 ³¹³,
1784 2066 1824 2094 ut
1839 2058 1877 2094 in
1895 2058 2080 2107 principio
2101 2058 2219 2106 quinti
2232 2060 2272 2080 *³³
2290 2059 2430 2096 dictum

1371 2118 1445 2156 est,
1474 2110 1599 2158 ipsum
1627 2111 1793 2157 alterari,
1823 2111 1912 2158 quia
1943 2112 2057 2148 habet
2095 2112 2191 2148 duos
2227 2112 2428 2159 terminos,

1370 2162 1508 2199 scilicet
1536 2164 1696 2199 formam
1725 2164 2007 2200 substantialem
2044 2172 2079 2200 et
2108 2164 2334 2212 qualitatem,
2362 2166 2429 2202 du-

1350 2210 1513 2263 pliciter
1532 2215 1763 2262 nominatur3
1785 2216 1874 2264 quia
1901 2225 2025 2265 potest
2050 2217 2121 2254 dici
2151 2225 2185 2253 et
2213 2217 2371 2265 alterari,
2393 2225 2429 2254 et

1369 2267 1454 2304 fieri-
1482 2275 1517 2304 et
1546 2268 1747 2316 corrumpi.

1422 2321 1471 2356 Et
1489 2321 1564 2356 hoc
1581 2320 1699 2357 modo
1728 2321 1860 2369 accipit
1887 2321 1949 2357 hic
1976 2321 2058 2358 fieri
2086 2329 2122 2358 et
2150 2322 2341 2371 corrumpi
2358 2335 2428 2370 pro

1368 2372 1451 2420 ipso
1472 2372 1638 2419 alterari,
1667 2373 1878 2410 secundum
1906 2374 2011 2421 quod
2037 2374 2256 2411 terminatur
2274 2375 2324 2411 ad
2348 2387 2429 2411 esse

1368 2425 1430 2462 vel
1459 2437 1536 2461 non
1550 2427 1650 2462 esse.
1672 2426 1781 2463 Unde
1803 2426 1888 2462 dicit
1913 2427 2017 2475 quod
2044 2426 2135 2463 illud
2162 2428 2263 2475 quod
2275 2429 2428 2475 factum

1369 2483 1431 2523 est,
1452 2489 1598 2514 necesse
1625 2483 1677 2514 est
1699 2479 1807 2526 prius
1828 2480 1923 2526 fieri
1932 2508 1942 2525 ,
1972 2485 2008 2515 et
2034 2479 2125 2515 illud
2151 2480 2251 2527 quod
2273 2482 2335 2527 fit,
2366 2492 2427 2516 ne-

1369 2525 1468 2566 cesse
1499 2536 1551 2567 est
1574 2532 1727 2579 factum
1765 2543 1860 2577 esse,
1895 2543 2150 2581 quaecumque
2186 2537 2309 2568 tamen
2345 2538 2432 2569 sunt

1368 2583 1563 2620 divisibilia
1592 2589 1628 2619 et
1653 2584 1838 2620 continua.
1870 2584 1986 2630 Quod
2015 2584 2169 2633 quidem
2196 2585 2357 2632 ponitur,
2387 2593 2428 2621 ut

1370 2635 1656 2672 Commentator
1694 2636 1804 2683 dicit,
1844 2637 1892 2673 ad
1928 2632 2204 2674 excludendum
2241 2637 2429 2686 quaedam

1369 2700 1467 2736 quae
1494 2688 1765 2725 indivisibiliter
1796 2690 1892 2725 fiunt
1920 2690 2063 2737 absque
2091 2697 2198 2726 motu
2227 2690 2427 2737 continuo,

1369 2740 1463 2777 sicut
1490 2740 1692 2788 intelligere
1714 2749 1748 2778 et
1767 2741 1923 2778 sentire:
1954 2754 2050 2790 quae
2072 2742 2182 2779 etiam
2202 2755 2279 2779 non
2301 2742 2428 2779 dicun-

1369 2801 1429 2829 tur
1455 2801 1581 2830 motus
1610 2794 1679 2830 nisi
1704 2794 1924 2842 aequivoce,
1944 2802 1985 2831 ut
2004 2795 2042 2831 in
2060 2795 2168 2831 tertio
2188 2795 2233 2831 de
2250 2795 2390 2832 Anima
2407 2796 2426 2816 '²‘
2455 2801 2466 2812 ⁸

2456 2072 2466 2080 '
2483 2070 2516 2091 ad
2534 2076 2598 2097 quem
2618 2077 2667 2092 om.

2457 2097 2525 2118 codd.
2541 2103 2589 2118 exc.
2606 2103 2646 2122 ατ.

2457 2125 2476 2133 ·“
2492 2123 2555 2144 Lect.
2571 2129 2620 2150 1‚n.
2631 2123 2655 2144 6.

1370 2845 1512 2882 dicitur.
1543 2846 1612 2882 Vel
1631 2854 1755 2894 potest
1783 2847 1855 2884 dici
1883 2847 2007 2894 aliter,
2038 2848 2140 2896 quod
2161 2848 2235 2884 hoc
2260 2847 2429 2884 Philoso-
2465 2860 2476 2874 0
2517 2860 2547 2874 xv

1368 2899 1465 2946 phus
1503 2898 1645 2935 addidit
1681 2907 1721 2935 ut
1759 2899 1960 2948 accipiatur
1997 2900 2187 2948 generatio
2226 2912 2312 2936 cum
2348 2907 2428 2937 toto

1369 2958 1476 2987 motu
1505 2951 1682 2987 continuo
1711 2952 1978 3000 praecedente.-

1430 3004 1485 3040 15.
1518 3003 1594 3040 Sed
1613 3003 1651 3040 id
1676 3004 1780 3052 quod
1806 3005 1847 3041 fit
1874 3005 1978 3053 prius
1998 3005 2138 3042 factum
2158 3017 2251 3052 esse,
2273 3005 2426 3042 diversi-

1369 3056 1484 3092 mode
1514 3056 1702 3093 invenitur
1729 3057 1767 3093 in
1797 3057 1963 3094 diversis.
1995 3058 2195 3104 Quaedam
2220 3058 2320 3094 enim
2343 3066 2429 3094 sunt

1371 3108 1572 3156 simplicia,
1602 3121 1699 3157 quae
1727 3110 1869 3146 habent
1897 3110 2105 3159 simplicem
2133 3110 2426 3158 generationem,

1372 3160 1465 3197 sicut
1485 3173 1548 3197 aer
1567 3169 1631 3197 aut
1653 3161 1764 3209 ignis:
1795 3170 1830 3198 et
1858 3162 1896 3199 in
1923 3163 1999 3199 istis
2028 3175 2106 3199 non
2126 3170 2323 3210 generatur
2341 3174 2428 3210 pars

1372 3221 1457 3249 ante
1476 3221 1633 3261 partem,
1646 3215 1712 3251 sed
1728 3214 1836 3251 simul
1856 3223 2054 3262 generatur
2070 3223 2104 3251 et
2120 3215 2294 3250 alteratur
2307 3222 2428 3250 totum

1372 3273 1407 3302 et
1425 3273 1562 3315 partes.
1579 3267 1627 3302 Et
1646 3266 1684 3302 in
1702 3266 1836 3303 talibus
1857 3267 1894 3303 id
1914 3267 2018 3315 quod
2038 3267 2176 3302 facturn
2202 3273 2266 3313 est,
2288 3266 2428 3314 ipsum-

1370 3326 1447 3354 met
1474 3318 1578 3366 prius
1606 3319 1738 3364 fiebat;
1760 3327 1795 3355 et
1823 3321 1927 3367 quod
1945 3319 1998 3364 fit,
2025 3319 2227 3366 ipsummet
2253 3319 2357 3366 prius
2376 3319 2428 3355 fa—

1373 3378 1473 3406 ctum
1502 3378 1567 3418 est,
1588 3378 1742 3419 propter
1762 3370 2043 3407 continuitatem
2068 3370 2293 3407 alterationis
2321 3383 2428 3419 prae-

1373 3422 1549 3459 cedentis.
1571 3423 1770 3469 Quaedam
1789 3432 1881 3458 vero
1911 3431 1996 3459 sunt
2016 3422 2224 3471 composita
2249 3435 2293 3459 ex
2322 3423 2426 3461 dissi—

1371 3474 1520 3510 milibus
1556 3475 1742 3523 pattibus,
1782 3487 1946 3522 quorum
1981 3487 2068 3523 pars
2109 3483 2307 3522 generatur
2339 3484 2428 3525 post

317 3575 342 3610 δ)
362 3576 449 3601 dicere
467 3576 537 3608 quod
555 3575 603 3601 hoc
623 3576 704 3607 ipso...
720 3575 855 3600 mutarn-
869 3575 955 3601 dicere
974 3576 1044 3608 quod
1058 3576 1106 3601 hoc
1126 3576 1182 3608 ipso
1202 3577 1273 3608 quod
1291 3580 1331 3601 est
1349 3580 1479 3602 mutatum
1504 3585 1558 3602 esse
1577 3581 1616 3602 est
1637 3577 1714 3608 prius
1734 3577 1845 3606 mutari,
1866 3577 1914 3602 hoc
1933 3577 1988 3609 ipso
2007 3578 2079 3610 quod
2102 3581 2140 3603 est
2165 3579 2265 3605 mutari
2284 3580 2363 3612 prius
2388 3584 2427 3605 est

264 3614 394 3636 mutatum
413 3618 467 3636 esse
483 3611 529 3636 EG
547 3611 746 3643 transponendo.
