2898 3996
31 386 42 416 Ϊ,
71 393 81 403 ·
94 391 157 413 Lect.
174 396 212 418 vn,
225 396 248 412 n.
263 396 280 412 1.

70 445 80 456 ·
94 444 156 466 Lect-
171 450 195 465 ix
209 450 259 472 sqq.

15 698 20 725 ἒ
48 695 49 698 “
69 702 80 714 ·’
89 707 181 724 movens
190 701 224 729 pb,
233 707 282 723 mo—

42 742 45 743 r
68 733 162 750 movens
175 728 211 750 ed.
230 733 254 749 a.

70 859 80 870 “
95 858 158 887 quod
170 858 222 880 add.
243 865 267 880 u.

69 1170 80 1182 ·
87 1169 149 1192 Lect.
156 1175 186 1197 tv,
195 1175 218 1191 n.
227 1175 247 1198 3,
257 1169 279 1191 6.

11 1647 16 1658 ³
43 1633 49 1639 ’
71 1643 81 1653 ·
89 1641 143 1670 quia
151 1641 218 1663 codd.
227 1644 281 1663 eta.

38 1677 44 1687 ἱ

10 1754 12 1761 =
41 1763 47 1769 ..
71 1747 82 1757 '
90 1746 133 1768 hoc
141 1751 270 1768 antuman
277 1762 283 1773 ,

10 1798 13 1804 ,
37 1789 40 1792 -
65 1778 120 1796 tom.
133 1778 173 1794 mc.

168 1898 183 1932 β

8 2091 10 2093 ¹
37 2060 221 2088 fam-main.

0 2355 42 2397 ¹¹2⁴.
72 2374 85 2385 ³
92 2379 154 2401 quae
161 2379 182 2400 z,
193 2373 286 2401 aliquos

14 2407 24 2417 ἠ
41 2411 46 2416 ·
73 2405 96 2426 ι,
111 2399 173 2428 quod
182 2403 225 2421 cet.
236 2405 284 2421 exc.

72 2431 154 2448 nosce.

64 2625 87 2650 “·
100 2639 124 2662 in
138 2639 191 2662 add.
201 2640 269 2662 codd.

77 3167 90 3179 “
95 3168 235 3197 evtgilantur
240 3169 291 3191 edd.

79 3194 115 3215 ab
128 3198 149 3216 et
163 3195 231 3217 codd.
242 3201 291 3217 exc.

78 3225 160 3242 oum.

1123 242 1234 280 CAP.
1263 243 1333 290 vl,
1364 242 1507 279 LECT.
1537 243 1623 279 xm

307 336 456 373 semper
472 330 685 360 moventur.
716 324 764 360 Et
784 323 880 359 circa
897 323 972 359 hoc
994 321 1254 371 procedentes,
1275 332 1360 369 pro-

306 377 502 426 posuimus
521 376 643 424 primo
662 376 797 425 *quod
817 388 931 412 omne
951 375 1055 423 quod
1075 381 1261 419 movetur,
1278 385 1360 408 mo-

299 437 416 467 ·vetur
435 430 482 466 ab
503 429 647 477 aliquo;
669 436 705 465 et
723 428 827 476 quod
843 429 862 449 *
882 439 1036 464 necesse
1066 434 1120 463 est
1146 426 1220 462 hoc
1239 437 1261 461 a
1285 436 1359 472 quo

308 482 447 531 aliquid
475 489 662 527 movetur,
683 489 748 518 aut
776 493 857 517 esse
885 479 1080 516 immobile
1105 485 1168 515 aut
1195 476 1360 522 moveri;

309 543 345 571 et
371 534 402 571 si
428 542 614 581 movetur,
636 541 699 570 aut
717 547 739 570 a
767 533 890 581 seipso
919 539 983 569 aut
1010 532 1057 568 ab
1086 530 1170 567 alio.
1201 530 1250 565 Et
1273 541 1360 565 cum

308 599 387 624 non
406 587 452 624 sit
469 588 674 636 procedere
702 586 741 623 in
768 585 956 622 infinitum
982 591 1024 620 ut
1046 583 1093 619 ab
1114 582 1186 618 alio
1205 593 1360 617 movea-

307 647 378 686 tur,
403 646 552 688 oportet
579 638 757 676 devenire
786 638 834 674 ad
859 639 934 674 hoc
961 635 1065 684 quod
1094 634 1139 670 sit
1165 633 1360 681 quoddam

307 692 471 741 primum
489 691 714 740 principium
739 697 864 726 motus
884 689 916 724 *ε
945 688 995 724 ita
1022 686 1176 735 quidem
1199 686 1361 744 quod-in

308 757 444 792 genere
464 756 597 780 eorum
627 755 724 790 quae
752 748 965 786 moventur,
996 746 1051 776 est
1077 751 1242 787 primum
1261 751 1361 787 prin-

309 797 448 846 cipium
475 796 580 845 quod
611 802 743 831 movet
774 793 960 841 seipsum:
996 792 1064 829 sed
1090 791 1244 827 ulterius
1272 791 1360 828 sim-

306 849 480 898 pliciter*
495 848 590 884 inter
603 846 742 893 omnia,
758 845 922 894 primum
936 844 1161 893 principium
1184 851 1238 880 est
1257 843 1361 892 quod

308 909 362 937 est
393 899 598 936 immobile.
637 899 720 935 Nec
753 898 865 935 debet
896 897 1059 946 reputari
1090 896 1361 933 inconveniens

306 952 409 1001 quod
428 951 568 1000 aliquid
587 958 742 987 moveat
765 950 951 999 seipsum:
981 950 1068 998 quia
1086 949 1261 986 videmus
1281 960 1361 984 ma-

305 1004 436 1041 nifeste
465 1016 547 1040 esse
571 1004 689 1040 multa
713 1003 799 1040 talia
826 1002 864 1039 in
892 1014 1027 1049 genere
1056 1001 1307 1038 animatorum
1326 1008 1363 1036 et

306 1056 535 1094 animalium.

358 1121 395 1156 4.
418 1109 547 1146 Tertio
576 1109 645 1145 ibi:
673 1109 785 1144 Haec
811 1112 935 1144 aulem
967 1112 1003 1143 et
1028 1106 1238 1155 opinionem
1267 1112 1358 1151 etc.,

308 1170 586 1198 commemorat
604 1160 798 1209 quandam
818 1160 1070 1197 obiectionem
1090 1170 1204 1206 supra
1223 1159 1242 1177 “
1261 1157 1362 1206 posi-

306 1222 384 1251 tam
414 1222 449 1251 et
468 1215 643 1251 solutam.
665 1214 765 1250 Cum
795 1213 895 1250 enim
915 1212 1112 1261 probasset
1130 1218 1257 1247 motus
1278 1222 1361 1258 per-

306 1266 537 1315 petuitatem,
558 1266 685 1315 posuit
712 1265 965 1302 obiectionem
993 1264 1031 1300 in
1060 1263 1288 1300 contrarium
1317 1275 1362 1299 ex

307 1320 420 1356 rebus
449 1319 633 1366 animatis,
655 1331 751 1368 quae
781 1331 869 1355 cum
894 1318 997 1366 prius
1016 1316 1252 1364 quieverunt,
1274 1315 1363 1351 inci-

306 1371 416 1420 piunt
443 1372 674 1420 quandoque
711 1371 870 1407 moveri.
901 1371 955 1407 Et
976 1371 1050 1406 hoc
1078 1375 1133 1405 est
1169 1368 1274 1416 quod
1301 1367 1361 1404 hic

308 1423 406 1472 dicit,
427 1426 530 1472 quod
559 1425 628 1460 ista
655 1424 820 1460 animata
844 1435 940 1471 quae
969 1429 1127 1459 movent
1154 1420 1287 1469 seipsa,
1307 1420 1362 1457 vi-

308 1477 493 1513 debantur
521 1476 741 1525 opinionem
774 1475 953 1512 inducere
988 1474 1092 1523 quod
1121 1473 1299 1521 contingit
1324 1472 1363 1509 in

307 1535 387 1565 toto
413 1529 591 1565 universo
612 1536 759 1565 motum
787 1528 871 1565 fieri
890 1540 978 1564 cum
1006 1526 1109 1576 prius
1137 1538 1215 1562 non
1238 1525 1362 1571 fuerit3

307 1587 462 1629 propter
489 1582 563 1618 hoc
583 1582 687 1630 quod
714 1581 891 1618 videmus
911 1580 949 1617 in
969 1580 1022 1616 eis
1041 1580 1115 1616 hoc
1135 1578 1361 1626 contingere,

309 1634 414 1681 quod
426 1635 445 1656 ’⁸
461 1646 549 1670 cum
563 1634 666 1683 prius
681 1646 759 1670 non
779 1639 1035 1679 moverentur,
1051 1631 1232 1680 incipiunt
1246 1643 1364 1680 quan-

311 1686 437 1734 doque
466 1687 625 1724 moveri.
655 1687 704 1723 Et
731 1687 779 1723 acl
811 1686 923 1722 huius
959 1684 1188 1721 solutionem
1217 1690 1365 1732 oportet

310 1739 372 1775 hic
391 1741 411 1761 *
439 1740 621 1788 accipere,
642 1739 747 1788 quod
770 1738 946 1775 animalia
973 1743 1132 1774 movent
1158 1736 1282 1784 seipsa
1309 1748 1365 1772 se—

313 1792 480 1829 cundum
515 1804 637 1829 unum
674 1799 844 1838 motum,
874 1790 1012 1826 scilicet
1044 1788 1254 1826 secundum
1283 1800 1365 1824 mo-

310 1852 392 1881 tum
419 1845 599 1881 localem:
628 1844 689 1880 hic
718 1844 819 1880 enim
838 1843 940 1879 solus
969 1849 1095 1878 motus
1123 1840 1311 1877 invenitur
1329 1840 1367 1876 in

311 1897 535 1933 animalibus
572 1896 750 1944 appetitui
788 1895 976 1932 subiectus
1003 1893 1031 1931 β.
1062 1895 1111 1930 Et
1137 1901 1265 1930 tamen
1297 1905 1368 1929 nec

311 1949 522 1986 secundum
549 1950 651 1985 hunc
678 1956 826 1986 motum
853 1947 1004 1996 proprie
1042 1946 1218 1983 animalia
1245 1945 1369 1994 seipsa

310 2009 479 2048 movent,
496 2002 545 2038 ita
565 2001 702 2038 scilicet
730 2001 835 2050 quod
862 2000 974 2037 huius
1010 2006 1136 2036 motus
1165 1998 1235 2035 alia
1255 2011 1368 2035 causa

311 2067 390 2091 non
417 2054 651 2102 praeexistat.
690 2055 781 2090 Non
811 2053 911 2089 enim
940 2051 1092 2089 animali
1121 2053 1141 2073 ²¹²
1170 2064 1215 2087 ex
1243 2051 1367 2099 seipso

312 2115 368 2143 est
401 2107 524 2155 prima
562 2119 674 2143 causa
708 2106 814 2154 quod
850 2105 1016 2142 localiter
1052 2111 1272 2141 moveatur:
1301 2103 1367 2140 sed

311 2159 544 2207 praecedunt
581 2159 640 2195 alii
668 2166 814 2204 motus,
845 2170 923 2194 non
949 2156 1171 2203 voluntarii,
1202 2155 1268 2192 sed
1304 2168 1369 2192 na-

311 2212 459 2259 turales,
474 2213 537 2248 vel
557 2212 603 2248 ab
623 2211 788 2248 interiori
805 2211 866 2247 vel
886 2211 934 2246 ab
954 2209 1136 2255 exteriori,
1157 2207 1368 2244 secundum

313 2277 410 2313 quos
447 2264 622 2301 animalia
656 2276 734 2300 non
770 2270 927 2299 movent
964 2262 1106 2310 seipsa;
1141 2261 1235 2297 sicut
1269 2267 1370 2308 patet

313 2317 360 2354 de
388 2324 496 2353 motu
531 2317 722 2364 augmenti
757 2324 793 2352 et
820 2314 1050 2352 decrementi
1087 2322 1122 2350 et
1159 2312 1369 2362 respiratio-

313 2369 382 2415 nis,
409 2369 618 2406 secundum
647 2381 743 2417 quos
764 2370 783 2389 ’⁸
804 2375 930 2404 motus
955 2366 1131 2404 animalia
1150 2373 1367 2411 moventur,

312 2422 487 2471 quamvis
523 2423 718 2470 quiescant
758 2421 968 2457 secundum
1006 2427 1155 2456 motum
1196 2419 1368 2464 localem,

313 2487 389 2523 quo
418 2482 622 2511 moventur
650 2487 672 2511 a
699 2473 841 2522 seipsis.
863 2474 1013 2509 Horum
1041 2478 1167 2508 autern
1195 2478 1369 2507 motuum

313 2527 540 2564 naturalium
569 2539 681 2564 causa
710 2534 764 2563 est
790 2526 853 2563 vel
883 2525 1079 2561 continens
1108 2524 1369 2570 extrinsecum,

313 2580 452 2616 scilicet
479 2580 626 2615 caelum
646 2587 682 2616 et
701 2591 776 2625 aer,
797 2591 819 2615 a
847 2590 924 2626 quo
943 2578 1191 2614 immutantur
1211 2588 1370 2624 corpora

313 2631 534 2668 animalium
555 2631 731 2677 exterius3
760 2631 822 2668 vel
851 2630 990 2679 aliquid
1015 2630 1189 2666 intrans*
1211 2641 1371 2677 corpora

313 2684 547 2730 animalium,
570 2684 663 2720 sicut
690 2695 754 2720 aer
781 2683 890 2720 intrat
915 2695 984 2731 per
1011 2682 1308 2730 respirationem,
1335 2688 1370 2717 et

313 2737 535 2774 alimentum
559 2736 667 2773 intrat
694 2748 762 2784 per
790 2734 1063 2778 comestionem
1093 2741 1129 2770 et
1154 2741 1301 2782 potum.
1323 2734 1372 2770 Et

314 2802 360 2826 ex
378 2789 596 2826 huiusmodi
621 2787 1005 2832 transmutationibus,
1027 2786 1106 2823 sive
1131 2787 1178 2822 ab
1207 2786 1371 2822 interiori

314 2842 394 2879 sive
424 2843 471 2878 ab
501 2841 672 2878 exteriori
702 2840 871 2887 causatis,
893 2838 1071 2886 contingit
1098 2840 1202 2886 quod
1230 2838 1371 2875 anima—

314 2895 363 2931 lia
392 2894 622 2943 quandoque
651 2894 832 2942 incipiunt
859 2892 1019 2939 moveri,
1047 2903 1134 2927 cum
1162 2891 1266 2939 prius
1294 2903 1372 2927 non

315 2955 582 2993 moverentur;
613 2947 706 2983 sicut
732 2953 835 2994 patet
864 2957 908 2981 ex
935 2944 1244 2981 transmutatione
1273 2956 1372 2991 quae

317 3007 373 3036 est
400 3000 497 3036 circa
533 3000 769 3036 alimentum:
799 2998 886 3047 quia
921 2997 1012 3034 dum
1050 2996 1272 3045 decoquitur
1308 2996 1370 3032 ali-

318 3059 501 3098 mentum,
522 3059 676 3100 propter
692 3063 856 3099 vapores
885 3050 1068 3087 resolutos
1092 3049 1267 3086 animalia
1287 3049 1371 3085 dor-

318 3104 458 3150 miunt;
479 3105 546 3141 sed
574 3104 726 3153 quando
756 3103 974 3140 alimentum
1005 3109 1059 3139 est
1085 3102 1160 3138 iam
1189 3101 1372 3148 digestum

319 3163 355 3192 et
383 3156 615 3203 dissolutum,
643 3156 850 3204 vaporibus
879 3154 1137 3200 residentibus,
1159 3154 1333 3201 evigilant
1351 3153 1371 3174 *

319 3208 493 3245 animalia
521 3216 557 3245 et
584 3216 738 3256 surgunt
775 3215 810 3244 et
837 3214 995 3244 movent
1031 3207 1153 3255 seipsa
1179 3213 1286 3242 motu
1318 3206 1371 3242 lo-

319 3261 406 3305 cali;
436 3273 523 3297 cum
542 3268 669 3297 tamen
697 3260 861 3308 primum
881 3258 1106 3307 principium
1130 3258 1308 3294 motionis
1327 3258 1372 3294 sit

318 3313 459 3361 aliquid
475 3313 722 3350 extrinsecum
736 3325 758 3348 a
776 3319 909 3348 natura
927 3310 1098 3347 animalis
1114 3310 1219 3358 quod
1242 3317 1373 3347 movet

320 3366 486 3414 seipsum
516 3365 547 3401 *.

372 3485 396 3521 β)
411 3486 541 3519 appetitui
554 3486 692 3511 subiectus.
705 3499 724 3504 -
737 3485 787 3509 Pro
806 3485 947 3514 subiectus,
962 3465 1088 3509 'subiectis
1103 3483 1197 3508 habent
1216 3483 1316 3508 codices
1328 3483 1370 3508 BF

2391 243 2468 287 413

1468 321 1517 356 Et
1543 320 1630 357 inde
1659 328 1715 356 est
1745 320 1849 369 quod
1887 320 2059 356 animalia
2096 332 2173 356 non
2210 331 2360 367 semper
2386 330 2469 354 mo-

1414 380 1551 409 ventur
1570 385 1592 409 a
1611 373 1756 420 seipsis:
1778 373 1866 421 quia
1885 379 2056 421 respectu
2074 371 2370 420 uniuscuiusque
2390 371 2468 407 ani-

1414 424 1520 461 malis
1540 425 1728 461 moventis
1748 425 1926 473 seipsum,
1951 424 2138 461 invenitur
2157 424 2308 472 aliquod
2328 423 2427 460 aliud
2447 424 2467 443 ⁴*

1413 477 1517 525 prius
1535 489 1708 524 movens,
1734 479 1836 525 quod
1864 484 2040 513 movetur
2068 484 2104 513 et
2123 484 2264 513 movet.
2295 476 2334 512 Si
2365 475 2466 512 enim

1416 536 1513 565 esset
1549 530 1704 566 omnino
1742 529 1955 576 immobile,
1994 541 2144 577 semper
2182 529 2318 565 eodem
2349 528 2466 565 modo

1415 594 1454 617 se
1473 582 1629 618 haberet
1647 582 1684 618 in
1704 582 1916 618 movendo:
1946 589 1982 618 et
2005 582 2054 618 ita
2073 582 2093 602 ³¹²
2114 582 2226 618 etiam
2245 588 2371 617 motus
2391 581 2468 617 ani-

1414 634 1521 670 malis
1550 642 1647 670 esset
1679 634 1938 682 sempiternus.
1979 635 2054 671 Sed
2083 634 2170 682 quia
2197 635 2271 670 hoc
2306 646 2467 670 movens

1416 694 1633 723 extraneum
1673 687 1777 734 quod
1813 694 1944 723 movet
1972 686 2167 733 animalia,
2198 686 2308 722 etiam
2344 686 2468 733 ipsum

1415 746 1602 785 movetur,
1614 751 1693 775 non
1707 751 1857 787 semper
1877 739 2013 775 eodem
2036 739 2153 775 modo
2170 746 2310 775 movet.
2323 759 2346 766 —-
2358 739 2469 775 Unde

1415 804 1486 828 nec
1504 791 1680 828 animalia
1705 803 1856 839 semper
1875 792 1894 812 ²¹²
1915 791 2051 827 eodem
2081 791 2198 828 modo
2228 798 2385 827 movent
2413 803 2468 827 se-

1414 844 1515 892 ipsa,
1537 843 1624 892 quia
1651 844 1688 880 in
1708 843 1764 880 his
1793 843 1969 880 omnibus
1992 844 2158 891 primum
2184 855 2346 879 movens
2366 843 2468 891 quod

1417 904 1471 932 est
1486 909 1599 933 causa
1613 896 1764 932 animali
1780 896 1799 917 ’¹‘
1819 896 2001 933 movendi
2021 896 2199 944 seipsum,
2217 895 2311 931 sicut
2330 895 2468 942 anima,

1416 949 1468 984 sie
1498 956 1628 985 movet
1655 948 1756 997 quod
1776 956 1964 995 movetur,
1985 961 2063 984 non
2082 947 2236 996 quidem
2256 960 2325 997 per
2344 960 2382 983 se
2403 948 2470 984 sed

1415 1012 1484 1048 per
1511 995 1701 1037 accide‘ns:
1723 1000 1810 1048 quia
1831 1013 1968 1048 corpus
1996 1008 2162 1037 mutatur
2185 1000 2396 1044 secundum
2417 1001 2469 1035 lo-

1417 1065 1522 1099 cum,
1553 1060 1695 1088 mutato
1725 1060 1850 1088 autem
1871 1065 2041 1101 corpore,
2071 1060 2237 1089 mutatur
2256 1060 2292 1088 et
2310 1052 2348 1088 id
2367 1052 2472 1100 quod

1415 1105 1454 1141 in
1474 1117 1632 1152 corpore
1653 1105 1782 1151 existit,
1798 1117 1866 1153 per
1884 1105 2069 1151 accidens,
2092 1105 2229 1141 scilicet
2256 1105 2393 1141 anima.
2424 1105 2473 1141 Et

1416 1157 1469 1194 sic
1489 1169 1533 1193 ex
1553 1157 1771 1193 necessitate
1792 1164 1957 1193 mutatur
1975 1165 2096 1193 totum
2116 1169 2277 1194 movens
2293 1157 2470 1205 seipsum,

1416 1218 1458 1246 ut
1484 1222 1562 1246 non
1590 1209 1636 1246 sit
1662 1209 1700 1245 in
1729 1209 1864 1246 eadem
1894 1209 2137 1257 dispositione
2171 1209 2364 1246 movendi.

1474 1263 1506 1299 5.
1527 1261 1674 1298 Deinde
1704 1274 1790 1298 cum
1812 1261 1916 1298 dicit:
1945 1263 2009 1297 Ex
2036 1263 2168 1309 quibus
2186 1267 2240 1298 est
2264 1262 2360 1298 scire
2389 1268 2471 1307 etc.‚

1418 1327 1463 1351 ex
1481 1314 1695 1363 praemissis
1715 1314 1876 1350 ostendit
1894 1314 2148 1362 propositum:
2171 1321 2207 1350 et
2225 1314 2346 1362 primo
2367 1314 2472 1361 quod

1416 1367 1584 1415 primum
1602 1379 1763 1404 movens
1783 1366 1828 1403 sit
1847 1366 2059 1412 immobile;
2089 1366 2255 1403 secundo
2277 1366 2381 1414 quod
2400 1366 2472 1414 pri-

1416 1432 1501 1456 mus
1530 1427 1656 1456 motus
1675 1419 1720 1455 sit
1739 1418 2000 1467 sempiternus,
2021 1418 2089 1455 ibi:
2110 1419 2162 1455 At
2177 1430 2266 1455 vero
2285 1419 2319 1455 si
2335 1418 2477 1466 aliquid

1417 1478 1471 1509 est
1488 1474 1508 1494 ‘'t'
1534 1479 1602 1508 etc.
1624 1471 1734 1508 Circa
1751 1471 1918 1520 primum
1936 1471 2012 1508 duo
2033 1471 2134 1508 facit:
2164 1471 2286 1519 primo
2314 1470 2476 1507 ostendit

1416 1524 1672 1574 propositum3
1694 1524 1861 1561 secundo
1892 1524 2053 1561 excludit
2076 1524 2268 1571 quandam
2297 1523 2474 1559 obiectio-

1417 1590 1519 1624 nem,
1535 1577 1601 1613 ibi:
1621 1578 1711 1614 Non
1726 1582 1780 1613 est
1791 1582 1914 1613 autem
1931 1577 2026 1613 idem
2041 1577 2186 1613 moveri
2197 1576 2399 1613 secundum
2414 1587 2475 1612 ac-

1419 1630 1540 1667 cidens
1553 1631 1572 1651 ²³²
1584 1637 1652 1666 etc.
1665 1629 1763 1666 Dicit
1774 1641 1861 1677 ergo
1877 1629 2011 1678 primo,
2023 1629 2127 1678 quod
2140 1640 2185 1665 ex
2203 1628 2417 1678 praemissis
2433 1630 2475 1650 Μ

1418 1695 1621 1731 possumus
1650 1682 1742 1718 scire
1773 1681 1877 1730 quod
1905 1682 1934 1718 si
1964 1681 2117 1730 aliquod
2135 1681 2361 1730 principium
2382 1683 2400 1702 '¹²
2422 1688 2478 1718 est

1421 1747 1582 1772 movens
1598 1734 1803 1781 immobile,
1816 1734 1921 1782 quod
1934 1742 2061 1771 tamen
2075 1742 2252 1771 movetur
2267 1734 2476 1771 secundum

1421 1787 1605 1835 accidens,
1617 1799 1695 1823 non
1720 1794 1843 1835 potest
1869 1787 2020 1823 facere*
2037 1786 2255 1823 continuum
2279 1794 2426 1823 motum
2442 1794 2478 1823 et

1422 1840 1702 1888 sempiternum.
1725 1841 1798 1876 Ista
1817 1839 1918 1875 enim
1938 1852 2050 1876 causa
2078 1847 2133 1875 est
2151 1839 2336 1887 assignata
2362 1851 2476 1888 quare

1423 1892 1643 1929 animalium
1672 1892 1820 1928 animae
1849 1904 1927 1928 non
1959 1899 2118 1928 movent
2144 1893 2164 1912 '¹‘
2192 1904 2359 1940 semper,
2390 1892 2478 1940 quia

1421 1953 1624 1982 moventur
1642 1957 1710 1993 per
1729 1944 1914 1981 accidens.
1941 1945 2016 1981 Sed
2037 1951 2231 1981 ostensum
2251 1952 2305 1981 est
2324 1957 2437 1993 supra
2458 1946 2477 1966 ’¹‘

1423 1997 1528 2046 quod
1552 2010 1707 2034 necesse
1728 2004 1783 2034 est
1800 2004 1948 2033 motum
1965 1997 2133 2034 universi
2154 2009 2235 2033 esse
2257 1998 2478 2034 continuum

1424 2058 1460 2087 et
1487 2051 1769 2099 sempiternum.
1800 2050 1901 2097 Ergo
1931 2061 2083 2086 necesse
2122 2057 2177 2086 est
2204 2050 2364 2098 primam
2393 2063 2478 2086 cau-

1423 2115 1506 2139 sam
1524 2110 1745 2139 moventem
1765 2103 1802 2139 in
1831 2110 1910 2139 toto
1929 2102 2108 2139 universo
2130 2114 2210 2139 esse
2230 2102 2476 2153 immobilem,

1422 2155 1472 2191 ita
1500 2155 1604 2203 quod
1632 2167 1703 2191 nec
1731 2155 1842 2191 etiam
1870 2154 2080 2191 secundum
2118 2155 2291 2192 accidens
2323 2167 2479 2192 movea-

1423 2214 1492 2244 tur.
1515 2207 1590 2244 Sed
1620 2207 1714 2244 sicut
1741 2219 1854 2255 supra
1883 2209 1902 2228 ’⁸
1932 2207 2073 2243 dictum
2102 2215 2176 2254 est,
2206 2208 2245 2244 in
2273 2209 2385 2244 rebus
2413 2221 2477 2244 na—

1423 2259 1603 2296 turalibus
1626 2259 1786 2297 inveniri
1815 2259 1927 2296 debet
1954 2260 2110 2307 quidam
2137 2267 2262 2297 motus
2289 2260 2480 2297 immorta-

1424 2312 1466 2348 lis
1487 2320 1523 2348 et
1541 2312 1781 2358 incessabilis,
1804 2319 1839 2348 et
1867 2313 1969 2360 quod
1989 2319 2111 2349 totum
2133 2325 2210 2359 ens,
2230 2312 2326 2349 idest
2355 2314 2480 2362 dispo-

1424 2365 1506 2401 sitio
1535 2365 1645 2401 huius
1664 2364 1842 2410 universi,
1862 2372 2013 2401 maneat
2036 2365 2074 2401 in
2093 2377 2161 2401 sua
2181 2365 2424 2413 dispositIOne
2446 2374 2481 2403 et

1425 2418 1463 2454 in
1491 2418 1628 2455 eodem
1656 2425 1763 2454 statu.
1794 2418 1851 2453 Ex
1888 2417 2146 2454 immobilitate
2180 2418 2279 2454 enim
2307 2418 2479 2467 principii

1425 2470 1529 2518 quod
1557 2470 1710 2518 ponitur
1736 2479 1892 2506 manere
1920 2469 2114 2506 immobile
2133 2475 2158 2516 ⁷,
2180 2470 2347 2518 sequitur
2375 2472 2480 2518 quod

1425 2530 1545 2559 toturn
1563 2523 1784 2559 universum
1802 2523 1940 2558 habeat
1968 2522 2160 2571 quandam
2179 2523 2478 2570 permanentiam

1425 2575 1704 2624 sempiternam,
1726 2574 1936 2611 secundum
1964 2575 2068 2623 quod
2093 2575 2329 2612 continuatur
2355 2576 2479 2624 primo

1424 2628 1608 2677 principio
1625 2627 1819 2674 immobili,
1837 2627 2052 2675 recipiendo
2068 2627 2301 2664 influentiam
2316 2628 2363 2664 ab
2384 2628 2478 2676 ipso.

1479 2682 1514 2717 6.
1536 2680 1683 2717 Deinde
1709 2692 1794 2716 cum
1823 2680 1924 2716 dicit:
1943 2681 2033 2717 Non
2063 2686 2116 2716 est
2132 2686 2255 2717 autem
2276 2681 2371 2716 idem
2397 2688 2478 2728 etc.,

1426 2733 1586 2770 excludit
1597 2733 1787 2782 quandam
1798 2732 2061 2769 obiectionem.
2074 2733 2226 2769 Dixerat
2235 2734 2255 2752 ⁴
2267 2733 2366 2769 enirn
2376 2734 2477 2782 quod

1426 2786 1456 2822 si
1484 2786 1636 2835 aliquod
1671 2798 1833 2822 movens
1870 2793 2047 2822 movetur
2073 2798 2141 2834 per
2178 2785 2370 2831 accidens,
2401 2798 2479 2823 non

1425 2846 1556 2875 movet
1582 2845 1689 2875 motu
1717 2838 1958 2887 sempiterno.
1981 2839 2066 2874 Hoc
2094 2846 2220 2874 autem
2238 2838 2386 2874 videtur
2413 2839 2478 2875 ha-

1426 2891 1515 2927 bere
1544 2891 1767 2938 instantiam,
1788 2891 1876 2939 quia
1904 2890 2112 2927 secundum
2142 2890 2220 2927 eius
2247 2891 2477 2938 positionem

1425 2951 1550 2980 motus
1578 2943 1797 2980 inferiorum
1816 2945 1836 2964 '⁸
1860 2943 2020 2990 orbium,
2040 2951 2130 2992 puta
2149 2943 2236 2980 solis
2257 2951 2292 2979 et
2313 2944 2423 2980 lunae
2444 2951 2479 2980 et

1427 2996 1586 3032 aliorum
1618 2997 1874 3045 planetarum,
1905 3003 1990 3032 sunt
2017 2996 2256 3044 sempiterni;
2291 3004 2326 3032 et
2353 3004 2478 3033 tamen

1425 3056 1592 3085 motores
1620 3061 1753 3085 eorum
1770 3048 1947 3086 videntur
1973 3049 2120 3085 moveri
2147 3061 2215 3097 per
2243 3048 2426 3095 accidens,
2449 3049 2478 3084 si

1427 3113 1631 3149 sequamur
1656 3114 1700 3138 ea
1728 3114 1825 3150 quae
1853 3101 2023 3149 superius
2044 3102 2062 3122 ’Ἄ
2084 3101 2182 3138 dixit.
2213 3102 2270 3137 Ea
2294 3101 2394 3136 enim
2421 3113 2478 3136 ra-

1427 3153 1527 3190 tione
1548 3154 1638 3190 dixit
1665 3154 1829 3190 animam
1849 3153 2017 3190 animalis
2039 3165 2107 3201 per
2126 3153 2299 3189 accidens
2317 3153 2476 3200 moveri,

1426 3205 1514 3254 quia
1543 3218 1679 3254 corpus
1699 3205 1867 3242 animalis
1895 3211 2071 3241 movetur
2089 3205 2256 3252 quodam
2279 3204 2351 3240 alio
2371 3212 2478 3241 motu

1426 3259 1473 3294 ab
1502 3258 1672 3294 exteriori
1700 3257 1903 3306 principio,
1933 3257 1996 3305 qui
2022 3258 2040 3278 '³‘
2069 3269 2146 3293 non
2175 3264 2230 3292 est
2257 3257 2303 3292 ab
2332 3257 2476 3294 anima:
2505 3259 2514 3269 '

1426 3310 1591 3347 similiter
1618 3318 1744 3347 autem
1772 3316 1926 3357 apparet
1945 3309 2048 3357 quod
2077 3309 2177 3345 orbis
2197 3309 2284 3345 solis
2302 3317 2478 3346 movetur

1427 3363 1595 3410 quodam
1623 3363 1694 3399 alio
1723 3370 1840 3408 motu,
1863 3361 1968 3409 quasi
1997 3361 2140 3398 delatus
2169 3373 2214 3397 ex
2242 3369 2349 3398 motu
2367 3362 2478 3410 primi

1477 3483 1503 3517 γ)
1522 3484 1592 3516 quod
1612 3484 1723 3515 ponitur
1747 3490 1853 3507 manere
1877 3483 2015 3508 immobile.
2029 3483 2095 3507 —Ita
2114 3483 2203 3515 legunt
2220 3482 2337 3511 PKOab;
2356 3491 2403 3515 pro
2422 3490 2478 3507 ma-

317 3522 396 3552 INQZ
416 3527 441 3547 et
460 3522 499 3546 ed.
517 3522 607 3545 Venet.
630 3520 733 3552 1504-
746 3520 823 3545 Linea
842 3519 959 3552 sequenti
984 3527 1030 3551 pro
1048 3519 1134 3551 seipsa
1153 3522 1265 3548 movent,
1285 3519 1371 3551 seipsa
1425 3525 1486 3543 nere
1505 3519 1642 3547 immobile,
1663 3524 1767 3542 movere
1788 3518 1954 3542 immobiliter
1972 3517 2066 3543 habent
2085 3517 2185 3543 codices
2205 3517 2402 3548 BEFGLNQR,
2422 3525 2478 3543 ma-

318 3560 456 3582 moventur
474 3557 569 3581 habent
587 3556 649 3580 Pab.

1425 3560 1486 3578 nere
1505 3553 1672 3578 immobiliter
1691 3553 1766 3577 ceteri
1785 3553 1894 3577 codices.

2496 428 2504 437 ⁶
2523 427 2591 448 aliud
2610 427 2709 455 aliquod

2494 453 2546 475 rab.

2494 590 2504 599 “
2524 589 2558 610 ita
2579 594 2627 610 om.
2641 594 2656 609 a
2665 588 2685 610 b.
2694 599 2705 604 -

2495 615 2565 636 etiam
2579 621 2627 636 om.
2643 621 2664 636 Ρ.

2497 798 2506 807 ·
2521 802 2611 824 semper
2620 802 2668 818 om.
2679 802 2707 823 νς

2496 829 2512 844 a
2520 823 2532 843 b
2546 823 2588 844 lac.

2497 902 2506 912 ³
2520 901 2632 922 animalis
2641 900 2707 923 pzah.

2503 1476 2512 1485 ¹
2526 1475 2596 1497 Num.
2611 1481 2631 1502 7.

2503 1633 2512 1641 '
2527 1632 2597 1653 Num.
2612 1638 2660 1659 seq.

2503 1659 2523 1668 ⁰
2538 1658 2608 1679 Num.
2624 1663 2698 1685 praec.

2503 1691 2511 1699 ·
2523 1690 2625 1716 primum
2638 1695 2700 1710 ptos.

2504 1790 2513 1799 ·
2524 1795 2625 1811 causare
2633 1796 2655 1815 L,
2663 1795 2714 1810 mo-

2504 1822 2559 1837 vere
2573 1819 2616 1837 cet.
2632 1820 2653 1837 et
2667 1821 2681 1837 a
2693 1816 2714 1837 b.

2505 1895 2514 1904 ·
2529 1896 2649 1916 moventur
2662 1901 2714 1916 rex.

2506 1948 2514 1957 ·
2530 1947 2593 1969 Lect.
2608 1954 2615 1968 1
2630 1953 2681 1975 sqq.

2506 2220 2517 2231 ⁴
2532 2220 2594 2242 Lect.
2609 2226 2624 2247 ι,
2640 2225 2663 2241 n.
2679 2225 2699 2241 2.

2507 2741 2516 2750 ·
2531 2740 2601 2762 Num.
2617 2746 2691 2768 praec.

2506 2946 2515 2955 '¹
2529 2945 2632 2972 inferior
2648 2950 2717 2965 meix

2505 2977 2595 2998 nvxvpn
2610 2974 2632 2992 et
2646 2976 2660 2992 a
2669 2970 2690 2991 b.

2504 3110 2515 3121 ⁸
2530 3110 2599 3131 Num.
2613 3117 2636 3137 4.

2551 3258 2599 3279 uod
2623 3258 2667 3280 vab
2695 3262 2717 3280 et

2504 3290 2532 3306 co
2550 3285 2572 3306 d.
2587 3291 2636 3306 exc.
2659 3291 2717 3307 nizro

2504 3317 2574 3332 anon.
