2898 3996
108 1378 118 1387 ·
132 1377 201 1399 Num.
212 1384 236 1403 4.

107 1772 117 1780 '
131 1770 194 1792 Lect.
203 1776 254 1792 xm.

109 2374 117 2383 ¹
132 2373 189 2395 Ibid.
205 2379 268 2395 num.
276 2380 299 2400 4.

108 2953 119 2961 ·
133 2957 249 2979 nunquam
264 2958 303 2979 m,

109 2983 155 2999 ιοιι
165 2983 207 3005 pu.

1199 311 1309 346 CAP.
1339 311 1389 357 Π,
1420 310 1570 346 LECT.
1601 311 1652 346 1v

399 389 547 417 Smopsts.
564 404 598 408 —
619 397 642 416 ι,
656 389 866 425 Argumentum
887 395 914 416 et
935 388 1035 416 divisio
1053 394 1152 416 textus.
1168 405 1187 410 -
1202 389 1303 415 Prima
1324 387 1398 415 ratio

347 437 380 456 ex
408 434 487 464 parte
508 433 620 462 motus,
641 429 678 455 ad
706 429 888 463 probandum
909 429 989 464 quod
1010 435 1105 455 motus
1133 437 1193 455 non
1221 436 1333 463 semper
1354 426 1398 454 sit.

346 466 430 494 Nulla
457 466 577 494 mutatio
608 467 758 494 terminata
786 473 827 494 est
848 474 999 503 perpetua,
1024 466 1096 494 sicut
1122 476 1175 494 nec
1202 466 1325 494 infinita:
1348 466 1398 493 sed

347 505 441 534 omnis
462 505 583 533 mutatio
604 505 770 534 naturaliter
790 512 831 533 est
851 515 884 533 ex
906 515 965 534 uno
986 506 1108 533 termino
1130 506 1159 533 in
1180 504 1278 539 aliurn,
1293 504 1398 533 scilicet

347 554 380 572 ex
401 544 544 573 contrario
566 545 595 573 in
617 545 807 579 contrarium;
829 551 857 572 et
870 551 1016 581 praeterea
1030 544 1099 572 nihil
1114 550 1245 572 movetur
1259 544 1289 571 in
1304 543 1398 571 infini-

345 590 416 618 tum,
431 593 482 612 seu
502 585 538 612 ad
559 584 588 612 id
609 585 646 612 ad
668 585 728 620 qud
748 584 909 620 pertingere
931 593 991 611 non
1006 590 1117 619 potest:
1136 592 1203 619 ergo
1229 583 1309 611 nulla
1332 592 1397 610 mu·
1413 607 1415 609 .

344 622 415 651 tatio
436 629 479 651 est
498 630 647 660 perpetua:
670 629 697 650 et
717 623 756 651 ita
776 623 887 650 videtur
906 622 1041 659 possibile
1062 621 1122 649 dari
1143 629 1269 657 tempus,
1288 622 1317 649 in
1339 631 1397 658 quo

346 662 423 690 nulla
443 662 564 690 mutatio
585 662 629 690 sit.
644 679 663 683 -
677 670 704 689 2.
721 662 853 691 Secunda
868 662 941 689 ratio
962 670 995 689 ex
1015 667 1094 697 parte
1115 660 1237 688 mobilis.
1260 660 1398 688 Videmus

346 702 426 738 quod
445 701 580 738 possibile
597 707 639 729 est
653 701 760 738 aliquid
774 700 891 735 moveri,
906 701 987 737 quod
1000 699 1078 735 prius
1092 709 1152 727 non
1165 700 1334 727 movebatur
1347 709 1397 727 ne—

347 750 402 778 que
416 741 575 769 secundum
588 747 691 775 toturn,
706 749 799 777 neque
815 740 972 767 secundum
986 745 1105 774 partem.
1120 740 1196 775 Ergo
1211 738 1272 775 pari
1287 739 1397 767 ratione

346 779 456 808 videtur
470 780 549 816 quod
563 779 647 807 etiam
662 779 691 807 in
705 785 767 807 toto
782 778 914 807 universo
931 777 1020 814 possit
1041 787 1102 805 esse
1117 784 1222 812 motus,
1238 787 1304 806 cum
1319 778 1397 814 prius

346 828 407 847 non
427 819 518 847 fuerit.
532 834 552 839 -
568 819 594 846 3.
615 818 712 846 Tertia
727 818 801 845 ratio
811 826 844 845 ex
857 822 937 852 parte
951 816 1127 851 animalium,
1143 817 1172 844 in
1187 817 1290 853 quibus
1305 817 1396 845 multo

346 858 437 895 magis
458 867 545 894 quam
558 857 588 885 in
608 858 693 885 rebus
709 856 871 884 inanimatis
885 862 927 883 est
941 856 1121 884 manifestum
1142 863 1254 884 motum
1269 858 1304 884 de
1318 866 1396 884 novo

346 897 469 933 incipere
490 906 555 925 cum
575 895 654 931 prius
674 905 735 923 non
755 901 838 922 esset.
858 895 890 922 In
910 895 1025 923 animali
1042 896 1119 923 enim
1144 895 1242 940 incipit
1263 897 1298 923 de
1319 905 1396 924 novo

346 945 407 964 esse
427 942 522 963 motus
542 935 578 963 ab
599 934 723 971 ipsomet
749 933 879 968 animaII,
901 934 1011 962 etiamsi
1033 935 1102 962 nihil
1123 935 1311 963 extrinsecum
1333 945 1397 963 mo-

345 980 417 1002 veat.
434 975 510 1011 Ergo
538 973 608 1001 nihil
628 973 780 1010 prohibere
806 973 919 1001 videtur
940 973 1009 1010 quin
1037 975 1093 1001 hoc
1113 974 1214 1010 ipsum
1236 974 1347 1002 accidat
1367 974 1396 1002 in

344 1019 406 1041 toto
427 1013 568 1041 universo.
593 1029 611 1034 -
630 1022 658 1048 4.
681 1012 806 1041 Solvitur
825 1012 917 1049 prima
938 1013 1020 1041 ratio.
1043 1013 1191 1050 Quidquid
1212 1013 1247 1041 sit
1275 1014 1310 1041 de
1336 1013 1398 1041 aliis

463 1122 577 1162 ,gns-,2
607 1121 783 1162 ostquam
811 1113 1064 1162 Philosophus
1082 1113 1207 1162 posuit
1235 1113 1398 1150 rationes

468 1173 575 1270 (334,
560 1165 582 1180 ‘⁴'
606 1166 655 1224 ad
681 1166 923 1224 probandum
952 1174 1100 1203 motum
1124 1178 1275 1214 semper
1303 1178 1395 1213 esse,

408 1292 432 1301 »ε
461 1213 758 1307 mihi-tranum
787 1271 899 1307 obiici
926 1278 1094 1330 possunt.
1122 1272 1171 1307 Et
1199 1271 1296 1307 circa
1323 1272 1397 1307 hoc

345 1321 422 1358 duo
451 1296 555 1358 facit
584 1322 706 1370 primo
743 1323 850 1371 ponit
878 1324 1056 1369 rationes3
1087 1323 1254 1360 secundo
1288 1323 1398 1360 solvit

345 1386 420 1419 eas,
440 1373 506 1410 ibi:
534 1375 689 1411 Horum
716 1381 840 1412 autem
861 1376 1030 1423 primum
1060 1377 1079 1396 ²¹*
1109 1383 1175 1412 etc.

397 1426 506 1462 Circa
523 1427 690 1474 primum
717 1428 824 1475 ponit
850 1435 924 1464 tres
953 1428 1126 1475 rationes,
1155 1428 1397 1476 praemittens

299 1522 306 1529 ·
345 1490 453 1515 suam
481 1479 744 1516 intentionem:
769 1488 806 1516 et
824 1480 912 1517 dicit
930 1480 1034 1529 quod
1063 1493 1106 1516 ea
1127 1493 1222 1528 quae
1250 1480 1289 1516 in
1309 1493 1397 1517 con-

343 1531 498 1567 trarium
517 1531 627 1568 obiici
654 1539 831 1580 possunt,
861 1545 939 1569 non
967 1541 1023 1569 est
1059 1533 1207 1569 difficile
1236 1534 1395 1570 solvere.

343 1583 401 1618 Ex
428 1583 544 1619 tribus
573 1584 674 1620 enim
702 1585 907 1621 rationibus
929 1585 1079 1622 videtur
1103 1585 1267 1622 maxime
1291 1585 1396 1633 sequi

344 1635 447 1682 quod
478 1642 605 1672 motus
637 1636 838 1684 aliquando
866 1637 1018 1686 incipiat
1046 1650 1144 1683 esse,
1175 1650 1262 1674 cum
1294 1638 1397 1686 prius

344 1687 500 1724 omnino
521 1699 598 1724 non
617 1689 741 1725 fuerit:
770 1702 931 1738 quarum
968 1690 1092 1738 prima
1120 1697 1194 1736 est,
1224 1702 1299 1737 qua
1337 1703 1396 1726 su-

341 1752 410 1788 pra
445 1741 621 1788 probavit
639 1747 656 1762 ⁰⁸
675 1741 714 1778 in
742 1749 846 1778 sexto
868 1744 887 1763 ’²‘
906 1742 1010 1789 quod
1038 1743 1137 1778 nulla
1165 1742 1322 1778 mutatio
1344 1750 1398 1778 est

342 1792 502 1838 infinita;
523 1793 656 1830 eadem
686 1794 786 1830 enirn
806 1794 948 1831 ratione
975 1794 1127 1842 probari
1150 1801 1274 1842 potest
1293 1795 1397 1842 quod

341 1845 442 1881 nulla
473 1846 630 1881 mutatio
659 1846 704 1882 sit
733 1855 925 1895 perpetua.
956 1846 1070 1882 Nulla
1103 1847 1205 1882 enim
1240 1847 1396 1882 mutatio

341 1896 538 1933 terminata
575 1905 630 1934 est
663 1906 870 1946 perpetua,
904 1899 998 1935 sicut
1030 1910 1100 1934 nec
1131 1898 1296 1944 infinita3
1331 1899 1398 1935 sed

341 1949 465 1985 omnis
484 1950 640 1986 mutatio
661 1958 716 1987 est
734 1951 941 1988 terminata.
964 1950 1099 1987 Omnis
1120 1951 1220 1987 enim
1240 1951 1397 1988 mutatio

341 2002 555 2038 naturaliter
574 2010 628 2038 est
656 2015 700 2039 ex
719 2004 888 2050 quodam
907 2004 946 2040 in
965 2003 1158 2052 quiddam,
1181 2010 1216 2039 et
1234 2004 1302 2040 ista
1322 2005 1398 2041 duo

342 2061 428 2090 sunt
456 2055 655 2100 contraria3
684 2055 786 2091 unde
815 2067 968 2092 necesse
997 2063 1052 2091 est
1079 2055 1184 2103 quod
1216 2056 1399 2092 terminus

343 2105 538 2142 cuiuslibet
556 2106 772 2144 mutationis
791 2108 864 2143 sint
890 2107 971 2156 ipsa
995 2107 1179 2144 contraria
1197 2108 1236 2144 in
1264 2108 1400 2156 quibus

342 2157 385 2194 fit
403 2158 674 2195 transmutatio,
697 2159 773 2196 Sed
801 2159 890 2207 quia
917 2171 996 2196 non
1023 2159 1062 2195 in
1081 2159 1186 2195 omni
1204 2167 1312 2196 motu
1346 2161 1400 2196 lo-

345 2209 412 2246 cali
441 2210 636 2247 manifesta
664 2219 719 2247 est
747 2211 986 2248 contrarietas
1018 2211 1284 2258 terminorum,
1314 2212 1401 2248 su'b-

343 2262 461 2309 iungit
480 2263 584 2310 quod
603 2271 658 2299 est
677 2275 881 2300 commune
906 2263 1011 2300 omni
1031 2264 1162 2310 motui,
1185 2265 1288 2312 quod
1312 2265 1399 2301 nihil

343 2322 520 2351 movetur
538 2315 576 2351 in
595 2315 799 2362 infinitum3
821 2316 908 2364 quia
926 2316 1014 2352 nihil
1034 2325 1211 2353 movetur
1229 2317 1275 2353 ad
1295 2316 1333 2353 id
1352 2317 1401 2353 ad

344 2367 449 2414 quod
467 2368 675 2415 pertingere
704 2381 781 2404 non
799 2375 934 2416 potest,
954 2376 996 2404 ut
1022 2368 1060 2404 in
1087 2376 1191 2405 sexto
1214 2371 1232 2389 ’¹²
1258 2368 1400 2405 dictum

345 2426 409 2454 est.
441 2419 503 2455 Sic
531 2432 619 2467 ergo
647 2427 749 2468 patet
777 2421 881 2468 quod
908 2422 1009 2457 nulla
1046 2421 1202 2457 mutatio
1236 2429 1291 2457 est
1317 2434 1400 2469 per-

342 2478 468 2519 petua,
489 2471 582 2508 sicut
600 2484 670 2508 nec
689 2472 844 2509 infinita.
867 2473 906 2509 Si
935 2485 1024 2520 ergo
1045 2474 1146 2510 nulla
1169 2474 1325 2510 mutatio
1347 2482 1401 2510 est

342 2531 522 2572 perpetua
540 2523 568 2570 β,
588 2524 737 2562 videtur
756 2526 868 2562 etiam
887 2526 1062 2573 possibile
1080 2526 1171 2562 ‘dari
1189 2533 1338 2574 tempus
1362 2527 1401 2563 in

344 2587 420 2624 quo
440 2577 540 2612 nulla
553 2577 715 2614 >mutatio
732 2578 787 2615 sit.
809 2579 858 2615 Et
876 2578 970 2614 haee
988 2578 1111 2626 prima
1136 2579 1227 2614 ratio
1248 2586 1401 2627 accepta

345 2635 399 2664 est
418 2640 463 2665 ex
490 2637 595 2677 parte
615 2637 752 2667 motus.

398 2692 433 2716 2.
464 2682 640 2718 Secunda
677 2682 769 2719 ratio
803 2682 979 2731 accipitur
1011 2695 1057 2719 ex
1089 2690 1193 2731 parte
1231 2683 1399 2730 mobilis,

345 2745 461 2780 quarn
480 2733 586 2781 ponit
604 2733 672 2770 ibi:
699 2734 870 2782 Amplius
887 2735 1054 2772 videmus
1083 2743 1169 2780 etc.;
1195 2747 1291 2783 quae
1319 2736 1401 2772 talis

345 2792 410 2822 est.
432 2785 471 2821 Si
493 2793 618 2822 motus
637 2798 715 2823 non
733 2794 856 2835 potest
883 2787 965 2823 fieri
993 2788 1039 2824 de
1059 2799 1163 2824 novo
1192 2800 1280 2823 cum
1298 2788 1401 2836 prius

344 2850 422 2874 non
461 2845 577 2885 esset,
611 2838 760 2875 videtur
797 2851 877 2875 esse
916 2839 1148 2875 conveniens
1191 2840 1314 2876 dicere
1353 2841 1400 2877 de

343 2902 597 2939 unoquoque,
627 2891 730 2938 quod
755 2892 818 2928 vel
847 2903 998 2940 semper
1025 2899 1220 2939 movetur,
1246 2893 1307 2928 vel
1335 2905 1399 2929 ne-

345 2955 537 2991 quaquam
557 2943 576 2964 *
606 2951 825 2980 moveatur:
847 2944 935 2992 quia
962 2944 992 2980 si
1010 2943 1048 2980 in
1075 2956 1152 2980 uno
1178 2945 1307 2981 mobili
1330 2957 1399 2993 po-

344 3002 415 3031 test
443 2996 671 3044 quandoque
709 3003 834 3032 motus
873 3008 954 3033 esse
984 3003 1019 3032 et
1055 2998 1283 3045 quandoque
1318 3009 1397 3034 non

347 3059 439 3093 esse,
459 3048 540 3096 pari
568 3048 710 3084 ratione
738 3048 776 3084 in
801 3055 879 3085 toto
897 3048 1088 3085 universo.
1119 3049 1195 3085 Sed
1221 3049 1398 3087 videmus

346 3099 450 3147 quod
469 3099 646 3147 possibile
661 3108 716 3137 est
734 3100 874 3148 aliquid
893 3101 1052 3148 moveri,
1074 3102 1176 3149 quod
1195 3102 1298 3150 prius
1318 3114 1396 3139 non

347 3152 573 3188 movebatur
591 3153 800 3190 secundum
820 3160 952 3200 toturn,
973 3165 1094 3202 neque
1124 3154 1286 3202 aliquem
1315 3166 1397 3190 mo-

347 3210 428 3239 tum
447 3203 484 3239 in
499 3205 622 3252 seipso
641 3205 805 3242 habebat
824 3206 1034 3242 secundum
1054 3206 1218 3254 aliquam
1237 3207 1293 3243 sui
1313 3219 1397 3254 par-

347 3262 443 3291 tem:
474 3254 566 3292 sicut
579 3265 734 3304 apparet
752 3257 790 3294 in
818 3258 930 3293 rebus
949 3258 1173 3304 inanimatis,
1193 3258 1232 3294 in
1261 3259 1397 3306 quibus

349 3307 500 3354 aliquod
527 3308 664 3344 mobile
702 3310 931 3357 quandoque
960 3309 1107 3346 moveri
1134 3309 1276 3358 incipit,
1310 3323 1397 3347 curn

403 3453 430 3485 α)
450 3460 502 3485 qua
520 3458 602 3485 supra
621 3453 755 3485 probavit.
773 3467 791 3472 -
811 3461 878 3485 quae
895 3461 976 3485 supra
994 3454 1121 3485 probavit
1139 3453 1286 3488 (corrigitur
1304 3456 1329 3479 in
1349 3463 1400 3487 po-

349 3487 417 3522 suit)
437 3488 473 3518 G;
493 3496 538 3520 pro
557 3495 616 3520 qua,
632 3489 702 3520 quod
720 3489 812 3513 omittit
831 3490 856 3519 S,
875 3496 953 3521 quam
972 3488 1066 3513 habent
1084 3490 1183 3514 codices
1197 3489 1276 3519 DQR,
1291 3497 1355 3522 quas
1368 3491 1399 3521 N,

350 3523 395 3547 illa
414 3530 472 3554 qua-
485 3523 517 3554 L,
536 3523 608 3554 quod
626 3524 738 3548 secunda
756 3531 834 3548 manu
853 3524 881 3548 Z.

403 3556 428 3590 β)
448 3542 517 3582 sicut,
533 3565 579 3582 nec
599 3558 710 3590 infinita.
736 3558 767 3582 Si
784 3565 849 3591 ergo
868 3558 940 3583 nulla
959 3559 1069 3583 mutatio
1088 3562 1127 3583 est
1145 3562 1316 3590 perpetua.-
1298 3560 1399 3583 -Haec

350 3599 402 3617 om.
417 3592 533 3625 GQTpH
551 3597 576 3617 et
594 3593 724 3623 editiones,
744 3594 804 3625 quia
822 3593 1028 3624 homoteleuton3
1047 3601 1094 3626 pro
1113 3594 1192 3623 nulla,
1213 3601 1266 3618 una
1279 3594 1311 3623 Ο,
1327 3594 1399 3618 nulla

491 3646 559 3678 Opp
578 3646 609 3669 D.
628 3645 740 3670 Tnonn.
759 3645 790 3669 T.
805 3646 833 3670 11.

1453 387 1593 422 motibus,
1610 384 1685 415 'nihil
1713 389 1846 424 prohibet
1873 388 1942 425 quin
1968 389 2069 425 aliquis
2090 395 2186 417 motus
2215 389 2264 425 qui
2289 398 2348 416 non
2375 395 2416 416 est
2437 389 2511 416 inter

1453 427 1603 461 contraria,
1619 427 1691 455 sicut
1712 428 1854 455 circularis
1876 435 1981 463 motuS,
1997 438 2048 464 per
2067 428 2276 456 reiterationem
2299 428 2375 455 idern
2397 437 2511 463 semper

1453 473 1567 493 maneat
1582 467 1734 494 continuus
1749 474 1776 494 et
1790 474 1952 503 perpetuus,
1970 485 1987 488 -
2004 469 2029 495 5.
2046 468 2170 495 Solvitur
2185 468 2272 495 altera
2292 467 2374 494 ratio.
2393 467 2509 494 Nullum

1452 504 1656 533 inconveniens
1684 513 1726 533 est
1754 506 1776 533 si
1804 506 1911 542 aliquid
1939 506 2128 534 inanimatum
2150 506 2266 542 incipiat
2294 506 2420 541 moveri,
2443 515 2509 534 cum

1452 543 1530 579 prius
1551 554 1611 571 non
1640 552 1816 572 moveretur:
1838 546 1895 573 hoc
1923 546 1998 573 enim
2024 555 2084 574 non
2111 546 2214 573 accidit
2240 546 2295 573 nisi
2322 546 2510 581 praecedente

1452 583 1547 619 aliqua
1568 584 1726 611 mutatione
1747 585 1791 612 vel
1814 593 1846 612 ex
1867 592 1946 620 parte
1968 585 2083 612 mobilis
2104 586 2147 612 vel
2162 595 2195 612 ex
2209 591 2289 621 parte
2304 584 2460 618 moventis;
2482 590 2510 611 et

1452 622 1492 650 sic
1513 632 1626 658 semper
1647 623 1806 658 praeexistit
1827 631 1930 651 motus.
1946 641 1964 645 —
1980 626 2006 652 6.
2023 624 2146 652 Solvitur
2160 625 2241 652 tertia
2262 624 2344 659 ratio,
2360 633 2434 660 quae
2449 632 2510 651 ma-

1451 661 1526 689 xime
1540 662 1605 689 facit
1627 662 1755 690 dubitare
1777 664 1856 698 quod
1870 663 1960 698 possit
1975 673 2036 691 esse
2055 670 2151 691 motus
2166 673 2232 691 cum
2247 663 2324 699 prius
2340 672 2400 690 non
2415 662 2507 690 fuerit.

1452 702 1508 728 Sed
1529 701 1631 728 falsum
1659 707 1701 728 est
1722 702 1801 737 quod
1823 703 1917 729 nullus
1941 709 2046 737 motus,
2068 712 2161 738 neque
2182 704 2218 730 ab
2239 703 2393 730 mtrinseco
2414 710 2509 738 neque

1451 741 1487 767 ab
1509 740 1676 775 extrinseco,
1691 742 1843 776 praecedat
1857 748 1968 769 motum
1990 752 2048 778 quo
2063 742 2170 769 animal
2185 751 2236 777 per
2250 741 2509 777 apprehensionem

1452 786 1479 806 et
1500 779 1657 815 appetitum
1679 787 1775 807 movet
1799 780 1923 816 seipsum
1946 788 2027 808 motu
2049 782 2207 808 secundum
2229 782 2335 808 locum.
2351 797 2370 801 -
2386 790 2412 816 7.
2436 781 2508 807 Cor-

1451 827 1523 854 pora
1543 818 1673 846 caelestia
1688 828 1748 846 non
1770 826 1857 855 agunt
1879 820 1982 847 directe
1998 820 2027 847 in
2048 820 2158 848 animas
2180 826 2301 854 nostras,
2323 820 2373 846 sed
2394 819 2423 846 in
2445 828 2509 846 cor-

1451 867 1531 893 pora.
1554 858 1640 885 Motis
1655 865 1751 886 autern
1772 859 1957 894 corporibus,
1979 869 2030 895 per
2051 859 2183 887 accidens
2197 859 2227 886 fit
2241 865 2337 886 motus
2352 858 2381 885 in
2402 858 2508 886 viribus

1451 897 1563 925 animae
1585 906 1658 933 quae
1677 904 1743 925 sunt
1764 905 1843 925 actus
1858 899 2051 934 corporalium
2070 908 2261 934 organorum3
2284 907 2344 925 non
2365 903 2459 925 autem
2476 907 2509 925 ex

1451 936 1617 964 necessitate
1639 937 1668 964 in
1690 936 1833 965 intellectu
1854 943 1881 964 et
1901 937 2071 965 intellectivo
2093 937 2229 973 appetitu,
2245 936 2294 973 qui
2309 946 2369 964 non
2390 943 2509 964 utuntur

1452 976 1565 1011 organis
1581 976 1735 1012 corporeis.
1747 993 1766 997 -
1776 976 1948 1012 Exemplum
1964 986 2064 1004 eorum
2086 986 2159 1013 quae
2174 976 2249 1004 dicta
2263 983 2329 1004 sunt
2342 975 2372 1003 in
2387 985 2508 1003 numero

1451 1015 1642 1050 praecedenti.

1452 1121 1561 1150 antea
1597 1115 1698 1150 nulla
1724 1127 1811 1162 pars
1849 1116 1926 1152 eius
1956 1121 2193 1161 moveretur,
2225 1127 2349 1163 neque
2382 1115 2507 1163 ipsum

1451 1173 1585 1212 totum,
1607 1168 1674 1203 sed
1703 1167 1858 1203 omnino
1889 1168 2097 1215 quiesceret
2115 1174 2140 1206 ⁷.
2163 1167 2399 1215 Relinquitur
2418 1180 2506 1215 ergo

1452 1219 1556 1266 quod
1584 1219 1622 1255 in
1650 1226 1729 1255 toto
1757 1220 1936 1256 universo
1975 1228 2098 1268 potest
2127 1233 2208 1257 esse
2242 1227 2389 1267 motus,
2420 1232 2507 1256 cum

1450 1271 1553 1319 prius
1581 1283 1660 1307 non
1688 1272 1807 1309 fuerit.

1507 1324 1540 1360 3.
1572 1324 1648 1360 Sed
1668 1324 1756 1372 quia
1782 1325 1820 1361 in
1840 1325 1952 1360 rebus
1980 1324 2201 1370 inanimatis,
2223 1324 2307 1360 licet
2331 1331 2510 1372 appareat

1452 1382 1578 1412 motus
1606 1376 1645 1412 in
1679 1377 1804 1425 aliquo
1843 1377 1890 1413 de
1918 1389 2022 1413 novo
2060 1377 2225 1425 incipere
2262 1376 2363 1412 nullo
2402 1384 2509 1412 motu

1451 1428 1722 1476 praeexistente
1759 1429 1797 1465 in
1834 1429 1895 1465 illo
1931 1430 1951 1450 '¹‘
1986 1429 2148 1475 eodem,
2191 1436 2346 1477 apparet
2381 1436 2511 1465 tamen
2537 1435 2749 1463 “ipsocodd-eta-

1452 1488 1578 1517 motus
1619 1481 1876 1529 praeexistens
1913 1482 1951 1518 in
1993 1482 2118 1530 aliquo
2158 1481 2329 1518 exteriori
2374 1493 2395 1516 a
2432 1493 2508 1528 quo

1451 1541 1645 1569 movetur:
1679 1533 1765 1570 ideo
1802 1534 1949 1570 tertiam
1978 1534 2162 1570 rationem
2189 1533 2296 1582 ponit
2334 1545 2378 1568 ex
2405 1541 2510 1581 parte

1452 1585 1693 1631 animalium,
1723 1598 1820 1634 quae
1849 1599 1927 1623 non
1956 1594 2159 1623 moventur
2195 1587 2242 1622 ab
2281 1585 2509 1633 extrinseco,

1453 1638 1520 1674 sed
1548 1650 1569 1674 a
1589 1638 1737 1686 seipsis;
1760 1646 1795 1674 et
1812 1640 1887 1675 hoc
1915 1639 1980 1675 ibi:
2001 1638 2125 1675 Multo
2145 1644 2268 1674 autem
2297 1638 2420 1686 magis
2441 1645 2508 1674 etc.

1452 1691 1501 1726 Et
1539 1690 1625 1727 dicit
1658 1691 1763 1738 quod
1797 1691 1962 1739 incipere
1995 1699 2143 1727 motum
2182 1703 2269 1727 cum
2296 1690 2399 1738 prius
2433 1702 2511 1726 non

1453 1749 1560 1788 esset,
1590 1744 1709 1778 multo
1730 1743 1850 1790 magis
1879 1751 1934 1780 est
1967 1744 2207 1780 manifestum
2236 1743 2274 1779 in
2303 1742 2414 1778 rebus
2434 1742 2511 1778 ani-

1453 1794 1561 1830 matis
1590 1807 1705 1842 quam
1740 1795 1962 1832 inanimatis.
1994 1796 2093 1832 Cum
2123 1795 2224 1831 enim
2256 1807 2326 1831 nos
2358 1794 2510 1842 quieve-

1452 1846 1568 1882 rimus
1597 1847 1811 1895 aliquando,
1841 1849 1943 1884 nullo
1972 1856 2080 1884 motu
2107 1848 2145 1884 in
2177 1847 2287 1884 nobis
2316 1846 2509 1894 existente,

1453 1899 1656 1947 aliquando
1685 1900 1834 1936 moveri
1853 1900 2063 1948 incipimus,
2087 1908 2122 1936 et
2142 1907 2196 1936 est
2216 1912 2260 1935 ex
2285 1899 2394 1936 nobis
2422 1899 2510 1947 ipsis

1452 1951 1678 1999 principium
1707 1952 1823 1988 nostri
1852 1960 1990 1998 motus,
2018 1953 2130 1989 etiam
2159 1952 2189 1988 si
2217 1952 2307 1988 nihil
2336 1952 2510 1988 extrinse-

1455 2016 1543 2040 cum
1572 2012 1744 2040 moveat:
1773 2005 1879 2053 quod
1907 2005 2062 2053 quidem
2089 2005 2128 2041 in
2157 2006 2269 2050 rebus
2298 2005 2510 2041 inanimatis

1454 2068 1532 2092 non
1561 2056 1759 2104 contingit,
1790 2057 1857 2093 sed
1895 2070 2046 2105 semper
2083 2057 2222 2105 aliquid
2261 2057 2510 2094 extrinsecum

1455 2116 1586 2145 movet
1600 2109 1692 2156 ipsa,
1708 2110 1769 2146 vel
1785 2121 1980 2156 generans,
1996 2111 2057 2146 vel
2073 2121 2277 2146 removens
2291 2109 2509 2157 prohibens,

1455 2162 1516 2197 vel
1544 2161 1763 2197 violentiam
1783 2162 1957 2198 inferens.
1979 2163 2037 2198 Ex
2065 2174 2142 2210 quo
2163 2161 2330 2209 sequitur
2358 2163 2462 2210 quod
2483 2163 2511 2198 si

1456 2213 1594 2249 animal
1613 2214 1843 2261 quandoque
1860 2215 1879 2235 ξ’
1894 2214 2054 2250 totaliter
2073 2214 2250 2262 quiescat,
2267 2215 2372 2262 quod
2391 2215 2429 2251 in
2448 2215 2511 2250 ali-

1456 2277 1531 2313 quo
1560 2265 1746 2301 immobili
1766 2265 1918 2314 incipiat
1937 2279 2018 2302 esse
2048 2274 2174 2302 motus
2195 2278 2282 2315 cum
2309 2267 2413 2314 prius
2432 2279 2510 2303 non

1455 2317 1574 2364 fuerit,
1594 2329 1673 2354 non
1702 2329 1745 2353 ex
1774 2318 1899 2366 aliquo
1920 2319 2126 2354 extrinseco
2155 2326 2346 2365 movente,
2367 2319 2433 2355 sed
2463 2321 2510 2356 ab

1455 2369 1619 2418 ipsomet
1646 2369 1751 2418 quod
1778 2377 1966 2407 movetur.
1988 2371 2037 2406 Et
2064 2371 2094 2407 si
2116 2371 2191 2406 hoc
2218 2378 2342 2418 potest
2370 2383 2452 2407 esse
2471 2371 2510 2409 in

1456 2422 1618 2469 animali,
1639 2422 1730 2458 nihil
1756 2422 1957 2470 prohibere
1984 2423 2134 2459 videtur
2165 2423 2256 2471 quin
2284 2423 2386 2460 idem
2415 2425 2509 2460 acci-

1457 2474 1519 2510 dat
1546 2474 1584 2511 in
1611 2474 1811 2510 universo:
1831 2475 1944 2511 habet
1973 2475 2074 2511 enim
2103 2475 2259 2521 animal,
2281 2483 2317 2511 et
2345 2476 2509 2512 maxime

1455 2527 1586 2573 homo,
1608 2527 1887 2563 similitudinem
1903 2527 2094 2575 quandam
2116 2539 2203 2563 cum
2223 2528 2387 2564 mundo:
2407 2529 2508 2565 unde

1456 2579 1588 2615 dicitur
1607 2591 1629 2615 a
1649 2579 1876 2627 quibusdam
1893 2581 1911 2598 ἦ
1928 2580 2032 2627 quod
2051 2580 2169 2616 homo
2185 2579 2231 2615 sit
2244 2591 2385 2627 parvus
2399 2592 2508 2617 mun—

1455 2632 1536 2668 dus.
1558 2633 1607 2668 Et
1625 2631 1677 2667 sic
1697 2631 1726 2667 si
1745 2631 1783 2667 in
1811 2644 1930 2680 parvo
1951 2632 2095 2668 mundo
2125 2631 2252 2680 incipit
2274 2640 2401 2669 motus
2421 2645 2508 2669 cum

1453 2684 1557 2732 prius
1584 2696 1663 2720 non
1691 2684 1820 2731 fuerit,
1848 2684 1998 2720 videtur
2026 2684 2129 2732 quod
2158 2685 2271 2720 etiarn
2303 2684 2341 2721 in
2369 2697 2507 2733 magno

1454 2737 1600 2773 mundo
1621 2736 1723 2773 idem
1751 2737 1871 2784 possit
1890 2737 2117 2783 contingere.
2139 2738 2188 2773 Et
2215 2736 2244 2773 si
2264 2736 2338 2773 hoc
2366 2738 2508 2774 contin-

1453 2789 1504 2835 git
1522 2788 1560 2824 in
1579 2789 1737 2836 mundo,
1757 2796 1881 2836 potest
1900 2789 2012 2825 etiam
2030 2790 2048 2810 '⁴²
2065 2790 2280 2836 contingere
2299 2789 2337 2825 in
2356 2797 2435 2826 toto
2455 2791 2508 2827 in-

1454 2841 1571 2888 finito,
1602 2841 1706 2889 quod
1734 2841 1889 2889 quidam
1911 2843 1929 2862 ’¹‘
1948 2850 2158 2889 posuerunt
2177 2847 2278 2879 extra
2298 2843 2506 2880 mundum:

1454 2893 1483 2929 si
1512 2901 1640 2930 tamen
1660 2893 1705 2930 sit
1733 2894 1886 2942 aliquod
1914 2894 2103 2930 infinitum
2128 2895 2230 2943 quod
2257 2895 2376 2944 possit
2405 2895 2507 2944 quie-

1454 2958 1557 2982 scere
1587 2953 1623 2982 et
1649 2958 1811 2983 moveri.

1504 3009 1541 3044 4.
1554 2998 1702 3035 Deinde
1718 3011 1805 3035 cum
1822 2998 1922 3035 dicit:
1938 2999 2092 3035 Horum
2107 3005 2230 3036 autem
2239 2999 2408 3048 primum
2424 3008 2507 3047 etc.,

1453 3050 1564 3087 solvit
1589 3063 1659 3098 per
1687 3051 1858 3087 ordinem
1887 3051 2050 3087 rationes
2078 3052 2315 3099 praemissas.
2337 3054 2380 3088 In
2409 3053 2507 3088 solu-

1452 3102 1552 3139 tione
1574 3115 1662 3150 ergo
1681 3103 1826 3151 primae
1847 3103 1997 3139 rationis
2014 3104 2034 3124 ³¹²
2055 3104 2151 3150 dicit,
2169 3105 2271 3152 quod
2287 3104 2386 3140 istud
2406 3112 2505 3140 recte

1453 3155 1599 3202 dicitur,
1631 3155 1735 3203 quod
1763 3162 1889 3192 motus
1918 3155 1981 3203 qui
2011 3163 2065 3192 est
2092 3156 2188 3192 inter
2216 3157 2399 3192 contraria
2427 3168 2506 3192 non

1451 3214 1574 3255 potest
1602 3219 1753 3256 semper
1772 3208 1906 3244 durare
1925 3219 2023 3244 unus
2044 3215 2079 3244 et
2092 3208 2194 3244 idem
2214 3220 2396 3252 numer0;
2418 3208 2506 3255 quia

1452 3259 1546 3295 forte
1574 3260 1647 3296 hoc
1676 3268 1731 3296 est
1758 3259 2022 3305 necessarium,
2043 3267 2083 3295 ut
2110 3260 2204 3295 infra
2231 3261 2250 3281 ³⁸
2267 3259 2503 3307 probabitur:

1454 3318 1490 3347 et
1515 3311 1600 3348 ideo
1619 3312 1727 3360 ponit
1745 3313 1815 3348 sub
1845 3311 2090 3358 dubitatione,
2112 3311 2199 3359 quia
2226 3312 2399 3348 nondum
2428 3319 2505 3348 erat

1454 3464 1508 3481 una
1526 3462 1574 3482 cet.
1589 3465 1640 3482 exc.
1660 3458 1785 3481 DFLS.
1798 3457 1848 3480 Pro
1862 3456 1986 3487 possibile
2005 3455 2080 3484 dari,
2101 3456 2226 3487 possibile
2245 3456 2310 3481 dare
2329 3456 2398 3481 CHN
2417 3457 2474 3482 edd.
2490 3457 2504 3482 ὸ

1454 3496 1479 3515 et
1496 3491 1589 3517 Venet.
1606 3491 1680 3531 1504,
1705 3490 1777 3522 1545,
1793 3491 1917 3522 possibile
1935 3497 1989 3514 esse
2008 3490 2073 3514 dare
2091 3496 2139 3515 cet.
2155 3496 2179 3515 et
2197 3498 2222 3515 a.

1505 3526 1531 3559 γ)
1542 3527 1588 3551 sed
1597 3526 1704 3550 omnino
1715 3526 1864 3558 quiesceret.
1870 3525 1938 3549 —sed
1948 3525 2053 3549 omnino
2064 3526 2194 3556 quiescere
2204 3526 2222 3550 P
2233 3530 2320 3550 secuta
2328 3526 2504 3552 Venet.1551.

1451 3573 1470 3579 —
1483 3560 1540 3585 Lin.
1554 3568 1609 3592 seq.
1623 3569 1670 3593 pro
1689 3560 1759 3592 quod
1772 3560 1798 3584 in
1813 3563 1874 3589 toto,
1894 3560 1968 3599 quod.
1984 3567 2064 3591 neque
2083 3560 2108 3584 in
2128 3563 2184 3585 toto
2202 3560 2504 3594 ACIMQSVXYpGHK,

1452 3595 1558 3620 forsitan
1576 3599 1695 3628 corrupte
1710 3602 1756 3627 pro
1771 3595 1841 3626 quod
1859 3594 1939 3619 etiam
1959 3594 1984 3618 in
2004 3597 2066 3624 toto,
2086 3600 2113 3619 ut
2131 3595 2197 3619 bene
2215 3595 2309 3620 habent
2327 3597 2420 3623 BRsH.

2293 3649 2327 3680 48

2539 2221 2693 2249 ‘quandoque
2701 2227 2749 2242 om.

2537 2586 2750 2640 abaalilggizsszop’

2537 2802 2607 2823 'idem
2615 2802 2667 2823 add.
2677 2802 2747 2823 codd.

2536 2856 2545 2864 '¹
2561 2854 2652 2882 quidem
2666 2860 2695 2876 ra
2701 2870 2707 2875 .

2534 3115 2543 3124 '¹
2558 3114 2627 3135 Num.
2639 3121 2656 3135 1.

2532 3271 2542 3279 ·
2556 3269 2618 3292 Lect.
2629 3276 2668 3291 xv.
