2898 3996
4 0 36 54 ἐξ,

7 155 28 202 ἒ

32 1014 38 1022 -.
51 990 64 1001 *
71 988 125 1011 ideo
133 988 185 1010 add.
194 987 263 1010 codd.

42 1409 65 1435 ⁷·
78 1407 150 1431 Num.
164 1414 212 1436 seq.

53 1461 64 1474 ·
81 1459 189 1483 Ostendit
197 1459 251 1482 rab.

38 1770 264 1830 *st-iwa-

0 1843 1 1846 ¹
33 1848 37 1852 =-
54 1836 110 1861 ωε
120 1841 157 1857 nn.

0 1872 13 1888 ³
26 1895 28 1902 ι
54 1883 65 1895 ·
78 1882 194 1910 Laetam,
205 1888 264 1904 n.2.-

54 1908 116 1935 uude
127 1909 182 1930 add.
190 1914 229 1930 nn.

40 1935 66 1966 y*
78 1934 103 1959 ἀι
115 1940 212 1957 amm.

58 2297 67 2308 ”
81 2296 143 2319 Lect.
158 2302 206 2318 xlv.

42 2923 71 2937 >³
91 2927 195 2947 movetur
215 2925 268 2946 add.

19 2960 24 2973 r
47 2950 127 2974 codd.
141 2957 190 2973 exc.
203 2957 269 2973 troz.

16 3070 22 3091 ’ἴ
56 3086 71 3097 ⁵*
83 3085 144 3109 Lect-
159 3093 182 3108 x.

1142 274 1252 311 CAP.
1282 274 1332 319 11,
1362 273 1512 309 LECT.
1543 274 1592 309 111

288 356 371 406 quis
399 355 551 394 credere
581 367 625 392 ex
652 355 726 392 hoc
755 355 859 403 quod
879 354 966 391 dicit
993 353 1097 402 quod
1124 363 1287 389 movens
1307 358 1343 387 et

288 416 436 446 motum
465 408 576 445 simul
606 415 702 455 sunt,
736 407 841 456 quod
873 406 1026 455 quando
1054 417 1176 442 unum
1206 415 1342 452 corpus

287 468 466 498 movetur
492 461 540 497 ab
569 461 697 507 altero,
718 460 823 508 quod
851 465 1023 507 oporteat
1049 457 1165 494 ambo
1195 468 1276 492 esse
1305 455 1343 491 in

289 513 427 550 eodem
455 513 556 550 loco:
585 520 622 549 et
649 513 734 549 ideo
772 512 821 548 ad
848 512 923 548 hoc
950 509 1228 547 excludendum
1256 507 1343 544 sub-

288 566 415 613 iungit,
436 565 540 614 quod
566 565 678 602 simul
701 564 789 601 dicit
815 564 886 610 hic,
907 575 985 599 non
1013 561 1167 610 quidem
1196 572 1277 596 esse
1306 560 1344 595 in

286 620 428 655 eodem
455 619 552 664 loco,
573 618 641 654 sed
660 617 748 666 quia
766 616 856 653 nihil
885 622 940 651 est
958 614 1128 650 medium
1149 613 1243 648 inter
1261 624 1343 648 mo-

287 682 384 707 vens
413 677 449 707 et
484 678 655 715 motum3
685 668 896 706 secundum
932 666 1037 714 quod
1075 671 1245 702 contacta
1281 665 1344 701 vel

290 722 468 774 continua
486 729 573 759 sunt
599 722 722 768 simul,
741 720 830 769 quia
854 718 1003 755 termini
1032 729 1165 754 eorum
1194 724 1280 753 sunt
1299 716 1345 752 si-

290 776 382 822 mul,
402 775 464 812 vel
485 774 573 822 quia
600 780 686 810 sunt
709 783 844 808 unum.
866 771 915 807 Et
934 770 1021 818 quia
1039 770 1077 806 in
1104 769 1345 818 praecedenti

291 826 610 864 demonstratione
645 830 881 873 processerat
917 823 1042 859 solum
1071 823 1118 859 de
1155 829 1263 858 motu
1291 822 1345 857 lo-

291 879 371 926 cali,
391 885 520 927 posset
546 877 678 925 aliquis
698 876 850 912 credere
878 875 984 923 quod
1006 875 1080 911 hoc
1107 875 1263 910 haberet
1279 885 1345 911 ve-

289 931 436 968 ritatem
464 930 589 966 solum
626 929 665 965 in
699 927 919 965 huiusmodi
947 934 1075 963 motu:
1106 933 1142 962 et
1177 926 1264 963 ideo
1297 926 1346 962 ad

288 984 363 1020 hoc
378 981 656 1018 removendum
676 980 876 1027 subiungit,
892 979 1110 1027 quod*hoc
1129 979 1271 1015 dictum
1292 985 1347 1014 est

289 1034 554 1081 communiter,
574 1033 678 1082 quod
697 1044 858 1069 movens
887 1039 924 1068 et
941 1039 1090 1068 motum
1111 1038 1196 1067 sunt
1220 1031 1344 1076 simul,

291 1095 327 1124 et
353 1099 432 1124 non
458 1086 668 1135 specialiter
695 1086 742 1122 de
779 1092 888 1122 motu
915 1083 1038 1130 locali;
1068 1083 1156 1131 quia
1190 1083 1264 1119 hoc
1293 1089 1347 1118 est

290 1151 498 1176 commune
525 1139 564 1175 in
591 1138 697 1175 omni
729 1137 852 1186 specie
881 1144 1022 1183 motus,
1053 1135 1158 1184 quod
1185 1146 1347 1171 movens

291 1199 327 1229 et
353 1199 504 1228 motum
531 1198 618 1228 sunt
645 1190 768 1236 simul,
789 1189 908 1226 modo
937 1188 1120 1237 exposito.

344 1256 380 1281 2.
400 1243 548 1280 Deinde
579 1255 665 1279 curn
686 1242 788 1280 dicit:
814 1242 999 1284 Quoniam
1018 1247 1143 1277 autem
1162 1245 1235 1276 tres
1263 1247 1346 1287 etc„

288 1297 426 1346 probat
443 1296 696 1345 propositum.
717 1296 766 1332 Et
785 1294 882 1331 circa
908 1294 984 1330 hoc
1003 1293 1079 1330 duo
1099 1292 1202 1329 facit:
1222 1292 1346 1341 primo

291 1356 489 1386 enumerat
507 1348 652 1397 species
671 1355 815 1393 motus;
844 1346 1012 1384 secundo
1032 1346 1071 1382 in
1091 1345 1243 1393 singulis
1261 1357 1348 1393 pro-

290 1402 356 1438 bat
372 1402 623 1450 propositum,
634 1400 703 1437 ibi:
728 1401 846 1437 Omne
865 1399 980 1448 igitur
998 1398 1098 1447 quod
1107 1399 1267 1446 fertur*
1278 1405 1346 1434 etc.

291 1454 391 1491 Dicit
410 1455 430 1475 ’²‘
451 1466 539 1501 ergo
567 1453 693 1502 primo
726 1453 831 1501 quod
858 1459 932 1488 tres
960 1458 1046 1488 sunt
1073 1458 1217 1487 motus:
1249 1462 1348 1487 unus

292 1507 503 1550 secundum
531 1506 671 1552 locum,
691 1505 756 1554 qui
785 1504 918 1541 dicitur
950 1503 1023 1540 loci
1050 1503 1226 1539 mutatio:
1256 1503 1348 1539 alius

292 1558 502 1596 secundum
531 1558 761 1606 qualitatem,
786 1557 850 1605 qui
880 1556 1013 1593 dicitur
1040 1556 1226 1592 alteratio:
1255 1555 1348 1592 alius

291 1611 501 1648 secundum
530 1610 787 1658 quantitatem,
808 1609 873 1658 qui
893 1609 1025 1646 dicitur
1047 1615 1293 1655 augmentum
1314 1615 1350 1644 et

292 1663 590 1700 decrementum.
620 1663 711 1699 Non
748 1661 834 1698 facit
867 1669 995 1698 autem
1029 1661 1264 1697 mentionem
1302 1661 1349 1697 de

291 1715 531 1764 generatione
551 1723 588 1751 et
615 1714 867 1763 corruptione,
889 1714 976 1762 quia
995 1725 1073 1749 non
1101 1720 1187 1749 sunt
1209 1720 1348 1759 motus,

290 1775 333 1805 ut
351 1769 390 1805 in
409 1768 539 1816 quinto
561 1769 580 1788 '¹‘
595 1768 798 1816 probatum
828 1773 893 1802 est.
921 1765 997 1806 Sed
1022 1777 1110 1801 cum
1134 1765 1207 1801 sint
1221 1765 1263 1786 *³⁵
1278 1773 1349 1801 ter-

292 1821 385 1858 mini
408 1827 546 1867 motus,
567 1820 705 1856 scilicet
723 1818 962 1865 alterationis,
986 1825 1029 1854 ut
1046 1817 1218 1854 habitum
1239 1824 1293 1854 est
1311 1817 1350 1854 in

292 1880 396 1910 sexto
412 1873 444 1919 *‚
460 1884 528 1921 per
542 1873 616 1909 hoc
630 1871 735 1919 quod
753 1872 934 1920 probatur
951 1870 1189 1919 propositum
1205 1870 1243 1906 in
1263 1871 1352 1906 alte-

291 1926 451 1972 ratione,
481 1925 649 1973 sequitur
676 1924 789 1960 etiam
817 1924 919 1961 idem
949 1923 995 1960 de
1013 1923 1286 1970 *generatione
1315 1930 1352 1959 et

293 1978 544 2026 corruptione.
566 1977 671 2014 Sicut
697 1976 808 2024 igitur
825 1983 900 2012 tres
928 1983 1014 2012 sunt
1037 1975 1181 2024 species
1209 1983 1349 2023 motus,

291 2031 342 2068 ita
368 2038 443 2067 tres
472 2037 558 2067 sunt
585 2029 729 2078 species
757 2028 968 2075 mobilium,
990 2036 1026 2065 et
1050 2028 1162 2064 etiam
1191 2040 1350 2065 moven-

291 2083 403 2129 tium;
433 2090 469 2119 et
495 2083 534 2119 in
553 2082 731 2119 omnibus
751 2088 806 2118 est
832 2093 968 2118 verum
987 2081 1092 2129 quod
1121 2081 1262 2118 dictum
1283 2089 1349 2128 est,

293 2135 431 2173 scilicet
459 2136 564 2184 quod
600 2146 763 2171 movens
793 2141 828 2170 et
859 2141 1008 2170 motum
1045 2133 1118 2169 sint
1148 2133 1280 2179 simul,
1310 2141 1352 2170 ut

294 2187 512 2225 ostendetur
539 2187 577 2223 in
606 2186 768 2234 singulis.
791 2186 868 2222 Sed
894 2186 1018 2235 primo
1046 2187 1122 2222 hoc
1146 2193 1200 2222 est
1228 2193 1352 2222 osten-

295 2241 463 2278 dendum
484 2240 523 2276 in
551 2247 658 2276 motu
677 2238 795 2284 locali,
817 2238 881 2286 qui
910 2246 965 2275 est
988 2238 1134 2286 primus
1162 2246 1349 2286 motuum,

292 2301 334 2330 ut
360 2294 399 2329 in
427 2300 563 2329 octavo
584 2292 603 2313 *
623 2291 855 2340 probabitur.

348 2347 382 2382 3.
412 2345 560 2382 Deinde
589 2356 677 2380 cum
706 2343 808 2381 dicit:
849 2343 967 2380 Omne
999 2343 1116 2392 igitur
1146 2343 1247 2390 quod
1264 2344 1350 2391 fer-

293 2404 354 2435 tur
387 2405 473 2444 etc.,
513 2397 673 2434 ostendit
709 2396 946 2445 propositum
979 2395 1016 2432 in
1050 2395 1201 2442 singulis
1238 2396 1351 2432 trium

292 2451 573 2500 praedictorum
594 2457 788 2486 motuum:
819 2456 855 2485 et
878 2448 1002 2497 primo
1032 2448 1069 2484 in
1098 2455 1206 2484 motu
1224 2448 1349 2494 locali3

295 2503 463 2541 secundo
493 2503 532 2539 in
560 2509 668 2539 motu
696 2501 934 2548 alterationis,
961 2501 1028 2537 ibi:
1057 2501 1109 2536 At
1124 2512 1214 2537 vero
1234 2513 1352 2548 neque

294 2556 475 2593 alterati*
491 2563 577 2600 etc.;
607 2554 715 2591 tertio
744 2554 782 2590 in
810 2561 918 2590 motu
951 2553 1141 2601 augmenti
1165 2561 1200 2589 et
1224 2554 1350 2590 decre-

295 2608 423 2654 menti,
444 2608 511 2644 ibi:
537 2609 588 2644 Et
605 2608 705 2655 quod
721 2612 884 2656 augetur
901 2612 937 2643 et
953 2617 1098 2655 augens
1114 2606 1134 2626 ’¹‘
1151 2613 1219 2642 etc.
1242 2606 1352 2643 Circa

294 2661 462 2710 primum
482 2660 559 2696 duo
587 2659 694 2696 facit:
722 2659 847 2707 primo
867 2659 1029 2695 ostendit
1054 2658 1293 2707 propositum
1313 2659 1352 2696 in

297 2713 433 2762 quibus
454 2712 573 2760 magis
602 2719 658 2748 est
681 2711 940 2757 manifestum
969 2711 1138 2748 secundo
1157 2711 1195 2748 in
1215 2711 1351 2760 quibus

296 2765 416 2813 magis
434 2766 532 2812 latet,
553 2764 621 2801 ibi:
646 2764 755 2806 Quod
767 2769 891 2800 autem
910 2765 958 2800 ab
977 2764 1051 2800 alio
1070 2765 1269 2800 movetur*
1281 2771 1349 2800 etc.

296 2818 395 2855 Dicit
414 2830 502 2865 ergo
521 2817 646 2866 primo
669 2819 703 2863 ⁵³,
725 2817 827 2865 quod
855 2828 1009 2852 necesse
1030 2823 1085 2852 est
1105 2816 1228 2852 dicere
1247 2817 1352 2865 quod

297 2882 412 2907 omne
440 2870 545 2919 quod
573 2877 750 2906 movetur
777 2869 986 2905 secundum
1014 2869 1152 2915 locum,
1178 2876 1242 2905 aut
1269 2881 1352 2906 mo-

294 2930 405 2961 vetur
429 2935 452 2959 a
480 2922 603 2971 seipso
632 2930 696 2959 aut
712 2923 731 2943 ²*
746 2922 794 2958 ab
819 2922 946 2958 altero.
977 2921 1094 2967 Quod
1113 2929 1240 2958 autem
1266 2922 1353 2958 dicit

297 2989 319 3013 a
338 2976 462 3024 seipso
482 2975 623 3024 aliquid
651 2974 809 3020 moveri,
833 2981 957 3022 potest
975 2973 1125 3021 intelligi
1145 2974 1350 3022 dupliciter.

295 3029 382 3065 Uno
403 3028 521 3065 modo
542 3027 685 3064 ratione
704 3027 878 3076 partium,
900 3027 993 3063 sieut
1012 3027 1182 3063 ostendet
1198 3027 1236 3063 in
1251 3035 1351 3064 octa-

295 3093 348 3118 vo
365 3082 384 3101 '³‘
400 3081 504 3129 quod
522 3079 761 3117 moventium
782 3080 916 3128 seipsa,
944 3092 1021 3116 una
1043 3092 1131 3128 pars
1155 3088 1287 3116 movet
1316 3087 1352 3116 et

297 3132 368 3169 alia
387 3139 584 3170 movetur:
613 3132 686 3169 alio
715 3132 833 3169 modo
855 3133 983 3180 primo
1003 3138 1039 3168 et
1058 3144 1130 3180 per
1152 3144 1202 3178 se,
1223 3139 1263 3169 ut
1282 3133 1351 3169 sci-

296 3185 380 3221 licet
408 3185 548 3233 aliquid
581 3185 791 3222 secundum
826 3197 866 3221 se
897 3192 1018 3221 totum
1048 3192 1202 3222 moveat
1229 3197 1268 3221 se
1297 3192 1352 3221 to-

298 3300 343 3322 ίω·
362 3295 394 3330 5)
414 3303 469 3321 esse
487 3297 589 3326 cet.‚Et
607 3297 669 3328 quia
687 3297 765 3321 simul
784 3297 809 3321 in
829 3297 921 3328 quinto
941 3297 1072 3330 diffinitur
1090 3304 1145 3322 esse
1163 3298 1241 3321 simul
1260 3298 1300 3321 ed.
1319 3305 1351 3326 a,-

297 3333 312 3357 b
332 3337 357 3356 et
374 3332 466 3356 Venet.
488 3331 555 3362 1504
576 3339 629 3355 om.
647 3338 688 3356 ea.
705 3345 723 3350 -
742 3332 803 3356 Post
825 3331 960 3363 subiungit
985 3336 1095 3363 pergunt
1116 3332 1352 3356 AIKLMSTVXY:

297 3367 368 3400 quod
380 3367 459 3391 simul
473 3366 538 3390 dicit
550 3366 598 3391 hoc
614 3364 702 3398 (quod
720 3366 758 3398 Q)
778 3366 882 3397 quidem
902 3373 953 3390 non
967 3366 1018 3390 erit
1032 3366 1057 3390 in
1072 3366 1162 3390 eodem
1177 3367 1248 3396 [οι-ο,-
1267 3367 1307 3391 ed.
1321 3374 1353 3391 a.-

297 3402 369 3434 quod
386 3401 464 3426 simul
483 3401 546 3425 dicit
564 3401 635 3432 quod
653 3408 704 3425 non
719 3400 823 3432 quidem
843 3407 897 3425 esse
915 3401 941 3424 in
961 3401 1050 3425 eodem
1070 3401 1141 3430 loco,·
1159 3408 1206 3432 pro
1225 3401 1290 3426 dicit
1303 3401 1352 3431 hic,

298 3437 340 3461 hic
359 3436 424 3462 dicit
442 3440 517 3460 cen*
531 3435 580 3460 Pro
599 3436 646 3460 sed
663 3435 733 3467 quia,
752 3436 799 3460 sed
818 3435 876 3460 ideo
895 3435 958 3467 quia
976 3435 1258 3460 BDEFGHLNORSZ.

351 3472 377 3504 γ)
396 3471 464 3496 sicut
481 3477 564 3502 supra
577 3470 704 3502 probavit
722 3470 800 3502 quod.
811 3484 832 3489 —
845 3470 913 3495 sicut
930 3477 1013 3501 supra
1036 3470 1194 3501 improbavit
1216 3471 1355 3496 ostendens

299 3506 370 3539 quod
388 3506 424 3536 D,
443 3506 511 3531 sicut
523 3513 606 3536 supra
619 3505 777 3536 improbavit
790 3508 816 3530 et
835 3505 869 3536 N;
889 3513 936 3537 pro
949 3505 1082 3537 probavit,
1098 3505 1230 3536 probabat
1249 3505 1287 3535 Q,
1307 3506 1354 3530 im-

295 3541 422 3574 probavit
440 3545 488 3565 cet.
507 3548 560 3564 exc.
578 3540 696 3572 BEpVY.

352 3575 377 3610 ὃ)
388 3576 557 3609 manifestum
567 3579 633 3600 est...
638 3582 706 3607 pars
715 3578 753 3600 est
765 3575 790 3600 in
801 3577 890 3600 toto.-
899 3575 934 3599 Ita
944 3575 1025 3605 codd.;
1037 3575 1094 3599 edd.
1101 3582 1174 3599 vero:
1189 3575 1356 3608 manifestum

2379 273 2447 309 331

1396 355 1490 397 tum,
1511 351 1605 387 sicut
1625 351 1955 399 supra*probavit
1969 351 2075 399 quod
2094 356 2109 377 ⁷
2129 352 2203 387 hoc
2226 350 2344 387 modo
2364 350 2455 387 nihil
2484 358 2492 367 ·

1397 410 1529 439 movet
1565 403 1744 451 seipsum.
1789 404 1828 440 Si
1865 411 1993 440 autem
2031 403 2259 440 concedatur
2294 409 2455 450 utroque

1398 455 1516 491 modo
1551 456 1691 504 aliquid
1718 455 1866 493 moveri
1900 469 1922 492 a
1950 455 2090 504 seip50,
2129 455 2369 492 manifestum
2403 462 2458 491 est

1398 507 1503 555 quod
1537 520 1699 544 movens
1733 508 1801 544 erit
1836 508 1875 544 in
1910 508 1993 556 ipso
2032 508 2136 556 quod
2173 515 2365 554 movetur,
2395 508 2456 543 vel

1399 559 1493 596 sicut
1519 559 1622 596 idem
1652 567 1706 596 est
1738 560 1776 596 in
1809 561 1954 609 seipso,
1992 561 2054 597 vel
2088 560 2182 596 sicut
2207 572 2294 608 pars
2328 566 2383 596 est
2419 559 2457 595 in

1398 619 1476 648 toto
1498 609 1522 657 δ,
1543 620 1584 648 ut
1611 612 1738 649 anima
1765 613 1803 649 in
1824 612 1987 649 animali.
2018 614 2066 649 Et
2085 613 2137 649 sic
2157 619 2335 660 sequetur
2354 611 2458 660 quod

1399 664 1510 701 simul
1539 664 1584 701 sit
1608 666 1627 686 ‘¹‘
1651 677 1814 701 movens
1847 673 1883 701 et
1915 665 2018 713 quod
2046 673 2243 712 movetur,
2273 665 2322 701 ita
2355 663 2459 712 quod

1399 716 1490 753 nihil
1519 717 1587 753 erit
1613 717 1782 765 ipsorum
1811 717 1993 754 medium.

1451 781 1488 815 4.
1519 769 1666 806 Deinde
1687 781 1775 805 curn
1799 769 1906 806 dicit:
1941 770 2050 811 Quod
2075 775 2199 805 autem
2219 770 2267 806 ab
2286 769 2360 805 alio
2380 780 2459 805 mo-

1400 827 1507 858 vetur
1541 829 1632 868 etc.,
1669 822 1831 858 ostendit
1858 822 1960 858 idem
1988 822 2026 858 in
2054 821 2096 858 iis
2125 834 2223 869 quae
2257 828 2460 858 moventur

1401 874 1612 911 secundum
1646 875 1775 911 locum
1804 875 1851 910 ab
1881 874 1975 921 alio,
2005 874 2051 911 de
2080 874 2216 921 quibus
2251 874 2376 910 minus
2405 880 2460 909 est

1401 926 1655 963 manifestum.
1684 928 1733 963 Et
1758 926 1854 963 circa
1873 927 1947 963 hoc
1966 926 2034 963 tria
2054 926 2159 962 facit:
2188 926 2312 974 primo
2334 925 2459 963 distin-

1401 979 1479 1025 guit
1515 979 1654 1015 modos
1691 979 1828 1027 quibus
1866 979 2005 1027 aliquid
2043 978 2221 1026 contingit
2258 979 2305 1015 ab
2344 979 2459 1014 altero

1402 1031 1567 1076 moveri;
1588 1031 1756 1067 secundo
1777 1031 1920 1067 reducit
1935 1043 2001 1068 eos
2017 1032 2064 1068 ad
2081 1031 2188 1077 duos,
2205 1030 2272 1067 ibi:
2293 1031 2460 1078 Manffe-

1401 1088 1497 1119 stum
1518 1083 1633 1132 igitur
1652 1085 1733 1119 est*
1748 1090 1836 1128 etc.;
1865 1084 1972 1120 tertio
2001 1084 2040 1120 in
2068 1083 2136 1120 illis
2156 1084 2306 1120 duobus
2325 1084 2462 1131 probat

1401 1135 1655 1183 propositum,
1686 1135 1758 1171 ibi:
1791 1137 1880 1172 Hoc
1911 1142 2035 1172 autem
2055 1136 2293 1184 manifestum
2322 1137 2341 1156 ’¹‘
2366 1143 2434 1172 ete.
2451 1142 2462 1156 ⁸

1404 1187 1513 1224 Circa
1546 1188 1715 1235 primum
1750 1188 1826 1224 duo
1865 1188 1961 1225 facit.
1992 1189 2121 1225 Primo
2157 1188 2290 1225 dividit
2323 1188 2461 1224 modos

1403 1240 1540 1289 quibus
1569 1239 1709 1287 aliquid
1737 1247 1915 1276 movetur
1942 1241 1990 1276 ab
2019 1242 2152 1286 alter03
2181 1248 2216 1277 et
2243 1241 2330 1278 dicit
2358 1241 2462 1289 quod

1403 1299 1489 1329 sunt
1517 1300 1701 1341 quatuor,
1741 1292 1879 1329 scilicet
1901 1292 2049 1341 pulsio,
2088 1294 2243 1338 tractio,
2280 1294 2397 1330 vectio
2427 1300 2463 1329 et

1402 1345 1559 1394 vertigo.
1599 1345 1746 1381 Omnes
1784 1344 1886 1381 enim
1919 1352 2046 1381 motus
2079 1346 2143 1394 qui
2177 1352 2262 1382 sunt
2290 1346 2337 1382 ab
2371 1346 2461 1392 alio,

1404 1397 1634 1434 reducuntur
1661 1397 1700 1434 in
1719 1397 1739 1418 '²
1759 1397 1860 1434 istos.

1462 1451 1493 1487 5.
1525 1450 1703 1489 Secundo
1732 1450 1803 1486 ibi:
1831 1450 2016 1486 Pulsionis
2044 1450 2160 1499 igitur
2188 1457 2276 1496 etc.,
2307 1450 2463 1486 manife-

1405 1510 1475 1540 stat
1501 1502 1731 1551 praemissos
1751 1509 1913 1551 quatuor
1940 1503 2088 1539 modos.
2119 1504 2168 1539 Et
2189 1503 2314 1551 primo
2343 1502 2465 1539 mani—

1404 1556 1511 1592 festat
1532 1555 1755 1603 pulsionem,
1785 1567 1883 1603 quae
1903 1561 1959 1591 est
1982 1567 2069 1591 cum
2098 1567 2260 1592 movens
2289 1555 2374 1591 facit
2402 1555 2464 1591 ali-

1406 1608 1509 1656 quod
1529 1608 1670 1644 mobile
1690 1620 1712 1644 a
1727 1620 1767 1644 se
1787 1608 1924 1644 distare
1943 1608 2151 1644 movendo.
2173 1607 2317 1644 Dividit
2336 1615 2463 1644 autem

1404 1660 1620 1709 pulsionem
1648 1660 1686 1696 in
1715 1660 1803 1707 duo,
1826 1660 1964 1696 scilicet
1987 1660 2026 1696 in
2053 1660 2310 1708 impulsionem
2340 1668 2376 1697 et
2399 1673 2462 1696 ex-

1399 1713 1622 1761 pulsionem.
1653 1712 1797 1749 Dicitur
1825 1720 1952 1749 autem
1981 1713 2170 1760 impulsio,
2200 1713 2353 1762 quando
2381 1725 2464 1749 mo-

1403 1778 1499 1802 vens
1528 1765 1581 1802 sic
1607 1765 1711 1813 pellit
1739 1765 1891 1813 aliquod
1920 1765 2072 1812 mobile,
2102 1766 2207 1814 quod
2232 1778 2311 1802 non
2340 1765 2466 1802 deficit

1405 1818 1475 1866 ipsi
1504 1817 1709 1854 deferendo
1740 1817 1883 1865 ipsum,
1917 1817 1984 1854 sed
2016 1818 2128 1854 simul
2158 1830 2245 1855 cum
2274 1830 2319 1855 eo
2349 1818 2466 1855 tendit

1405 1883 1482 1919 quo
1512 1870 1633 1907 ducit:
1668 1870 1835 1917 expulsio
1864 1877 1990 1906 autem
2021 1878 2090 1917 est,
2121 1871 2272 1919 quando
2303 1883 2465 1908 movens

1405 1923 1458 1959 sic
1485 1930 1618 1959 movet
1646 1922 1786 1960 mobile
1808 1922 1838 1969 ζ,
1869 1922 1974 1971 quod
2001 1930 2129 1959 tamen
2155 1924 2281 1960 deficit
2306 1924 2339 1960 ei
2358 1924 2463 1960 dese-

1405 1975 1523 2012 rendo
1553 1975 1689 2023 ipsum,
1720 1987 1790 2012 nec
1819 1976 2018 2012 comitatur
2044 1975 2170 2024 ipsum
2196 1988 2318 2025 usque
2346 1976 2394 2013 ad
2422 1977 2465 2013 fi-

1405 2041 1495 2065 nem
1524 2036 1662 2065 motus.

1460 2082 1495 2117 6.
1527 2081 1704 2123 Secundo
1733 2080 1801 2117 ibi:
1838 2081 2107 2117 Vectiovautem
2136 2088 2223 2128 etc.‚
2254 2081 2466 2118 manifestat

1407 2132 1454 2169 de
1472 2134 1655 2178 vectione;
1675 2140 1711 2169 et
1731 2133 1817 2169 dicit
1835 2133 1939 2181 quod
1957 2133 2081 2170 vectio
2101 2134 2278 2170 fundatur
2296 2134 2334 2171 in
2349 2134 2465 2170 tribus

1406 2185 1485 2222 aliis
1513 2186 1692 2232 motibus,
1722 2185 1860 2222 seilicet
1885 2186 2074 2234 pulsione,
2109 2187 2289 2223 tractione
2319 2194 2354 2223 et
2381 2199 2464 2223 ver-

1406 2238 1538 2285 tigine,
1573 2238 1667 2274 sicut
1695 2238 1800 2286 quod
1829 2246 1884 2274 est
1909 2251 1980 2286 per
2010 2239 2184 2276 accidens
2218 2239 2395 2276 fundatur
2428 2239 2466 2275 in

1408 2302 1454 2326 eo
1483 2290 1587 2339 quod
1616 2297 1672 2326 est
1693 2303 1762 2339 per
1780 2303 1832 2327 se.
1863 2291 1958 2327 Illud
1994 2291 2094 2327 enim
2125 2293 2143 2313 *⁸
2173 2292 2277 2340 quod
2303 2292 2464 2340 vehitur,
2493 2305 2502 2312 ·

1407 2355 1486 2379 non
1513 2350 1689 2379 movetur
1716 2351 1786 2391 per
1813 2356 1864 2390 se,
1894 2343 1961 2380 sed
1988 2356 2058 2392 per
2085 2345 2279 2392 accidens,
2309 2345 2466 2393 inquan-

1407 2403 1488 2432 tum
1525 2395 1663 2432 scilicet
1699 2395 1839 2443 aliquid
1876 2396 2036 2432 alterum
2074 2405 2274 2444 movetur,
2313 2398 2351 2434 in
2388 2410 2464 2446 quo

1407 2449 1532 2496 ipsum
1562 2455 1632 2495 est,
1663 2447 1757 2484 sicut
1785 2460 1872 2484 cum
1906 2448 2036 2497 aliquis
2060 2449 2209 2486 vehitur
2236 2463 2258 2486 a
2276 2452 2294 2471 ²³²
2314 2451 2403 2487 navi
2427 2451 2466 2487 in

1407 2513 1482 2550 qua
1511 2508 1585 2547 est;
1620 2501 1682 2537 vel
1717 2513 1830 2549 super
1857 2501 1960 2549 quod
1990 2508 2060 2548 est,
2090 2502 2184 2538 sicut
2212 2515 2299 2539 cum
2334 2503 2465 2552 aliquis

1406 2553 1699 2601 vehitur·equo.
1735 2553 1829 2590 Illud
1858 2561 1984 2589 autem
2014 2555 2116 2602 quod
2143 2555 2258 2603 vehit,
2289 2563 2465 2592 movetur

1405 2618 1475 2654 per
1494 2618 1546 2653 se,
1564 2618 1609 2642 eo
1625 2606 1729 2654 quod
1749 2618 1827 2642 non
1847 2613 1901 2642 est
1919 2606 2125 2654 procedere
2145 2607 2183 2644 in
2202 2607 2245 2644 iis
2265 2621 2362 2657 quae
2382 2620 2464 2644 rno-

1405 2666 1544 2696 ventur
1569 2671 1639 2706 per
1666 2658 1841 2695 accidens
1869 2658 1907 2695 in
1935 2658 2134 2696 infinitum.
2161 2661 2209 2696 Et
2237 2661 2289 2697 sic
2318 2669 2466 2709 oportet

1407 2711 1511 2760 quod
1538 2711 1706 2760 primum
1726 2712 1870 2748 vehens
1899 2719 2099 2748 moveatur
2117 2713 2242 2761 aliquo
2263 2721 2370 2750 motu
2396 2726 2465 2762 per

1407 2777 1468 2811 se,
1500 2765 1563 2800 vel
1591 2764 1703 2812 pulsu
1738 2765 1800 2800 vel
1832 2771 1950 2800 tractu
1984 2766 2046 2801 vel
2073 2765 2264 2813 vertigine.
2301 2767 2358 2803 Ex
2386 2779 2462 2815 quo

1407 2816 1649 2853 manifestum
1679 2823 1734 2853 est
1761 2818 1865 2864 quod
1891 2817 2015 2866 vectio
2044 2818 2082 2854 in
2109 2815 2226 2855 tribus
2247 2819 2325 2859 aliis
2354 2819 2465 2855 moti-'

1407 2870 1478 2906 bus
1507 2869 1727 2906 continetur.

1461 2934 1497 2970 7.
1527 2922 1656 2958 Tertio
1685 2921 1757 2958 ibi:
1790 2923 1826 2958 T
1822 2923 1938 2959 ractio
1972 2929 2096 2960 autem
2131 2931 2217 2971 etc.,
2252 2924 2465 2961 manifestat

1407 2975 1556 3011 tertium
1586 2976 1747 3012 modum
1768 2974 1799 3021 *,
1825 2975 1964 3012 scilicet
1991 2982 2160 3013 tractum.
2191 2978 2240 3013 Et
2267 2977 2463 3014 sciendum

1408 3034 1463 3063 est
1477 3027 1580 3076 quod
1600 3027 1729 3064 tractio
1746 3039 1768 3063 a
1782 3028 1957 3076 pulsione
1977 3028 2110 3075 differt,
2127 3029 2216 3077 quia
2236 3029 2273 3066 in
2292 3030 2463 3078 pulsione

1407 3092 1568 3117 movens
1597 3093 1637 3117 se
1665 3080 1779 3116 habet
1807 3080 1856 3117 ad
1890 3081 2031 3117 mobile
2059 3089 2100 3118 ut
2126 3082 2308 3119 terminus
2337 3095 2358 3119 a
2387 3095 2463 3131 quo

1408 3140 1463 3169 est
1491 3140 1617 3169 motus
1646 3133 1742 3179 eius,
1772 3133 1811 3169 in
1839 3140 1958 3170 tractu
1990 3147 2083 3171 vero
2113 3147 2152 3170 se
2181 3135 2294 3170 habet
2325 3142 2367 3170 ut
2393 3142 2463 3170 ter-

1407 3185 1532 3222 minus
1552 3185 1601 3222 ad
1630 3197 1756 3233 quem.
1788 3186 1881 3222 Illud
1902 3198 1990 3233 ergo
2019 3187 2165 3222 trahere
2195 3186 2337 3234 dicitur,
2359 3187 2463 3234 quod

1405 3298 1457 3323 erit
1470 3299 1540 3330 quod
1554 3306 1660 3323 movens
1675 3299 1725 3323 erit
1745 3299 1770 3323 in
1789 3299 1873 3330 seipso
1889 3298 1930 3330 (se
1944 3306 1997 3323 om.
2007 3305 2023 3322 a
2034 3299 2048 3322 b
2059 3303 2083 3322 et
2096 3298 2185 3322 Vener.
2201 3298 2280 3331 1504)
2292 3300 2363 3331 quod
2377 3308 2463 3325 move-

1406 3336 1451 3357 tur
1465 3334 1505 3357 vel
1518 3333 1586 3358 sicut
1600 3334 1668 3358 idem
1683 3337 1722 3357 est
1737 3333 1763 3357 in
1778 3334 1862 3364 seipso
1877 3333 1947 3364 quod
1961 3336 2080 3357 movetur
2094 3334 2135 3357 vel
2148 3334 2216 3358 sicut
2223 3341 2291 3365 pars
2305 3338 2344 3359 est
2356 3335 2381 3359 in
2398 3339 2463 3360 toto.

1459 3366 1480 3401 ε)
1501 3368 1552 3392 ibi.-
1569 3369 1628 3393 Hoc
1646 3371 1733 3392 autem
1759 3368 1926 3400 manifestum
1945 3370 1993 3392 etc.
2011 3381 2029 3387 -
2048 3368 2116 3392 Haec
2133 3367 2191 3393 ‘'om.
2211 3369 2284 3393 codd.
2304 3377 2356 3394 exc.
2375 3371 2462 3395 BLRZ

1407 3402 1554 3432 sCEHOY;
1573 3403 1593 3427 F
1612 3403 1689 3427 habet
1708 3403 1743 3427 ibi
1761 3407 1786 3426 et
1804 3410 1851 3434 pro
1870 3407 1937 3426 textu
1956 3403 2058 3434 reliquit
2076 3403 2186 3435 spatium
2206 3404 2306 3434 album,
2326 3406 2396 3436 quod
2415 3406 2463 3431 alia

1408 3445 1500 3461 manus
1519 3437 1643 3469 implevit.

1461 3471 1612 3506 Qquando
1631 3479 1736 3496 movens
1760 3471 1798 3496 sic
1818 3475 1903 3496 movet
1922 3472 2050 3497 mobile.-
2064 3472 2113 3496 Pro
2133 3477 2230 3502 movet,
2250 3474 2327 3505 pellit
2345 3475 2464 3506 BDLNQ

1410 3506 1527 3537 SZsHO,
1546 3515 1598 3531 om.
1622 3506 1854 3539 AIKTVXYpCO,
1879 3507 1989 3538 spatium
2013 3507 2062 3531 alb.
2083 3508 2120 3537 M,
2145 3515 2195 3532 ras,
2217 3509 2274 3540 pH3
2294 3509 2387 3534 mobile
2410 3518 2462 3535 om.

1410 3541 1487 3573 PpR;
1507 3542 1583 3566 editio
1595 3549 1627 3565 a:
1645 3541 1751 3573 quando
1766 3548 1870 3566 movens
1884 3542 1920 3566 sit
1932 3542 1999 3566 idest
2019 3545 2104 3567 movet
2123 3543 2222 3573 mobile,
2238 3549 2263 3568 et
2279 3545 2373 3577 pergit:
2392 3546 2464 3577 quod

1411 3579 1498 3601 tamen
1517 3576 1619 3608 deficiet
1638 3576 1780 3601 deserendo
1800 3576 1899 3608 ipsum;
1918 3577 1993 3601 etiarn
2013 3577 2048 3602 Pb
2067 3585 2119 3602 om.
2138 3578 2170 3602 ei.

2508 357 2570 378 Lect.
2582 362 2599 382 1,
2609 363 2632 378 n.
2641 362 2660 384 3.

2581 393 2598 417 Υ

2583 614 2597 638 δ

2486 672 2494 679 ·
2510 671 2563 691 sunt
2571 675 2592 697 ε,
2603 669 2650 690 sint
2661 675 2683 690 u.

2488 1089 2497 1097 ·
2513 1087 2582 1108 Num.
2601 1093 2632 1108 10.

2490 1143 2498 1151 ·
2513 1140 2583 1161 Num.
2599 1146 2625 1161 ιι.

2491 1412 2500 1420 '
2516 1410 2548 1431 ad
2561 1416 2677 1438 :ounzpm

2513 2304 2589 2324 autem
2597 2303 2703 2324 paor-sab.

2493 2462 2502 2469 '
2517 2461 2540 2481 in
2556 2466 2635 2487 ronst,
2657 2466 2705 2482 orn.

2494 2491 2537 2508 cet.

2493 2992 2501 2998 '
2524 2991 2609 3010 motum
2630 2989 2700 3014 pvab,

2491 3015 2588 3045 medinm
2604 3021 2633 3042 Q;
2647 3022 2701 3037 Αικτ

2492 3048 2581 3069 acquiv.
