2898 3996
468 301 545 337 204

1092 289 1437 327 PHYSICORUM
1463 289 1822 326 ARISTOTELIS
1841 289 1936 327 LIB.
1968 290 2020 327 IV

1057 516 1357 572 LECTIO
1394 517 2047 575 DECIMAOCTAVA

852 683 1074 721 QUOMODO
1103 684 1169 715 SIT
1198 684 1284 715 VEL
1315 684 1406 715 NON
1437 684 1503 715 SIT
1531 684 1637 715 IDEM
1664 685 1783 716 NUNC
1811 686 1854 716 IN
1882 685 2006 717 TOTO
2035 686 2251 718 TEMPORE.

1084 744 1218 775 RATIO
1242 745 1396 776 EORUM
1420 745 1538 782 QUAE
1561 744 1787 776 DICUNTUR
1809 746 1866 776 DE
1890 746 2020 778 NUNC

464 883 530 914 Καὶ
555 879 663 925 ὥσπερ
690 881 710 917 ἠ
736 883 861 918 κίνησις
883 880 940 912 ,ἀεὶ
966 881 1051 917 ἄλλη
1076 883 1133 912 καὶ
1154 881 1252 922 ἄλλη,
1271 883 1328 913 καὶ
1355 882 1371 913 ὁ
1397 880 1527 926 χρόνος,

482 927 485 931 “
531 926 547 957 ὀ
573 921 602 956 δ’
625 924 697 968 ἅμα
723 926 790 962 πᾶς
815 923 931 968 χρόνος
952 926 967 956 ὁ
988 924 1106 961 αὐτός·
1135 923 1195 969 [vd
1215 925 1280 971 γοίρ
1303 926 1358 957 νῦν
1383 926 1424 958 τό
1443 923 1529 958 αὐτὸ

532 969 548 1001 ὅ
566 969 644 1001 ποτ’
666 968 720 1005 ἦν·
740 969 780 1000 τὸ
805 965 834 1000 δ’
856 965 941 1000 εἶναι
968 969 1062 1010 αὐτῷ
1090 967 1229 1012 ἕτερον.]
1257 970 1303 1001 Τό
1329 966 1366 1001 δέ
1391 970 1446 1001 νῦν
1469 969 1528 1001 τὸν

529 1013 646 1059 χρόνον
671 1017 805 1057 μετρεῖ,
834 1012 855 1055 ’ᾖ
872 1012 1043 1056 ’πρότερον
1068 1014 1126 1046 καὶ
1153 1011 1304 1055 ὕστερον.

463 1101 509 1133 Τὸ
534 1096 571 1132 δὲ
595 1101 651 1131 νῦν
677 1100 751 1132 ἔστι
775 1100 833 1144 μὲν
858 1101 900 1137 ὠς
919 1099 960 1132 τὸ
980 1099 1081 1139 αὐτό,
1101 1100 1174 1132 ἔστι
1198 1095 1228 1131 δ’
1248 1102 1291 1138 ὠς
1310 1101 1348 1132 οὗ
1365 1100 1408 1134 τὸ
1427 1099 1527 1134 αὐτό·

531 1145 551 1187 ᾖ
577 1145 636 1188 μὲν
660 1145 725 1190 γάρ
752 1145 784 1176 ἐν
812 1144 901 1185 ἄλλῳ
925 1145 984 1176 καὶ
1011 1144 1114 1186 ἄλλῳ,
1142 1143 1254 1187 ἕτερον
1283 1145 1407 1186 [τοῦτο
1431 1142 1460 1177 δ’
1489 1143 1529 1183 ἦν

532 1189 619 1221 αὐτό
646 1188 686 1220 τὸ
712 1189 785 1229 νῦν]
815 1188 835 1230 ’ᾖ
860 1183 899 1220 δὲ
917 1187 933 1220 ὅ
951 1200 1037 1221 ποτε
1064 1188 1099 1220 ὅν
1122 1189 1195 1220 ἐστι
1216 1188 1258 1221 τό
1276 1189 1346 1231 νῦν,
1365 1189 1406 1221 τὸ
1425 1187 1526 1223 αὐτό.

461 1275 655 1309 Ἀκολουθεῖ
676 1275 756 1322 γάρ,
783 1275 891 1320 ὥσπερ
917 1275 1052 1321 ἐλέχθη,
1079 1277 1126 1317 τῷ
1153 1276 1212 1320 μὲν
1238 1275 1370 1323 μεγέθει
1395 1277 1415 1314 ⁷5
1440 1280 1530 1314 κίνη-

530 1333 597 1362 σις,
624 1322 742 1363 ταύτῃ
767 1319 796 1351 δ’
825 1321 840 1352 ὁ
866 1320 1001 1364 χρόνος,
1027 1321 1068 1357 ὠς
1094 1319 1215 1364 φαμέν.
1248 1322 1315 1352 Καὶ
1342 1321 1460 1365 ὁμοίως
1485 1317 1528 1358 δή

531 1367 576 1408 τῇ
602 1366 730 1411 στιγμῇ
758 1365 799 1396 τὸ
824 1364 1016 1408 φερόμενον,
1040 1364 1063 1405 ᾦ
1088 1364 1153 1401 τήν
1178 1366 1304 1402 κίνησιν
1329 1366 1527 1410 γνωρίζομεν

528 1412 586 1441 καὶ
612 1409 655 1441 τό
681 1407 843 1453 πρότερον
869 1407 902 1440 ἐν
930 1409 1021 1450 αὐτῇ
1046 1411 1104 1440 καὶ
1123 1408 1165 1441 τό
1184 1408 1336 1453 ὕστερον.
1363 1410 1474 1442 Τοῦτο
1492 1405 1529 1442 δὲ

531 1455 547 1486 ὃ
573 1454 631 1497 μέν
659 1465 744 1486 ποτε
772 1451 805 1484 ὃν
832 1452 872 1484 τὸ
899 1452 987 1485 αὐτό
1015 1450 1163 1498 (στιγμή
1187 1453 1266 1498 γάρ,
1287 1451 1307 1489 ἦ
1332 1451 1434 1494 λίθος,
1453 1453 1475 1491 η’
1495 1465 1528 1486 τι

533 1498 616 1530 ἄλλο
643 1497 802 1528 τοιοῦτόν
836 1497 953 1540 ἐστι),
981 1499 1028 1538 τῷ
1052 1496 1142 1542 λόγῳ
1167 1492 1205 1528 δέ
1233 1497 1336 1538 ἄλλο,
1364 1496 1473 1542 ὥσπερ
1501 1500 1528 1530 οἱ

529 1543 687 1585 σοφισταὶ
713 1538 943 1585 λαμβάνουσιν
970 1539 1082 1586 ἕτερον
1109 1541 1149 1572 τὸ
1173 1543 1333 1584 Κορίσκον
1353 1541 1385 1572 ἑν
1403 1542 1528 1583 Λυκείῳ

530 1584 614 1618 εἶναι
640 1587 698 1616 καὶ
723 1585 764 1617 τὸ
789 1586 948 1628 Κορίσκον
975 1585 1007 1617 ἐν
1036 1585 1156 1630 ἀγορᾷ.
1188 1587 1253 1617 Καὶ
1279 1585 1385 1618 τοῦτο
1410 1582 1454 1622 δή
1480 1587 1527 1628 τῷ

531 1629 647 1662 ἄλλοθι
671 1631 728 1660 καὶ
757 1628 872 1661 ἄλλοθι
893 1626 978 1661 εἶναι
997 1628 1124 1672 ἕτερον·
1144 1630 1191 1670 τῷ
1209 1625 1246 1660 δὲ
1265 1629 1428 1674 φερομένῳ
1452 1630 1530 1662 ἀκο-

526 1674 641 1706 λουθεῖ·
664 1674 705 1705 τὸ
731 1674 801 1714 νῦν,
827 1672 937 1718 ὥσπερ
964 1675 980 1705 ὁ
1005 1672 1123 1718 χρόνος
1149 1674 1193 1716 τῇ
1220 1673 1360 1710 κινήσει·
1389 1675 1437 1715 τῷ
1462 1675 1527 1720 γάρ

527 1717 692 1763 φερομένῳ
713 1718 913 1762 γνωρίζομεν
939 1718 980 1750 τὸ
1006 1717 1166 1762 πρότερον
1192 1720 1249 1749 καὶ
1269 1716 1405 1762 ὕστερον
1427 1719 1459 1750 ὲν
1481 1730 1528 1750 κι-

527 1763 633 1799 νήσει·
663 1762 682 1804 ῇ
709 1759 736 1795 δ’
762 1762 945 1806 ἀριθμητὸν
973 1761 1014 1793 τὸ
1039 1761 1201 1805 πρότερον
1226 1763 1283 1793 καὶ
1310 1761 1462 1804 ὕστερον,
1486 1763 1527 1795 τὸ

528 1808 583 1838 νῦν
611 1807 716 1838 ἐστίν·
743 1805 831 1838 ὥστε
855 1807 913 1838 καὶ
940 1806 972 1838 ἐν
998 1806 1149 1846 τούτοις,
1174 1806 1189 1837 ὃ
1215 1806 1274 1850 μέν
1301 1818 1385 1839 ποτε
1406 1805 1439 1838 ὃν
1457 1808 1526 1848 νῦν,

529 1851 602 1884 ἔστι
627 1850 668 1882 τό
696 1850 796 1884 αὐτό·
825 1849 987 1906 πρότερον
1014 1850 1078 1896 γάρ
1103 1851 1160 1882 καὶ
1187 1849 1324 1895 ὕστερόν
1344 1851 1416 1882 ἐστι
1434 1851 1475 1883 τὸ
1494 1852 1526 1883 ἑν

526 1894 667 1931 κινήσει·
702 1895 742 1928 τὸ
772 1890 799 1926 δ’
829 1905 915 1927 ειναι
950 1893 1076 1938 ἕτερον·
1107 1894 1147 1935 [ᾔ
1176 1894 1359 1939 ἀριθμητὸν
1393 1895 1458 1940 γάρ
1484 1895 1526 1927 τὰ

528 1939 690 1984 πρότερον
714 1941 772 1971 καὶ
799 1937 951 1982 ὕστερον,
979 1940 1019 1971 τὸ
1045 1940 1102 1970 νῦν
1128 1937 1235 1979 έστιῙ.

460 1985 525 2016 Καὶ
549 1983 710 2030 γνώριμον
737 1979 774 2015 δὲ
799 1984 953 2027 μάλιστα
971 1984 1067 2016 τοῦτ’
1089 1983 1174 2016 ἐστί·
1200 1983 1259 2015 καὶ
1278 1983 1343 2028 γοίρ
1362 1983 1382 2019 ἡ
1400 1985 1526 2021 κίνησις

527 2029 586 2061 διαὶ
617 2028 657 2060 τὸ
689 2027 883 2071 κινούμενον
915 2029 973 2059 καὶ
1009 2028 1029 2064 ἦ
1060 2027 1147 2072 φοραὶ
1177 2023 1236 2059 διὰ
1266 2026 1307 2059 τὸ
1332 2026 1523 2072 φερόμενον·

527 2070 609 2105 τόδε
634 2071 697 2130 γάρ
724 2084 757 2104 τι
783 2071 824 2103 τὸ
856 2071 1056 2116 φερόμενον,
1089 2073 1109 2108 η’
1135 2067 1172 2103 δὲ
1196 2073 1321 2108 κίνησις
1350 2071 1398 2103 οὕ.
1427 2070 1527 2103 Ἔστι

526 2117 585 2161 μὲν
612 2128 668 2149 ουν
695 2118 735 2154 ὡς
761 2116 801 2149 τὸ
828 2116 917 2149 αὐτὸ
943 2115 984 2148 τὸ
1009 2117 1064 2147 νῦν
1089 2115 1270 2161 λεγόμενον
1299 2113 1364 2157 ἀεί,
1393 2115 1466 2147 ἔστι
1491 2110 1520 2146 δ’

527 2163 567 2199 ὠς
594 2162 631 2193 οὐ
657 2162 698 2194 τό
725 2160 827 2192 αὐτό·
853 2163 909 2192 καὶ
935 2160 1000 2206 γοίρ
1025 2159 1067 2192 τὸ
1094 2159 1283 2204 φερόμενον.

459 2244 607 2288 Φανερόν
633 2239 670 2275 δὲ
694 2245 751 2274 καὶ
779 2241 832 2274 ὅτι
858 2244 926 2275 εἴτε
951 2242 1068 2287 χρόνος
1094 2242 1141 2285 μή
1169 2244 1232 2282 εἴη,
1261 2241 1300 2275 τὸ
1326 2242 1381 2273 νῦν
1408 2242 1467 2273 οὐκ
1487 2242 1524 2274 ἂν

527 2290 598 2329 εἴη,
629 2290 698 2320 εἴτε
730 2286 770 2319 το
796 2288 852 2318 νῦν
878 2287 925 2331 μή
951 2289 1021 2328 εἴη,
1054 2286 1171 2331 χρόνος
1200 2287 1258 2318 οὐκ
1290 2285 1328 2318 ἂν
1362 2287 1424 2322 εἴη·
1454 2285 1526 2330 ἅμα.

525 2333 589 2378 γάρ
615 2331 723 2376 ὥσπερ
750 2329 790 2363 τὸ
823 2330 1001 2376 φερόμενον
1032 2333 1090 2363 καὶ
1116 2332 1136 2368 ἡ
1163 2330 1268 2373 φορά,
1298 2328 1405 2368 οὕτως
1429 2331 1486 2362 καὶ
1509 2331 1524 2362 ὁ

531 2375 665 2420 ἀριθμὸς
691 2377 706 2407 ὁ
734 2375 795 2408 τοῦ
820 2374 998 2419 φερομένου
1032 2378 1088 2407 καὶ
1117 2377 1132 2408 ὁ
1158 2376 1221 2413 τῆς
1251 2376 1364 2419 φορᾶς.
1400 2374 1524 2418 Χρόνος

526 2421 585 2465 μὲν
610 2421 674 2467 γοὶρ
701 2421 717 2451 ὀ
743 2419 805 2456 τῆς
831 2420 932 2463 φορᾶς
959 2419 1107 2464 ἀριθμός,
1136 2419 1177 2451 τὸ
1202 2420 1258 2451 νῦν
1283 2414 1320 2451 δὲ
1346 2420 1387 2457 ὠς
1414 2419 1454 2452 τὸ
1472 2431 1526 2463 φε-

526 2465 662 2509 ρόμενον
689 2465 756 2495 οἷον
809 2463 885 2501 ονοὶς
913 2464 1064 2518 ἀριθμοῦ.

459 2511 524 2541 Καὶ
550 2508 690 2554 συνεχής
716 2521 753 2541 τε
779 2474 821 2546 ἕν’]
841 2508 856 2540 ὁ
877 2521 994 2554 χρονος
1013 2509 1060 2549 τῷ
1079 2509 1149 2548 νῦν,
1167 2510 1224 2539 καὶ
1242 2503 1404 2551 διῄρηται
1428 2507 1524 2540 κατά.

526 2554 567 2586 τὸ
591 2555 660 2584 νῦν·
689 2551 867 2586 ἀκολουθεῖ
889 2553 954 2598 γάρ
985 2554 1043 2584 καὶ
1071 2554 1177 2585 τοῦτο
1205 2553 1249 2595 τῇ
1276 2552 1361 2596 φορᾷ
1391 2552 1449 2582 καὶ
1475 2552 1522 2592 τῷ

526 2597 702 2642 φερομένῳ·
729 2600 786 2629 καὶ
811 2596 875 2644 γοὲρ
902 2598 922 2634 ἡ
947 2599 1072 2634 κίνησις
1095 2598 1152 2628 καὶ
1179 2597 1198 2633 ἦ
1223 2596 1308 2639 φοραὶ
1324 2598 1385 2639 μία
1404 2597 1451 2636 τῷ
1470 2607 1522 2639 φε-

526 2642 662 2687 ρομένῳ,
684 2640 736 2674 ὅτι
763 2642 809 2683 ἐ’ν,
834 2643 891 2672 καὶ
918 2642 980 2686 οὐχ
1006 2640 1022 2672 ὅ
1047 2652 1134 2673 ποτε
1158 2640 1191 2671 ὄν
1215 2641 1285 2683 (καὶ
1302 2639 1366 2684 γοὶρ
1386 2637 1428 2670 ἄν
1449 2634 1524 2670 δια-

525 2687 630 2726 λίποι)
659 2684 749 2718 om&
774 2687 822 2727 τῷ
846 2684 948 2731 λόγῳ.
975 2687 1040 2716 Καὶ
1065 2685 1130 2731 γοὶρ
1157 2684 1255 2728 ὁρίζει
1277 2685 1341 2720 τήν
1360 2682 1521 2727 πρότερον

525 2733 582 2762 καὶ
609 2730 746 2773 ὕστερον
771 2734 898 2766 κίνησιν
924 2730 1042 2762 τοῦτο.

453 2773 647 2807 Ἀκολουθεΐ
675 2770 712 2806 δὲ
743 2776 801 2806 καὶ
833 2773 939 2807 τοῦτό
972 2774 1040 2809 πῶς
1073 2773 1118 2814 τῇ
1151 2772 1292 2816 στιγμῇ·
1319 2771 1375 2803 καὶ
1406 2770 1470 2816 γάρ
1501 2771 1520 2807 τ’,

526 2818 656 2865 στιγμή
688 2819 745 2850 καὶ
770 2817 901 2862 συνέχει
927 2817 968 2850 τὸ
993 2818 1099 2860 μῆκος
1131 2817 1187 2846 καὶ
1216 2817 1324 2860 ὁρίζει·
1361 2815 1432 2848 ἔστι
1457 2815 1521 2870 γὰρ

526 2865 587 2896 τοῦ
606 2862 663 2907 μὲν
685 2862 786 2908 ἀρχή,
807 2864 868 2894 τοῦ
885 2857 923 2893 δὲ
946 2859 1104 2897 τελευτή.
1129 2860 1221 2890 Ἀλλ’
1244 2858 1328 2891 ὅταν
1349 2858 1408 2905 μὲν
1432 2870 1520 2891 ουτω

524 2907 684 2951 λαμβάνῃ
707 2918 756 2944 τις
777 2908 818 2943 ὠς
836 2901 909 2937 δυσὶ
929 2905 1095 2951 χρώμενος
1117 2904 1162 2945 τῇ
1184 2905 1257 2947 μιᾷ,
1275 2904 1406 2951 ἀνάγκη
1421 2903 1522 2935 ’ἱστα-

525 2950 623 2992 σθαι,
649 2951 677 2982 εἰ
703 2950 802 2982 ἔσται
834 2948 921 2995 ἀρχή
946 2951 1003 2981 καὶ
1030 2947 1175 2983 τελευτή
1201 2950 1222 2984 ἡ
1252 2949 1342 2985 αὕτη
1376 2947 1518 2993 στιγμή.

526 2996 571 3026 Τό
589 2991 626 3027 δέ
651 2995 706 3026 νῦν
732 2989 790 3026 8ιοί
816 2995 856 3026 τό
881 2994 1042 3025 κινεῖσθαι
1065 2994 1106 3026 τὸ
1127 2992 1302 3036 φερόμενον
1323 2994 1374 3025 ἀεὶ
1392 2991 1519 3036 ἕτερον’

526 3038 601 3070 ὥσθ’
633 3039 648 3071 ὁ
673 3036 789 3093 χρόνος
818 3037 951 3082 ἀριθμὸς
979 3038 1042 3081 οὐχ
1066 3039 1107 3075 ὠς
1134 3038 1196 3074 τῆς
1222 3037 1330 3075 αὐτῆς
1360 3037 1519 3083 στιγμῆς,

526 3083 580 3116 ὅτι
607 3083 694 3127 ἀρχη
719 3085 776 3114 καὶ
802 3082 963 3123 τελευτή,
984 3082 1058 3116 ἀλλ’
1080 3083 1122 3119 ὠς
1144 3081 1190 3112 τοὶ
1213 3081 1349 3126 ἔσχατα
1374 3082 1436 3119 τῆς
1463 3081 1520 3112 αὖ-

527 3129 588 3165 τῆς
613 3128 760 3172 μᾶλλον,
786 3128 844 3158 καὶ
871 3127 933 3172 οὐχ
957 3127 997 3164 ὠς
1024 3126 1071 3158 τοὶ
1095 3124 1135 3170 με’
1156 3138 1197 3166 η,
1224 3121 1282 3157 διαί
1308 3137 1344 3157 τε
1371 3126 1411 3157 τὸ
1437 3125 1521 3168 εἰρη-

525 3171 622 3216 μένον
651 3172 715 3215 (τῇ
741 3171 804 3224 γάρ
823 3170 907 3214 μέσῃ
925 3170 1053 3217 στιγμῇ
1072 3171 1111 3207 ὠς
1134 3136 1206 3202 guo-i
1231 3168 1412 3215 χρήσεται,
1432 3168 1519 3201 ὥστε

525 3217 657 3261 ἠρεμεῖν
683 3216 934 3260 συμβησεται),

459 3300 516 3330 καὶ
543 3296 593 3329 ἔτι
623 3296 762 3340 φανερὸν
798 3295 851 3328 ὅτι
885 3294 963 3326 οὐδὲ
994 3293 1106 3339 μόριον
1139 3294 1180 3326 τὸ
1210 3293 1265 3324 νῦν
1291 3294 1353 3326 τοῦ
1385 3292 1518 3338 χρόνου,

527 3337 594 3373 οὐδ’
620 3342 640 3377 ἡ
666 3335 824 3384 διαίρεσις
850 3340 912 3378 τῆς
936 3338 1107 3377 κινήσεως,
1135 3337 1243 3382 ὥσπερ
1269 3333 1337 3369 οὐδ’
1365 3339 1400 3368 αἱ
1426 3348 1522 3382 στιγ-

527 3387 587 3429 μαὶ
612 3385 674 3422 τῆς
698 3385 868 3438 γραμμῆς·
898 3385 931 3416 αἱ
956 3379 994 3415 δὲ
1018 3383 1173 3429 γραμμαὶ
1199 3384 1233 3414 αἱ
1258 3376 1318 3413 δύο
1345 3382 1407 3419 τῆς
1467 3382 1518 3420 ιᾶς

527 3429 637 3472 μόοιοι.
666 3429 709 3460 Ἠ
734 3440 792 3472 μεν
819 3426 875 3460 οὖν
907 3426 1009 3472 πέρας
1035 3427 1076 3458 τὸ
1102 3428 1176 3467 νῦν,
1204 3426 1242 3458 οὐ
1266 3425 1403 3471 χρόνος,
1454 3425 1521 3458 λλοὶ

526 3460 745 3516 συμβέβηκεν·
775 3473 794 3515 ᾖ
819 3469 848 3504 δ’
875 3471 1016 3515 ἀριθμεῖ,
1042 3470 1189 3515 ἀριθμός·
1216 3470 1265 3503 τοὶ
1288 3470 1347 3514 μὲν
1372 3470 1436 3526 γὰρ
1463 3470 1519 3502 πέ-

527 3528 617 3559 ρατα
642 3517 766 3548 ἐκείνου
791 3516 891 3560 μόνον
917 3517 1008 3549 ἐστὶν
1035 3515 1073 3548 οὗ
1091 3516 1163 3549 ἐστὶ
1185 3514 1334 3558 πέρατα*
1363 3516 1378 3546 ὁ
1399 3510 1418 3545 δ
1452 3515 1520 3558 ἀρι-

527 3559 606 3601 θμὸς
633 3562 648 3591 ὁ
675 3556 778 3592 τῶνδε
804 3561 869 3592 τῶν
891 3560 1020 3600 ’ἐπ-πων,
1048 3561 1068 3596 ’ἦ
1094 3555 1206 3600 δεκάς,
1233 3560 1289 3591 καὶ
1317 3557 1444 3591 ἄλλοθι.

1582 883 1652 914 *Et
1674 883 1754 915 sicut
1777 890 1884 915 motus
1907 895 2030 926 semper
2045 886 2124 918 alius
2148 894 2194 918 est
2216 894 2247 918 et
2269 887 2363 927 alius,
2387 888 2431 920 sic
2453 895 2484 920 et
2506 895 2643 930 tempus.

1650 927 1748 965 Quod
1764 934 1871 958 autem
1885 928 1980 959 simul
1995 939 2092 960 omne
2107 937 2249 971 tempus,
2264 931 2350 962 idem
2365 938 2421 963 est.
2433 933 2544 973 Ipsum
2559 933 2645 965 enim

1650 981 1735 1002 nunc
1753 971 1838 1002 idem
1861 979 1924 1012 est,
1948 973 2124 1004 secundum
2149 975 2238 1014 quod
2257 974 2332 1017 quid
2357 982 2419 1006 est:
2449 986 2514 1007 esse
2537 984 2644 1008 autem

1650 1014 1709 1055 ipsi
1726 1015 1859 1046 alterum
1878 1023 1934 1047 est.
1949 1017 1966 1035 *
1981 1017 2090 1057 Ipsum
2109 1024 2215 1048 autem
2231 1027 2316 1049 nunc
2335 1025 2462 1060 tempus
2484 1027 2645 1052 mensurat

1651 1059 1826 1090 secundum
1849 1060 1938 1100 quod
1961 1060 2048 1100 prius
2067 1066 2097 1092 et
2110 1061 2266 1101 posterius
2285 1069 2340 1092 est.

1585 1103 1694 1143 Ipsum
1712 1109 1819 1134 autem
1841 1113 1926 1134 nunc
1950 1111 1996 1135 est
2018 1104 2148 1145 quidem
2171 1105 2251 1136 sicut
2273 1105 2374 1143 idem,
2397 1112 2445 1136 est
2466 1115 2541 1137 vero
2564 1107 2646 1139 sieut

1651 1156 1718 1177 non
1733 1146 1828 1177 idem.
1846 1147 2029 1178 Secundum
2045 1147 2175 1189 quidem
2189 1149 2274 1179 enim
2289 1150 2378 1190 quod
2392 1149 2426 1180 in
2441 1149 2504 1181 alio
2523 1157 2555 1181 et
2568 1150 2644 1190 alio,

1651 1190 1785 1221 alterum
1808 1198 1854 1221 est
1877 1189 1952 1234 (hoc
1969 1201 2043 1222 vero
2067 1199 2132 1223 erat
2147 1202 2213 1223 esse
2236 1192 2297 1233 ipsi
2321 1191 2436 1236 nunc);
2454 1193 2646 1238 inquantum

1651 1241 1758 1265 autem
1781 1235 2008 1276 quodcumque
2032 1245 2087 1266 ens
2110 1243 2156 1267 est
2174 1236 2281 1277 ipsum
2303 1247 2399 1276 nunc,
2422 1237 2508 1268 idem
2527 1245 2582 1270 est.

1585 1277 1734 1318 Sequitur
1757 1278 1861 1316 enirn,
1893 1278 1973 1309 sicut
1999 1279 2119 1310 dictum
2147 1286 2208 1318 est,
2240 1280 2491 1320 magnitudinem
2520 1280 2643 1322 motus,

1651 1321 1736 1352 hune
1759 1328 1865 1352 autem
1888 1328 2030 1362 tempus,
2053 1322 2135 1354 sicut
2153 1322 2298 1355 diximus.
2324 1324 2364 1355 Et
2387 1324 2529 1356 similiter
2550 1324 2646 1367 ig'i'm'i·

1650 1372 1770 1405 puncto
1794 1366 1883 1406 quod
1903 1365 2010 1405 fertur,
2025 1376 2092 1407 quo
2115 1373 2242 1398 motum
2262 1362 2494 1408 cffinosdmus,
2509 1375 2540 1400 et
2556 1369 2644 1410 prius

1650 1408 1684 1439 in
1702 1409 1772 1449 ipso
1791 1416 1822 1440 et
1837 1409 2004 1449 posterius.
2023 1411 2096 1441 Hoc
2111 1417 2228 1450 autem,
2241 1421 2306 1452 qua
2319 1412 2450 1452 quidem
2465 1413 2645 1453 quodcum-7

1652 1462 1714 1492 que
1734 1462 1788 1483 ens
1804 1460 1865 1492 est,
1883 1453 1969 1484 idem
1987 1461 2043 1492 est,
2063 1461 2219 1495 punctum
2243 1455 2330 1486 enim
2345 1462 2399 1487 aut
2420 1455 2500 1497 lapis
2516 1464 2573 1493 aut
2584 1455 2646 1500 nii-3

1650 1496 1729 1537 quid
1745 1496 1830 1527 aliud
1845 1497 2030 1528 huiusmodi
2046 1505 2106 1529 est:
2123 1498 2243 1529 ratione
2259 1506 2366 1538 autem
2382 1499 2467 1538 aliud
2483 1496 2544 1539 e‘st3
2563 1495 2646 1543 sicut

1650 1539 1808 1580 sophistae
1829 1540 1985 1582 accipiunt
2007 1541 2140 1573 alterum
2163 1542 2331 1574 Coriscum
2358 1542 2391 1574 in
2412 1542 2532 1575 theatro
2557 1541 2644 1584 esse}

1652 1589 1682 1614 et
1706 1584 1873 1615 Coriscum
1896 1585 1929 1615 in
1953 1585 2034 1616 foro.
2058 1585 2100 1616 Et
2113 1585 2175 1617 hoc
2196 1586 2291 1626 igitur
2305 1586 2337 1617 in
2358 1597 2396 1617 eo
2415 1587 2505 1628 quod
2523 1587 2597 1619 alibi
2612 1594 2645 1620 et

1651 1627 1735 1666 alibi,
1752 1635 1798 1659 est
1813 1629 1957 1660 alterum.
1982 1629 2016 1660 Id
2039 1636 2146 1660 autem
2164 1627 2253 1671 quod
2269 1630 2366 1661 fertur
2380 1631 2522 1672 sequitur
2536 1631 2644 1672 ipsum

1650 1681 1746 1710 nunc,
1770 1672 1851 1704 sicut
1869 1680 1995 1713 tempus
2018 1681 2155 1704 motum.
2181 1674 2231 1704 Eo
2251 1674 2339 1704 enim
2361 1675 2451 1716 quod
2469 1674 2578 1714 fertur,
2591 1681 2643 1714 ως

1649 1715 1832 1756 gnoscimus
1848 1717 1935 1757 prius
1954 1724 1985 1748 et
1999 1717 2155 1757 posterius
2171 1717 2204 1748 in
2218 1725 2320 1750 motu.
2338 1718 2521 1750 Secundum
2537 1725 2644 1757 autem

1649 1760 1738 1800 quod
1766 1761 1958 1799 numerabile
1981 1761 2068 1801 prius
2094 1768 2125 1792 et
2147 1761 2318 1802 posterius,
2348 1759 2455 1802 ipsum
2477 1760 2643 1824 nune'eet3

1650 1804 1756 1841 Quare
1780 1811 1810 1835 et
1832 1804 1864 1834 in
1884 1804 1942 1843 his,
1964 1804 2052 1845 quod
2068 1804 2198 1846 quidem
2213 1814 2267 1836 ens
2290 1815 2376 1836 nunc
2398 1813 2455 1845 est,
2473 1805 2559 1837 idem
2577 1813 2642 1842 est,

1649 1847 1735 1888 prius
1752 1848 1836 1878 enim
1849 1855 1879 1879 et
1895 1848 2050 1888 posterius
2065 1855 2122 1888 est,
2139 1849 2226 1890 quod
2241 1849 2274 1880 in
2291 1855 2397 1880 motu:
2415 1849 2522 1890 ipsum
2536 1844 2644 1883 ameni

1650 1901 1716 1922 esse
1732 1892 1875 1923 alterum.
1893 1893 2076 1923 Secundum
2091 1892 2176 1924 enim
2187 1893 2277 1934 quod
2289 1893 2483 1924 numerabile
2497 1895 2644 1937 estpnhn

1649 1942 1679 1966 et
1701 1936 1868 1976 posterius,
1891 1936 1999 1977 ipsum
2021 1946 2106 1968 nunc
2129 1943 2184 1968 est.
2627 1956 2631 1976 ς

1646 1986 1762 2010 notum
1785 1987 1892 2011 autem
1907 1980 2043 2011 maxime
2065 1981 2127 2011 hoc
2143 1987 2198 2011 est.
2221 1981 2264 2012 Et
2285 1986 2393 2011 motus
2410 1981 2496 2012 enim
2513 1988 2643 2022 propat

1647 2023 1679 2053 id
1703 2023 1792 2064 quod
1810 2031 1966 2063 movetur,
1991 2030 2021 2055 et
2042 2024 2105 2055 loci
2123 2024 2257 2055 mutatio
2274 2031 2403 2065 propter
2418 2024 2451 2055 id
2471 2025 2560 2067 quod
2582 2023 2642 2058 ἰοὶ-ἑ

1648 2074 1711 2097 tur:
1735 2067 1797 2098 hoc
1821 2067 1940 2108 aliquid
1972 2068 2057 2098 enim
2081 2075 2126 2099 est
2149 2067 2237 2109 quod
2260 2067 2375 2107 fertur,
2403 2075 2511 2099 motus
2534 2076 2642 2102 autem

1582 1980 1623 2010 Et

1647 2121 1723 2142 non.
1755 2111 1811 2141 Est
1833 2111 1928 2151 igitur
1950 2111 2029 2142 sicut
2057 2111 2142 2142 idern
2167 2112 2274 2152 ipsum
2298 2112 2386 2152 quod
2409 2122 2495 2143 nunc
2517 2112 2650 2154 dicitur,-

1647 2163 1784 2195 semper3
1799 2162 1846 2186 est
1865 2163 1971 2186 autem
1987 2155 2066 2187 sicut
2081 2165 2148 2186 non
2171 2155 2272 2186 idem:
2290 2163 2321 2186 et
2335 2165 2474 2197 namque
2493 2163 2540 2188 est
2555 2156 2644 2189 sinii*

1647 2199 1716 2229 liter
1739 2200 1828 2239 quod
1851 2199 1956 2231 fertur.

1580 2243 1597 2262 *
1612 2243 1816 2274 Manifestum
1831 2250 1877 2274 est
1899 2251 2017 2282 autem,
2033 2244 2122 2285 quod
2137 2243 2197 2274 nisi
2219 2250 2346 2284 tempus
2369 2243 2418 2283 sit,
2434 2243 2542 2285 ipsum
2556 2255 2579 2281 n

1647 2297 1713 2317 non
1737 2287 1806 2317 erit:
1832 2294 1862 2318 et
1882 2287 1907 2318 si
1930 2287 2038 2328 ipsum
2061 2297 2145 2318 nunc
2168 2298 2235 2321 non
2253 2287 2328 2326 erit,
2345 2294 2471 2329 tempus
2486 2298 2553 2320 non
2574 2284 2641 2328 ejiiss

1647 2331 1734 2362 Sicut
1758 2331 1841 2361 enim
1858 2331 1953 2362 simul
1974 2338 2050 2362 sunt
2078 2332 2167 2372 quod
2190 2330 2288 2362 fertur
2310 2338 2340 2362 et
2358 2330 2422 2363 loci
2437 2324 2643 2372 mutat503‘sid

1647 2382 1678 2405 et
1701 2385 1852 2405 numerus
1877 2374 1932 2416 qui
1956 2383 2002 2406 est
2025 2375 2092 2406 eius
2121 2375 2210 2416 quod
2242 2375 2354 2412 fertur,
2378 2382 2408 2406 et
2431 2376 2487 2418 qui
2509 2378 2556 2408 est
2576 2375 2643 2409 iffi

2589 2221 2642 2240 ’ζμ

1646 2418 1839 2450 mutationis.
1857 2419 2001 2459 Tempus
2025 2419 2109 2450 enim
2126 2425 2174 2450 est-
2192 2419 2255 2450 loci
2274 2419 2461 2451 mutationis
2472 2427 2642 2461 uumerus}
2673 2436 2682 2450 :-
2694 2441 2697 2447 x
2710 2436 2713 2439 ·
2724 2436 2769 2451 n
2784 2437 2842 2450 π,

1646 2462 1753 2503 ipsum
1769 2470 1875 2493 autem
1892 2473 1976 2493 nunc
1992 2470 2038 2494 est
2054 2470 2089 2494 ut
2102 2463 2192 2504 quod
2209 2463 2316 2502 fertur,
2334 2470 2370 2494 ut
2384 2464 2488 2495 unitas
2502 2464 2643 2501 numni„

1645 2507 1833 2538 continuum
1855 2507 1919 2538 iam
1949 2514 2075 2548 tempus
2096 2513 2142 2538 est
2160 2507 2220 2547 ipsi
2247 2517 2343 2546 nunc,
2368 2513 2399 2539 et
2418 2507 2570 2540 dividitur
2587 2518 2640 2542 se·-

1647 2551 1788 2581 cundum
1806 2550 1913 2591 ipsum
1935 2561 2030 2581 nunc.
2055 2550 2203 2592 Sequitur
2225 2551 2317 2582 enirn
2333 2551 2395 2582 hoc
2420 2551 2461 2582 ad
2481 2551 2545 2583 loci
2566 2552 2639 2585 mu-

1645 2594 1798 2625 tationem
1814 2601 1844 2625 et
1862 2595 1901 2624 ad
1924 2594 1956 2624 id
1972 2594 2060 2635 quod
2080 2594 2185 2625 fertur.
2203 2594 2310 2626 Motus
2334 2595 2420 2626 enim
2436 2602 2466 2627 et
2479 2595 2543 2627 loci
2565 2599 2638 2628 rmi—

1614 2674 1622 2678 -
1645 2637 1722 2668 tatio
1747 2648 1810 2668 una
1843 2645 1888 2669 est
1911 2639 1949 2668 ab
1974 2648 2012 2668 eo
2035 2638 2124 2679 quod
2148 2638 2260 2670 fertur:
2282 2638 2360 2680 quia
2387 2647 2490 2670 unum
2517 2645 2549 2671 et
2570 2637 2641 2672 nuni

1645 2682 1871 2722 quodcumque
1903 2693 1957 2713 ens
1981 2681 2123 2724 (etenim
2149 2681 2326 2725 deficeret);
2359 2683 2414 2713 sed
2436 2682 2581 2716 ratione:
2597 2682 2639 2716 Et

1645 2736 1783 2767 namque
1802 2727 1988 2757 determinat
2001 2727 2140 2766 priorem
2155 2733 2186 2757 et
2199 2727 2409 2767 posteriorem
2422 2728 2642 2766 motus-awini&

1579 2770 1727 2811 Sequitur
1749 2777 1855 2801 autem
1879 2778 1908 2802 et
1924 2771 1985 2801 hoc
2001 2771 2243 2811 quodammodo
2260 2771 2299 2802 ad
2317 2777 2492 2811 punctum:
2509 2778 2542 2806 et
2554 2781 2642 2818 lefi

1645 2820 1731 2845 ctum
1755 2814 1840 2844 enim
1864 2815 2026 2845 continuat
2048 2814 2279 2855 longitudinem
2307 2821 2337 2846 et
2365 2812 2639 2859 determinet33se‘9

1645 2857 1729 2888 enim
1745 2858 1840 2888 huius
1857 2858 1987 2899 quidem
2003 2858 2209 2899 principium,
2226 2857 2309 2889 illius
2325 2865 2432 2890 autem
2446 2856 2527 2890 finis.
2540 2859 2563 2901 Α*
2571 2822 2641 2894 Ξεᾶ

1643 2911 1717 2932 cum
1732 2902 1776 2932 sic
1791 2903 1920 2943 quidem
1943 2902 2074 2942 accipiat
2097 2902 2211 2943 aliquis
2234 2900 2387 2944 tanquam
2403 2902 2530 2933 duobus
2540 2898 2642 2934 ntes&

1612 2963 1621 2972 κ
1643 2955 1721 2983 uno,
1739 2956 1862 2978 necesse
1881 2953 1927 2976 est
1943 2953 2033 2984 stare,
2058 2946 2082 2977 si
2105 2946 2296 2987 principium
2311 2953 2342 2977 et
2357 2945 2428 2977 finis
2446 2945 2541 2977 idun*
2553 2951 2641 2987 pmii

1643 2996 1737 3020 ctum«
1754 2990 1822 3021 erit.
1848 2991 1958 3030 Ipsum
1979 2997 2086 3021 autem
2114 3000 2216 3029 nunc,
2244 2996 2372 3031 propter
2392 2990 2428 3020 vid
2452 2990 2541 3031 quod
2565 2996 2641 3027 mo·

1642 3040 1732 3063 vetur
1760 3034 1848 3074 quod
1868 3034 1974 3072 fertur,
1999 3044 2123 3075 semper
2145 3034 2279 3066 alterum
2300 3034 2486 3072 est-Quare
2508 3040 2636 3076 tempus

1580 2507 1622 2538 Et

1643 3087 1794 3107 numerus
1822 3084 1884 3115 est,
1905 3087 1970 3108 non
1991 3077 2071 3108 sicut
2103 3077 2244 3108 eiusdem
2271 3077 2401 3118 puncti,
2429 3077 2504 3119 quIa
2532 3085 2578 3109 est
2605 3082 2659 3114 οῖ’

1643 3120 1834 3160 principium
1850 3129 1880 3151 et
1899 3120 1984 3158 finis;
2010 3121 2063 3151 sed
2087 3121 2167 3152 sicut
2182 3119 2293 3152 ultima
2316 3121 2456 3152 eiusdem
2476 3122 2586 3162 magis,
2605 3129 2636 3154 et

1643 3174 1708 3194 non
1733 3164 1812 3195 sicut
1835 3171 1955 3204 partes:
1981 3171 2011 3195 et
2039 3172 2167 3205 propter
2190 3165 2277 3206 quod
2303 3165 2423 3196 dictum
2447 3172 2502 3196 est.
2527 3165 2634 3197 Medio

1643 3208 1727 3239 enim
1750 3215 1870 3248 puncto
1893 3215 2045 3249 tanquam
2069 3209 2194 3240 duobus
2213 3214 2333 3240 utetur:
2357 3219 2454 3250 quare
2477 3209 2635 3250 quiescere

1641 3251 1768 3283 accidet.

1574 3296 1591 3315 *
1605 3295 1646 3326 Et
1668 3296 1772 3327 adhuc
1791 3296 1993 3327 manifestum
2016 3296 2104 3337 quod
2126 3296 2213 3327 nulla
2232 3306 2303 3336 pars
2324 3296 2431 3337 ipsum
2447 3306 2532 3328 nunc
2555 3303 2635 3328 tem-⁴

1640 3339 1726 3380 poris
1754 3347 1819 3379 est,
1852 3349 1953 3381 neque
1985 3340 2096 3371 divisio
2126 3346 2251 3379 motus,
2281 3340 2361 3371 sicut
2392 3348 2494 3382 neque
2517 3346 2636 3382 puncta

1640 3384 1758 3415 lineae:
1783 3383 1882 3415 lineae
1906 3384 1992 3416 enim
2015 3384 2096 3420 duae
2110 3382 2327 3425 partesunius
2342 3391 2425 3416 sunt.
2451 3384 2635 3420 Secundum

1642 3427 1771 3469 quidem
1793 3428 1887 3468 igitur
1909 3429 1998 3469 quod
2017 3435 2063 3460 est
2086 3427 2254 3467 terminus,
2277 3428 2383 3469 ipsum
2399 3438 2485 3460 nune
2504 3433 2634 3459 nonest

1641 3479 1780 3512 tempus,
1797 3472 1850 3502 sed
1867 3471 1992 3503 accidit:
2013 3473 2188 3503 secundum
2209 3482 2285 3503 vero
2301 3472 2390 3513 quod
2404 3478 2559 3510 nument,
2574 3480 2633 3502 nu-

1642 3525 1756 3547 merus.
1781 3515 1924 3546 Termini
1940 3515 2069 3557 quidem
2089 3515 2173 3547 enim
2198 3516 2282 3548 illius
2306 3516 2412 3547 solum
2436 3518 2525 3554 su‘nt,
2542 3514 2632 3546 cuius

1642 3567 1716 3590 sunt
1732 3559 1870 3590 termini:
1894 3569 2046 3590 numerus
2063 3566 2169 3590 autem
2192 3559 2248 3600 qui
2273 3566 2319 3591 est
2340 3558 2458 3590 horum
2474 3568 2631 3599 equorum

1642 3604 1761 3642 decem,
1781 3603 1853 3634 alibi
1877 3610 1906 3634 et
1929 3603 2001 3633 alibi
2026 3609 2080 3634 est.
2197 3601 2199 3603 ’

2672 899 2816 956 *Tesxethggm
2822 907 2857 926 xx.
2875 922 2878 923 ι

2671 1030 2683 1041 ³
2696 1029 2764 1052 Tm.
2778 1036 2827 1058 ¹⁰⁴·
2879 1036 2882 1043 ¹

2668 2255 2680 2268 ⁴
2693 2254 2760 2279 Tm.
2774 2261 2820 2285 ¹⁰5·

2662 2869 2675 2881 ⁶
2688 2868 2756 2892 Tm.
2771 2869 2818 2892 ιώ.

2660 3306 2672 3319 ⁸
2685 3305 2752 3329 Text.
2767 3312 2813 3336 107.
2856 3304 2870 3312 ·’
