2898 3996
443 272 517 319 346

1057 261 1400 300 PHYSICORUM
1427 259 1774 297 ARISTOTELIS
1805 260 1898 296 LIB.
1927 259 1996 295 VII

1170 496 1468 554 LECTIO
1506 467 1875 552 SEPTIMA

566 668 622 698 DE
647 661 987 697 COMPARATIONE
1012 659 1205 691 MOTUUM
1230 675 1248 680 -
1267 655 1551 701 *OSTENDITUR
1573 655 1617 686 IN
1641 655 1845 688 COMMUNI
1869 656 1975 694 QUID
1999 657 2283 700 REQUIRATgJR
2305 658 2364 689 AD
2387 657 2480 691 HOC

1142 718 1264 757 QUOD
1289 717 1454 754 ALIQUA
1476 716 1573 747 SINT
1597 716 1919 748 COMPARABILIA

437 865 634 911 Ἀπορῆσειε
659 861 687 896 δ’
719 864 756 896 ἄν
782 875 831 900 τις
857 860 999 905 πότερόν
1033 859 1106 891 ἐστι
1129 860 1253 895 κίνησις
1279 858 1376 889 πᾶσα
1402 855 1497 898 πάσῃ
1551 858 1569 877 *
1585 858 1748 889 Dubitabit
1764 866 1870 889 autern
1886 859 1998 900 utique
2020 859 2133 900 aliquis
2149 867 2258 891 utrum
2277 860 2383 891 omnis
2401 866 2509 891 motus
2525 859 2615 892 omni

506 909 684 955 συμβλητή
715 906 735 944 ἦ
767 907 816 939 οὔ.
853 906 890 936 Εἰ
921 903 966 941 δή
998 904 1070 936 ἐστι
1101 903 1197 935 πᾶσα
1231 899 1411 945 συμβληττὶ
1440 901 1499 931 καὶ

510 953 677 998 όαοταχὲς
704 951 744 984 τό
770 952 802 983 ἐν
825 952 882 990 ἴσῳ
932 947 1012 992 ρόνῳ
1034 949 1146 989 (ἴσον)
1170 945 1378 990 κινούμενον,
1398 944 1499 976 ἔσται

509 989 680 1042 πέριφερῆς
711 1007 761 1032 τις
784 997 837 1031 ἴση
863 994 898 1025 εὖ
922 995 994 1033 einp,
1019 993 1077 1023 καὶ
1103 991 1221 1035 μείζων
1246 985 1291 1026 δή
1315 990 1373 1020 καὶ
1400 987 1501 1021 ἐλάτ-

509 1054 587 1074 των.
607 1042 682 1073 Ἔτι
710 1040 882 1075 ἀλλοίωσις
906 1039 962 1068 καὶ
988 1034 1073 1080 φορά
1099 1047 1149 1072 τις
1173 1037 1243 1073 ἴση,
1274 1033 1358 1067 ὅταν
1385 1034 1417 1066 ὲν
1441 1034 1499 1073 ἴσῳ

507 1086 612 1131 χρόνῳ
637 1084 677 1117 τό
702 1083 760 1128 μὲν
788 1079 980 1122 ἀλλοιωθῇ,
1007 1080 1048 1112 τό
1073 1074 1102 1110 δ’
1132 1077 1264 1125 ὲνεχθῆ.
1285 1079 1408 1111 Ἔσται
1435 1077 1500 1120 ἄρα

506 1133 576 1162 ἴσον
603 1127 707 1166 πάθος
732 1126 842 1171 μήκει·
873 1125 945 1158 ἀλλ’
976 1119 1161 1156 ἀδύνατον.
1208 1148 1210 1150 μ

435 1219 524 1252 Ἀλλ’
549 1218 613 1260 ἄρα
639 1216 721 1248 ὅταν
748 1215 780 1246 ἐν
805 1216 862 1255 ἴσῳ
886 1215 957 1245 ἴσον
981 1209 1115 1253 κινηθῇ,
1134 1210 1216 1244 τότε
1236 1209 1411 1254 ἰσοταχές·
1428 1211 1500 1241 ἴσον

506 1260 532 1295 δ’
561 1261 620 1294 οὐκ
647 1261 719 1292 ἔστι
744 1257 850 1296 πάθος
876 1256 986 1301 μήκει.
1006 1255 1102 1288 “Ὧστ’
1124 1255 1183 1287 οὐκ
1210 1253 1300 1287 ἔστιν
1327 1255 1501 1291 ἀλλοίωσις

506 1307 590 1352 φορᾷ
613 1308 667 1342 ἴση
694 1298 762 1335 οὐδ’
793 1302 964 1335 ἐλάττων.
991 1299 1085 1332 ”Ωστ’
1115 1300 1153 1331 οὗ
1180 1300 1276 1331 πᾶσα
1305 1297 1500 1343 συμβλητῆ.

435 1431 515 1463 Ἐπὶ
540 1424 576 1460 δὲ
601 1427 663 1460 τοῦ
686 1424 809 1456 κύκλου
841 1423 900 1454 καὶ
924 1421 986 1458 τῆς
1013 1420 1142 1458 εὐθείας
1175 1421 1243 1457 πῶς
1267 1418 1499 1462 συμβήσεται;

510 1471 640 1506 ἄτοπόν
666 1482 704 1502 τε
728 1467 805 1514 γάρ,
832 1467 860 1498 εἰ
885 1466 930 1510 μή
958 1465 1057 1498 ἔσται
1072 1463 1182 1505 κύκλῳ
1202 1465 1322 1508 ὁμοίως
1339 1465 1437 1497 τουτὶ
1454 1475 1503 1495 κι-

507 1515 634 1549 νεῖσθαι
650 1516 708 1545 καὶ
725 1513 830 1545 τοῦτο
850 1511 906 1543 ἐπὶ
927 1510 990 1547 τῆς
1008 1508 1151 1550 εὐθείας,
1170 1509 1236 1540 ἀλλ’
1255 1507 1350 1546 εὐθύς
1370 1507 1500 1554 ἀνάγκη

508 1561 528 1598 ἦ
554 1561 694 1597 θᾶττον,
722 1556 741 1592 ἦ
769 1550 993 1598 βραδύτερον,
1019 1553 1129 1596 ὥσπερ
1155 1554 1196 1594 εἰ,
1223 1553 1264 1585 τό
1289 1552 1348 1597 μὲν
1373 1552 1502 1586 κάταν-

508 1617 575 1646 τες,
601 1603 642 1635 τό
666 1598 693 1634 δ’
725 1600 877 1637 ἄναντες.
1131 1639 1138 1650 Ι
1406 1639 1413 1650 Ι

434 1652 510 1683 Ἔτι
537 1644 631 1681 οὐδὲν
657 1643 803 1690 διαφέρει
830 1638 918 1685 (οὐδ’
948 1642 997 1683 ὲν)
1026 1642 1072 1683 τῷ
1096 1643 1160 1687 λογ
1197 1665 1206 1682 ,
1233 1643 1262 1673 εἴ
1286 1652 1335 1679 τις
1368 1651 1501 1684 φησειεν

510 1692 658 1738 ἀνάγκην
685 1687 769 1721 εἶναι
793 1687 921 1720 θᾶττον
947 1685 1043 1724 εὐθύς
1061 1684 1082 1722 ἦ
1100 1686 1165 1728 βρα
1191 1685 1307 1730 ύτερον
1323 1683 1499 1717 κινεῖσθαι·

509 1738 606 1770 ἔσται
630 1735 694 1780 γάρ
721 1733 839 1777 μείζων
863 1734 921 1763 καὶ
943 1729 1102 1763 ἐλάττων
1120 1731 1141 1766 ἦ
1160 1730 1335 1774 περιφερής
1361 1731 1425 1767 τῆς
1450 1730 1504 1761 εύ-

508 1781 612 1821 θείας,
638 1778 724 1811 ὥστε
749 1778 807 1809 καὶ
830 1779 898 1813 ἴση.
925 1777 962 1807 Εἰ
986 1775 1051 1820 γὰρ
1078 1774 1110 1806 ἐν
1137 1776 1184 1816 τῷ
1202 1775 1228 1806 Α
1250 1773 1356 1818 χρόνῳ
1381 1775 1422 1806 τό
1443 1774 1502 1818 μὲν

509 1826 571 1862 τήν
589 1827 613 1856 Β
633 1819 761 1864 διῆλθε,
781 1821 822 1855 τὸ
846 1816 884 1852 δὲ
905 1821 970 1856 τήν
989 1821 1023 1858 Γ,
1042 1819 1161 1863 μείζων
1181 1818 1220 1851 ἅν
1238 1821 1287 1856 εἴη
1306 1819 1326 1855 η’
1345 1819 1369 1848 Β
1386 1819 1448 1856 τῆς
1465 1820 1501 1849 Γ·

509 1870 597 1903 οὕτω
622 1868 685 1913 γάρ
704 1866 743 1899 τό
761 1865 890 1898 θᾶττον
909 1862 1060 1911 ἐλέγετο.
1086 1863 1214 1895 Οὐκοῦν
1230 1865 1289 1895 καὶ
1306 1863 1333 1894 εἰ
1351 1863 1384 1895 ἑν
1403 1861 1504 1895 ἐλάτ-

510 1927 567 1947 τον
591 1916 676 1952 ἴσον,
702 1910 844 1944 θᾶττον·
872 1908 949 1942 ὥστ’
981 1908 1080 1940 ἔσται
1105 1919 1139 1940 τι
1163 1906 1259 1952 μέρος
1286 1907 1349 1939 τοῦ
1374 1908 1398 1938 A
1425 1908 1456 1940 ἑν
1480 1906 1503 1949 ᾤ

510 1959 550 1992 τό
572 1960 597 1988 Β
623 1958 684 1990 τοῦ
708 1954 832 1987 κύκλου
866 1953 907 1985 τό
937 1955 1009 1985 ἴσον
1037 1948 1151 1993 δίεισι,
1183 1954 1241 1984 καὶ
1269 1952 1310 1983 τὸ
1333 1953 1355 1982 Γ
1382 1951 1413 1983 ἐν
1441 1950 1503 1992 ὅλῳ

510 2004 557 2036 τῶ·
583 2003 608 2033 Α
633 2000 696 2037 την
721 2001 755 2030 Γ.

438 2036 547 2080 ἈλλοὶΙ
569 2046 633 2090 μην
659 2046 686 2076 εὶ
713 2044 786 2076 ἔστι
811 2041 1004 2086 συμβλητά,
1023 2040 1199 2084 συμβαίνει
1225 2040 1266 2072 τό
1293 2040 1370 2084 ἄρτι
1393 2039 1502 2085 ῥηθέν,

508 2095 580 2129 ἴσην
611 2088 741 2121 εὐθεῖαν
775 2083 860 2118 εἶναι
890 2086 1013 2127 κύκλῳ·
1043 2085 1117 2117 ἀλλ’
1147 2084 1184 2116 οὗ
1210 2083 1404 2129 συμβλητά·
1432 2079 1500 2117 οὐδ’

512 2137 576 2181 ἄρα
601 2137 635 2166 αἱ
659 2132 816 2169 κινήσεις.

438 2179 527 2213 Ἀλλ’
552 2179 614 2212 ὅσα
639 2178 684 2221 μή
712 2175 885 2219 ὁμώνυμα,
907 2173 1050 2206 ἅπαντα
1075 2171 1271 2217 συμβλητά.
1296 2173 1371 2204 Οἷον
1393 2167 1452 2204 διαὶ
1473 2175 1505 2204 τί

511 2226 548 2256 οὐ
573 2220 789 2266 συμβλητόν,
825 2217 970 2261 πότερον
1004 2217 1161 2260 ὀξύτερον
1187 2217 1228 2248 τό
1259 2221 1416 2262 γραφεῖον
1443 2215 1463 2253 ἦ
1491 2218 1506 2248 ό

511 2266 595 2305 οἶνος
620 2266 641 2303 ἦ
666 2267 686 2302 ἠ
712 2264 820 2303 νήτης
853 2262 906 2295 ὅτι
932 2261 1113 2306 ὁμώνυμα,
1146 2261 1182 2293 οὗ
1207 2261 1402 2305 συμβλητά·
1431 2262 1502 2294 ἀλλ’

511 2315 532 2350 η
557 2311 643 2348 νήτη
671 2311 715 2351 τῇ
742 2307 925 2353 παρανητῃ
952 2305 1160 2350 συμβλητόν,
1181 2304 1234 2337 ὅτι
1257 2306 1368 2338 ταύτό
1386 2308 1506 2349 σημαί-

512 2369 558 2388 νει
583 2357 623 2388 τό
650 2354 707 2395 ὀξύ
734 2354 784 2385 ἐπ’
816 2353 948 2396 ἀμφοῖν.
969 2350 1039 2395 'Ap‘
1061 2350 1117 2383 οὖν
1144 2349 1181 2382 οὐ
1205 2350 1335 2383 ταύτόν
1357 2350 1397 2382 τό
1415 2350 1506 2396 ταχύ

513 2400 660 2434 ἐνταῦθα
683 2399 798 2437 κάκεῖ;
827 2396 914 2428 πολύ
938 2390 967 2426 δ’
990 2396 1040 2428 ἐ’τι
1066 2395 1174 2434 ἧττον
1201 2393 1233 2427 ἐν
1254 2394 1428 2427 ἀλλοιώσει
1447 2397 1505 2427 καὶ

513 2446 607 2488 φορᾷ-

438 2490 484 2522 Ἣ
509 2491 638 2533 πρῶτον
666 2488 723 2532 μὲν
754 2485 858 2518 τοῦτο
892 2485 951 2516 οὐκ
986 2483 1125 2526 ἀληθές,
1157 2485 1198 2521 ὠς
1224 2483 1251 2514 εὶ
1276 2483 1322 2526 μη
1349 2482 1507 2527 ὁμώνυμα

515 2532 705 2578 συμβλητά.
742 2531 786 2563 T&
810 2531 875 2575 γάρ
908 2530 994 2561 πολύ
1021 2528 1133 2562 ταύτό
1163 2530 1318 2572 σημαίνει
1345 2528 1377 2560 ἐν
1404 2522 1507 2559 ,ὕδατι

512 2581 568 2610 καὶ
597 2578 680 2620 ἀέρι,
706 2578 762 2607 καὶ
791 2579 828 2608 οὗ
854 2574 1046 2617 συμβλητά.
1068 2574 1111 2607 ‚Ei
1137 2568 1174 2604 δέ
1193 2572 1254 2616 μή,
1274 2571 1315 2604 τό
1331 2584 1369 2618 γε
1387 2567 1509 2604 διπλά-

514 2635 582 2654 σιον
609 2619 720 2655 ταύτό
744 2615 823 2662 (δύο
848 2619 912 2666 γάρ
938 2619 1018 2663 πρός
1044 2617 1116 2659 ἐ’ν),
1143 2619 1200 2649 καὶ
1227 2617 1264 2649 οὐ
1290 2615 1483 2661 συμβλητά.

440 2708 486 2739 ’Ἡ
518 2709 575 2739 καὶ
601 2707 654 2739 ἐπὶ
683 2705 814 2738 τούτων
842 2706 857 2736 ὁ
885 2704 990 2742 αὑτός
1021 2703 1134 2749 λόγος·
1168 2705 1225 2735 καὶ
1257 2703 1322 2749 γάρ
1355 2703 1395 2736 τὸ
1421 2702 1508 2735 πολι)

517 2751 698 2795 ὁμώνυμον.
731 2747 820 2780 Ἀλλ’
851 2749 942 2781 ἐνίων
966 2751 1023 2780 καὶ
1051 2752 1079 2781 οἱ
1104 2748 1200 2794 λόγοι
1227 2747 1412 2792 ὁμώνυμοι,
1440 2747 1507 2779 οἷον

516 2797 543 2827 εἰ
566 2795 659 2841 λέγοι
685 2806 733 2831 τις
761 2793 813 2825 ὅτι
839 2793 879 2826 τό
905 2793 990 2825 πολύ
1017 2794 1058 2824 τό
1077 2793 1256 2833 τοσοῦτον,
1274 2793 1332 2824 καὶ
1354 2792 1404 2824 ἔτι
1425 2791 1507 2824 ἄλλο

517 2841 556 2872 τό
582 2840 759 2877 τοσοῦτον,
784 2840 842 2869 καὶ
868 2838 907 2870 τό
931 2840 1001 2869 ἴσον
1029 2838 1223 2881 ὁμώνυμον,
1249 2838 1306 2868 καὶ
1332 2837 1372 2869 τό
1398 2837 1430 2868 ἓν
1455 2831 1506 2877 δέ,

517 2884 544 2915 εἱ
569 2883 700 2928 ἔτυχεν,
719 2882 812 2919 εὐθύς
832 2882 1014 2926 ὁμώνυμον.
1041 2883 1078 2914 Εἰ
1096 2879 1132 2914 δέ
1151 2882 1270 2922 τοῦτο,
1289 2883 1346 2912 καὶ
1369 2881 1416 2914 τοὶ
1431 2875 1506 2912 δύο·

454 2968 524 2999 ἐπεὶ
549 2961 607 2997 διαὶ
631 2968 663 2998 τί
689 2965 736 2997 τά
759 2965 817 3009 μὲν
843 2965 1035 3009 συμβλητά,
1062 2965 1110 2997 τά
1133 2960 1170 2996 δὲ
1196 2965 1247 3006 οὔ,
1273 2966 1364 3007 εἴπερ
1390 2961 1430 3002 ἦν
1447 2967 1508 3008 μία

519 3009 632 3052 φύσιςς

455 3054 474 3091 ἢ
502 3054 554 3085 ὅτι
579 3054 611 3084 ἑν
639 3052 725 3093 ἄλλῳ
752 3051 869 3094 πρώτῳ
895 3047 1049 3094 δεκτικῷ.
1074 3055 1110 3084 ‘0
1127 3053 1185 3096 μὲν
1209 3052 1264 3086 οὖν
1285 3053 1391 3091 ἵππος
1415 3054 1473 3084 καὶ
1492 3055 1508 3085 ό

519 3097 605 3129 κύων
630 3095 822 3139 συμβλητά,
842 3095 983 3140 πότερον
1008 3097 1218 3142 λευκότερον·
1238 3098 1269 3130 ἐν
1293 3098 1316 3139 ᾦ
1334 3098 1398 3143 γάρ
1424 3097 1509 3142 πρώ-

523 3154 581 3183 τῳ,
607 3141 648 3173 τό
675 3141 776 3180 αὐτό,
796 3141 815 3177 ἡ
835 3141 1025 3183 ἐπιφάνεια·
1050 3144 1106 3173 καὶ
1131 3142 1226 3175 κατά
1247 3141 1385 3188 μέγεθος
1403 3142 1510 3174 ώσαύ-

521 3198 597 3223 τως.
623 3180 729 3229 Ὕδωρ
755 3181 792 3216 δὲ
815 3187 871 3216 καὶ
897 3186 987 3227 φωνή
1015 3185 1065 3216 οὔ·
1093 3186 1124 3218 ἐν
1152 3187 1240 3228 ἄλλῳ
1265 3187 1342 3233 γάρ.

447 3272 492 3303 ’Ἡ
517 3269 618 3308 δῆλον
645 3273 698 3304 ὅτι
724 3273 820 3305 ἔσται
848 3272 935 3305 οὕτω
960 3285 997 3319 γε
1024 3272 1140 3306 πάντα
1165 3274 1198 3305 ἓν
1225 3278 1344 3315 ποιεῖν,
1368 3274 1400 3306 ἐν
1421 3274 1509 3315 ἄλλῳ

522 3311 558 3347 δὲ
585 3316 727 3349 ἕκαστον
745 3317 882 3360 φάσκειν
900 3314 997 3358 εἶναι,
1014 3320 1071 3349 καὶ
1091 3318 1188 3350 ἔσται
1210 3316 1340 3350 ταύτόν
1358 3321 1428 3350 ἴσον
1453 3320 1510 3350 καὶ

522 3361 624 3405 γλυκύ
649 3362 705 3391 καὶ
729 3361 857 3401 λευκόν,
888 3362 957 3393 ἀλλ’
989 3360 1070 3393 ἄλλο
1097 3362 1128 3394 ἐν
1156 3363 1258 3403 ἄλλῳ.

451 3402 526 3434 Ἔτι
544 3399 694 3435 δεκτικόν
714 3405 750 3435 οὐ
768 3405 808 3436 τὸ
825 3405 927 3449 τυχόν
947 3405 1051 3446 ἐστιν,
1073 3405 1143 3438 ἀλλ’
1166 3407 1198 3437 ’ἐν
1218 3405 1287 3443 ἑνός
1306 3405 1346 3438 τὸ
1363 3407 1507 3448 πρῶτον.

455 3489 543 3519 Ἀλλ’
567 3487 630 3530 ἄρα
655 3491 692 3520 οὺ
718 3489 815 3533 μόνον
841 3485 891 3521 δεῒ
909 3490 955 3522 τά
972 3491 1152 3533 συμβληταὶ
1168 3491 1214 3536 μή
1238 3490 1395 3545 ὁμώνυμα
1412 3490 1510 3533 εἶναι,

528 3532 614 3564 άλλοί
634 3535 690 3564 καὶ
716 3533 760 3576 μή
783 3533 868 3578 ἔχειν
885 3530 1061 3578 διαφοράν,
1077 3534 1164 3579 μήτε
1185 3536 1200 3568 ὃ
1218 3536 1293 3580 μητ”
1315 3536 1347 3567 ἑν
1366 3535 1407 3576 ᾡς
1424 3535 1511 3582 λέγω

526 3571 563 3607 δὲ
588 3576 654 3607 οἷον
679 3578 796 3620 χρῶμα
821 3578 888 3622 ἔχει
915 3573 1088 3622 [διαφοράν
1114 3578 1147 3620 ἦ]
1175 3576 1345 3624 διαίρεσιν.
1373 3581 1512 3626 Τοιγαρ-

1621 901 1839 943 comparabilis
1863 901 1901 934 sit
1924 910 1978 934 aut
2000 912 2077 934 non.
2102 903 2135 935 Si
2157 903 2252 944 igitur
2267 902 2372 935 omnis
2396 902 2616 944 comparabilis

1622 953 1687 984 est,
1711 953 1741 977 et
1764 945 1934 987 aequaliter
1955 946 2048 977 velox
2071 953 2118 978 est
2147 947 2235 988 quod
2262 947 2295 978 in
2322 946 2445 989 aequali
2473 950 2616 988 tempore

1621 999 1677 1030 per
1705 990 1834 1030 aequale
1864 996 2030 1028 movetur;
2062 989 2120 1021 erit
2146 990 2302 1021 circularis
2333 990 2446 1032 aliquis
2477 991 2617 1032 aequalis

1622 1041 1728 1072 recto,
1757 1040 1788 1064 et
1810 1034 1912 1064 maior
1935 1034 2030 1064 etiam
2052 1040 2084 1065 et
2106 1034 2220 1066 minor.
2244 1034 2403 1074 Amplius,
2422 1034 2563 1066 alteratio
2586 1041 2618 1066 et

1622 1077 1684 1108 loci
1708 1077 1842 1108 mutatio
1866 1077 2024 1118 quaedam
2046 1077 2204 1118 aequalis,
2236 1088 2311 1109 cum
2335 1077 2370 1108 in
2393 1078 2516 1119 aequali
2538 1085 2617 1111 tem·

1622 1131 1701 1162 pore
1715 1121 1834 1162 aliquid
1849 1121 1979 1162 quidem
2003 1121 2159 1158 alteretur,
2183 1121 2269 1152 aliud
2291 1131 2366 1152 vero
2390 1121 2533 1153 ducatur.
2550 1121 2620 1163 Erit

1623 1175 1698 1206 ergo
1717 1165 1822 1205 passio
1842 1164 1980 1206 aequalis
2002 1164 2209 1205 longitudini:
2235 1165 2289 1196 sed
2311 1164 2508 1206 impossibile
2530 1171 2586 1197 est.

1557 1209 1589 1240 Si
1614 1219 1688 1249 ergo
1713 1219 1787 1239 cum
1816 1209 1848 1239 in
1872 1208 1996 1249 aequali
2019 1215 2163 1250 tempore
2193 1209 2368 1240 secundum
2396 1209 2525 1250 aequale
2548 1218 2617 1240 mo-

1574 1270 1588 1283 -ε
1623 1259 1743 1291 veatur‚
1766 1259 1842 1284 tunc
1865 1252 2036 1294 aequaliter
2057 1253 2150 1283 velox
2172 1259 2237 1291 εσυ
2261 1252 2399 1294 aequalis
2422 1259 2529 1285 autem
2551 1260 2620 1284 uonv

1624 1303 1671 1327 est
1693 1297 1798 1337 passio
1822 1296 1927 1327 omnis
1950 1296 2160 1336 longitudini:
2189 1306 2286 1338 quare
2308 1306 2375 1328 non
2398 1297 2456 1328 erit
2477 1297 2620 1335 alteratio

1624 1340 1687 1371 loci
1705 1340 1875 1371 mutationi
1898 1340 2036 1381 aequalis
2051 1350 2154 1382 neque
2169 1341 2284 1372 minor.
2309 1341 2416 1379 Quare
2431 1351 2498 1382 non
2510 1340 2622 1375 omnin

1625 1384 1853 1424 comparabilis.
2579 1395 2582 1398 ⁴

1556 1428 1573 1447 '¹‘
1589 1428 1623 1459 In
1648 1428 1765 1459 circulo
1789 1435 1896 1459 autem
1919 1434 1950 1459 et
1972 1435 2058 1460 recto
2081 1429 2248 1470 quomodo
2272 1425 2452 1469 continget?
2465 1415 2620 1466 ‘Inconvd-‘L
2644 1436 2655 1446 ·

1623 1472 1712 1505 niens
1729 1472 1814 1503 enim
1833 1479 1879 1503 est
1894 1471 1954 1502 nisi
1973 1472 2013 1503 sit
2036 1472 2154 1503 circulo
2173 1471 2315 1503 similiter
2337 1470 2398 1503 hoc
2417 1470 2536 1514 aliquid
2549 1475 2621 1503 mo-

1622 1516 1699 1555 veri,
1716 1523 1747 1547 et
1769 1515 1831 1547 hoc
1847 1516 1880 1546 in
1896 1522 1999 1547 recto:
2024 1515 2079 1547 sed
2093 1526 2169 1547 mox
2187 1525 2313 1547 necesse
2336 1522 2383 1547 est
2405 1523 2460 1547 aut
2479 1513 2620 1559 velocius

1623 1568 1678 1591 aut
1696 1560 1832 1598 tardius;
1856 1560 1937 1591 sicut
1959 1559 1985 1591 si
2003 1560 2066 1591 hoc
2089 1561 2250 1598 deorsum,
2266 1560 2328 1591 hoc
2350 1566 2459 1591 autem
2480 1564 2619 1592 sursum.

1556 1648 1573 1667 *
1590 1647 1748 1688 Amplius,
1773 1647 1851 1678 nihil
1870 1647 1971 1679 differt
1986 1648 2019 1679 in
2034 1647 2166 1686 ratione,
2191 1647 2216 1679 si
2239 1648 2352 1690 aliquis
2376 1648 2458 1680 dicat
2476 1658 2622 1690 necessat
2646 1656 2656 1667 ·

1624 1691 1707 1722 rium
1724 1701 1790 1722 esse
1804 1691 1944 1723 velocius
1968 1702 2044 1723 mox
2066 1698 2122 1723 aut
2137 1691 2255 1723 tardius
2274 1691 2406 1723 moveri.
2430 1691 2498 1723 Erit
2512 1691 2621 1725 autem

1624 1735 1727 1766 maior
1751 1742 1781 1766 et
1803 1735 1909 1766 minor
1932 1735 2088 1766 circularis
2111 1743 2212 1767 recta:
2241 1745 2337 1777 quare
2361 1741 2392 1767 et
2415 1729 2622 1782 aequalia'ssi

1625 1779 1710 1810 enim
1728 1779 1761 1809 in
1784 1781 1814 1810 A
1837 1785 1980 1820 tempore
2004 1780 2066 1810 hoc
2088 1780 2195 1820 ipsum
2217 1779 2243 1811 Β
2266 1779 2387 1819 transit,
2411 1778 2499 1811 aliud
2513 1780 2622 1811 autem*

1623 1823 1730 1863 ipsum
1753 1823 1798 1861 C,
1821 1823 1924 1854 maius
1943 1823 2000 1854 erit
2022 1824 2048 1854 B
2070 1823 2142 1864 ipso
2165 1824 2208 1855 C:
2233 1824 2277 1854 sic
2300 1823 2387 1854 enim
2400 1823 2623 1855 velocius&

1625 1867 1745 1898 dictum
1768 1874 1824 1898 est.
1848 1867 1932 1907 Ergo
1956 1867 1982 1898 si
2006 1874 2036 1898 et
2058 1868 2091 1898 in
2106 1867 2222 1898 minori
2242 1868 2382 1908 aequale,
2405 1867 2546 1901 velocius
2564 1873 2622 1902 nt·

1626 1912 1731 1948 Quare
1748 1911 1805 1941 erit
1820 1911 1925 1952 aliqua
1948 1921 2019 1952 pars
2034 1911 2134 1952 ipsius
2156 1914 2197 1950 A,
2219 1911 2253 1942 in
2269 1921 2335 1953 quo
2350 1911 2450 1952 ipsius
2472 1911 2499 1942 B
2514 1911 2622 1947 circuli

1626 1955 1778 1994 transibit,
1799 1965 1873 1986 cum
1896 1955 1928 1985 in
1952 1962 2021 1986 toto
2045 1957 2074 1986 A
2097 1955 2204 1996 ipsum
2227 1955 2265 1986 C.

1559 2043 1576 2062 *
1592 2045 1634 2074 Αῑ
1656 2053 1731 2073 vero
1756 2043 1781 2073 si
1805 2051 1878 2074 sunt
1901 2043 2134 2084 comparabilia,
2157 2044 2269 2074 accidit
2291 2044 2391 2074 modo
2416 2043 2547 2083 dictum,
2570 2048 2622 2077 aa·

1627 2087 1720 2128 quale
1744 2097 1810 2118 esse
1834 2094 1955 2118 rectum
1979 2088 2111 2118 circulo:
2137 2088 2192 2118 sed
2211 2087 2434 2128 comparabilia
2449 2098 2516 2119 non
2531 2094 2621 2120 sunt:

1628 2141 1731 2171 neque
1755 2141 1829 2171 ergo
1854 2138 1971 2162 motus.
2551 2154 2553 2161 ⁴

1561 2174 1622 2205 Sed
1646 2185 1867 2216 quaecumque
1884 2185 1949 2205 non
1969 2175 2151 2215 aequivoca,
2172 2175 2280 2206 omnia
2299 2175 2523 2216 comparabilia
2537 2181 2622 2209 sunt.

1627 2219 1744 2257 Veluti,
1761 2229 1816 2250 cur
1838 2229 1904 2249 non
1929 2220 2140 2259 comparabile
2164 2226 2220 2257 est,
2245 2226 2352 2250 utrum
2378 2220 2500 2251 acutius
2523 2219 2623 2262 stylus

1629 2270 1683 2294 aut
1698 2263 1809 2294 vinum
1825 2270 1880 2294 aut
1898 2261 2032 2293 ultima?
2056 2263 2140 2301 Quia
2159 2263 2244 2294 enim
2268 2263 2440 2304 aequivoca
2457 2270 2542 2303 sunt,
2557 2273 2624 2305 nun

1629 2314 1871 2347 comparantur3
1896 2307 1949 2337 sed
1973 2307 2085 2338 ultima
2108 2307 2136 2338 ei
2158 2317 2240 2348 quae
2264 2307 2349 2338 iuxta
2371 2307 2518 2338 ultimam
2537 2317 2624 2339 com—

1629 2351 1775 2392 parabilis
1791 2358 1850 2390 est,
1875 2351 2029 2391 quoniam
2052 2351 2138 2382 idem
2160 2350 2312 2391 significat
2335 2358 2465 2383 acutum
2481 2352 2515 2383 iu
2533 2351 2625 2383 unis-

1630 2405 1701 2436 que.
1733 2395 1817 2435 Ergo
1841 2405 1907 2425 non
1930 2395 2016 2425 idem
2037 2395 2129 2426 velox
2159 2395 2210 2426 hic
2238 2402 2268 2426 et
2290 2395 2351 2426 ibi:
2382 2396 2487 2428 multo
2517 2402 2626 2428 autem

1630 2439 1732 2469 adhuc
1755 2438 1862 2469 minus
1885 2439 1917 2469 in
1941 2438 2123 2469 alteratione
2146 2446 2177 2470 et
2199 2438 2261 2469 loci
2284 2439 2471 2471 mutatione.
2589 2439 2591 2441 ’

1562 2483 1579 2502 *
1595 2485 1661 2514 Aut
1684 2483 1824 2523 primurn
1848 2483 1976 2524 quidem
2000 2483 2062 2513 hoc
2086 2493 2151 2513 non
2174 2493 2285 2513 verum
2308 2490 2373 2522 est,
2397 2483 2486 2524 quod
2509 2483 2535 2514 si
2557 2492 2624 2514 non

1630 2527 1692 2557 sint
1715 2527 1896 2567 aequivoca,
1915 2527 2138 2567 comparabilia
2160 2533 2243 2557 sunt.
2267 2527 2407 2557 Multum
2431 2527 2516 2558 enim
2538 2526 2624 2558 idem

1631 2570 1784 2611 significat
1797 2571 1829 2601 in
1846 2581 1929 2611 aqua
1952 2578 1983 2601 et
2005 2571 2037 2601 in
2061 2581 2141 2609 aere,
2166 2578 2197 2601 et
2212 2581 2278 2601 non
2301 2577 2376 2601 sunt
2391 2570 2624 2612 comparabilia.

1631 2615 1662 2646 Si
1687 2621 1794 2645 autem
1817 2625 1904 2653 non,
1937 2615 2074 2655 duplum
2096 2615 2226 2655 quidem
2249 2614 2334 2645 idem
2366 2613 2453 2657 (duo
2477 2615 2563 2646 enim
2585 2615 2626 2646 ad

1630 2657 1770 2701 unum):
1796 2665 1826 2689 et
1849 2669 1915 2689 non
1939 2658 2162 2699 comparabilia
2186 2666 2269 2690 sunt.

1562 2703 1579 2722 *
1589 2705 1654 2734 Aut
1670 2710 1700 2733 et
1715 2703 1747 2733 in
1763 2703 1811 2733 his
1826 2703 1936 2733 eadem
1954 2702 2049 2733 ratio:
2063 2710 2093 2733 et
2108 2713 2246 2744 namque
2262 2703 2400 2734 multum
2414 2702 2626 2744 aequivocum

1630 2754 1685 2778 est.
1710 2747 1771 2778 Sed
1794 2747 1996 2787 quorundam
2013 2753 2042 2777 et
2058 2747 2192 2778 rationes
2216 2747 2405 2788 aequivocae
2428 2753 2518 2778 sunt:
2543 2753 2579 2778 ut
2599 2746 2626 2778 si

1630 2791 1711 2822 dicat
1734 2791 1846 2831 aliquis
1870 2791 1958 2831 quod
1981 2791 2120 2822 multum
2143 2797 2190 2821 est
2216 2798 2340 2822 tanturn
2363 2798 2394 2822 et
2409 2790 2512 2822 adhuc
2527 2790 2624 2830 aliud,

1629 2835 1816 2866 tantundem
1851 2841 1881 2865 et
1912 2835 2042 2876 aequale
2077 2835 2287 2876 aequivocum
2322 2841 2410 2866 esset.
2449 2835 2489 2866 Et
2522 2844 2626 2866 unum

1630 2879 1735 2917 etiam,
1752 2879 1778 2909 si
1802 2879 1965 2919 contingit,
1990 2879 2095 2910 statim
2118 2879 2347 2919 aequivocum:
2371 2878 2397 2909 si
2421 2885 2527 2910 autem
2550 2878 2624 2918 hoc,

1631 2930 1660 2954 et
1683 2924 1759 2954 duo.

1563 2968 1579 2987 *
1596 2967 1758 3005 Quoniam
1782 2973 1911 3007 propter
1937 2966 2015 3008 quid
2041 2966 2100 2997 alia
2124 2965 2344 3007 comparabilia
2368 2973 2452 3006 sunt,
2468 2966 2529 2997 alia
2548 2976 2624 2998 vero
2649 2972 2659 2982 ”

1631 3021 1708 3048 non,
1733 3011 1757 3041 si
1781 3010 1911 3052 quidem
1934 3017 1998 3041 erat
2021 3021 2084 3041 una
2107 3008 2239 3041 natura?
2327 3038 2329 3041 .

1564 3058 1630 3086 Aut
1653 3055 1727 3095 quia
1757 3061 1831 3085 sunt
1857 3055 1889 3085 in
1913 3054 1975 3085 alio
2003 3054 2107 3095 primo
2137 3053 2325 3095 susceptivo.
2353 3054 2464 3095 Equus
2494 3053 2626 3096 quidem

1630 3099 1724 3140 igitur
1747 3105 1777 3130 et
1792 3098 1877 3129 canis
1901 3098 2123 3139 comparabilia
2139 3105 2222 3136 sunt,
2239 3105 2347 3129 utrum
2370 3098 2485 3129 albius:
2510 3098 2543 3128 in
2559 3107 2625 3139 quo

1631 3143 1716 3174 enim
1739 3142 1854 3183 primo,
1878 3142 1963 3173 idem
1986 3149 2042 3182 est,
2062 3141 2250 3183 superficies.
2274 3142 2315 3174 Et
2329 3142 2515 3182 magnitudo
2539 3141 2625 3173 simi-

1630 3187 1708 3218 liter.
1734 3189 1827 3228 Aqua
1849 3193 1955 3217 autem
1979 3193 2010 3217 et
2032 3196 2093 3217 vox
2115 3193 2196 3216 non:
2219 3186 2252 3216 in
2276 3185 2337 3216 alio
2361 3196 2500 3227 namque
2523 3186 2624 3217 subie-

1632 3239 1682 3262 cto
1707 3238 1790 3262 sunt.

1564 3274 1579 3290 *¹
1596 3278 1661 3306 Aut
1676 3273 1879 3306 manifestum
1903 3281 1949 3306 est
1971 3275 2059 3315 quod
2083 3274 2139 3305 erit
2162 3273 2268 3304 omnia
2285 3273 2328 3304 sic
2344 3284 2446 3304 unum
2463 3273 2577 3311 facere;
2593 3273 2626 3304 in

1631 3319 1693 3350 alio
1723 3326 1829 3350 autem
1858 3319 2112 3359 unumquodque
2142 3317 2241 3349 dicere
2277 3327 2354 3349 esse.
2387 3318 2427 3349 Et
2455 3317 2511 3348 erit
2540 3317 2625 3348 idem

1632 3363 1761 3404 aequale
1785 3370 1815 3394 et
1838 3363 1928 3393 dulce
1951 3370 1982 3394 et
2003 3363 2130 3400 album;
2153 3362 2208 3392 sed
2230 3362 2262 3392 in
2287 3362 2359 3392 alio.

1565 3407 1583 3425 ’κ
1599 3407 1766 3447 Amplius,
1795 3406 2009 3447 susceptivum
2039 3416 2105 3437 non
2139 3405 2322 3446 contingens
2354 3413 2417 3445 est3
2441 3405 2496 3436 sed
2523 3414 2626 3436 unum
2652 3413 2660 3422 ·

1634 3451 1728 3482 unius
1752 3458 1798 3481 est
1821 3450 1971 3491 primum.

1568 3495 1618 3526 Sic
1641 3505 1714 3534 ergo
1739 3505 1804 3525 non
1828 3494 1933 3525 solum
1957 3501 2083 3535 oportet
2105 3493 2327 3534 comparabilia
2358 3502 2423 3524 non
2454 3492 2626 3534 aequivoca

1634 3546 1715 3575 esse3
1740 3539 1795 3569 sed
1818 3548 1883 3568 non
1907 3538 2020 3569 habere
2044 3537 2258 3576 differentiam,
2283 3546 2385 3578 neque
2411 3536 2499 3578 quod
2521 3544 2624 3576 neque

1634 3582 1666 3612 in
1686 3592 1761 3623 quo.
1786 3581 1866 3613 Dico
1881 3589 1988 3613 autem
2011 3581 2090 3613 sicut
2113 3581 2200 3612 color
2223 3581 2316 3612 habet
2331 3580 2526 3611 divisionem.
2551 3579 2626 3610 Non

2642 866 2652 876 ·
2660 865 2792 894 cnp.1v.·r
2800 877 2810 894 ⁴,

2668 1434 2738 1459 Tm.
2750 1441 2785 1458 aa.

2649 2052 2659 2062 ⁶
2673 2051 2741 2075 Text.
2755 2038 2794 2079 34..Ι
2824 2058 2846 2073 2

2651 2489 2660 2500 ·
2674 2487 2743 2511 Tut.
2756 2493 2791 2517 ²⁵·

2650 2709 2660 2719 ·
2675 2707 2743 2731 'rm
2755 2707 2795 2732 ιο.

2673 2971 2742 2995 Text.
2754 2977 2790 3000 η,
2818 2962 2834 2991 's

2652 3281 2662 3289 '
2676 3278 2744 3302 Tm.
2757 3279 2793 3303 ¹8.
2811 3297 2814 3298 ⁷

2675 3410 2743 3434 Text.
2757 3416 2794 3440 ²⁹·

2670 1647 2738 1681 ’reat-
2752 1634 2786 1686 13.
2831 1663 2849 1685 ,ἡ

2877 3855 2891 3903 ὐἱῆα-
