2898 3996
1193 304 1304 340 CAP.
1332 302 1400 349 vi,
1430 301 1579 338 LECT.
1609 303 1660 338 1x

2432 303 2506 350 259

1154 558 1451 615 LECTIO
1487 558 1707 613 NONA

682 720 739 751 DE
763 717 1131 750 CONTRARIETATE
1155 717 1325 754 QUIETIS
1348 717 1406 747 AD
1430 716 1592 747 MOTUM
1615 716 1672 746 ET
1697 716 1895 753 QUIETUM
1919 717 1985 758 AD,
2005 717 2182 748 INVICEM

346 858 444 890 Ἐπεὶ
467 850 506 887 δὲ
527 855 654 891 κινήσει
679 854 716 886 οὗ
741 853 840 898 μόνον
865 849 958 885 δοκεῖ
978 856 1101 890 κίνησις
1130 850 1214 885 εἶναι
1245 854 1401 894 ἐναντία,

421 897 510 932 ἀλλὰ
531 901 588 931 καὶ
614 898 750 940 ἠρεμία,
766 897 872 929 τοῦτο
890 892 1087 941 διοριστέον.
1111 898 1239 934 Ἀπλῶς
1257 897 1315 940 μὲν
1339 897 1403 942 γὰρ

418 944 571 975 ἐναντίον
594 943 718 977 κίνησις
745 940 886 981 κινήσει,
914 938 1103 973 ἀντίκειται
1127 935 1164 972 δὲ
1187 943 1243 972 καὶ
1269 938 1401 984 ἠρεμία·

417 983 570 1029 στέρησις
595 983 671 1031 γοίρ.
699 984 797 1016 Ἔστι
828 979 856 1015 δ’
888 985 929 1021 ὠς
953 986 1009 1015 καὶ
1035 985 1056 1020 ή
1081 983 1234 1028 στέρησις
1266 984 1403 1016 ἐναντία

416 1028 455 1061 λε’
481 1040 571 1060 εται·

352 1077 435 1113 ποίᾳ
458 1039 496 1105 ἔξ
526 1073 628 1111 ποία;
662 1072 730 1103 οἷον
761 1071 807 1112 τῇ
839 1070 935 1103 κατοὶ
965 1070 1072 1102 τόπον
1105 1072 1126 1107 ή
1156 1070 1252 1103 κατὰ.
1282 1069 1402 1102 τόπον.

412 1116 522 1148 Ἀλλοὶ
551 1116 657 1148 τοῦτο
682 1116 738 1146 νῦν
768 1114 909 1160 λέγεται
936 1115 1063 1151 ἁπλῶς·
1099 1114 1240 1156 πότερον
1271 1114 1335 1159 γοὶρ
1360 1115 1405 1155 τῇ

418 1159 577 1193 ἐνταυθοῖ
601 1160 687 1203 μονῇ
713 1159 734 1195 ή
760 1159 796 1190 ἐκ
821 1157 947 1190 τούτου
973 1156 994 1194 ἦ
1019 1159 1040 1194 ή
1066 1159 1109 1196 εἱς
1143 1159 1249 1191 τοῦτο
1279 1160 1404 1194 κίνησις

421 1205 632 1243 ἀντίκειται;

353 1249 461 1285 Δῆλον
486 1243 530 1284 δή
557 1246 623 1285 ὅτι,
643 1243 715 1277 ἐπεὶ
741 1245 773 1277 ἐν
798 1241 889 1277 δυσὶν
907 1246 928 1281 ἦ
949 1247 1072 1282 κίνησις
1100 1244 1340 1288 ὑποκειμένοις,
1361 1246 1405 1286 τῇ

418 1292 478 1333 μὲν
504 1292 540 1323 ἐκ
565 1289 691 1322 τούτου
716 1290 760 1326 εὶς
785 1289 826 1320 τὸ
851 1289 1002 1320 ἐναντίον
1019 1289 1040 1324 ή
1060 1289 1091 1320 ἐν
1115 1288 1225 1329 τούτῳ
1243 1287 1342 1332 μονή,
1362 1289 1406 1330 τῇ

422 1332 450 1368 δ’
478 1335 515 1367 ἐκ
540 1334 741 1367 τούναντίου
765 1333 810 1370 εὶς
835 1333 939 1364 τοῦτο
965 1333 985 1368 ἡ
1011 1333 1044 1364 ἐν
1069 1333 1117 1372 τῷ
1143 1330 1294 1373 ἐναντίῳ.

346 1417 439 1461 ι’Δμα
462 1411 500 1447 δὲ
522 1417 580 1447 καὶ
607 1413 770 1452 ἀλλήλαις
796 1412 948 1446 ἐναντίαι
973 1413 1091 1446 αὗται·
1116 1416 1173 1445 καὶ
1193 1413 1257 1458 γαῖρ
1276 1413 1406 1446 α”τοπον

421 1461 449 1492 εἰ
472 1459 616 1496 κινήσεις
641 1459 698 1502 μὲν
725 1459 877 1490 ἐναντίαι
901 1458 994 1498 εἰσίν,
1014 1458 1148 1501 ήρεμίαι
1171 1452 1198 1488 δ’
1223 1457 1407 1500 ἀντικείμε-

420 1515 475 1535 ναι
501 1503 559 1535 οὐκ
584 1503 676 1534 εἰσίν.
710 1503 782 1533 Εἰσὶ
806 1496 843 1532 δὲ
869 1503 903 1532 αἱ
929 1501 962 1532 ἐν
988 1505 1057 1538 τοῖς
1083 1499 1265 1541 ἐναντίοις,
1294 1500 1359 1532 οἷον
1387 1501 1407 1536 ἡ

422 1545 455 1579 ἐν
479 1547 588 1592 ὑγιείᾳ
614 1546 658 1587 τῇ
686 1546 718 1577 ἐν
743 1544 826 1585 νόσῳ
851 1545 989 1588 ἠρεμίᾳ,

354 1633 481 1670 κινήσει
505 1628 542 1664 δὲ
567 1633 612 1674 τῇ
639 1630 673 1672 ἐξ
699 1633 824 1677 ὑγιείας
856 1631 900 1669 εἰς
931 1630 1039 1663 νόσον.
1077 1631 1126 1672 Τῇ
1150 1631 1214 1676 γάρ
1243 1629 1278 1662 ἐκ
1310 1629 1407 1662 νόσου

421 1677 466 1714 εἰς
483 1677 610 1722 ὑγίειαν
631 1675 766 1721 ἄλογον·
786 1676 807 1711 ή
824 1675 888 1721 γαρ
909 1675 952 1712 εἰς
971 1674 1058 1706 αὐτὸ
1077 1676 1200 1711 κίνησις
1219 1674 1251 1706 ἐν
1269 1674 1292 1715 ᾤ
1312 1673 1410 1711 ἐστη-

419 1731 497 1760 κεν,
529 1718 688 1762 ἠρέμησις
716 1719 844 1762 μᾶλλόν
879 1719 985 1759 ἐστιν,
1014 1717 1035 1759 ᾖ
1059 1717 1233 1760 συμβαίνει
1264 1729 1302 1763 γε
1337 1717 1408 1761 ἅμα

420 1762 593 1810 γίγνεσθαι
619 1763 662 1804 τῇ
687 1761 826 1798 κινήσει.
855 1761 1003 1807 Ἀνάγκη
1030 1757 1067 1792 δὲ
1092 1760 1113 1797 ἦ
1138 1760 1270 1798 ταύτην
1289 1759 1309 1797 ἦ
1328 1759 1411 1792 ἐκεί-

421 1818 478 1844 νην
503 1803 600 1838 εἷναι·
629 1805 666 1837 οὐ
690 1806 754 1852 γοὶρ
780 1805 801 1841 ’ἥ
822 1806 852 1851 γ’
875 1805 907 1837 ἐν
924 1804 1106 1841 λευκότητι
1131 1804 1252 1848 ήρεμία
1271 1802 1409 1836 ἐναντία

421 1851 466 1892 τῇ
492 1851 525 1881 ἐν
551 1852 672 1896 ὑγιεία.

348 1937 458 1974 Ὀσοις
483 1933 521 1968 δὲ
545 1936 592 1980 μή
615 1934 705 1968 ἐστιν
727 1936 880 1975 ἐναντία,
899 1934 1029 1968 τούτων
1048 1935 1224 1978 μεταβολή
1242 1933 1300 1978 μέν
1319 1934 1408 1966 ἐστιν

423 1979 633 2024 ἀντικειμένη
660 1981 681 2016 ἡ
707 1977 741 2020 ἐξ
768 1977 876 2011 αὐτοῦ
902 1979 946 2020 τῇ
972 1978 1016 2016 εἰς
1035 1978 1135 2019 αὐτό,
1152 1981 1276 2016 κίνησις
1301 1973 1331 2009 δ’
1351 1976 1410 2009 οὐκ

423 2025 532 2065 ἔστιν,
558 2024 626 2056 οἷον
652 2025 672 2059 ή
698 2021 734 2063 ἐξ
760 2022 856 2059 ὄντος
881 2023 926 2064 τῇ
953 2023 997 2059 εὶς
1023 2022 1069 2054 ὄν.

354 2112 420 2143 Καὶ
445 2111 529 2154 μονή
555 2111 612 2154 μὲν
639 2109 771 2142 τούτων
799 2109 857 2140 οὐκ
883 2109 987 2148 ἐστιν,
1017 2109 1257 2152 ἀμεταβλησία
1281 2103 1330 2139 δέ.

355 2156 421 2186 Καὶ
446 2155 474 2185 εἰ
498 2153 556 2197 μέν
582 2165 615 2186 τι
640 2155 688 2189 εἵη
716 2154 944 2195 ὑποκείμενον,
963 2152 984 2188 ή
1003 2152 1036 2183 ἐν
1055 2153 1102 2192 τῷ
1123 2152 1194 2184 ὄντι
1219 2150 1411 2195 ἀμεταβλη-

422 2199 480 2229 σία
504 2198 548 2238 τῇ
575 2195 608 2228 ἐν
634 2197 680 2237 τῷ
706 2196 753 2239 μή
787 2195 858 2227 ὄντι
893 2195 1044 2227 ἐναντία.
1079 2195 1117 2225 Εἰ
1141 2191 1178 2227 δὲ
1201 2195 1249 2238 μή
1279 2195 1352 2230 ἐστί
1377 2206 1411 2227 τι

423 2241 464 2272 τό
489 2240 535 2283 μή
562 2240 610 2281 ὅν,
635 2239 835 2282 ἀπορήσειεν
862 2239 900 2270 ἄν
926 2250 976 2276 τις
1001 2241 1067 2270 τίνι
1091 2236 1231 2271 ἐναντία
1255 2239 1276 2274 ’ri
1302 2239 1335 2270 ἐν
1362 2239 1410 2279 τῷ

423 2284 495 2316 ὄντι
522 2282 773 2326 ἀμεταβλησία,
799 2284 855 2314 καὶ
881 2283 908 2313 εἰ
933 2282 1057 2325 η’ρεμία
1084 2283 1188 2314 ἐστίν·

357 2329 384 2359 εἰ
408 2323 446 2359 δὲ
470 2327 595 2367 τοῦτο,
621 2326 642 2363 ’ἢ
669 2327 706 2358 οὐ
731 2327 827 2359 πᾶσα
857 2325 980 2370 ἠρεμία
1003 2324 1130 2361 κινήσει
1154 2326 1314 2364 ἐναντία,
1340 2323 1361 2360 ἦ
1387 2325 1409 2360 vi

422 2370 546 2416 γένεσις
567 2372 625 2401 καὶ
642 2371 662 2406 ή
680 2369 786 2413 φθορά.
803 2371 940 2407 κίνησις.
967 2370 1072 2405 Δῆλον
1092 2372 1201 2402 τοίνυν
1220 2368 1273 2401 ὅτι
1290 2369 1411 2412 ἠρεμία

423 2415 482 2458 μὲν
509 2413 545 2445 οὗ
569 2413 707 2454 λεκτέα,
734 2414 762 2444 εἰ
786 2413 833 2456 μή
857 2416 913 2444 καὶ
940 2413 1045 2445 αὗται
1073 2413 1233 2453 κινήσεις,

358 2457 470 2502 ὅμοιον
495 2453 533 2489 δέ
555 2469 588 2490 τι
608 2459 665 2488 καὶ
697 2456 947 2500 ἀμεταβλησία·
975 2457 1116 2488 ἐναντία
1147 2451 1186 2488 δὲ
1208 2455 1229 2492 ἦ
1256 2451 1365 2487 οὐδενὶ
1391 2454 1411 2491 ή

424 2503 468 2543 τῇ
495 2502 527 2533 ἐν
553 2501 600 2542 τῷ
626 2501 672 2543 μή
695 2501 767 2532 ὄντι
792 2499 813 2537 ἦ
838 2501 882 2542 τῇ
905 2500 1020 2544 φθορᾷ·
1041 2499 1128 2537 αὕτη
1149 2500 1213 2545 γαρ
1236 2497 1269 2539 ἐξ
1288 2499 1410 2540 αὐτῆς,

424 2546 444 2581 ’ἡ
469 2540 507 2576 δὲ
531 2544 656 2590 γένεσις
683 2545 726 2581 εἱς
753 2545 900 2581 ἐκείνηνξ

410 2649 548 2677 Smopsss
564 2665 599 2669 —
620 2657 643 2676 1.
665 2649 873 2684 Argumentum
895 2654 923 2675 et
943 2647 1043 2675 divisio
1064 2653 1165 2675 textus.
1187 2647 1281 2675 Motui
1298 2653 1410 2675 contra-

357 2688 446 2716 riatur
466 2693 562 2715 motus
583 2693 611 2715 et
631 2687 726 2724 quies;
747 2687 798 2714 sed
818 2693 915 2714 motus
942 2686 1107 2723 simpliciter
1127 2693 1154 2714 et
1175 2686 1304 2723 proprie,
1330 2686 1410 2723 quies

357 2733 454 2755 autem
474 2726 646 2763 inquantum
665 2732 708 2754 est
727 2725 848 2762 privatio
870 2732 981 2761 motus3
1010 2725 1131 2761 privatio
1152 2725 1229 2753 enim
1250 2732 1278 2753 et
1298 2725 1411 2753 habitus

358 2772 400 2794 est
420 2765 514 2802 prima
533 2764 728 2793 contrarietas.
742 2780 762 2784 -
783 2772 810 2792 2.
825 2766 931 2792 Textus
952 2764 1117 2792 subdivisio.
1146 2765 1220 2792 Cum
1238 2774 1299 2792 non
1314 2764 1408 2792 omnis

358 2805 439 2841 quies
460 2804 540 2832 omni
562 2803 653 2831 motui
674 2809 852 2840 opponatur,
875 2803 1020 2840 quaeritur
1039 2810 1135 2831 utrum
1161 2803 1248 2840 quieti
1275 2812 1348 2840 quae
1369 2810 1411 2831 est

358 2844 388 2872 in
408 2843 505 2880 aliquo
533 2843 672 2878 termino,
694 2849 764 2878 puta
783 2842 813 2870 in
833 2842 916 2877 albo,
938 2849 1101 2879 opponatur
1125 2849 1221 2870 motus
1242 2842 1291 2879 qui
1319 2849 1360 2870 est
1381 2843 1409 2870 in

358 2883 470 2916 album,
491 2889 540 2910 aut
561 2888 657 2910 motus
678 2881 727 2918 qui
748 2888 790 2909 est
810 2891 849 2910 ex
869 2882 943 2910 albo.
957 2897 976 2901 —
999 2882 1024 2909 3.
1046 2881 1138 2909 Motui
1152 2890 1191 2909 ex
1211 2882 1264 2909 hoc
1286 2882 1409 2909 termino

358 2922 388 2950 in
409 2922 586 2950 contrarium
608 2921 764 2957 opponitur
777 2920 857 2957 quies
872 2921 900 2948 in
916 2921 969 2948 hoc
976 2931 986 2954 ;
1007 2921 1097 2948 motui
1119 2920 1168 2956 qui
1189 2926 1230 2948 est
1245 2921 1272 2947 in
1288 2921 1340 2948 hoc
1358 2930 1410 2956 op-

357 2961 475 2998 ponitur
488 2960 568 2997 quies
590 2961 618 2988 in
641 2960 802 2988 contrario:
818 2969 868 2987 seu
882 2959 969 2996 quieti
991 2959 1020 2987 in
1041 2959 1138 2996 aliquo
1152 2959 1275 2987 termino
1292 2969 1353 2987 non
1367 2967 1409 2987 est

358 3000 517 3028 contrarius
531 3006 626 3028 motus
641 3000 677 3027 ad
692 2998 771 3026 illum
785 2999 948 3033 terminum,
964 2999 1013 3026 sed
1028 3005 1123 3026 motus
1137 2999 1173 3026 ab
1187 2999 1236 3026 illo
1248 2999 1380 3026 termino.
1392 3015 1411 3019 —

359 3049 389 3074 4.
412 3039 528 3073 Quietes
556 3045 622 3066 sunt
649 3038 806 3066 contrariae
834 3039 870 3065 ad
891 3038 1021 3072 invicem,
1044 3047 1116 3074 quae
1144 3044 1210 3065 sunt
1233 3038 1262 3065 in
1283 3037 1411 3065 terminis

359 3077 516 3106 contrariis.
538 3094 557 3099 —
580 3078 605 3105 5.
628 3078 768 3105 Probatur
789 3076 935 3105 conclusio
956 3077 1050 3113 posita
1072 3086 1100 3104 n.
1118 3077 1143 3104 3.
1158 3077 1266 3112 Motui,
1287 3083 1356 3113 puta
1377 3086 1410 3104 ex

359 3116 534 3153 aegritudine
555 3116 585 3144 in
605 3116 768 3151 sanitatem,
795 3122 908 3152 oportet
936 3117 1015 3152 quod
1043 3116 1078 3143 sit
1099 3115 1241 3144 contraria
1265 3116 1309 3144 vel
1330 3116 1410 3152 quies

360 3155 390 3183 in
404 3155 527 3183 termino
541 3156 580 3183 ad
600 3164 692 3192 quem,
713 3155 758 3183 vel
778 3155 859 3192 quies
873 3155 903 3183 in
916 3155 1038 3183 termino
1053 3164 1071 3182 a
1085 3164 1148 3192 quo.
1171 3156 1227 3182 Sed
1248 3164 1308 3183 non
1330 3155 1410 3192 quies

359 3194 390 3222 in
410 3194 534 3222 termino
554 3195 591 3222 ad
612 3204 714 3232 quem:
736 3194 797 3222 eius
818 3194 895 3222 enim
916 3200 1011 3222 motus
1026 3194 1075 3231 qui
1096 3200 1138 3222 est
1158 3194 1187 3221 in
1209 3194 1334 3230 aliquem
1355 3200 1410 3222 ter-

360 3233 480 3268 minum,
502 3233 583 3270 quies
603 3233 633 3262 in
647 3235 750 3262 eodem
763 3233 887 3261 termino
902 3239 944 3261 est
957 3233 1101 3269 perfectio,
1123 3239 1151 3260 et
1171 3234 1206 3261 ab
1228 3234 1331 3261 eodem
1346 3242 1409 3261 mo-

359 3279 392 3301 tu
412 3278 552 3300 causatur.
574 3288 593 3293 —
614 3273 641 3300 6.
663 3273 770 3300 Textus
790 3271 956 3300 subdivisio.
979 3274 1022 3300 De
1043 3271 1240 3300 contrarietate
1259 3271 1361 3308 quietis
1382 3272 1412 3300 in

596 3503 607 3525 k
624 3476 671 3512 de
700 3475 956 3512 contrarietate
989 3474 1168 3523 quietum.
1207 3475 1256 3510 Et
1286 3475 1409 3522 primo

507 3519 516 3531 ¹
567 3525 606 3558 ν’
625 3529 663 3564 in
680 3528 861 3573 motibus;
887 3527 1053 3563 secundo
1074 3526 1110 3563 in
1131 3526 1409 3574 mutationibus,

625 3586 747 3617 autem
768 3592 840 3616 non
859 3585 945 3616 sunt
966 3578 1154 3616 contraria
1171 3579 1190 3599 ‘¹³
1207 3585 1274 3615 etc.
1301 3578 1409 3615 Circa

1459 852 1474 869 *
1491 854 1653 891 Quoniam
1675 861 1782 885 autem
1804 855 1906 885 motui
1934 865 2000 885 non
2024 856 2129 886 solum
2159 866 2224 886 esse
2246 856 2368 887 videtur
2391 864 2510 888 contra·
2537 864 2545 872 ·
2562 862 2619 890 Cap.
2634 868 2664 884 v1.
2678 862 2749 884 Text.

1526 897 1590 927 rius
1613 905 1731 936 motus,
1747 899 1801 928 sed
1824 905 1854 928 et
1869 899 1968 939 quies,
1989 899 2050 929 hoc
2069 899 2341 930 determinandum
2360 907 2413 931 est.
2431 901 2510 932 Sim·
2538 894 2569 917 53'

1526 940 1646 980 pliciter
1664 941 1793 981 quidem
1816 942 1900 972 enim
1919 943 2090 972 contrarius
2113 950 2159 973 est
2181 950 2287 973 motus
2310 944 2428 974 motui:
2453 955 2511 984 op-

1526 984 1654 1024 ponitur
1676 991 1783 1015 autem
1806 992 1836 1015 et
1855 985 1952 1026 quies.
1976 986 2110 1016 Privatio
2135 986 2220 1016 enim
2243 994 2306 1025 est;
2337 994 2383 1018 est
2405 995 2511 1018 autem

1527 1027 1571 1057 sic
1589 1028 1677 1067 quod
1700 1027 1831 1068 privatio
1856 1029 2008 1059 contraria
2031 1029 2158 1060 dicatur.

1462 1070 1572 1106 Qualis
1596 1077 1701 1100 autem
1724 1069 1828 1111 quali?
1847 1072 1890 1102 Ut
1905 1072 1932 1102 ei
1953 1072 2007 1112 qui
2033 1080 2078 1102 est
2101 1073 2275 1103 secundum
2290 1073 2412 1112 locum,
2432 1083 2512 1114 quae

1528 1114 1703 1144 secundum
1736 1115 1861 1144 locum:
1893 1116 1947 1145 sed
1976 1116 2037 1146 hoc
2060 1126 2144 1146 nunc
2175 1116 2286 1147 dicitur
2320 1117 2512 1157 simpliciter.

1528 1157 1644 1187 Utrum
1667 1157 1751 1187 enim
1774 1158 1802 1187 ei
1825 1168 1906 1197 quae
1928 1165 1974 1188 est
1995 1159 2045 1189 hic
2066 1159 2232 1197 mansioni,
2249 1160 2304 1200 qui
2323 1167 2368 1191 est
2386 1171 2423 1191 ex
2440 1161 2512 1199 hoc,

1530 1206 1583 1230 aut
1606 1200 1662 1240 qui
1676 1206 1730 1235 rest
1751 1200 1784 1230 in
1808 1201 1880 1239 hoc,
1903 1208 2010 1232 motus
2034 1201 2228 1242 opponitur?

1462 1243 1479 1262 *
1494 1243 1696 1273 Manifestum
1719 1243 1812 1283 igitur
1831 1251 1886 1282 est,
1902 1246 1989 1284 quod
2012 1246 2086 1285 quia
2102 1246 2134 1275 in
2150 1246 2274 1276 duobus
2289 1253 2395 1277 motus
2411 1247 2513 1277 subie-

1530 1286 1585 1317 ctis
1609 1293 1668 1325 est‚
1692 1287 1766 1317 huic
1797 1287 1926 1328 quidem
1953 1288 2008 1328 qui
2032 1298 2068 1318 ex
2090 1289 2151 1319 hoc
2174 1296 2219 1319 est
2247 1289 2279 1319 in
2312 1290 2514 1329 contrarium,

1529 1339 1610 1370 quae
1635 1336 1680 1360 est
1701 1330 1734 1360 in
1757 1330 1818 1360 hoc
1841 1331 1945 1370 quies:
1965 1331 2038 1361 huic
2061 1338 2167 1362 autem
2190 1332 2244 1372 qui
2261 1343 2297 1363 ex
2313 1334 2466 1364 contrario
2481 1334 2513 1364 in

1530 1373 1602 1412 hoc,
1626 1383 1707 1414 quae
1729 1373 1762 1403 in
1786 1374 1939 1404 contrario
1963 1375 2061 1415 quies·

1464 1416 1566 1447 Simul
1589 1423 1696 1447 autem
1713 1423 1744 1447 et
1758 1417 1798 1447 ad
1813 1417 1947 1448 invicem
1963 1418 2133 1448 contrariae
2149 1418 2206 1448 hae
2223 1426 2304 1449 sunt.
2320 1420 2361 1450 Et
2379 1430 2515 1460 namque

1529 1460 1752 1490 inconveniens
1776 1467 1831 1499 est,
1847 1461 1873 1491 si
1887 1467 1994 1492 motus
2017 1462 2146 1502 quidem
2169 1462 2312 1492 contrarii
2329 1470 2412 1501 sunt,
2428 1464 2516 1503 quie-

1531 1510 1576 1534 tes
1600 1510 1706 1534 autem
1729 1505 1893 1544 oppositae
1908 1514 1974 1534 non
1990 1512 2072 1536 sunt.
2093 1505 2173 1536 Sunt
2188 1512 2293 1536 autem
2311 1505 2344 1536 in
2363 1507 2517 1546 oppositis

1530 1546 1607 1586 hae,
1631 1553 1668 1577 ut
1690 1557 1771 1587 quae
1790 1554 1837 1578 est
1857 1547 1890 1577 in
1914 1548 2042 1579 sanitate
2062 1548 2165 1589 quies,
2191 1549 2218 1579 ei
2241 1559 2322 1589 quae
2345 1556 2390 1580 est
2412 1550 2444 1580 in
2468 1560 2516 1580 ae-

1530 1590 1695 1630 gritudine.

1465 1633 1568 1663 Motui
1599 1640 1705 1664 autem
1735 1633 1763 1663 ei
1786 1634 1841 1674 qui
1864 1641 1910 1664 est
1933 1645 1970 1665 ex
1991 1633 2125 1665 'sanitate
2155 1635 2188 1665 in
2220 1636 2464 1675 aegritudinem:
2489 1637 2517 1667 ei

1531 1677 1616 1707 enim
1639 1677 1695 1717 qui
1718 1683 1763 1707 est
1786 1687 1823 1707 ex
1850 1678 2041 1717 aegritudine
2064 1678 2097 1708 in
2120 1678 2293 1717 sanitatem,
2309 1679 2517 1710 irrationabile

1533 1727 1588 1750 est.
1613 1720 1677 1757 Qui
1701 1721 1785 1750 enim
1807 1721 1841 1750 in
1863 1721 1933 1761 ipso
1957 1728 2063 1752 motus
2088 1729 2144 1760 est,
2169 1722 2201 1751 in
2225 1733 2289 1762 quo
2314 1722 2407 1761 stetit,
2431 1723 2516 1763 quie-

1530 1763 1608 1794 tatio
1630 1763 1729 1803 magis
1749 1770 1803 1802 est,
1824 1764 1998 1795 secundum
2016 1766 2103 1805 quod
2120 1765 2229 1795 accidit
2248 1766 2341 1796 simul
2359 1765 2424 1796 fieri
2444 1776 2517 1797 cum

1531 1812 1632 1836 motu.
1652 1807 1784 1836 Necesse
1800 1814 1906 1837 autem
1925 1815 1970 1838 est
1985 1808 2064 1838 hanc
2080 1815 2133 1839 aut
2151 1809 2238 1838 illam
2254 1816 2334 1839 esse:
2351 1819 2416 1839 non
2433 1810 2517 1844 enirn

1532 1859 1614 1889 quae
1638 1856 1683 1880 est
1705 1850 1737 1879 in
1761 1850 1901 1880 albedine
1924 1851 2023 1891 quies,
2049 1852 2200 1882 contraria
2219 1859 2264 1882 est
2280 1852 2307 1882 ei
2326 1862 2406 1892 quae
2426 1860 2471 1883 est
2484 1853 2516 1883 in

1532 1893 1670 1923 sanitate.

1465 1936 1482 1954 ’¹‘
1497 1936 1621 1973 Quibus
1636 1942 1742 1966 autem
1757 1947 1823 1967 non
1837 1943 1911 1967 sunt
1927 1938 2089 1976 contraria,
2108 1938 2223 1968 horum
2239 1939 2373 1969 mutatio
2389 1940 2518 1979 quidem

1533 1986 1578 2010 est
1601 1980 1748 2020 opposita
1773 1991 1853 2021 quae
1880 1988 1925 2011 est
1951 1991 1987 2011 ex
2013 1981 2126 2021 seipso,
2146 1982 2173 2011 ei
2194 1992 2274 2022 quae
2295 1989 2340 2013 est
2355 1982 2387 2012 in
2401 1983 2517 2022 ipsum.

1531 2024 1639 2054 Motus
1662 2030 1768 2054 autem
1791 2034 1856 2054 non
1881 2031 1936 2063 est,
1959 2031 1995 2055 ut
2018 2035 2098 2065 quae
2121 2035 2157 2055 ex
2180 2035 2256 2064 esse,
2280 2025 2307 2055 ei
2327 2036 2406 2066 quae
2426 2033 2471 2057 est
2486 2027 2518 2056 in

1533 2077 1609 2097 esse.

1466 2110 1564 2147 Quies
1588 2110 1717 2150 quidem
1739 2110 1855 2141 horum
1878 2121 1944 2141 non
1967 2117 2022 2141 est:
2046 2111 2225 2142 immutatio
2247 2118 2352 2142 autem
2376 2119 2429 2143 est.

1466 2154 1507 2183 Et
1529 2153 1555 2183 si
1570 2154 1698 2194 quidem
1722 2154 1840 2195 aliquid
1864 2155 1919 2185 erit
1942 2155 2128 2193 subiectum,
2153 2165 2233 2195 quae
2257 2162 2302 2186 est
2317 2155 2350 2185 in
2365 2166 2430 2186 esse
2453 2166 2518 2186 non

1532 2197 1677 2236 mutatio,
1695 2197 1723 2227 ei
1745 2208 1826 2238 quae
1843 2205 1888 2228 est
1906 2198 1939 2228 in
1958 2208 2024 2228 non
2040 2208 2116 2238 esse,
2137 2199 2287 2229 contraria
2306 2200 2370 2230 erit.
2397 2200 2428 2230 Si
2444 2210 2517 2230 vero

1532 2249 1597 2270 non
1621 2247 1667 2270 est
1695 2241 1814 2281 aliquid
1843 2242 1931 2282 quod
1959 2251 2024 2272 non
2053 2249 2117 2281 est,
2149 2242 2302 2273 dubitabit
2328 2243 2439 2283 aliquis
2468 2243 2518 2273 cui

1532 2283 1571 2313 sit
1595 2283 1757 2321 contraria,
1781 2294 1862 2324 quae
1884 2285 1917 2314 in
1941 2295 2006 2314 esse
2030 2295 2095 2315 non
2118 2286 2251 2316 mutatio
2275 2286 2324 2316 vel
2347 2286 2436 2326 quies
2461 2294 2516 2317 est.

1467 2325 1498 2356 Si
1522 2332 1628 2356 autern
1646 2326 1708 2357 hoc
1726 2333 1782 2365 est,
1799 2334 1853 2358 aut
1870 2337 1934 2357 non
1951 2328 2054 2358 omnis
2074 2329 2162 2369 quies
2177 2329 2279 2359 motui
2296 2330 2447 2360 contraria
2462 2336 2518 2368 est,

1531 2376 1585 2399 aut
1607 2370 1764 2409 generatio
1789 2377 1819 2401 et
1842 2372 2001 2410 corruptio
2017 2378 2125 2409 motus
2143 2379 2224 2402 sunt.
2245 2372 2446 2403 Manifestum
2461 2373 2519 2412 igi-

1532 2419 1582 2443 tur
1605 2413 1693 2453 quod
1716 2414 1805 2453 quies
1829 2424 1894 2444 non
1918 2414 2047 2444 dicenda
2070 2422 2125 2452 est,
2143 2416 2168 2445 si
2191 2425 2256 2446 non
2276 2422 2306 2446 et
2323 2416 2381 2446 hae
2400 2423 2516 2447 motus·

1466 2455 1574 2486 Simile
1597 2463 1703 2486 autem
1719 2457 1836 2497 aliquid
1856 2463 1901 2487 est
1917 2464 1947 2488 et
1962 2458 2151 2489 immutatio.
2169 2458 2333 2489 Contraria
2349 2466 2454 2490 autem
2473 2466 2519 2490 est

1533 2506 1586 2530 aut
1609 2500 1697 2538 nulli,
1713 2507 1767 2530 aut
1783 2500 1810 2530 ei
1822 2511 1914 2541 ‚quae
1938 2508 1983 2531 est
2005 2501 2037 2530 in
2054 2511 2119 2531 non
2139 2512 2215 2539 esse,
2232 2509 2286 2532 aut
2305 2503 2514 2542 corruptioni:

1532 2543 1608 2573 haec
1631 2543 1715 2573 enirn
1739 2554 1774 2574 ex
1796 2544 1875 2583 ipsa,
1898 2544 2055 2584 generatio
2080 2551 2185 2575 autem
2207 2545 2240 2574 in
2254 2544 2374 2585 ipsam.

1464 2647 1687 2682 mutationibus,
1718 2647 1748 2675 in
1776 2646 1895 2684 quibus]
1926 2657 1992 2676 cum
2019 2657 2079 2675 non
2106 2647 2141 2675 sit
2169 2648 2353 2676 contrarietas
2380 2657 2413 2676 ex
2438 2655 2517 2684 parte

1463 2686 1670 2721 terminorum,
1698 2687 1835 2722 accipitur
1861 2687 2006 2723 oppositio
2033 2687 2190 2714 secundum
2211 2696 2357 2715 accessum
2379 2694 2406 2715 et
2426 2697 2516 2715 reces-

1463 2735 1528 2754 sum
1554 2726 1590 2754 ab
1615 2726 1718 2753 eodem
1745 2726 1876 2753 termino.
1898 2742 1917 2746 -
1939 2735 1965 2762 7.
1994 2726 2198 2754 Mutationibus
2222 2735 2294 2762 quae
2315 2736 2375 2754 non
2395 2726 2518 2754 suntin-

1463 2771 1506 2792 ter
1527 2764 1677 2799 contraria,
1699 2774 1760 2792 non
1781 2764 1936 2801 opponitur
1957 2765 2050 2801 quies,
2072 2766 2122 2793 sed
2144 2775 2198 2793 non
2220 2766 2345 2793 mutatio.
2363 2781 2382 2786 -
2405 2766 2432 2793 8.
2454 2767 2517 2793 Du-

1464 2804 1550 2831 bium.
1579 2804 1632 2832 Cui
1659 2813 1720 2831 non
1741 2803 1893 2832 mutationi
1918 2804 2060 2832 contraria
2087 2811 2128 2832 est
2152 2813 2212 2832 non
2233 2804 2352 2832 mutatio
2374 2814 2447 2841 quae
2476 2810 2518 2832 est

1465 2843 1493 2870 in
1515 2844 1599 2871 esse?
1620 2858 1638 2864 -
1660 2843 1734 2871 Cum
1760 2852 1815 2871 non
1838 2852 1899 2871 esse
1919 2843 2010 2879 possit
2030 2843 2118 2879 accipi
2146 2843 2189 2871 vel
2214 2844 2292 2880 quod
2313 2843 2399 2871 habet
2424 2843 2517 2871 subi'e-

1464 2888 1541 2910 ctum
1570 2882 1650 2918 quod
1671 2882 1706 2910 sit
1724 2881 1780 2920 {aut
1807 2891 1857 2910 ens
1884 2882 1914 2910 in
1941 2889 2004 2910 actu
2026 2889 2074 2910 aut
2101 2891 2151 2910 ens
2178 2882 2208 2910 in
2234 2882 2361 2918 potentia
2387 2889 2517 2918 tantum,

1463 2921 1507 2948 vel
1530 2922 1608 2957 quod
1622 2921 1733 2948 nullum
1755 2922 1839 2949 habet
1860 2921 2027 2956 subiectum,
2043 2922 2092 2950 sed
2108 2928 2149 2949 est
2170 2921 2289 2949 omnino
2302 2931 2361 2949 non
2376 2931 2441 2956 ens;
2456 2931 2518 2950 ma-

1464 2960 1598 2988 nifestum
1620 2961 1699 2996 quod
1719 2970 1779 2988 non
1807 2960 1958 2988 mutationi
1989 2970 2062 2997 quae
2089 2967 2131 2988 est
2156 2960 2185 2988 in
2213 2970 2288 2995 esse,
2314 2961 2455 2989 contraria
2476 2968 2518 2988 est

1464 3008 1524 3027 non
1539 2999 1660 3027 mutatio
1682 3009 1754 3036 quae
1776 3006 1818 3028 est
1831 2999 1861 3027 in
1875 3009 1935 3027 non
1956 3009 2026 3035 esse,
2043 3006 2182 3036 quatenus
2201 3009 2260 3027 non
2282 3009 2342 3028 esse
2363 3001 2447 3028 habet
2467 3000 2519 3028 ali-

1464 3039 1543 3074 quod
1567 3038 1735 3066 subiectum.
1754 3055 1773 3059 -
1788 3048 1815 3075 9.
1840 3040 1981 3067 Probatur
2004 3039 2151 3067 conclusio
2174 3039 2267 3075 posita
2288 3048 2317 3066 n.
2342 3048 2367 3075 7.
2392 3039 2421 3066 Si
2437 3040 2517 3075 quod

1465 3077 1621 3113 opponitur
1641 3077 1818 3114 generationi
1838 3084 1866 3105 et
1884 3078 2060 3114 corruptioni
2078 3084 2151 3106 esset
2171 3078 2260 3114 quies,
2282 3084 2446 3114 sequeretur
2467 3085 2517 3106 aut

1465 3117 1544 3153 quod
1565 3126 1625 3144 non
1640 3117 1734 3144 omnis
1750 3117 1830 3153 quies
1845 3123 1918 3145 esset
1932 3117 2073 3145 contraria
2088 3117 2188 3152 motui,
2209 3124 2258 3145 aut
2272 3118 2351 3153 quod
2371 3117 2516 3153 generatio

1465 3161 1492 3183 et
1511 3156 1657 3192 corruptio
1679 3163 1773 3184 essent
1794 3162 1928 3183 motus.-
1953 3165 1995 3183 10.
2018 3158 2083 3184 Non
2104 3156 2223 3184 mutatio
2245 3165 2318 3192 quae
2339 3162 2381 3183 est
2401 3155 2430 3182 in
2445 3164 2514 3189 esse,

1465 3200 1507 3222 est
1527 3194 1670 3222 contraria
1696 3204 1756 3223 non
1777 3195 1928 3223 mutationi
1950 3204 2023 3231 quae
2038 3202 2079 3222 est
2094 3195 2123 3222 in
2133 3204 2193 3222 non
2204 3203 2274 3229 esse,
2295 3194 2366 3222 sicut
2380 3193 2460 3230 quies
2474 3200 2516 3221 est

1465 3233 1607 3262 contraria
1628 3233 1725 3270 quieti.
1748 3235 1817 3262 Item
1842 3243 1902 3262 non
1924 3234 2043 3262 mutatio
2062 3243 2135 3270 quae
2157 3239 2198 3261 est
2218 3233 2248 3260 in
2269 3242 2338 3267 esse,
2361 3232 2516 3268 opponitur

1465 3273 1645 3310 corruptioni
1666 3274 1743 3308 (non
1765 3282 1832 3301 vero
1850 3273 2052 3309 generationi),
2064 3272 2136 3300 sicut
2150 3271 2230 3308 quies
2244 3271 2400 3307 opponitur
2413 3271 2514 3299 motui.

1465 3372 1631 3420 primum
1652 3374 1728 3410 duo
1748 3372 1852 3408 facit:
1881 3371 2004 3419 prir'no
2035 3370 2195 3407 ostendit
2222 3370 2326 3418 quod
2347 3370 2451 3419 quies
2471 3370 2516 3407 sit

1467 3424 1650 3461 contraria
1679 3424 1818 3469 motui;
1847 3423 2014 3459 secundo
2043 3435 2138 3471 quae
2169 3422 2247 3469 cui,
2277 3422 2347 3459 ibi:
2388 3423 2514 3464 Qualis

1465 3482 1588 3513 autem
1605 3478 1624 3497 ²³²
1645 3484 1713 3512 etc.
1743 3475 1841 3512 Dicit
1870 3487 1956 3522 ergo
1986 3474 2120 3523 prim0‚
2150 3476 2254 3522 quod
2282 3474 2368 3523 quia
2395 3475 2515 3511 motui

1465 3539 1543 3564 non
1572 3530 1694 3564 solum
1721 3527 1869 3564 videtur
1897 3526 2112 3563 contrariari
2139 3534 2276 3573 motus,
2306 3527 2372 3564 sed
2402 3527 2514 3564 etiam

1464 3579 1591 3627 quies,
1621 3579 1947 3617 determinandum
1977 3587 2030 3616 est
2067 3579 2160 3627 hoc,
2190 3579 2346 3627 qualiter
2378 3579 2514 3616 scilicet

2539 1253 2550 1264 ⁸
2563 1252 2630 1274 Text.
2645 1258 2682 1280 54.

2543 1943 2554 1953 '⁵
2568 1942 2635 1964 Text.
2650 1948 2684 1970 55.

2540 3487 2550 3497 ⁸
2565 3486 2634 3508 Num.
2650 3493 2698 3514 seq.
