2950 4004
465 240 516 275 94

1107 226 1452 263 PHYSICORUM
1479 224 1827 261 ARISTOTELIS
1857 224 1950 260 LlB.
1982 225 2014 260 II

1057 510 1356 567 LECTIO
1394 509 2052 587 DECIMAQUARTA

717 701 934 732 NATURAM
957 699 1100 730 AGERE
1124 697 1324 728 PROPTER
1346 697 1479 727 FINEM
1503 697 1560 727 EX
1583 696 1634 727 IIS
1657 696 1755 727 IPSIS
1779 696 2137 728 DEMONSTRATUR
2162 697 2218 728 EX
2243 697 2397 735 QUIBUS

1157 764 1304 800 ALIQUI
1330 763 1576 794 OPPOSITUM
1600 762 1954 794 CONCLUDEBANT

465 953 634 995 Ἀμαρτία
658 945 697 981 δὲ,
719 952 878 994 γίγνεται
903 949 960 978 καὶ
987 947 1019 979 ἐν
1046 950 1116 983 τοῖς
1141 946 1237 978 κατα
1255 945 1391 990 τέχνην·
1412 944 1533 991 ἔγραψε

536 995 582 1039 *foi
634 992 692 1025 οὐκ
728 993 826 1038 ὀρθῶς
860 993 874 1024 ὁ
903 990 1161 1037 γραμματικός,
1194 992 1250 1022 καὶ
1284 989 1440 1023 ἐπότισεν
1474 989 1534 1021 οὐκ

538 1041 572 1082 ὀρ
596 1039 636 1075 ῶς
664 1039 679 1069 ὀ
705 1038 820 1083 ἰατρὸς
848 1036 888 1068 τὸ
914 1035 1102 1080 φάρμακον·
1130 1034 1216 1067 ὥστε
1241 1029 1344 1072 δῆλον
1373 1033 1426 1065 ὅτι
1445 1028 1535 1065 ἑνδέ-

535 1094 637 1127 χεται
654 1084 712 1112 καὶ
729 1084 761 1114 ἐν
783 1085 853 1118 τοῖς
871 1080 967 1112 κατα
982 1079 1090 1122 φύσιν.
1118 1080 1155 1110 Εἰ
1174 1075 1215 1115 δή
1237 1078 1327 1112 ἔστιν
1347 1078 1418 1110 ἔνια
1438 1077 1534 1111 κατοί

537 1126 658 1171 τέχνην
685 1126 716 1157 ἐν
745 1127 789 1164 οἷς
816 1125 857 1158 τὸ
884 1125 981 1169 ὀρθῶς
1009 1123 1107 1156 ἕνεκα
1132 1135 1205 1164 του,
1226 1123 1258 1155 ἐν
1276 1119 1313 1156 δὲ
1330 1126 1399 1159 τοῖς
1429 1123 1534 1167 ἀμαρ-

537 1169 732 1214 τανομὲνοις
759 1170 857 1202 ἕνεκα
882 1168 941 1214 μέν
969 1180 1058 1207 τινος
1089 1166 1311 1212 ἐπιχειρεῖται
1346 1167 1418 1199 ἀλλ’
1450 1167 1532 1199 ἀπο-

536 1214 770 1260 τυγχάνεται,
804 1215 922 1257 ὁμοίως
952 1212 989 1245 ἂν
1017 1213 1088 1258 ἔχοι
1113 1214 1171 1243 καὶ
1204 1213 1236 1244 ἐν
1263 1217 1333 1250 τοῖς
1364 1214 1529 1254 φυσικοῖς,

535 1262 592 1290 καὶ
618 1259 667 1291 ταὶ
690 1259 824 1303 τέρατα
852 1257 1096 1302 ἁμαρτήματα,
1117 1254 1242 1289 ἐκείνου
1261 1258 1322 1289 τοῦ
1342 1254 1439 1287 ἕνεκα
1456 1267 1529 1288 του.

535 1306 599 1335 Καὶ
627 1301 658 1334 ἐν
686 1308 761 1341 ταῖς
797 1302 831 1344 ἐξ
859 1302 963 1356 ἀρχῆς
991 1302 1056 1346 ἄρα
1087 1300 1269 1334 συστάσεσι
1295 1301 1342 1333 ταῖ
1367 1300 1530 1345 βουγενῆ,

537 1349 564 1379 εἱ
589 1347 635 1391 μή
662 1347 741 1392 πρός
769 1359 846 1379 τινα
873 1348 945 1391 ὁρον
969 1349 1026 1378 καὶ
1054 1346 1151 1384 τέλος
1177 1340 1312 1378 δυνατοὶ
1338 1342 1376 1381 ἦν
1408 1343 1529 1386 ἐλθεῖν,

536 1388 808 1436 διαφθειρομένης
837 1391 878 1432 ἂν
902 1392 1006 1436 ἀρχῆς
1033 1391 1122 1428 τινος
1149 1391 1316 1436 ἐγίγνετο,
1344 1387 1452 1433 ὥσπερ
1475 1389 1531 1420 νῦν

538 1438 599 1468 τοῦ
625 1436 832 1480 σπέρματος.

462 1482 538 1513 Ἔτι
566 1480 697 1525 ἀνάγκη
723 1480 857 1524 σπέρμα
882 1477 1038 1525 γενέσθαι
1064 1479 1216 1523 πρῶτον,
1250 1478 1340 1510 ἀλλοὶ
1364 1477 1410 1522 μή
1436 1475 1531 1515 εὐθύς

537 1527 583 1558 τοὶ
608 1526 691 1568 ζῷα·
718 1527 774 1556 καὶ
801 1524 841 1557 τὸ
870 1538 881 1553 «ι
897 1523 1053 1567 οὖλοφυές
1078 1523 1137 1566 μέν
1157 1523 1303 1565 πρῶτα»
1325 1522 1459 1565 σπέρμα
1476 1519 1528 1559 ἦν.

463 1609 539 1640 ’Έτι
563 1607 622 1637 καὶ
648 1606 680 1638 ἐν
707 1609 776 1642 τοῖς
802 1608 915 1658 (ρυτοῖς
943 1604 1053 1636 ἔνεστι
1079 1603 1119 1635 τὸ
1145 1602 1243 1635 ἕνεκα
1268 1615 1342 1644 του,
1363 1602 1470 1639 ἧττον
1493 1598 1531 1634 δὲ

536 1647 753 1694 διήρθρωται·
773 1660 915 1693 ποτερον
934 1647 990 1680 οὖν
1010 1650 1066 1680 καὶ
1086 1649 1118 1679 ὲν
1138 1651 1209 1685 τοῖς
1227 1651 1342 1692 φυτοῖς
1361 1648 1528 1693 ἐγίγνετο,

536 1694 644 1738 ὥσπερ
670 1694 814 1739 βουγενῆ
842 1688 1080 1737 ἀνδρόπρωρα,
1109 1691 1198 1723 οὕτω
1230 1693 1288 1723 καὶ
1315 1691 1531 1737 ἀμπελογενῆ

537 1739 762 1783 ἒλαιόπρωρα,
790 1737 810 1775 ἦ
837 1738 895 1775 οὕς
920 1737 1050 1769 ἄτοπον
1075 1736 1153 1782 γάρ·
1182 1736 1272 1768 ἀλλα
1296 1736 1361 1779 μην
1388 1730 1454 1767 ἔδει
1479 1748 1529 1782 γε,

536 1786 626 1828 εἴπερ
650 1785 708 1814 καὶ
734 1782 767 1813 ὲν
794 1786 863 1820 τοῖς
888 1781 997 1823 ζῴοις.

462 1830 539 1861 ’Έτι
565 1823 632 1860 ἔδει
658 1827 689 1858 ἑν
715 1830 785 1863 τοῖς
811 1825 980 1869 σπέρμασι
1004 1823 1176 1870 γίγνεσθαι
1202 1823 1289 1861 ὅπως
1316 1825 1447 1868 ἔτυχεν·

472 1873 554 1910 ὅλως
578 1868 605 1902 δ’
638 1872 766 1914 ἀναιρεῖ
791 1871 806 1902 ὁ
833 1870 922 1903 οὕτω
946 1869 1052 1915 λέγων
1079 1868 1126 1902 τοὶ
1149 1867 1243 1911 φύσει
1269 1880 1306 1901 τε
1331 1869 1389 1900 καὶ
1421 1867 1528 1912 φύσιν·

537 1915 630 1960 φύσει
655 1915 733 1961 γάρ,
754 1914 817 1946 ὅσα
844 1913 913 1947 ἀπό
938 1925 1027 1950 τινος
1053 1913 1085 1944 ἐν
1113 1914 1232 1950 αὐτοῖς
1260 1913 1365 1957 ἀρχῆς
1388 1913 1530 1957 συνεχῶς

535 1959 716 2003 κινούμενα
751 1960 939 2003 ἀφικνεῖται
969 1959 1013 1994 εἴς
1040 1969 1081 1995 τι,
1099 1957 1208 1995 τέλος·
1239 1957 1294 2000 ἀφ’
1324 1955 1469 1994 ἑκάστης
1494 1951 1532 1988 δὲ

538 2006 575 2037 οὐ
602 2004 642 2036 τὸ
669 2004 756 2036 αὐτὸ
782 2002 938 2040 ἑκάστοις
965 1997 1045 2034 ου’δέ
1071 2002 1111 2034 τὸ
1134 2001 1251 2046 τυχόν,
1273 2002 1324 2034 ἀεὶ
1341 2000 1458 2044 μέντοι
1477 2001 1531 2032 ἐπὶ

539 2049 579 2082 τὸ
605 2046 705 2087 αὐτό,
727 2048 783 2080 ἐαν
809 2048 857 2092 μή
882 2059 915 2080 τι
942 2041 1121 2090 ἐμποδίου-ῃ.
1149 2048 1194 2078 Τὸ
1219 2042 1256 2077 δὲ
1281 2046 1319 2078 οὗ
1342 2045 1452 2086 ἕνεκα,
1474 2047 1530 2076 καὶ

538 2095 554 2126 ὃ
579 2092 704 2126 τούτου
736 2092 855 2133 ἕνεκα,
886 2091 1019 2138 γένοιτο
1053 2089 1091 2123 ἂν
1116 2093 1175 2123 καὶ
1203 2090 1270 2122 ἀπὸ
1304 2089 1430 2135 τύχης,
1463 2090 1530 2120 οἱον

535 2137 677 2184 λέγομεν
705 2136 758 2168 ὅτι
786 2137 853 2169 ἀπὸ
879 2135 985 2179 τύχης
1011 2131 1110 2172 ἦλθεν
1138 2136 1152 2167 ὁ
1179 2134 1270 2175 ξένος
1293 2137 1348 2166 καὶ
1365 2133 1531 2176 λουσάμε-

537 2195 589 2219 νος
610 2181 774 2221 ἀπῆλθεν,
792 2180 874 2213 ὅταν
893 2179 1002 2222 ὥσπερ
1023 2179 1121 2211 ἕνεκα
1141 2179 1266 2212 τούτου
1285 2178 1385 2211 ἐλθών
1405 2177 1530 2222 πράξῃ,

538 2226 583 2271 μή
611 2226 708 2259 ἕνεκα
732 2221 770 2257 δὲ
795 2225 921 2258 τούτου
948 2223 1040 2267 ἔλθῃ·
1066 2225 1123 2255 καὶ
1150 2225 1256 2256 τοῦτο
1285 2223 1381 2255 κατὰ
1411 2222 1531 2264 συμβε-

538 2271 651 2312 βηκός·
680 2271 700 2306 ἡ
725 2269 789 2316 γαρ
815 2269 904 2314 τύχη
931 2269 997 2301 τῶν
1027 2268 1123 2299 κατοί
1150 2267 1357 2312 συμβεβηκός
1390 2267 1529 2306 αἰτίων,

536 2314 689 2358 καθάπερ
714 2317 770 2346 καὶ
793 2314 953 2359 πρότερον
971 2314 1121 2354 εἴπομεν·
1143 2313 1232 2344 ἀλλα
1250 2311 1336 2344 ὅταν
1354 2312 1460 2344 τοῦτο
1481 2309 1532 2343 ἀεὶ

538 2359 559 2397 ἦ
585 2362 624 2398 ὠς
658 2359 712 2391 ἐπὶ
739 2359 779 2390 τὸ
805 2359 890 2391 πολύ
921 2360 1102 2403 γίγνηται,
1136 2355 1172 2389 οὐ
1205 2357 1300 2389 κατοί
1324 2355 1533 2399 συμβεβηκὸς

538 2399 607 2437 οὐδ’
638 2403 706 2436 ἀπό
733 2403 851 2448 τύχης·
880 2403 912 2434 ἐν
938 2398 975 2434 δὲ
1000 2405 1070 2439 τοῖς
1097 2406 1241 2446 φυσικοῖς
1269 2398 1318 2433 ἀεὶ
1345 2399 1464 2440 οὕτως,
1494 2399 1532 2431 ἂν

537 2449 583 2493 μή
611 2461 643 2481 τι
670 2443 848 2492 ὲμποδίσῃ.

462 2537 613 2569 ’Ἄτοπον
638 2532 675 2568 δὲ
701 2536 742 2567 τὸ
767 2535 813 2579 μή
841 2534 966 2566 οἴεσθαι
993 2533 1091 2566 ἕνεκα
1121 2545 1180 2565 του
1204 2531 1391 2579 γίγνεσθαι,
1410 2531 1468 2563 ἑοὶν
1487 2530 1533 2574 μη

536 2577 630 2613 ἴδωσι
656 2580 696 2613 τὸ
720 2580 831 2611 κινοῦν
858 2578 1136 2621 βουλευσάμενον.
1165 2579 1287 2610 Καίτοι
1310 2578 1369 2608 καὶ
1387 2577 1407 2612 ἡ
1428 2574 1531 2619 τέχνη

538 2626 575 2657 οὐ
602 2623 815 2665 βουλεύεται·
839 2626 897 2656 καὶ
921 2623 984 2670 γοὶρ
1011 2624 1037 2654 εἰ
1064 2623 1140 2658 ὲνῆν
1167 2623 1198 2653 ἐν
1225 2622 1272 2662 τῷ
1298 2620 1384 2662 ξύλῳ
1411 2621 1430 2656 ἡ
1457 2630 1534 2651 ναυ-

538 2669 680 2716 πηγική,
701 2670 819 2713 ὁμοίως
847 2667 885 2700 ἂν
911 2667 1005 2710 φύσει
1027 2668 1144 2699 ἐποίει·
1165 2665 1243 2699 ὥστ’
1266 2666 1294 2697 εἰ
1311 2666 1344 2697 ἑν
1363 2665 1407 2706 τῇ
1428 2663 1532 2708 τέχνῃ

540 2715 648 2746 ἔνεστι
673 2714 714 2746 τό
741 2712 838 2745 ἕνεκα
864 2724 938 2754 του,
964 2713 1021 2744 καὶ
1048 2712 1079 2743 ἐν
1106 2711 1213 2753 φύσει.
1240 2709 1401 2742 Μάλιστα
1419 2704 1456 2740 δὲ
1473 2707 1532 2745 δῆ-

536 2761 616 2799 λον,
645 2757 727 2790 ὅταν
760 2769 809 2794 τις
842 2756 984 2799 ἰατρεύῃ
1019 2756 1124 2792 αὐτὸς
1159 2754 1294 2786 ἑαυτόν·
1324 2753 1436 2794 τούτῳ
1468 2754 1532 2801 γάρ

539 2803 642 2834 ἔοικεν
669 2804 688 2839 ἢ
715 2800 821 2844 φύσις.
852 2801 928 2833 Ὅτι
960 2800 1019 2844 μὲν
1053 2798 1110 2832 οὖν
1146 2800 1244 2832 αἰτία
1275 2800 1295 2835 ἡ
1330 2798 1443 2842 φύσις,
1476 2800 1533 2831 καὶ

540 2847 646 2884 οὕτως
671 2848 712 2884 ὠς
739 2845 837 2878 ἕνεκα
863 2857 936 2887 του,
964 2844 1116 2890 φανερόν.

529 3007 676 3034 synopsis.
690 3022 723 3026 -
741 3015 764 3033 1.
780 3006 989 3042 Argumentum
1005 3011 1032 3032 et
1047 3003 1148 3032 divisio
1163 3010 1265 3031 textus.
1282 3020 1300 3024 -
1316 3010 1343 3030 2.
1360 3002 1488 3030 Primum
1503 3010 1536 3029 ex

476 3055 534 3083 quo
563 3045 650 3082 aliqui
678 3046 868 3074 movebantur
893 3045 930 3072 ad
955 3045 1120 3081 negandum
1148 3050 1280 3071 naturam
1308 3051 1392 3079 agere
1419 3048 1537 3078 propter

476 3086 563 3114 finem
577 3091 637 3113 erat
658 3094 690 3112 ex
711 3085 767 3112 hoc
782 3085 861 3121 quod
876 3084 1032 3121 aliquando
1054 3083 1165 3111 videtur
1179 3082 1260 3111 aliter
1275 3082 1449 3119 contingere,
1465 3081 1538 3109 sicut

475 3131 553 3162 patet
574 3125 603 3152 in
625 3124 776 3159 monstris,
804 3133 878 3161 quae
899 3130 965 3152 sunt
985 3129 1102 3160 peccata
1123 3129 1251 3151 naturae.
1267 3139 1286 3143 -
1303 3122 1328 3150 3.
1344 3122 1454 3150 Contra
1481 3121 1537 3149 hoc

476 3171 623 3202 ponuntur
644 3171 768 3201 quatuor
797 3164 931 3192 rationes.
954 3165 981 3198 a)
1003 3162 1097 3191 Etiam
1126 3161 1156 3190 in
1177 3169 1237 3190 arte
1264 3161 1448 3190 inveniuntur
1470 3170 1536 3198 pec-

477 3211 547 3233 cata.
570 3206 605 3232 Et
626 3204 698 3232 sicut
713 3203 741 3231 in
756 3210 815 3232 arte
830 3209 947 3239 peccata
968 3209 1034 3230 sunt
1055 3202 1169 3239 signum
1191 3202 1271 3238 quod
1285 3210 1330 3229 ars
1348 3207 1466 3237 propter
1487 3201 1536 3228 de-

477 3244 659 3272 terminatum
682 3243 768 3271 finem
790 3243 856 3280 agit,
878 3243 916 3271 ita
937 3242 1022 3270 etiam
1044 3242 1074 3270 in
1094 3248 1197 3270 natura
1211 3258 1230 3262 -
1243 3250 1272 3276 4.
1288 3241 1315 3276 b)
1330 3240 1385 3269 Ubi
1399 3247 1467 3268 sunt
1487 3241 1537 3268 de-

478 3283 628 3311 terminata
642 3282 781 3319 principia
795 3289 822 3310 et
837 3282 1041 3310 determinatus
1063 3282 1137 3309 ordo
1158 3280 1348 3317 procedendi,
1371 3281 1455 3308 debet
1476 3289 1537 3308 esse

479 3329 506 3349 et
526 3322 730 3350 determinatus
752 3322 816 3350 finis
831 3328 948 3358 propter
962 3331 1048 3358 quem
1064 3321 1120 3349 alia
1134 3320 1212 3349 fiant.
1230 3320 1286 3348 Sed
1308 3319 1337 3347 in
1352 3319 1536 3356 generatione

480 3361 646 3389 animalium
677 3368 742 3389 sunt
771 3361 958 3390 determinata
988 3360 1128 3397 principia
1158 3366 1185 3388 et
1221 3359 1425 3387 determinatus
1453 3359 1536 3387 ordo.

480 3401 545 3427 Non
574 3409 640 3437 ergo
662 3400 692 3428 in
713 3401 882 3429 animalibus
904 3400 1037 3429 accidunt
1058 3406 1188 3428 monstra
1202 3398 1270 3436 quia
1284 3405 1385 3427 natura
1406 3407 1465 3426 non
1481 3398 1538 3436 agit

481 3445 597 3475 propter
613 3440 706 3467 finem.
722 3456 740 3461 -
757 3441 782 3468 5.
798 3443 823 3475 c)
839 3440 868 3467 Si
889 3446 1005 3476 peccata
1020 3440 1048 3468 in
1063 3439 1234 3468 animalibus
1249 3438 1421 3475 proveniunt
1435 3447 1467 3466 ex
1482 3438 1538 3466 hoc

482 3479 560 3515 quod
583 3485 683 3506 natura
706 3488 765 3506 non
793 3486 927 3515 operatur
947 3486 1065 3516 propter
1086 3479 1183 3514 finem,
1199 3478 1289 3515 magis
1311 3477 1447 3506 deberent
1468 3486 1538 3506 con-

482 3517 588 3554 tingere
610 3517 639 3544 in
661 3518 744 3545 rebus
759 3517 948 3553 inferioribus,
964 3528 1028 3546 cum
1051 3518 1080 3546 in
1095 3518 1266 3547 animalibus
1281 3517 1317 3545 sit
1340 3516 1430 3554 magis
1445 3516 1538 3545 mani-

482 3557 584 3585 festum
613 3563 743 3585 naturam
767 3566 850 3593 agere
873 3564 990 3594 propter
1004 3558 1099 3586 finem.
1116 3574 1134 3579 -
1157 3559 1183 3586 6,
1199 3559 1228 3593 d)
1248 3557 1277 3586 Si
1299 3556 1433 3585 animalia
1447 3556 1537 3593 quali-

1587 947 1604 965 ’ὅ
1618 947 1787 978 Peccatum
1811 954 1918 978 autem
1936 947 1971 979 fit
1987 954 2017 979 et
2032 948 2065 978 in
2083 947 2120 978 iis
2137 958 2217 989 quae
2240 947 2322 979 fiunt
2337 949 2513 979 secundum
2533 956 2645 980 artem:

1654 991 1776 1032 scripsit
1799 992 1885 1022 enim
1904 1002 1969 1023 non
1986 999 2066 1022 recte
2085 991 2318 1032 grammaticus,
2339 999 2370 1023 et
2387 993 2568 1032 propinavit
2582 1003 2647 1024 me-

1655 1035 1742 1066 dicus
1766 1046 1832 1066 non
1855 1043 1937 1067 recte
1955 1036 2131 1076 potionem.
2153 1037 2258 1073 Quare
2277 1036 2480 1067 manifestum
2499 1043 2546 1068 est
2560 1038 2649 1078 quod

1654 1079 1807 1120 contingit
1830 1087 1860 1111 et
1882 1080 1915 1110 in
1939 1080 1975 1110 iis
2005 1090 2086 1121 quae
2116 1080 2292 1110 secundum
2322 1087 2466 1110 naturam
2494 1079 2584 1112 fiunt.
2616 1081 2649 1112 Si

1653 1124 1747 1164 igitur
1770 1130 1844 1154 sunt
1867 1125 2023 1164 quaedam
2047 1123 2223 1154 secundum
2246 1130 2357 1161 artem,
2376 1123 2409 1154 in
2425 1123 2541 1165 quibus
2560 1125 2650 1166 quod

1653 1174 1735 1199 recte
1757 1167 1808 1206 fit,
1832 1175 1960 1208 propter
1984 1167 2103 1209 aliquid
2119 1167 2171 1205 fit;
2194 1166 2228 1197 in
2244 1167 2359 1208 quibus
2375 1167 2470 1198 etiarn
2486 1175 2648 1208 peccatur,

1654 1212 1785 1243 alicuius
1811 1212 1909 1252 gratia
1932 1212 2050 1252 agitur,
2075 1212 2130 1242 sed
2153 1211 2288 1242 fallitur:
2316 1211 2458 1242 similiter
2486 1212 2597 1253 utique
2620 1219 2651 1244 et

1653 1257 1686 1287 in
1710 1256 1847 1297 physicis
1874 1263 1905 1286 et
1923 1263 2065 1287 monstra
2085 1262 2158 1286 sunt
2173 1262 2300 1295 peccata
2314 1255 2400 1286 illius
2414 1257 2503 1297 quod
2522 1263 2650 1297 propter

1653 1300 1772 1341 aliquid
1796 1307 1851 1330 est.
1876 1300 1917 1330 Et
1939 1300 1972 1330 in
1996 1299 2176 1331 substantiis
2205 1309 2279 1340 ergo
2303 1309 2384 1340 quae
2408 1306 2482 1331 sunt
2505 1310 2541 1331 ex
2564 1301 2648 1341 prin-

1654 1344 1736 1385 cipio
1761 1344 1933 1384 bovigena,
1958 1344 1983 1374 si
2008 1354 2072 1374 non
2097 1343 2135 1373 ad
2155 1343 2294 1384 aliquem
2312 1343 2485 1374 terminum
2504 1351 2534 1376 et
2552 1344 2650 1375 finem

1653 1395 1798 1429 poterant
1820 1387 1944 1427 venire,
1969 1394 2117 1428 corrupto
2141 1387 2297 1428 principio
2326 1387 2434 1429 aliquo
2453 1387 2534 1419 facta
2557 1395 2650 1428 sunt,

1653 1439 1734 1463 sicut
1756 1442 1841 1462 nunc
1865 1432 1994 1463 semine.

1586 1477 1603 1496 *
1627 1477 1796 1517 Amplius,
1825 1485 1949 1507 necesse
1973 1483 2020 1507 est
2042 1485 2150 1507 semen
2168 1475 2235 1506 fieri
2253 1475 2412 1516 primum,
2434 1476 2487 1506 sed
2507 1486 2573 1507 non
2592 1483 2651 1507 sta-

1653 1521 1711 1552 tim
1743 1520 1907 1551 animalia:
1943 1527 1973 1551 et
2000 1520 2098 1551 molle
2120 1526 2232 1550 natura
2254 1519 2396 1560 primurn
2427 1520 2516 1561 quod
2543 1530 2651 1552 semen

1653 1571 1726 1596 erat.

1586 1609 1733 1650 Amplius
1750 1615 1780 1639 et
1795 1608 1827 1639 in
1843 1608 1957 1649 plantis
1977 1609 2058 1639 inest
2073 1608 2163 1649 quod
2178 1613 2307 1648 propter
2322 1608 2399 1646 hoc;
2423 1608 2529 1639 minus
2544 1615 2652 1640 autem

1653 1652 1892 1684 dearticulatum
1911 1660 1966 1683 est.
1991 1653 2108 1684 Utrum
2126 1652 2220 1692 igitur
2237 1651 2270 1682 in
2286 1651 2448 1682 arboribus
2463 1651 2549 1691 fiant,
2569 1653 2651 1684 sicut

1653 1697 1807 1737 bovigena
1829 1697 1992 1737 viriprora,
2016 1697 2060 1727 sic
2083 1703 2113 1727 et
2134 1695 2270 1736 vitigena
2294 1696 2472 1736 oleoprora,
2487 1703 2542 1727 aut
2565 1694 2652 1727 non?

1653 1741 1879 1772 Inconveniens
1903 1740 1988 1771 enim
2012 1748 2075 1772 est:
2101 1740 2154 1771 sed
2177 1747 2284 1771 tamen
2307 1740 2460 1780 oportuit,
2477 1740 2502 1771 si
2521 1740 2651 1781 quidem

1634 1785 1685 1815 'in
1709 1785 1896 1816 animalibus
1920 1791 1974 1816 est.
2319 1815 2322 1818 .

1586 1830 1603 1848 *
1626 1829 1739 1860 Adhuc
1763 1829 1905 1869 oportuit
1923 1828 1956 1859 in
1982 1828 2154 1859 seminibus
2174 1827 2241 1859 fieri
2266 1834 2302 1859 ut
2329 1828 2491 1868 contingit.

1587 1873 1729 1905 Omnino
1754 1880 1860 1904 autem
1880 1873 2010 1904 destruit
2026 1872 2068 1903 sic
2095 1872 2200 1903 dicens
2229 1882 2264 1902 ea
2287 1882 2369 1913 quae
2393 1879 2504 1903 natura
2519 1873 2650 1913 quidem

1653 1924 1727 1948 sunt
1750 1924 1780 1948 et
1803 1924 1956 1948 naturam.
1980 1918 2099 1948 Natura
2123 1917 2252 1957 quidem
2277 1916 2362 1947 enirn
2381 1923 2454 1947 sunt
2477 1926 2650 1958 quaecum-

1653 1971 1715 2002 que
1747 1971 1766 1991 a
1802 1961 1943 2002 quodam
1973 1961 2005 1991 in
2038 1961 2147 2001 seipsis
2178 1960 2334 2001 principio
2366 1960 2515 1991 continue
2540 1967 2650 2001 mota,

1653 2005 1805 2036 accedunt
1825 2006 1865 2035 ad
1879 2005 2018 2046 aliquem
2039 2004 2146 2036 finem.
2163 2005 2212 2035 Ab
2231 2014 2430 2045 unoquoque
2455 2011 2562 2036 autem
2585 2015 2651 2036 non

1653 2050 1738 2080 idem
1766 2049 1957 2090 unicuique,
1981 2059 2085 2090 neque
2119 2049 2322 2088 contingens:
2348 2058 2471 2088 semper
2489 2055 2596 2080 tamen
2617 2049 2651 2080 in

1654 2093 1801 2131 eundem,
1810 2093 1870 2123 nisi
1895 2093 2014 2133 aliquid
2040 2092 2228 2133 impediat.*
2243 2092 2341 2129 Quod
2363 2099 2470 2123 autem
2494 2099 2540 2123 est
2562 2093 2652 2124 cuius

1654 2134 1746 2168 causa
1770 2136 1805 2167 fit
1828 2143 1858 2167 et
1886 2137 1975 2177 quod
1998 2143 2127 2177 propter
2148 2136 2230 2175 hoc,
2254 2135 2308 2167 fiet
2331 2136 2440 2177 utique
2464 2146 2482 2166 a
2503 2136 2652 2177 fortuna;

1654 2181 1734 2211 sicut
1765 2181 1898 2211 dicimus
1929 2191 1947 2211 a
1977 2180 2104 2211 fortuna
2122 2181 2208 2211 venit
2231 2187 2394 2211 extraneus
2427 2186 2457 2211 et
2488 2180 2651 2213 balneatus

1654 2225 1811 2264 abscessit,
1827 2235 1902 2255 cum
1915 2231 2067 2265 tanquam
2090 2231 2219 2265 propter
2238 2224 2298 2255 hoc
2322 2223 2451 2255 veniens
2474 2225 2570 2265 egerit
2585 2235 2652 2256 non

1653 2276 1782 2310 propter
1804 2269 1866 2300 hoc
1884 2275 1992 2300 autem
2014 2268 2118 2307 venit,
2143 2275 2173 2299 et
2199 2269 2262 2299 hoc
2290 2268 2466 2299 secundum
2489 2269 2651 2300 accidens:

1654 2313 1781 2344 fortuna
1805 2313 1890 2344 enim
1924 2320 1969 2344 est
1992 2323 2158 2344 causarum
2181 2322 2262 2353 quae
2297 2319 2370 2343 sunt
2395 2313 2571 2344 secundum
2603 2323 2651 2345 ac-

1655 2358 1771 2396 cidens,
1792 2357 2066 2398 quemadmodum
2086 2363 2116 2387 et
2134 2356 2221 2397 prius
2245 2355 2391 2387 diximus.
2416 2356 2478 2387 Sed
2497 2366 2572 2387 cum
2589 2357 2652 2388 hoc

1655 2411 1778 2442 semper
1794 2408 1848 2432 aut
1864 2401 1944 2432 sicut
1962 2401 2140 2442 frequenter
2155 2400 2219 2438 fiat,
2235 2410 2301 2430 non
2316 2401 2492 2431 secundum
2507 2400 2650 2432 accidens

1655 2456 1758 2487 neque
1782 2456 1799 2476 a
1822 2445 1949 2476 fortuna
1968 2452 2029 2475 est:
2046 2445 2079 2475 in
2097 2444 2234 2486 physicis
2251 2451 2357 2475 autem
2380 2454 2504 2485 semper
2526 2444 2570 2475 sic
2593 2451 2650 2483 est,

1655 2490 1714 2520 nisi
1737 2490 1855 2531 aliquid
1878 2489 2039 2529 impediat.
2398 2501 2403 2506 ¹

1587 2534 1604 2553 *
1624 2534 1850 2565 Inconveniens
1874 2540 1980 2564 autem
1997 2539 2043 2564 est
2065 2543 2131 2563 non
2147 2532 2270 2573 opinari
2293 2540 2422 2574 propter
2438 2532 2557 2574 aliquid
2572 2531 2650 2572 fieri,

1655 2579 1715 2608 nisi
1737 2578 1880 2608 videatur
1898 2587 2030 2608 movens
2054 2577 2247 2608 deliberasse.
2277 2579 2426 2608 Attamen
2449 2587 2498 2607 ars
2521 2577 2651 2618 quidem

1655 2633 1722 2653 non
1753 2622 1910 2653 deliberat.
1939 2622 1979 2652 Et
2009 2631 2147 2662 namque
2180 2621 2206 2651 si
2235 2627 2315 2664 esset
2337 2620 2369 2652 in
2388 2621 2475 2661 ligno
2499 2621 2587 2652 navis
2606 2621 2652 2651 fa—

1656 2667 1746 2705 ctiva,
1771 2666 1911 2697 similiter
1933 2666 2044 2706 utique
2067 2672 2178 2696 natura
2200 2665 2331 2696 fecisset.
2357 2665 2463 2702 Quare
2487 2665 2512 2695 si
2535 2665 2569 2695 in
2587 2671 2652 2696 arte

1654 2711 1736 2741 inest
1758 2717 1887 2751 propter
1904 2710 2048 2750 aliquid,
2078 2716 2108 2740 et
2135 2709 2168 2739 in
2188 2716 2298 2740 natura
2325 2709 2415 2740 inest.
2447 2709 2653 2740 Manifestum

1655 2762 1701 2786 est
1724 2762 1830 2785 autem
1849 2754 1984 2784 maxime
2005 2764 2079 2784 cum
2102 2753 2215 2794 aliquis
2238 2753 2382 2784 medetur
2404 2753 2471 2794 ipse
2495 2753 2552 2784 sibi
2576 2753 2652 2794 ipsi:

1654 2799 1728 2830 huic
1763 2799 1894 2840 quidem
1929 2798 2014 2828 enim
2044 2798 2233 2828 assimilatur
2268 2804 2389 2828 natura.
2427 2797 2526 2835 Quod
2558 2797 2654 2838 igitur

1656 2853 1749 2874 causa
1773 2843 1811 2874 sit
1830 2849 1957 2882 natura,
1977 2849 2008 2873 et
2030 2842 2073 2873 sic
2092 2842 2173 2873 sicut
2195 2848 2324 2882 propter
2353 2841 2492 2883 aliquid,
2522 2841 2652 2872 manife-

1656 2894 1741 2918 stum
1767 2894 1822 2918 est.

1589 3008 1756 3038 tercumque
1787 3007 1906 3038 possent
1919 3000 2057 3038 generari,
2073 3006 2191 3037 possent
2212 3007 2240 3028 et
2260 2999 2378 3034 semina,
2399 2999 2439 3027 ita
2453 2998 2558 3027 scilicet
2572 2999 2653 3036 quod

1589 3050 1607 3069 a
1627 3050 1813 3078 quocumque
1828 3041 2034 3078 quodcumque
2049 3049 2148 3068 semen
2163 3040 2378 3077 produceretur.
2393 3039 2482 3074 Quod
2497 3045 2575 3075 patet
2588 3047 2652 3067 esse

1589 3080 1700 3109 falsum.
1716 3097 1735 3103 -
1750 3090 1776 3117 7.
1799 3081 1964 3109 Secundum
1986 3089 2019 3108 ex
2041 3089 2100 3117 quo
2122 3080 2313 3108 movebantur
2335 3085 2404 3114 erat,
2427 3077 2494 3115 quia
2522 3087 2557 3107 ea
2577 3087 2652 3115 quae

1589 3120 1756 3149 naturaliter
1770 3119 1843 3148 fiunt
1859 3120 2030 3148 videbantur
2044 3119 2084 3147 eis
2099 3119 2254 3156 procedere
2269 3127 2286 3147 a
2300 3117 2395 3147 causis
2409 3117 2562 3155 prioribus,
2579 3126 2653 3155 quae

1590 3167 1656 3189 sunt
1671 3160 1791 3189 materia
1809 3166 1836 3188 et
1850 3169 1937 3197 agens
1947 3181 1954 3195 ,
1969 3166 1997 3188 et
2011 3168 2072 3187 non
2087 3168 2121 3187 ex
2142 3158 2301 3187 intentione
2317 3157 2390 3186 finis.
2405 3158 2444 3186 At
2458 3157 2551 3186 dicere
2571 3157 2653 3195 quod

1590 3207 1692 3229 natura
1706 3209 1767 3229 non
1781 3206 1846 3237 agat
1859 3206 1977 3236 propter
1993 3198 2111 3236 aliquid,
2127 3197 2247 3227 destruit
2260 3204 2392 3226 naturam
2407 3204 2435 3226 et
2449 3206 2484 3225 ea
2497 3206 2572 3234 quae
2586 3203 2654 3226 sunt

1590 3241 1749 3268 secundum
1770 3246 1912 3268 naturam.
1935 3239 1985 3267 Illa
2005 3238 2084 3267 enim
2105 3237 2238 3267 dicuntur
2258 3246 2320 3266 esse
2335 3237 2495 3266 secundum
2508 3243 2653 3272 naturam,

1591 3289 1664 3317 quae
1685 3281 1721 3308 ab
1743 3279 1840 3316 aliquo
1871 3278 2062 3307 determinato
2076 3277 2218 3315 principio
2239 3277 2394 3306 intrinseco
2415 3282 2570 3305 moventur
2582 3284 2653 3305 con·

1590 3319 1668 3348 tinue
1699 3327 1850 3356 quousque
1878 3318 2063 3355 perveniant,
2086 3326 2147 3346 non
2167 3326 2219 3354 per
2239 3317 2380 3353 accidens,
2395 3317 2446 3345 sed
2460 3324 2582 3353 semper,
2597 3314 2652 3344 nisi

1590 3359 1698 3397 aliquid
1719 3358 1866 3396 impediat,
1892 3359 1929 3387 ad
1951 3357 2173 3386 determinatum
2194 3356 2292 3386 finem.
2304 3373 2323 3379 -
2343 3357 2371 3385 8.
2386 3356 2517 3384 Tertium
2537 3364 2570 3384 ex
2591 3363 2651 3392 quo

1590 3398 1739 3427 videbatur
1755 3398 1927 3436 quibusdam
1943 3398 2023 3435 quod
2044 3403 2145 3426 natura
2166 3406 2226 3425 non
2253 3402 2319 3434 agat
2340 3402 2459 3433 propter
2485 3395 2572 3423 finem
2592 3399 2654 3422 erat

1591 3438 1659 3475 quia
1679 3444 1781 3467 natura
1794 3447 1854 3467 non
1869 3437 2016 3466 deliberat.
2032 3437 2091 3465 Sed
2103 3446 2197 3474 neque
2218 3436 2315 3465 artifex
2329 3435 2467 3464 deliberat
2481 3434 2651 3471 inquantum

1590 3478 1677 3506 habet
1706 3484 1796 3506 artem
1808 3500 1815 3513 ,
1837 3478 1887 3506 sed
1910 3477 2083 3514 inquantum
2118 3476 2213 3504 deficit
2243 3485 2260 3504 a
2281 3474 2449 3504 certitudine
2476 3473 2553 3502 artis.
2584 3473 2651 3500 Non

1591 3517 1747 3546 deliberare
1762 3526 1830 3554 ergo
1852 3525 1912 3545 non
1926 3515 2058 3553 provenit
2072 3524 2106 3544 ex
2120 3524 2156 3543 eo
2171 3515 2251 3552 quod
2266 3523 2354 3552 agens
2374 3523 2434 3542 non
2455 3518 2520 3550 agat
2533 3518 2652 3549 propter

1591 3557 1688 3591 finem,
1713 3557 1763 3585 sed
1784 3566 1817 3585 ex
1832 3566 1867 3585 eo
1889 3556 1968 3593 quod
1989 3556 2075 3583 habet
2095 3554 2282 3583 determinata
2297 3553 2392 3582 media
2411 3561 2462 3590 per
2482 3560 2556 3589 quae
2577 3557 2651 3588 agat.

2675 959 2686 969 ⁸
2701 958 2755 986 Seq.
2770 963 2820 986 cap.
2837 963 2889 980 vm.

2675 984 2742 1007 Text.
2757 984 2791 1007 82.

2678 1489 2687 1498 ⁴
2701 1488 2769 1511 Text.
2783 1488 2820 1517 83.

2677 1841 2692 1852 ⁸·
2701 1839 2769 1863 Text.
2784 1840 2823 1867 84.
2866 1866 2870 1869 ,

2677 2103 2689 2115 ⁴
2703 2102 2770 2125 Text.
2785 2103 2823 2131 85.

2675 2538 2687 2550 ¹·
2700 2537 2768 2560 Text.
2783 2537 2825 2560 86.
