2898 3996
234 1352 242 1361 '¹
278 1350 429 1378 Philosophus

233 1382 280 1398 om.
297 1376 364 1398 codd.
379 1382 428 1398 exc.

233 1409 300 1424 rxnr.

233 1666 242 1675 ·
257 1665 318 1686 Lect.
333 1671 398 1686 xvnt.

234 1769 412 1790 *determinata
428 1775 442 1790 P

231 1795 279 1821 ab,
296 1795 441 1816 dmonstra-

232 1812 279 1842 tive
292 1827 359 1849 impu.

233 1847 318 1869 'Lect.
333 1853 381 1875 seq.

234 2353 344 2380 '‘altqms
358 2358 413 2374 rust
421 2355 443 2374 et

232 2379 282 2426 2?
299 2381 401 2400 movetur
414 2385 442 2400 Pa

234 3033 242 3041 ·
257 3031 319 3052 Lect.
331 3037 361 3052 ix.

234 3138 242 3145 ·
258 3136 347 3164 aliquid
364 3136 439 3162 ιη’ῑοὶ).

237 3241 245 3249 ·
261 3239 321 3261 Lect.
333 3246 362 3266 ιι,
374 3246 395 3261 ιι.
404 3245 423 3267 3.

461 268 542 305 424

465 337 556 366 multo
571 336 666 364 minus
679 341 774 372 potest
788 343 849 363 esse
864 334 909 363 ille
924 334 972 371 qui
987 340 1028 362 est
1043 333 1229 370 compositus.
1245 335 1299 362 Iste
1311 343 1379 371 ergo
1394 341 1519 371 praeter-

465 376 619 405 mittendus
641 381 690 403 est.
710 391 727 396 —
747 374 773 403 3.
796 374 897 402 Nullus
918 380 1014 402 motus
1035 379 1127 400 rectus
1141 378 1236 408 potest
1250 382 1311 401 esse
1325 373 1355 401 in
1375 373 1519 402 infinitum

466 415 627 449 continuus,
649 413 703 442 nisi
724 420 848 450 ponatur
868 412 963 449 aliqua
985 412 1152 448 magnitudo
1180 411 1292 440 infinita
1311 412 1342 440 in
1363 419 1442 448 actu3
1464 414 1520 442 hoc

466 461 562 484 autem
583 460 625 481 est
646 453 835 489 impossibile3
858 461 925 489 ergo
941 458 992 479 etc.
1015 450 1127 487 Duplici
1143 450 1254 479 ratione
1268 452 1407 488 probatur
1427 452 1520 481 maior

466 492 676 522 conditionalis.
699 494 726 527 a)
749 493 822 520 Cum
844 490 1071 528 magnitudinem
1092 489 1202 518 finitam
1223 490 1330 518 mobile
1343 497 1521 527 pertranseat

465 540 595 568 tempore
616 531 706 566 finito,
722 531 745 559 si
766 530 873 567 aliquid
888 539 973 566 super
986 535 1092 557 rectam
1114 529 1341 566 magnitudinem
1362 536 1390 558 et
1410 530 1520 558 finitam

466 577 597 600 movetur
617 570 647 598 in
668 570 820 605 infinitum,
835 576 950 606 oportet
964 569 1043 605 quod
1058 569 1114 596 hoc
1129 568 1177 596 fiat
1191 577 1242 605 per
1255 568 1448 597 reflexionem.
1463 570 1520 598 Sed

466 611 535 639 illud
556 610 635 646 quod
656 609 808 637 reflectitur
828 609 985 637 secundum
1002 614 1113 636 motum
1127 614 1245 643 rectum,
1262 614 1393 636 movetur
1407 615 1520 637 contra-

466 650 514 677 riis
536 649 676 677 motibus:
705 655 801 676 motus
826 648 902 676 enirn
931 647 1027 675 reflexi
1050 647 1158 675 habent
1186 647 1345 676 contrarios
1371 647 1520 676 terminos.

467 689 542 717 Cum
563 697 630 725 ergo
652 687 794 716 contraria
814 687 945 715 differant
966 687 1124 714 secundum
1139 686 1273 722 speciem,
1288 686 1465 723 impossibile
1479 693 1522 715 est

467 727 496 755 id
510 728 590 764 quod
610 726 763 755 reflectitur
783 726 891 754 moveri
913 735 972 754 uno
994 732 1075 754 motu
1090 725 1238 754 continuo.
1250 742 1269 747 -
1282 732 1311 761 4.
1327 726 1522 754 Confirmatur

467 776 501 795 ex
522 766 612 803 signo,
628 766 708 803 quod
729 766 798 794 illud
819 766 897 802 quod
912 765 1072 800 reflectitur,
1095 764 1152 792 sive
1173 765 1203 792 in
1224 771 1306 793 motu
1319 771 1397 794 recto
1419 765 1477 794 sive
1491 766 1521 794 in

467 805 604 840 circulari,
619 811 751 834 movetur
764 805 912 834 contrariis
927 804 1063 832 motibus.
1079 804 1109 832 Si
1124 810 1219 832 motus
1234 804 1329 832 reflexi
1343 804 1428 833 simul
1442 805 1521 839 fiant,

466 854 542 873 unus
556 844 676 881 impedit
689 845 777 873 alium
792 851 819 872 et
833 844 899 872 facit
913 844 1007 880 ipsum
1021 850 1105 872 stare.
1122 844 1185 872 Hoc
1199 850 1295 872 autem
1315 850 1357 872 est
1371 843 1521 880 proprium

468 883 686 919 contrariorum,
696 884 775 921 quod
789 893 893 920 nempe
903 892 933 911 se
944 883 1104 919 impediunt
1114 889 1141 911 et
1151 889 1348 919 corrumpunt.
1358 900 1376 905 -
1388 883 1414 911 5.
1424 884 1522 920 11)Μο-

466 923 599 952 nifestum
622 930 663 951 est
684 924 764 960 quod
785 929 881 952 motus
903 923 952 960 qui
974 922 1150 959 intercipitur
1171 922 1281 959 quiete,
1303 932 1364 951 non
1385 929 1427 951 est
1446 932 1521 951 unus

466 972 560 1001 neque
581 963 750 998 continuus;
772 963 822 991 sed
837 971 952 990 necesse
967 968 1008 990 est
1022 962 1091 990 illud
1105 962 1185 999 quod
1200 961 1360 997 reflectitur,
1376 961 1522 999 quiescere

467 1003 540 1032 inter
560 1002 714 1031 terminum
729 1002 812 1039 primi
827 1008 923 1030 motus
944 1008 971 1030 et
992 1001 1163 1038 principium
1185 1001 1359 1037 reflexionis;
1381 1011 1449 1039 ergo
1468 1001 1522 1030 im-

466 1042 601 1080 possibile
623 1048 664 1070 est
685 1047 796 1070 motum
818 1048 926 1070 rectum
948 1051 1009 1070 esse
1030 1051 1120 1069 unum
1139 1047 1166 1069 et
1186 1040 1356 1070 continuum
1377 1041 1407 1069 in
1427 1041 1522 1070 infini-

467 1089 537 1110 turn.
554 1098 574 1103 -
588 1082 615 1109 6.
638 1082 725 1116 Quod
746 1087 841 1109 autem
863 1081 892 1109 in
913 1081 1067 1109 reflexione
1088 1087 1220 1117 oporteat
1246 1080 1415 1109 intervenire
1440 1081 1521 1118 quies

467 1121 571 1155 media,
586 1130 646 1149 non
661 1121 754 1149 solum
769 1126 863 1158 potest
877 1130 938 1149 esse
960 1120 1142 1148 manifestum
1158 1128 1210 1156 per
1223 1129 1349 1156 sensum,
1370 1121 1421 1149 sed
1435 1121 1520 1149 etiam

467 1160 577 1189 ratione
597 1160 715 1196 probari
729 1166 831 1197 potest.
848 1160 937 1188 Cuius
958 1159 1078 1188 rationis
1098 1159 1144 1188 hic
1158 1165 1201 1188 est
1214 1168 1374 1196 processus.
1397 1161 1472 1188 Cum
1492 1160 1522 1188 in

467 1199 663 1237 magnitudine
677 1209 750 1237 quae
763 1206 846 1228 motu
859 1199 1046 1236 pertransitur
1058 1198 1112 1227 tria
1126 1198 1191 1234 sint,
1201 1198 1382 1235 principium,
1394 1199 1520 1227 medium

467 1246 495 1268 et
508 1238 581 1274 finis,
597 1239 724 1267 medium
744 1245 898 1277 utrumque
913 1245 955 1267 est
968 1245 1098 1275 respectu
1110 1238 1274 1275 utriusque:
1297 1244 1339 1266 est
1352 1238 1429 1266 enim
1443 1238 1520 1274 prin-

675 1448 682 1460 ’“
701 1470 712 1493 ἰ
729 1453 911 1494 perpetua
925 1446 995 1482 nisi
1011 1446 1149 1504 localis,
1165 1446 1227 1482 hic
1242 1445 1403 1483 ostendit
1418 1445 1523 1494 quod

532 1521 554 1526 -ν
612 1490 623 1538 ζ
646 1488 711 1538 „2¹¹³
730 1499 830 1534 nulla
857 1498 929 1534 loci
958 1498 1114 1534 mutatio
1142 1506 1265 1546 potest
1293 1510 1374 1534 esse
1404 1498 1520 1535 conti-

468 1563 543 1588 nua
559 1558 595 1587 et
612 1558 792 1599 perpetua
807 1550 877 1587 nisi
893 1550 1088 1587 circularis.
1106 1551 1154 1587 Et
1173 1551 1270 1587 circa
1285 1551 1359 1587 hoc
1379 1550 1454 1587 duo
1470 1551 1522 1587 fa-

469 1603 532 1640 cit:
551 1602 674 1651 primo
695 1602 855 1640 ostendit
873 1603 1108 1651 propositum
1130 1602 1440 1648 demonstrative3
1466 1615 1522 1639 se-

470 1656 594 1692 cundo
614 1655 744 1702 logice,
765 1655 833 1691 ibi:
849 1655 1133 1692 Rationabiliter
1151 1657 1310 1692 autem*
1327 1662 1395 1692 etc.
1413 1655 1522 1692 Circa

467 1707 634 1757 primum
651 1707 727 1744 duo
743 1707 845 1744 facit:
865 1707 989 1756 primo
1011 1707 1173 1744 ostendit
1190 1708 1446 1756 propositum3
1467 1720 1523 1745 se-

469 1760 593 1798 cundo
610 1772 654 1796 ex
668 1760 823 1797 veritate
839 1760 1120 1797 demonstrata*
1130 1760 1241 1797 solvit
1259 1761 1443 1809 quasdam
1457 1760 1524 1797 du-

468 1812 676 1859 bitationes,
697 1812 765 1849 ibi:
791 1813 896 1850 Unde
910 1819 946 1849 et
957 1813 1008 1849 ad
1020 1813 1282 1850 dubitationem
1295 1815 1315 1835 *
1327 1820 1395 1850 etc.
1413 1813 1522 1849 Circa

465 1865 631 1914 primum
660 1865 728 1902 tria
756 1865 858 1901 facit:
886 1865 1011 1913 primo
1041 1865 1128 1902 dicit
1152 1865 1244 1915 quid
1270 1865 1523 1914 principaliter

467 1918 645 1955 intendat.
667 1917 828 1954 Intendit
856 1917 956 1954 enim
984 1918 1183 1955 ostendere
1211 1918 1316 1967 quod
1342 1918 1522 1966 possibile

468 1979 524 2008 est
552 1983 632 2007 esse
653 1970 853 2019 vquendam
882 1977 1042 2017 motum,
1063 1970 1127 2018 qui
1154 1983 1253 2007 unus
1282 1969 1453 2017 existens,
1483 1970 1522 2007 in

467 2023 655 2060 infinitum
685 2022 936 2067 continuetur3
957 2029 993 2058 et
1011 2022 1116 2071 quod
1133 2022 1215 2059 talis
1242 2030 1370 2060 motus
1389 2030 1444 2059 est
1463 2035 1522 2060 so-

467 2076 526 2113 lus
554 2074 740 2112 circularis
758 2081 787 2111 ⁰⁴.
808 2075 856 2111 Et
883 2075 957 2111 hoc
983 2074 1105 2123 primo
1135 2076 1317 2113 ostendet.

523 2139 557 2164 2.
572 2127 749 2164 Secundo
764 2127 831 2163 ibi:
853 2127 971 2164 Omne
984 2127 1131 2175 quidem
1145 2128 1243 2164 enim
1258 2133 1429 2164 movetur
1439 2134 1520 2174 etc„

470 2180 632 2218 ostendit
659 2180 854 2228 quomodo
888 2179 1173 2227 procedendum
1205 2179 1260 2216 sit.
1288 2179 1388 2226 Quia
1421 2179 1522 2216 enim

471 2245 584 2269 omne
612 2232 717 2280 quod
744 2231 908 2268 localiter
935 2232 1060 2279 fertur,
1079 2239 1256 2269 movetur
1277 2232 1340 2268 vel
1369 2231 1521 2268 circula-

469 2285 566 2332 riter,
582 2285 644 2322 vel
663 2291 770 2321 motu
789 2291 901 2328 recto,
921 2285 983 2320 vel
997 2291 1105 2320 motu
1126 2283 1338 2332 composito
1358 2296 1404 2320 ex
1421 2291 1522 2320 utro-

470 2350 555 2386 que,
576 2337 669 2374 sicut
696 2337 726 2373 si
746 2336 885 2384 aliquid
900 2336 920 2356 *
940 2344 1159 2373 moveretur
1180 2349 1249 2385 per
1277 2336 1461 2373 chordam
1486 2343 1522 2373 et

469 2402 617 2436 arcum;
636 2389 876 2426 manifestum
901 2396 955 2425 est
974 2389 1078 2437 quod
1097 2389 1127 2425 si
1147 2388 1230 2437 quis
1251 2388 1415 2425 duorum
1434 2389 1523 2425 sim-

467 2442 622 2491 plicium
641 2449 827 2487 motuum,
848 2441 986 2478 scilicet
1012 2441 1074 2477 vel
1095 2441 1283 2478 circularis
1305 2442 1367 2478 vel
1388 2449 1521 2489 rectus,

467 2508 546 2532 non
559 2502 683 2543 potest
701 2506 783 2531 esse
802 2493 839 2530 in
855 2493 1042 2530 infinitum
1058 2494 1267 2540 continuus,
1284 2494 1388 2542 quod
1403 2495 1521 2530 multo

467 2547 592 2584 minus
620 2547 678 2584 ille
707 2547 770 2595 qui
799 2553 854 2583 est
882 2546 1111 2594 compositus
1140 2559 1186 2582 ex
1212 2554 1385 2595 utroque.
1411 2546 1522 2584 Unde

467 2607 615 2648 oportet
654 2598 946 2648 praetermittere
990 2606 1139 2635 motum
1183 2598 1457 2647 compositum,
1488 2606 1524 2636 et

468 2664 576 2700 agere
607 2652 654 2688 de
682 2651 925 2699 simplicibus

522 2705 556 2742 3.
586 2704 716 2741 Tertio
746 2704 815 2741 ibi:
850 2703 958 2745 Quod
992 2709 1115 2740 autem
1149 2703 1249 2751 quod
1272 2704 1402 2751 fertur
1431 2710 1520 2751 etc.,

468 2757 628 2795 ostendit
655 2756 760 2805 quod
778 2763 903 2792 motus
931 2763 1053 2792 rectus
1073 2755 1137 2804 qui
1166 2763 1352 2804 estsuper
1379 2756 1522 2803 magni-

466 2810 637 2847 tudinem
674 2816 814 2846 rectam
851 2815 887 2845 et
914 2808 1078 2855 finitam,
1109 2820 1187 2844 non
1219 2808 1336 2856 possit
1375 2820 1456 2845 esse
1485 2808 1522 2845 in

466 2862 655 2899 infinitum
693 2861 911 2906 continuus;
941 2869 977 2897 et
1005 2861 1054 2897 ita
1086 2861 1209 2897 nullus
1236 2868 1362 2897 motus
1400 2868 1522 2897 rectus

468 2915 666 2951 continuus
684 2921 807 2963 potest
827 2925 908 2950 esse
937 2914 975 2950 in
998 2913 1197 2960 infinitum,
1223 2913 1292 2950 nisi
1319 2921 1523 2962 poneretur

468 2967 591 3015 aliqua
609 2966 825 3014 magnitudo
854 2965 997 3003 infinita
1017 2965 1055 3002 in
1074 2973 1175 3011 actu;
1196 2965 1301 3014 quod
1320 2977 1434 3014 supra
1452 2966 1521 3002 im—

466 3019 668 3068 probatum
687 3018 792 3055 estin
813 3019 860 3054 III
881 3018 1127 3066 Physicorum
1148 3019 1179 3054 ³².
1202 3018 1377 3055 Ostendit
1395 3026 1522 3055 autem

467 3072 541 3108 hoc
570 3070 706 3119 duplici
736 3070 898 3107 ratione:
929 3082 1089 3119 quarum
1116 3071 1239 3119 prima
1275 3070 1356 3107 talis
1386 3078 1450 3108 est.
1482 3070 1521 3107 Si

468 3123 600 3172 aliquis
630 3125 649 3145 ²⁸
677 3135 789 3172 super
817 3131 956 3160 rectam
986 3122 1284 3170 magnitudinem
1314 3130 1348 3159 et
1376 3123 1520 3160 finitam

468 3183 644 3213 movetur
671 3175 708 3212 in
736 3175 935 3222 infinitum,
957 3183 1104 3224 oportet
1129 3175 1233 3224 quod
1260 3175 1333 3212 hoc
1361 3175 1427 3212 fiat
1453 3187 1521 3224 per

469 3228 724 3265 reflexionem.
755 3229 961 3265 Ostensum
983 3235 1036 3264 est
1057 3227 1157 3264 enirn
1177 3227 1214 3264 in
1238 3228 1395 3273 sexto'*,
1417 3229 1521 3276 quod

522 3355 549 3389 α)
568 3359 606 3381 est
624 3357 694 3381 solus
711 3356 856 3381 circularis.
869 3369 888 3374 —-
899 3360 938 3381 est
956 3357 1039 3381 solum
1058 3357 1196 3382 circularis
1211 3356 1393 3386 PBDHMNab,
1412 3360 1451 3382 est
1469 3357 1519 3382 cir-

469 3391 566 3415 cularis
585 3390 661 3415 CTV.
679 3404 696 3411 -ι
715 3391 764 3415 Pro
783 3391 908 3421 ostendet,
928 3391 1043 3416 ostendit
1061 3391 1256 3421 BDEGHQYZ.

524 3424 548 3458 β)
565 3426 681 3456 primum
701 3429 739 3450 ese
758 3429 873 3457 tempus;
892 3426 1034 3451 secundum
1054 3430 1093 3451 est
1105 3426 1256 3451 subiectum.
1269 3426 1335 3451 —lta
1353 3426 1440 3457 legunt
1453 3426 1521 3455 Palm·

470 3460 567 3484 scilicet
586 3463 686 3491 tempus
705 3463 729 3484 et
753 3461 894 3485 subiectum
914 3461 947 3490 F;
962 3461 1080 3492 primum
1100 3465 1138 3485 est
1165 3465 1265 3493 tempus
1290 3461 1411 3485 omittunt
1430 3461 1520 3491 ceteri;

471 3501 518 3526 pro
536 3495 675 3519 secundum
694 3498 732 3519 est
750 3495 900 3524 subiectum,
915 3495 1055 3520 secundum
1075 3495 1215 3521 subiectum
1235 3495 1330 3520 habent
1349 3493 1448 3528 QpKQ,
1463 3495 1522 3527 pri-

473 3535 541 3552 mum
557 3529 696 3554 subiectum
712 3529 756 3559 sK,
771 3529 911 3554 secundum
931 3530 1028 3554 scilicet
1045 3530 1187 3555 subiectum
1202 3530 1220 3560 1,
1235 3530 1281 3555 sed
1300 3530 1365 3555 forte
1384 3537 1521 3555 amanuen-

472 3562 508 3587 sis
526 3563 619 3587 oblitus
639 3569 677 3588 est
701 3571 843 3596 expungere
867 3565 1024 3593 secundum5
1042 3565 1138 3590 scilicet
1160 3566 1248 3590 album
1267 3565 1302 3596 D,
1321 3565 1418 3591 scilicet
1439 3565 1522 3590 subie-

1070 256 1414 307 PHYSICORUM
1441 257 1786 295 ARISTOTELIS
1816 259 1910 295 LIB.
1938 259 2024 295 VIII

1573 335 1678 371 cipium
1693 342 1823 371 respectu
1837 334 1910 370 finis,
1926 342 1954 363 et
1969 341 2011 364 est
2024 335 2088 364 finis
2109 342 2240 372 respectu
2259 337 2400 374 principii.
2421 338 2558 373 Quamvis
2579 348 2629 367 au-

1572 381 1630 402 tem
1652 374 1800 411 quodlibet
1820 381 1959 411 punctum
1976 374 2119 412 signatum
2140 375 2214 403 inter
2233 375 2371 405 terminos
2392 377 2492 422 lineae,
2514 378 2550 406 sit
2570 387 2630 406 me·
2648 374 2651 376 ’

1573 413 1674 441 dium*
1668 423 1697 441 m
1715 413 1850 450 potentia,
1866 423 1926 442 non
1940 420 2038 442 tamen
2059 421 2102 442 est
2123 414 2272 442 medium
2265 424 2295 443 m
2310 422 2384 451 actu,
2399 416 2454 444 nisi
2468 417 2517 445 fiat
2530 417 2569 446 ibi
2587 417 2630 446 di-

1572 452 1645 481 visio
1659 453 1818 481 secundum
1839 459 1961 488 motum,
1983 453 2022 481 ita
2043 453 2148 481 scilicet
2169 455 2249 490 quod
2269 454 2300 482 in
2320 454 2369 483 illo
2383 462 2491 492 puncto
2505 456 2536 484 id
2550 458 2631 493 quod

1573 497 1705 520 movetur
1725 498 1788 527 stet,
1810 498 1839 520 et
1858 492 1962 520 iterum
1983 493 2019 521 ab
2041 493 2089 521 illo
2111 499 2219 529 puncto
2241 493 2358 530 incipiat
2378 494 2497 523 moveri.
2509 497 2631 530 -Quod

1573 540 1642 576 ergo
1663 538 1745 559 motu
1760 532 1898 560 continuo
1913 531 2065 568 pertransit
2078 531 2204 569 aliquam
2222 533 2458 570 magnitudinem,
2473 534 2543 562 nulli
2557 544 2632 571 pun-

1574 576 1620 598 cto
1634 570 1664 598 in
1685 570 1733 599 tali
1755 570 1951 608 magnitudine
1966 571 2077 608 signato
2099 572 2180 599 adest
2200 578 2228 600 et
2248 572 2336 607 abest,
2358 581 2409 600 seu
2429 573 2508 601 nullo
2522 580 2631 618 puncto

1573 609 1662 637 utitur
1674 616 1811 647 tanquam
1833 610 1956 638 termino
1971 610 2001 638 in
2015 619 2075 656 quo
2090 610 2170 639 finiat
2184 617 2306 647 motum,
2324 618 2352 640 et
2371 618 2510 648 tanquam
2525 612 2632 649 princi-

1573 647 1622 685 pio
1639 658 1657 677 a
1671 658 1730 686 quo
1744 649 1847 678 iterum
1863 656 1975 678 motum
1990 649 2120 686 incipiat.
2136 650 2207 679 haec
2220 650 2298 679 enim
2313 651 2381 686 duo,
2391 650 2522 680 videlicet
2531 652 2632 680 adesse

1574 694 1602 715 et
1617 688 1716 716 abesse
1737 690 1827 717 modo
1848 689 1935 724 dicto,
1958 696 2024 717 sunt
2045 689 2196 725 contraria,
2219 696 2246 718 et
2267 689 2332 718 ideo
2354 699 2415 718 non
2435 697 2557 727 possunt
2571 700 2632 720 esse

1574 726 1603 754 in
1618 728 1721 755 eodem
1743 727 1867 756 instanti.
1889 729 1972 757 Unde
1993 735 2107 765 oportet
2128 729 2208 766 quod
2229 729 2259 757 in
2279 729 2337 758 alio
2358 735 2385 758 et
2399 729 2455 758 alio
2469 739 2547 758 nunc
2559 736 2632 758 tem-

1574 766 1653 802 poris
1673 767 1780 795 mobile
1800 767 1876 795 adsit
1896 774 1924 796 et
1944 768 2018 796 absit
2037 768 2120 797 alicui
2142 769 2224 805 signo
2246 769 2465 806 magnitudinis}
2487 770 2538 798 sed
2558 769 2633 798 inter

1574 805 1718 842 quaelibet
1738 807 1797 834 duo
1822 815 1900 835 nunc
1926 813 1969 835 est
1995 814 2109 844 tempus
2130 808 2274 844 medium;
2303 817 2371 846 ergo
2396 807 2504 837 mobile
2525 809 2556 837 in
2576 809 2633 838 hoc

1574 850 1704 888 tempore
1718 845 1890 882 quiesceret,
1913 852 1940 874 et
1960 855 2021 875 non
2042 853 2116 875 esset
2136 847 2197 875 eius
2217 853 2314 876 motus
2334 847 2497 884 continuus,
2512 854 2544 876 ut
2565 857 2632 885 sup-

1574 883 1700 920 ponitur.
1717 901 1735 906 -
1750 893 1776 921 7.
1799 886 1879 913 Patet
1899 894 1968 923 ergo
1999 887 2079 923 quod
2092 887 2218 931 quando
2246 887 2352 915 mobile
2374 887 2462 916 utitur
2482 887 2580 916 medio
2600 894 2634 916 ut

1574 923 1697 958 duobus,
1719 932 1823 961 nempe
1844 931 1876 953 ut
1896 925 1953 953 fine
1970 931 1997 954 et
2010 932 2042 953 ut
2056 925 2197 963 principio
2212 926 2242 954 in
2262 933 2343 962 actu,
2359 936 2481 956 necesse
2495 933 2538 955 est
2552 927 2632 965 quod

1574 962 1610 990 sit
1629 962 1669 990 ibi
1689 962 1719 991 in
1741 964 1863 995 duobus
1877 973 1966 999 nunc,
1988 971 2016 993 et
2036 974 2088 1002 per
2107 974 2288 1003 consequens
2309 965 2339 994 in
2366 972 2497 1003 tempore
2518 966 2630 1002 medio;

1574 1008 1602 1030 et
1622 1001 1675 1038 ita,
1697 1012 1763 1033 cum
1785 1002 1821 1031 sit
1841 1003 1880 1031 ibi
1907 1003 1986 1040 prius
2014 1010 2042 1032 et
2068 1011 2184 1041 postea,
2213 1011 2328 1041 oportet
2355 1006 2435 1042 quod
2462 1005 2598 1042 quiescat.
2613 1023 2632 1027 -

1575 1043 1601 1070 8
1624 1025 1700 1077 Quia
1714 1052 1782 1080 ergo
1804 1042 1833 1071 in
1855 1049 1937 1071 motu
1957 1043 2063 1072 reflexo
2083 1043 2160 1071 idem
2182 1044 2294 1080 signum
2317 1050 2359 1072 est
2379 1051 2445 1072 actu
2465 1044 2529 1073 finis
2533 1045 2632 1090 'primi

1574 1088 1670 1110 motus
1697 1088 1725 1110 et
1751 1081 1923 1118 principium
1951 1082 2128 1118 reflexionis,
2157 1083 2340 1111 manifestum
2361 1090 2404 1112 est
2431 1084 2511 1120 quod
2531 1084 2563 1112 in
2582 1084 2632 1113 tali

1575 1127 1655 1149 motu
1669 1121 1811 1149 intercidit
1832 1121 1913 1158 quies
1934 1121 2037 1157 media,
2060 1128 2088 1150 et
2108 1121 2174 1150 ideo
2196 1128 2292 1150 motus
2314 1122 2360 1150 ille
2381 1132 2442 1151 non
2462 1129 2557 1160 potest
2570 1132 2632 1152 esse

1575 1160 1737 1188 continuus.
1761 1162 1785 1188 E
1800 1170 1939 1189 converso
1961 1161 2029 1198 quia
2049 1161 2079 1189 in
2100 1167 2182 1189 motu
2203 1161 2334 1190 circulari
2349 1161 2456 1190 mobile
2469 1172 2532 1191 non
2543 1163 2634 1191 utitur

1574 1199 1671 1235 aliquo
1692 1199 1775 1236 signo
1795 1206 1932 1236 tanquam
1954 1199 2096 1237 principio
2113 1206 2140 1228 et
2159 1200 2216 1229 fine
2237 1200 2267 1229 in
2287 1207 2361 1237 actu,
2382 1202 2433 1230 sed
2453 1202 2548 1231 solum
2569 1208 2634 1231 tan-

1575 1247 1663 1275 quam
1677 1239 1783 1274 medio,
1797 1238 1863 1267 ideo
1879 1239 2022 1268 circularis
2036 1245 2133 1268 motus
2146 1246 2242 1276 potest
2256 1249 2318 1269 esse
2333 1241 2496 1270 continuus.

1574 1339 1872 1387 magnitudinem
1900 1339 2046 1377 finitam
2074 1340 2272 1389 pertransit
2295 1341 2434 1400 aliquid
2461 1349 2633 1391 tempore

1574 1392 1702 1429 finito:
1728 1405 1814 1429 curn
1843 1404 1931 1440 ergo
1950 1393 2169 1442 pervenitur
2196 1393 2244 1430 ad
2263 1393 2467 1431 terminum
2489 1393 2633 1442 magni-

1575 1445 1712 1482 tudinis
1730 1445 1870 1492 finitae,
1901 1445 2060 1482 cessabit
2087 1453 2231 1493 motus,
2258 1445 2328 1484 nisi
2345 1446 2486 1483 mobile
2506 1459 2634 1484 rever-

1574 1505 1673 1535 tatur
1689 1510 1759 1547 per
1777 1497 2022 1534 reflexionem
2040 1498 2090 1535 ad
2116 1498 2343 1547 principium
2367 1498 2633 1546 magnitudinis

1574 1551 1677 1588 unde
1706 1550 1803 1599 cepit
1829 1550 1989 1587 moveri.
2012 1550 2090 1587 Sed
2117 1551 2209 1588 illud
2232 1552 2335 1600 quod
2356 1551 2558 1589 reflectitur
2575 1564 2633 1589 se-

1577 1603 1745 1640 cundum
1773 1609 1920 1639 motum
1949 1610 2104 1649 rectum,
2125 1611 2303 1641 movetur
2330 1603 2522 1641 contrariis
2549 1616 2633 1641 mo-

1575 1655 1685 1692 tibus.
1708 1655 1824 1702 Quod
1843 1655 1895 1692 sic
1913 1655 2060 1704 probat.
2082 1655 2268 1693 Contrarii
2288 1663 2416 1693 motus
2433 1663 2520 1693 sunt
2539 1668 2633 1706 quo-

1576 1720 1661 1744 rum
1689 1707 1839 1744 termini
1867 1714 1954 1744 sunt
1979 1708 2166 1755 contrarii,
2194 1716 2237 1745 ut
2254 1708 2293 1746 in
2320 1708 2450 1758 quinto
2481 1710 2501 1731 *
2529 1708 2633 1746 habi·
2659 1719 2672 1732 ·

1575 1767 1657 1797 turn
1686 1767 1752 1797 est.
1789 1759 1866 1796 Sed
1894 1760 2174 1798 contrarietates
2201 1761 2273 1798 loci
2301 1769 2388 1798 sunt
2414 1773 2565 1799 sursum
2594 1769 2635 1806 ,et

1577 1812 1770 1859 deorsum,
1800 1813 1819 1833 ²⁸
1847 1819 1933 1848 ante
1962 1819 1998 1849 et
2025 1819 2136 1859 retro,
2158 1813 2331 1851 dextrum
2360 1821 2397 1850 et
2423 1813 2632 1851 sinistrum:
2661 1826 2671 1836 ·

1577 1877 1692 1902 omne
1721 1871 1846 1901 autem
1866 1865 1970 1912 quod
1994 1865 2206 1912 reflectitur,
2227 1865 2438 1902 secundum
2466 1866 2632 1915 aliquam

1576 1917 1731 1954 istarum
1750 1916 2054 1953 contrarietatum
2075 1929 2228 1954 necesse
2258 1924 2313 1954 est
2336 1918 2442 1966 quod
2465 1918 2633 1956 reflecta-

1575 1977 1651 2006 tur:
1682 1981 1796 2006 omne
1817 1981 1905 2016 ergo
1925 1969 2028 2017 quod
2052 1969 2263 2017 reflectitur,
2284 1978 2471 2008 movetur.
2489 1978 2634 2008 contra—

1576 2022 1637 2058 riis
1665 2021 1841 2058 motibus.
1868 2021 2074 2058 Ostensum
2095 2029 2150 2058 est
2177 2029 2304 2059 autem
2332 2035 2447 2071 supra
2469 2023 2507 2060 in
2526 2023 2633 2072 quin-

1574 2081 1612 2110 to
1633 2074 1665 2121 ¹¹¹,
1686 2086 1769 2122 quls
1786 2081 1913 2110 motus
1931 2073 1977 2110 sit
2003 2086 2101 2110 unus
2130 2082 2166 2111 et
2194 2075 2404 2123 continuus,
2424 2075 2483 2112 ille
2505 2076 2547 2097 *⁸
2566 2076 2634 2113 sci·
2661 2085 2671 2095 ·

1575 2126 1661 2163 licet
1678 2126 1743 2174 qui
1763 2133 1817 2162 est
1843 2125 1955 2162 unius
1984 2126 2140 2163 subiecti
2168 2134 2205 2163 et
2231 2127 2270 2164 in
2297 2139 2375 2164 uno
2395 2135 2569 2177 tempore
2598 2136 2634 2166 et

1575 2179 1613 2215 in
1646 2179 1781 2215 eadem
1810 2190 1849 2215 re
1876 2190 1955 2214 non
1985 2177 2172 2216 differenti
2208 2180 2419 2217 secundum
2453 2180 2632 2230 speciem.

1576 2231 1682 2267 Haec
1710 2230 1812 2268 enim
1844 2230 1913 2267 tria
1942 2233 1960 2249 *
1990 2231 2274 2268 considerantur
2299 2232 2339 2269 in
2367 2233 2470 2270 omni
2503 2241 2632 2271 motu:
2661 2244 2671 2253 ·

1575 2283 1743 2332 primum
1772 2290 1827 2319 est
1853 2290 2020 2331 tempus;
2054 2283 2266 2321 secundum
2294 2291 2350 2322 est
2377 2285 2589 2325 subiectum
2615 2284 2633 2315 Ρ

1577 2335 1681 2384 quod
1709 2342 1896 2383 movetur,
1915 2343 1957 2372 ut
1974 2336 2093 2373 homo
2114 2344 2177 2373 aut
2196 2336 2305 2384 deus,
2335 2338 2546 2375 secundum
2567 2351 2633 2376 eos

1576 2387 1640 2437 qui
1669 2400 1829 2436 corpora
1853 2388 2026 2424 caelestia
2050 2389 2137 2425 deos
2165 2388 2359 2436 dicebant;
2389 2390 2540 2428 tertium
2567 2403 2632 2428 au-

1575 2448 1653 2477 tem
1673 2447 1727 2476 est
1742 2440 1780 2476 in
1799 2452 1875 2488 quo
1895 2447 2084 2487 movetur,
2105 2441 2209 2489 quod
2228 2441 2383 2490 quidem
2397 2441 2437 2479 in
2451 2450 2559 2480 motu
2577 2444 2632 2480 lo-

1577 2492 1645 2529 cali
1665 2500 1720 2529 est
1738 2493 1854 2539 locus,
1874 2491 1913 2528 in
1933 2493 2149 2530 alteratione
2175 2493 2314 2542 passio,
2335 2493 2432 2532 idest
2447 2494 2634 2544 passibilis

1576 2545 1745 2593 qualitas,
1766 2545 1803 2581 in
1822 2544 2064 2592 generatione
2092 2553 2129 2582 et
2149 2546 2389 2594 corruptione
2408 2547 2564 2596 species,
2592 2547 2632 2586 in

1576 2604 1777 2644 augmento
1797 2604 1834 2633 et
1862 2597 2109 2634 diminutione
2129 2598 2360 2646 magnitudo.
2387 2599 2631 2638 Manifestum

1577 2657 1631 2686 est
1650 2657 1776 2686 autem
1796 2649 1899 2698 quod
1920 2650 2104 2687 contraria
2123 2650 2300 2688 differunt
2318 2651 2530 2689 secundum
2548 2665 2632 2702 spe—

1577 2702 1690 2738 ciem:
1709 2701 1812 2738 unde
1832 2709 1958 2738 motus
1979 2702 2152 2739 contrarii
2166 2715 2245 2740 non
2258 2711 2418 2752 possunt
2437 2716 2518 2741 esse
2532 2711 2632 2742 unus

1577 2762 1612 2791 et
1640 2754 1850 2791 continuus.
1877 2754 2073 2792 Praedicta
2093 2762 2220 2792 autem
2243 2768 2309 2793 sex
2329 2763 2415 2794 sunt
2433 2756 2505 2794 loci
2525 2757 2631 2794 diffe-

1576 2807 1736 2853 rentiae3
1766 2814 1802 2844 et
1829 2806 1882 2844 sic
1910 2815 2059 2855 oportet
2086 2808 2191 2855 quod
2218 2808 2291 2845 sint
2318 2809 2514 2857 contraria,
2543 2809 2632 2859 quia

1576 2859 1771 2896 cuiuslibet
1789 2859 1936 2907 generis
1956 2859 2188 2897 differentiae
2207 2867 2293 2897 sunt
2312 2861 2530 2899 contrariae.
2557 2863 2632 2899 Re-

1575 2911 1752 2960 linquitur
1771 2923 1859 2959 ergo
1883 2913 1988 2959 quod
2016 2912 2246 2961 impossibile
2266 2913 2321 2960 sit,
2342 2912 2380 2950 id
2399 2913 2503 2961 quod
2522 2914 2631 2951 refle-

1576 2964 1684 3001 ctitur
1702 2964 1850 3002 moveri
1877 2976 1955 3000 uno
1984 2972 2092 3001 motu
2121 2965 2310 3002 continuo.

1626 3028 1663 3063 4.
1685 3017 1734 3053 Et
1762 3016 1849 3065 quia
1875 3024 2004 3065 posset
2031 3017 2162 3065 aliquis
2191 3017 2359 3054 dubitare
2388 3030 2437 3054 an
2460 3017 2497 3055 id
2525 3018 2631 3068 quod
2671 3018 2686 3061 J

1575 3068 1776 3106 reflectitur
1804 3068 1996 3106 contrariis
2023 3069 2189 3106 motibus
2222 3077 2443 3117 moveatur,
2476 3078 2631 3120 propter

1574 3122 1648 3158 hoc
1675 3121 1781 3169 quod
1808 3133 1886 3158 non
1914 3129 2069 3170 apparet
2096 3121 2292 3158 manifesta
2320 3130 2356 3159 et
2384 3122 2630 3160 determinata

1575 3173 1814 3211 contrarietas
1848 3173 1885 3209 in
1923 3174 2029 3222 loeo,
2067 3173 2161 3211 sicut
2188 3174 2226 3211 in
2253 3174 2333 3211 aliis
2361 3175 2560 3223 generibus
2591 3175 2630 3212 in

1573 3226 1710 3275 quibus
1730 3232 1785 3264 est
1803 3233 1943 3273 motus,
1954 3233 1995 3262 ut
2014 3238 2127 3275 supra
2145 3226 2184 3263 in
2198 3227 2329 3275 quinto
2349 3229 2369 3248 *
2389 3227 2529 3266 dictum
2555 3235 2627 3265 est:
2657 3239 2667 3249 ·

1571 3360 1642 3382 ctum
1661 3361 1709 3381 cet.
1729 3357 1791 3381 Post
1810 3357 1903 3381 lineam
1923 3357 1988 3381 inter
2007 3356 2128 3382 dicebant
2146 3361 2172 3381 et
2190 3356 2297 3381 tertium
2317 3356 2414 3381 addunt
2431 3356 2465 3381 B:
2484 3356 2628 3381 secundum

1573 3395 1612 3416 est
1632 3391 1749 3423 quando,
1769 3395 1871 3423 tempus
1894 3391 2014 3417 videlicet
2033 3391 2059 3416 in
2079 3398 2130 3423 quo
2149 3389 2289 3424 (mouetur
2312 3391 2411 3416 additur
2429 3391 2573 3423 marg-ine),
2593 3391 2628 3415 D:

1574 3427 1716 3451 secundum
1736 3433 1797 3451 vero
1815 3430 1854 3451 est
1877 3426 1982 3459 quando
2002 3426 2041 3451 νεΙ
2064 3429 2180 3458 tempus,
2200 3426 2237 3450 G:
2257 3429 2283 3451 et
2301 3429 2416 3458 tempus,
2436 3426 2468 3450 Z:
2486 3426 2628 3451 secundum

1574 3464 1612 3486 est
1626 3465 1727 3493 tempus
1741 3461 1847 3494 quando
1861 3464 1987 3491 movetur,
2003 3461 2055 3486 sl-l:
2066 3464 2092 3486 et
2105 3460 2211 3493 quando
2230 3461 2270 3486 ve!
2288 3463 2398 3493 tempus,
2417 3461 2468 3486 sK:
2486 3460 2627 3486 secundum

1575 3499 1676 3527 tempus
1699 3496 1819 3528 quando,
1839 3496 1888 3520 sL:
1905 3495 2048 3521 secundum
2073 3499 2175 3528 tempus
2199 3495 2224 3520 in
2245 3502 2295 3528 quo
2315 3498 2447 3525 movetur,
2472 3495 2520 3520 nez
2538 3501 2628 3520 secun-

1575 3530 1638 3555 dum
1656 3533 1695 3555 est
1714 3533 1814 3563 tempus
1833 3531 1904 3563 quod
1921 3530 2025 3563 quidem
2044 3531 2174 3564 contingit
2192 3537 2247 3556 esse
2265 3537 2345 3555 unum
2363 3533 2390 3556 et
2405 3529 2570 3555 indivisibile.
2588 3528 2627 3554 cf.

1577 3570 1636 3590 tut.
1655 3572 1784 3597 graecum.
