2982 4022
35 606 52 630 ·’.
86 607 229 635 Reprimum
239 609 298 629 estu

22 711 38 730 ὲ·
86 712 156 734 codd.
171 718 220 734 exc.
234 718 272 734 εῦ.

85 790 288 813 *S.Th.1ect.v1
324 783 535 828 trax-iorum,

5 875 31 902 ῚΚῑ
85 869 98 882 ⁴
111 870 175 891 ratio
189 870 253 891 esset
268 874 296 890 n

4 1004 13 1040 Γ
30 1023 33 1025 ’
86 1023 204 1060 grume!
209 1027 296 1043 om.1.s.

1185 228 1295 264 CAP.
1327 228 1375 273 11,
1406 227 1558 263 LECT.
1589 228 1639 263 111

326 307 452 355 sibilis,
471 314 602 356 utpote
616 314 790 356 punctus,
807 314 863 344 est
879 306 965 344 finis
982 314 1017 343 et
1035 318 1113 343 non
1127 305 1275 352 finitus;
1297 305 1385 354 quia

325 361 474 398 finitum
505 367 540 397 et
562 360 751 398 infinitum
773 360 1003 397 conveniunt
1031 358 1236 408 quantitati.

29 455 32 459 ,
383 415 415 451 5.
436 413 585 456 Deinde
614 426 701 450 cum
731 413 834 450 dicit:
863 413 916 449 At
943 423 1033 448 vero
1060 412 1094 448 si
1120 411 1265 447 ratione
1291 417 1383 456 etc.,

87 477 299 499 “onmiaweem-
326 466 489 504 ostendit
517 467 714 515 quomodo
744 478 822 503 non
852 471 977 514 potest
1009 463 1081 500 dici
1106 462 1236 500 omnia
1256 474 1346 511 jesse
1365 463 1385 483 ²¹⁶

30 502 32 507 ’
85 508 244 530 Αειιατνιρο.

34 550 45 566 „
85 530 155 558 ’per
167 529 282 551 »tonab-
325 531 446 556 unum
462 519 674 556 secundum
688 520 708 541 *
722 518 925 555 rationem:
947 516 1036 565 quia
1055 516 1085 553 si
1103 517 1179 552 hoc
1199 523 1306 562 esset,
1327 527 1384 552 se-

39 597 42 600 ·
86 580 226 609 'Etprimo
240 587 298 607 κο.
326 580 531 621 querentur
548 572 618 609 tria
635 569 948 609 inconvenientia.
969 568 1142 621 Primum
1172 575 1227 605 est
1242 570 1261 590 ’¹²
1281 569 1386 617 quod

319 625 511 662 *contraria
544 631 668 661 essent
697 634 818 660 unum
847 621 1058 659 secundum
1087 621 1290 669 rationem,
1318 621 1386 658 sci-

85 686 98 698 *
120 687 185 708 emt
207 686 271 708 ratio
325 678 410 715 licet
428 677 534 726 quod
552 676 688 713 eadem
713 675 806 712 ratio
831 682 929 711 esset
946 675 966 696 '¹‘
985 674 1075 711 boni
1104 682 1140 711 et
1166 674 1267 722 mali,
1292 674 1388 711 sicut

325 727 534 768 Heraclitus
564 729 748 777 ponebat·
770 728 931 765 eandem
960 739 1042 764 esse
1074 727 1259 764 rationem
1297 740 1386 764 con-

86 817 208 839 ,νη-Μ
224 807 298 839 „hm
564 789 606 818 ut
623 788 726 830 patet
753 781 792 818 in
820 781 871 818 IV
888 781 1104 828 Metaplzys.
1125 781 1145 801 '¹²
1165 780 1386 817 Secundum

137 833 143 838 '
211 833 217 838 '
323 834 594 873 inconveniens
623 841 679 871 est
701 834 806 882 quod
837 833 972 870 eadem
1002 841 1100 870 esset
1127 833 1220 870 ratio
1248 833 1268 854 '¹‘
1295 833 1386 870 boni

324 894 360 924 et
378 899 456 924 non
475 887 578 934 boni,
599 887 688 936 quia
702 887 752 924 ad
770 887 915 923 malum
935 886 1104 935 sequitur
1122 898 1200 923 non
1219 887 1384 933 bonum;

324 946 360 976 et
378 940 431 976 sic
449 947 670 989 sequeretur
696 940 801 989 quod
829 947 927 977 esset
946 939 1081 976 eadem
1109 939 1202 976 ratio
1233 939 1326 976 entis
1352 946 1388 976 et

323 1005 401 1030 non
421 993 527 1040 entis;
549 1000 584 1030 et
602 992 655 1029 sic
671 993 690 1014 *
704 1001 924 1042 sequeretur
939 992 1052 1029 etiam
1069 993 1111 1014 *²³
1127 993 1231 1041 quod
1257 992 1386 1028 omnia

123 1047 232 1069 ‘⁶⁰⁸²‘
244 1053 295 1069 *ω
325 1045 423 1082 entia
441 1058 521 1083 non
540 1046 665 1083 solum
686 1053 811 1083 essent
828 1058 950 1083 unum
971 1058 1048 1092 ens,
1064 1053 1106 1082 ut
1124 1045 1195 1095 ipsi
1219 1053 1384 1094 ponunt.

85 639 173 656 um.

86 849 113 865 m
124 843 146 870 8,
154 849 192 865 vm
201 849 218 865 1.

87 900 242 918 OELOSTVXY.

86 991 295 1018 mandamento

22 1078 24 1080 ’
32 1064 44 1108 *3
84 1079 233 1099 nuqua-vu.

83 1108 294 1131 *esmtexcodd-
323 1098 392 1136 sed
428 1098 541 1136 etiam
579 1106 702 1136 essent
731 1099 751 1120 *⁸
780 1111 859 1136 non
894 1111 960 1136 ens
986 1099 1048 1135 vel
1078 1099 1119 1120 *ἦ*
1148 1098 1260 1145 nihil;
1299 1098 1387 1147 quia

36 1143 42 1154 a
83 1140 135 1157 exe.
148 1141 185 1156 ισ.

49 1160 51 1162 ·
85 1161 294 1183 ”amosrvx-
323 1163 588 1201 quaecumque
608 1159 694 1189 sunt
711 1164 833 1189 unum
861 1152 1073 1189 secundum
1102 1152 1307 1199 rationem,
1336 1151 1387 1188 ita

2458 227 2502 262 13

1437 317 1477 342 se
1497 306 1638 342 habent
1656 305 1761 354 quod
1781 305 1827 342 de
1847 317 2092 354 quocumque
2111 305 2349 355 praedicatur
2368 317 2501 351 unum,

1440 366 1475 394 et
1495 358 1606 395 aliud.
1636 358 1746 395 Unde
1776 358 1806 394 si
1835 371 1900 395 ens
1930 365 1966 394 et
1988 358 2077 395 nihil
2106 366 2192 395 sunt
2218 371 2340 395 unum
2369 370 2502 394 secun-

1440 411 1532 447 dum
1565 411 1762 458 rationem,
1793 411 1960 460 sequitur
1981 412 2012 458 ³¹²,
2042 411 2072 447 si
2097 411 2226 448 omnia
2259 418 2346 448 sunt
2381 423 2503 447 unum

1440 476 1517 511 ens,
1540 463 1644 512 quod
1664 463 1794 500 omnia
1813 472 1899 500 sunt
1917 464 2017 500 nihil.
2038 463 2207 501 Tertium
2231 464 2503 501 inconveniens

1440 523 1495 552 est
1527 517 1631 564 quod
1660 516 1809 554 diversa
1841 529 1996 564 genera,
2030 524 2072 553 ut
2103 517 2289 565 quantitas
2318 525 2355 554 et
2387 517 2503 565 quali-

1439 576 1494 605 tas
1524 569 1556 616 *‚
1586 569 1658 605 sint
1696 569 1830 606 eadem
1869 569 2080 606 secundum
2119 570 2315 606 rationem.
2350 570 2399 606 Et
2429 570 2505 606 hoc

1439 621 1712 659 inconveniens
1739 622 1847 670 ponit
1875 635 1963 659 cum
1993 622 2099 669 dicit,
2120 629 2157 659 et
2182 623 2249 659 tali
2273 628 2310 658 et
2334 628 2435 659 tanto
2457 623 2488 659 *.

1493 674 1782 711 Advertendum
1800 688 1893 712 vero
1914 675 2019 724 quod
2047 675 2142 712 sicut
2165 676 2421 724 Philosophus
2450 675 2504 712 di-

1442 727 1490 763 cit
1507 727 1546 764 in
1574 728 1626 764 IV
1652 729 1868 776 Metaphys.
1895 730 1927 776 ἦ,
1958 736 2088 765 contra
2116 735 2296 776 negantes
2319 728 2504 777 principia

1439 793 1519 817 non
1545 788 1671 828 potest
1689 781 1826 818 adduci
1856 781 2127 818 demonstratio
2154 781 2383 830 simpliciter,
2405 794 2502 830 quae

1438 834 1611 882 procedit
1630 835 1650 853 ⁴*
1672 846 1716 870 ex
1735 833 1855 881 magis
1874 834 1972 871 notis
1997 834 2319 884 simpliciter;·sed
2345 834 2503 871 demon-

1440 886 1566 923 stratio
1605 886 1654 923 ad
1683 887 2036 935 contradicendum,
2063 900 2160 936 quae
2187 886 2360 936 procedit
2388 899 2433 923 ex
2460 887 2503 924 iis

1440 951 1538 988 quae
1558 947 1825 988 supponuntur
1844 941 1890 976 ab
1911 941 2146 988 adversario,
2173 953 2270 989 quae
2291 947 2377 977 sunt
2391 940 2502 977 inter-

1441 992 1534 1029 dum
1563 993 1688 1029 minus
1716 1000 1806 1029 nota
1835 993 2061 1042 simpliciter.
2089 995 2139 1030 Et
2166 994 2219 1030 sic
2247 993 2502 1042 Philosophus

1439 1045 1478 1082 in
1497 1046 1569 1082 hac
1589 1045 1840 1094 disputatione
1869 1047 1983 1083 utitur
2001 1047 2171 1096 pluribus
2192 1059 2291 1096 quae
2320 1053 2406 1083 sunt
2433 1046 2502 1083 rni-

1440 1111 1511 1135 nus
1531 1106 1621 1135 nota
1640 1111 1756 1148 quarn
1785 1100 1859 1136 hoc
1878 1101 1983 1148 quod
2007 1108 2063 1137 est
2096 1100 2194 1137 entia
2223 1112 2303 1137 esse
2330 1100 2449 1136 multa
2469 1106 2504 1135 et
2530 1118 2539 1127 ·

1440 1164 1518 1188 non
1537 1164 1659 1189 unum
1678 1159 1837 1200 tantum,
1855 1153 1875 1174 ³²
1895 1153 1943 1190 ad
1963 1153 2068 1202 quod
2087 1153 2251 1190 rationes
2270 1153 2434 1190 adducit.

2530 417 2539 426 ·
2554 419 2665 445 sequetur
2682 423 2741 439 nem:

2531 449 2631 465 cannuz-

2529 573 2652 604 *qualitas
2662 580 2737 601 quan-

2531 602 2587 621 tttas
2602 601 2697 622 pusoab.

2530 627 2540 636 ·
2555 632 2609 647 esse
2629 627 2681 648 add.
2699 633 2743 649 Ae?

2530 658 2704 678 ικικοαετνκγ.

2532 737 2540 746 ’
2548 736 2572 757 S.
2580 735 2625 757 Th.
2635 737 2743 758 lect.vr.-

2530 762 2583 784 Did.
2593 762 2632 784 lib.
2643 762 2675 784 111
2684 769 2706 784 ιν
2720 769 2742 791 3.

2529 843 2538 850 ⁴
2548 841 2667 869 procedat
2682 847 2741 863 εει-α

2529 874 2567 889 Nn.

2555 1120 2578 1139 et
2591 1118 2643 1140 add.
2658 1123 2724 1139 pum.
2730 1129 2742 1134 -

2529 1144 2619 1166 inducit
2623 1150 2695 1166 ΛΒαῐ-ο
2699 1150 2744 1170 er

2530 1177 2569 1192 xv.
