2950 4004
0 3829 17 4004 :amur-:afr
0 3791 6 3807 v-

49 3875 56 3882 v

597 294 1344 378 PHYSICORUM
1401 294 2124 377 ARISTOTELIS

1158 513 1429 577 LIBER
1475 514 1563 577 ΙΙΙ

1064 923 1362 981 LECTIO
1398 926 1658 981 PRIMA

320 1079 363 1113 IN
386 1063 584 1113 SCIENTIA
606 1081 826 1112 NATURALI
843 1081 1222 1112 DETERMINANDUM
1238 1081 1295 1112 DE
1318 1081 1445 1112 MOTU
1468 1082 1526 1112 ET
1542 1082 1599 1112 DE
1619 1082 1668 1112 IIS
1692 1083 1809 1119 QUAE
1826 1082 2180 1120 CONSEQUUNTUR
2194 1083 2366 1115 MOTUM.
2382 1102 2400 1107 -

642 1143 855 1181 QUAEDAM
877 1143 1114 1175 DIVISIONES
1136 1144 1194 1174 AD
1219 1143 1572 1175 INVESTIGANDAM
1595 1145 1908 1176 DEFINITIONEM
1931 1145 2079 1176 MOTUS

270 1278 366 1312 Ἐπεὶ
390 1277 418 1309 δ’
440 1278 460 1314 ἡ
486 1278 579 1321 φύσις
604 1277 663 1322 μέν
690 1278 780 1310 ἐστιν
808 1276 893 1322 ἀρχῆ
917 1276 1075 1314 κινήσεως
1099 1279 1157 1309 καὶ
1187 1277 1335 1321 μεταβο-

341 1323 423 1363 λῆς,
450 1322 471 1359 ἡ
497 1320 534 1356 δὲ
563 1317 703 1366 μέθοδος
735 1323 812 1365 ἡμῖν
838 1322 911 1366 περὶ
943 1319 1067 1363 φύσεώς
1093 1321 1186 1363 ἐστι,
1213 1317 1265 1354 δεῖ
1287 1321 1333 1366 μή

341 1365 519 1399 λανθάνειν
553 1369 585 1397 τί
618 1366 691 1398 ἐστι
719 1368 857 1403 κίνησις·
892 1365 1078 1411 ἀναγκαῖον
1102 1365 1188 1411 γάρ,
1223 1363 1334 1403 αὐτῆς

346 1411 588 1456 ἀγνοουμένης,
617 1409 809 1455 ἀγνοεῖσθαι
832 1411 889 1440 καὶ
915 1409 979 1445 τνῖν
1004 1408 1111 1453 φύσιν.

278 1454 524 1498 Διορισαμένοις
556 1451 593 1486 δὲ
626 1455 700 1497 περὶ
731 1453 889 1490 κινήσεως
922 1452 1100 1495 πειρατέον
1134 1453 1192 1485 τὸν
1228 1453 1333 1486 αὐτὸν

344 1498 492 1531 ἐπελθεῖν
520 1498 644 1541 τρόπον
671 1499 744 1539 περὶ
763 1497 828 1528 τῶν
850 1495 979 1539 ἑφεξῆς.
1007 1497 1104 1528 Δοκεῖ
1123 1491 1151 1527 δ’
1172 1498 1192 1533 ἡ
1208 1500 1332 1534 κίνησις

346 1540 430 1574 εἶναι
455 1544 521 1575 τῶν
539 1542 698 1586 συνεχῶν,
718 1539 759 1573 τὸ
776 1537 804 1572 δ’
827 1540 962 1583 ἄπειρον
982 1539 1182 1583 ἐμφαίνεται
1201 1542 1332 1583 πρῶτον

345 1586 378 1619 ἐν
404 1586 451 1626 τῷ
476 1590 618 1631 συνεχεῖ·
645 1581 696 1617 διὸ
719 1586 778 1616 καὶ
803 1588 873 1621 τοῖς
905 1583 1104 1628 ὁριζομένοις
1135 1584 1176 1616 τὰ
1200 1585 1333 1630 συνεχὲς

343 1630 517 1675 συμβαίνει
543 1627 820 1674 προσχρήσασθαι
846 1627 1008 1664 πολλάκις
1031 1629 1077 1669 τῷ
1097 1628 1186 1674 λόγῳ
1206 1630 1252 1670 τῷ
1272 1630 1333 1660 τοῦ

345 1675 503 1719 ἀπείρου,
534 1675 575 1711 ὥς
602 1673 643 1705 τὸ
674 1673 719 1709 εἰς
751 1673 885 1714 ἄπειρον
916 1667 1085 1714 διαιρετὸν
1115 1672 1249 1717 συνεχὲς
1284 1673 1331 1704 ὄν.

341 1718 424 1762 Πρὸς
448 1715 485 1751 δὲ
509 1717 646 1754 τούτοις
681 1716 758 1748 ἄνευ
784 1715 892 1747 τόπου
917 1716 975 1747 καὶ
999 1717 1096 1748 κενοῦ
1124 1717 1182 1748 καὶ
1213 1715 1332 1761 χρόνου

342 1766 468 1800 κίνησιν
495 1758 666 1794 ἀδύνατον
685 1757 782 1791 εἶναι.
810 1760 916 1796 Δῆλον
936 1758 991 1791 οὖν
1009 1761 1052 1797 ὡς
1069 1756 1128 1791 διά
1146 1772 1182 1791 τε
1201 1772 1342 1802 ταυτα,-

342 1808 401 1839 καὶ
425 1803 483 1840 διαὶ
508 1806 548 1838 τὸ
574 1805 709 1838 πάντων
735 1801 820 1835 εἶναι
843 1804 940 1836 κοινοὶ
963 1806 1019 1836 καὶ
1043 1803 1190 1835 καθόλου
1217 1805 1333 1837 ταῦτα

344 1852 441 1893 πᾶσι,
460 1849 625 1882 σκεπτέον
651 1847 958 1894 προχειρισαμένοις
985 1850 1057 1892 περὶ
1082 1847 1229 1880 ἑκάστου
1256 1848 1335 1880 τού-

346 1907 425 1929 των.
448 1893 592 1939 Ὑστέρα
616 1893 680 1939 γὰρ
698 1894 718 1935 ’ἡ
737 1893 811 1935 περὶ
837 1893 902 1924 τῶν
927 1888 1018 1924 ἰδίων
1041 1891 1161 1935 θεωρία
1181 1893 1241 1930 τῆς
1260 1894 1333 1937 περὶ

344 1940 411 1974 τῶν
434 1940 550 1970 κοινῶν
584 1937 669 1969 ἐστί.
707 1938 774 1968 Καὶ
800 1937 952 1981 πρῶτον,
982 1935 1135 1979 καθάπερ
1167 1938 1330 1981 εἴπαμεν,

344 1986 416 2026 περὶ
440 1982 611 2019 κινήσεως.

270 2026 369 2059 Ἔστι
398 2023 442 2063 δή
469 2039 502 2058 τι
528 2026 570 2058 τὸ
595 2025 653 2069 μὲν
684 2025 878 2069 ἐντελεχείᾳ
910 2023 1028 2067 μόνον,
1055 2024 1096 2055 τὸ
1126 2019 1164 2056 δὲ
1191 2019 1331 2068 δυνάμει

343 2074 400 2104 καὶ
426 2071 632 2114 ἐντελεχείᾳ,
653 2069 693 2100 τὰ
718 2068 777 2112 μὲν
805 2062 884 2099 τόδε
910 2079 957 2106 τι,
981 2067 1021 2099 τὸ
1046 2064 1083 2099 δὲ
1109 2064 1262 2109 τοσόνδε,
1290 2070 1332 2100 το“

344 2112 381 2148 δὲ
407 2109 555 2154 τοιόνδε,
582 2115 638 2144 καὶ
665 2114 720 2144 ἐπὶ
746 2112 812 2143 τῶν
839 2111 947 2143 ἄλλων
973 2113 1038 2142 τῶν
1065 2113 1126 2143 τοῦ
1152 2112 1248 2149 ὄντος
1272 2124 1332 2144 κα-

346 2159 508 2205 τηγοριῶν
535 2159 666 2200 ὁμοίως.
693 2157 759 2196 Τοῦ
784 2151 821 2186 δὲ
846 2154 926 2198 πρός
951 2166 985 2185 τ’.
1011 2155 1051 2186 τὸ
1076 2155 1135 2198 μὲν
1158 2155 1232 2187 καθ’
1255 2157 1333 2188 ὑπε-

345 2203 448 2248 ροχῆν
473 2201 634 2247 λέγεται,
663 2201 721 2231 καὶ
745 2199 824 2231 κατ’
851 2198 1011 2242 ἔλλειψιν,
1039 2199 1079 2231 τὰ
1105 2195 1141 2231 δὲ
1165 2201 1261 2232 κατά
1291 2201 1332 2232 τὀ“

345 2247 522 2284 ποιητικὸν
546 2247 604 2276 καὶ
629 2242 833 2284 παθητικόν,
850 2245 908 2274 καὶ
927 2242 1007 2280 ὅλως
1029 2243 1200 2281 κινητικόν
1220 2256 1256 2275 τε
1274 2246 1332 2276 καὶ

343 2289 493 2328 κινητόν·
513 2290 553 2320 το
570 2288 633 2334 γσὶρ
649 2287 818 2324 κινητικὸν
835 2286 1005 2324 κινητικὸν
1026 2288 1088 2319 τοῦ
1105 2289 1256 2328 κινητοῦ,
1274 2291 1331 2320 καὶ

345 2335 387 2368 τὸ
410 2333 546 2370 κινητὸν
571 2333 708 2369 κινητόν
734 2331 800 2364 ύπο
827 2333 888 2363 τοῦ
912 2333 1098 2367 κινητικοῦ.

277 2379 344 2412 Οὐκ
369 2379 444 2411 ἔστι
467 2373 507 2409 δὲ
530 2379 654 2414 κίνησις
686 2377 782 2420 παρά
812 2376 859 2407 τά
887 2375 1091 2430 πράγματα·
1118 2375 1332 2419 μεταβάλλει

343 2423 407 2468 γὰρ
434 2422 474 2453 τὰ
499 2419 717 2465 μεταβάλλον
738 2420 788 2451 αεὶ
805 2418 826 2455 ἦ
843 2431 913 2451 κατ
944 2419 1060 2451 οὐσίαν
1078 2418 1098 2455 ἧ
1115 2421 1211 2452 κατά
1229 2421 1332 2452 ποσὸν

345 2466 366 2505 ἦ
389 2465 486 2498 κατά
510 2465 605 2497 ποιὸν
623 2464 643 2500 ἦ
660 2464 757 2496 κατὰ
780 2463 899 2496 τόπον.
926 2463 1043 2496 Κοινόν
1068 2459 1096 2495 δ’
1119 2465 1172 2496 ἐπὶ
1199 2463 1331 2496 τούτων

346 2510 439 2544 οὐθὲν
465 2510 538 2542 ἔστι
554 2509 684 2549 λαβεῖν,
703 2509 744 2545 ὠς
762 2507 884 2551 φαμέν,
903 2509 919 2540 ὃ
938 2508 1016 2540 οὔτε
1034 2504 1114 2540 τόδε
1133 2508 1211 2541 οὔτε
1229 2509 1333 2541 ποσὸν

346 2555 426 2588 οὔτε
451 2554 546 2586 ποιὸν
573 2553 652 2585 οὔτε
679 2552 744 2584 τῶν
771 2552 879 2584 ἄλλων
903 2552 1201 2606 κατηγορημάτων
1224 2552 1342 2587 οὐθέν.,

337 2599 433 2630 ’Ὦστ’
452 2593 530 2630 οὐδὲ
545 2601 669 2634 κίνησις
689 2592 766 2628 οὐδὲ
783 2596 959 2640 μεταβολὴ
978 2596 1107 2634 ουθενός
1127 2596 1225 2628 ἔσται
1240 2597 1335 2641 παραὶ

346 2644 394 2676 τοὶ
417 2641 593 2685 εἰρημένα,
620 2636 759 2684 μηδενός
784 2653 822 2686 γε
848 2640 944 2678 ὄντος
974 2642 1068 2685 παραὶ
1094 2641 1141 2673 τοὶ
1163 2641 1331 2685 εἰρημένα.

289 2727 444 2757 Εκαστον
462 2720 500 2756 ’δὲ
516 2718 614 2768 διχῶς
635 2722 778 2767 ὑπάρχει
803 2724 921 2764 πᾶσιν,
949 2724 1016 2756 οἷον
1043 2724 1083 2756 τὸ
1103 2720 1197 2756 τόδε·
1217 2726 1258 2757 τὸ
1276 2726 1334 2769 μέν

345 2770 409 2815 γάρ
443 2768 551 2812 μορφη
584 2767 714 2808 αὐτοῦ,
753 2767 793 2799 τὸ
825 2762 862 2799 δὲ
890 2767 1058 2808 στέρησις·
1088 2770 1145 2800 καὶ
1173 2770 1269 2801 κατά
1297 2771 1337 2802 τὸ

347 2812 457 2845 ποιόν·
486 2813 526 2844 τὸ
551 2811 609 2856 μὲν
635 2811 698 2856 γάρ
722 2810 859 2852 λευκόν,
886 2811 928 2843 τὸ
953 2810 989 2845 δὲ
1015 2811 1134 2856 μέλαν·
1160 2815 1218 2844 καὶ
1242 2814 1338 2846 κατοὶ

347 2857 388 2889 τὸ
414 2855 531 2898 ποσόν,
560 2855 600 2889 τὰ
626 2855 684 2899 μέν
712 2855 854 2896 τέλειον,
875 2855 915 2887 τὸ
939 2853 968 2889 δ’
992 2855 1122 2894 ἀτελές.
1146 2857 1284 2900 Ὁμοίως
1301 2854 1338 2890 δέ

345 2904 402 2933 καὶ
426 2902 523 2933 κατά
547 2901 611 2937 τήν
637 2900 738 2943 φοράν
765 2900 805 2932 τὸ
830 2900 888 2943 μὲν
910 2899 989 2941 ἄνω,
1010 2901 1052 2934 τὸ
1069 2896 1106 2932 δὲ
1125 2902 1236 2942 κάτω,
1256 2901 1276 2938 ἦ
1296 2903 1337 2934 τὸ

374 2945 406 2977 ἐν
431 2945 553 2989 κοῦφον
581 2944 620 2976 τὸ
648 2941 684 2977 δέ
710 2942 806 2988 βαρύ.
838 2943 940 2977 Ὥστε
965 2945 1124 2982 κινήσεως
1149 2947 1207 2977 καὶ
1233 2958 1337 2989 μετα-

347 2957 450 3029 gol-‘fic
475 2988 566 3021 ἐστὶν
592 2984 661 3026 εἴδη
689 2988 866 3029 τοσαῦτα,
894 2987 957 3022 ὅσα
983 2990 1045 3021 τοῦ
1072 2989 1179 3026 ὄντος.

335 3126 473 3154 Smopsrs
490 3142 524 3147 —
546 3136 569 3155 1.
590 3127 800 3164 Argumentum
821 3133 849 3155 et
869 3126 970 3155 divisio
991 3133 1091 3155 textus.
1107 3144 1126 3149 -
1141 3134 1167 3154 2.
1191 3127 1267 3161 Quia
1287 3136 1337 3155 na-

281 3172 345 3194 tura
359 3171 401 3192 est
414 3165 586 3202 principium
606 3173 712 3201 motus,
728 3166 859 3203 ignorato
875 3173 957 3194 motu
971 3166 1118 3202 ignoratur
1131 3172 1249 3201 natura;
1271 3166 1337 3194 ideo

281 3210 396 3241 oportet
416 3204 604 3232 determinare
626 3206 662 3233 de
677 3212 768 3233 motu.
785 3222 803 3226 -
820 3206 844 3233 3.
865 3205 1122 3233 Determinandum
1137 3205 1223 3233 etiarn
1238 3206 1274 3233 de
1295 3206 1338 3233 in-

281 3243 373 3278 finito,
389 3244 424 3270 de
438 3243 519 3278 loco,
540 3253 631 3272 vacuo
647 3250 674 3271 et
688 3250 827 3280 tempore.
843 3244 940 3272 Primo
961 3244 1029 3280 quia
1050 3245 1098 3281 qui
1119 3244 1289 3277 determinat
1303 3245 1338 3272 de

282 3282 379 3319 aliquo
400 3282 537 3317 subiecto,
559 3289 673 3318 oportet
691 3284 770 3319 quod
785 3283 954 3311 determinet
974 3293 1008 3311 ea
1029 3292 1103 3320 quae
1124 3291 1339 3320 consequuntur

281 3322 386 3358 ipsum.
409 3322 521 3349 Motum
545 3328 641 3350 autem
662 3321 846 3358 consequitur
863 3322 989 3350 intranee
1010 3322 1164 3357 infinitum,
1185 3322 1339 3351 extrinsece

281 3361 375 3396 locus,
396 3360 517 3389 vacuum
540 3367 567 3388 et
587 3367 708 3397 tempus.
725 3378 743 3382 —
757 3370 785 3395 4.
808 3361 942 3388 Secundo
965 3360 1031 3397 quia
1051 3361 1196 3397 praedicta
1216 3368 1340 3398 quatuor

282 3407 348 3428 sunt
369 3400 536 3428 communia
562 3399 696 3427 omnibus
717 3401 802 3427 rebus
824 3399 1012 3434 naturalibus,
1037 3399 1077 3427 'de
1098 3399 1202 3436 quibus
1222 3400 1339 3436 physica

282 3439 462 3467 determinat.
483 3456 502 3460 —
519 3439 544 3467 5.
566 3439 672 3467 Textus
694 3439 858 3467 subdivisio.
881 3455 899 3460 -
917 3440 943 3466 6.
966 3440 1037 3466 Tres
1062 3438 1215 3467 divisiones
1238 3441 1275 3467 ad
1295 3440 1338 3467 in-

279 3479 477 3516 vestigandam
493 3478 689 3506 definitionem
707 3485 812 3506 motus.
829 3479 959 3512 Quarum
981 3478 1073 3514 prima
1094 3484 1135 3506 est
1150 3478 1251 3506 dix-isio
1267 3479 1340 3507 entis

282 3527 334 3554 per
354 3518 512 3554 potentiam
535 3525 562 3546 et
582 3524 687 3553 aetum,
710 3527 783 3554 quae
805 3519 863 3546 duo
878 3517 908 3545 in
922 3517 1051 3554 quolibet
1064 3526 1167 3554 genere
1189 3517 1337 3546 inveniun-

1387 1280 1404 1299 *
1420 1280 1582 1317 Quoniam
1605 1287 1711 1311 autem
1736 1287 1846 1311 natura
1871 1287 1917 1311 est
1944 1280 2134 1321 principium
2159 1288 2266 1312 motus
2291 1289 2320 1313 et
2343 1289 2446 1314 muta-

1453 1323 1559 1362 tionis,
1582 1324 1709 1354 scientia
1730 1331 1836 1355 autem
1859 1324 1950 1354 nobis
1967 1325 2005 1355 de
2021 1331 2131 1355 natura
2155 1331 2211 1363 est,
2236 1333 2360 1366 oportet
2380 1337 2446 1357 non

1454 1367 1597 1407 ignorare
1628 1368 1705 1409 quid
1731 1368 1770 1399 sit
1794 1375 1920 1398 motus:
1946 1368 2154 1399 necessarium
2177 1369 2262 1399 enim
2291 1377 2336 1401 est
2357 1370 2445 1410 igno-

1454 1418 1521 1441 rato
1546 1411 1632 1451 ipso,
1657 1418 1687 1442 et
1709 1411 1844 1452 ignorari
1867 1418 2021 1443 naturam.

1389 1455 1674 1486 Determinantibus
1700 1462 1805 1499 autem
1830 1456 1868 1486 de
1882 1463 1973 1487 motu
1997 1458 2183 1488 tentandum
2205 1463 2250 1487 est
2266 1458 2379 1488 eodem
2395 1468 2446 1498 ag-

1454 1499 1541 1539 gredi
1564 1499 1663 1529 modo
1687 1506 1718 1530 et
1741 1500 1779 1530 de
1799 1499 1835 1530 iis
1856 1510 1938 1540 quae
1962 1507 2190 1541 consequenter
2212 1508 2294 1532 sunt.
2315 1502 2447 1532 Videtur

1455 1549 1561 1573 autem
1583 1550 1690 1574 motus
1706 1553 1771 1573 esse
1791 1543 2033 1574 continuorum:
2060 1545 2113 1575 sed
2136 1544 2296 1575 infinitum
2319 1552 2448 1586 apparet

1454 1586 1558 1626 primo
1582 1586 1614 1616 in
1645 1587 1816 1625 continuo;
1840 1587 1924 1617 unde
1948 1594 1978 1618 et
2009 1587 2228 1619 definientibus
2259 1589 2448 1620 continuum

1457 1629 1608 1669 contingit
1630 1630 1716 1670 prius
1740 1630 1877 1670 indigere
1900 1631 2060 1662 multoties
2084 1632 2204 1662 ratione
2224 1631 2348 1671 infiniti,
2374 1643 2447 1664 cum

1455 1673 1487 1702 in
1498 1673 1656 1703 infinitum
1673 1674 1824 1704 divisibile
1841 1675 2028 1705 continuum
2043 1676 2090 1706 sit.
2104 1676 2244 1706 *Adhuc
2261 1683 2366 1707 autem
2380 1677 2446 1707 sine

1454 1717 1526 1746 loco
1551 1723 1581 1747 et
1598 1727 1699 1747 vacuo
1721 1724 1750 1747 et
1768 1723 1910 1757 tempore
1941 1718 2135 1758 impossibile
2161 1726 2207 1750 est
2225 1729 2291 1749 esse
2309 1727 2445 1751 motum.

1455 1760 1660 1791 Manifestum
1681 1760 1775 1800 igitur
1790 1768 1836 1791 est
1852 1763 1940 1802 quod
1963 1769 1993 1792 et
2015 1770 2143 1802 propter
2165 1763 2252 1802 haec,
2270 1770 2300 1793 et
2318 1771 2446 1804 propter

1454 1803 1486 1833 id
1505 1804 1594 1844 quod
1616 1804 1763 1834 omnium
1786 1811 1859 1835 sunt
1882 1806 2064 1836 communia
2088 1813 2118 1836 et
2137 1807 2321 1837 universalia
2344 1808 2447 1838 omni-

1453 1848 1524 1887 bus,
1539 1848 1767 1878 intendendum
1790 1855 1835 1879 est
1858 1850 2220 1889 praeargumentantibus
2241 1851 2280 1880 de
2301 1861 2448 1891 unoquo-

1421 1891 1424 1894 ’
1455 1901 1517 1932 que
1541 1891 1683 1922 istorum.
1707 1892 1863 1922 Posterior
1886 1893 1970 1922 enirn
1994 1893 2031 1923 de
2054 1894 2188 1934 propriis
2212 1894 2395 1934 speculatiO,
2413 1905 2448 1925 ea

1455 1945 1535 1976 quae
1559 1935 1597 1965 de
1613 1935 1836 1966 communibus
1852 1943 1907 1967 est.
1924 1936 1941 1956 *
1954 1937 2096 1967 Primum
2127 1944 2232 1968 autem
2243 1961 2251 1977 ,
2275 1938 2355 1969 sicut
2374 1938 2448 1968 dixi-

1454 1989 1537 2018 mus,
1560 1979 1597 2009 de
1620 1986 1722 2010 motu.

1388 2024 1443 2054 Est
1459 2023 1588 2064 quidem
1604 2023 1698 2062 igitur
1713 2023 1832 2064 aliquid
1846 2024 1934 2064 quod
1948 2031 2019 2055 actu
2034 2031 2158 2055 tantum
2174 2032 2230 2064 est,
2241 2025 2327 2056 aliud
2342 2032 2449 2056 autem

1454 2074 1578 2098 tantum
1594 2067 1743 2107 potentia.
1767 2067 1808 2097 Et
1822 2077 1935 2098 eorum
1949 2078 2030 2108 quae
2049 2075 2122 2099 sunt
2140 2075 2222 2107 actu,
2239 2069 2300 2099 hoc
2316 2069 2445 2110 quidem

1454 2111 1515 2141 hoc
1539 2110 1667 2151 aliquid,
1685 2111 1770 2141 aliud
1793 2121 1867 2141 vero
1891 2119 2057 2152 quantum,
2077 2112 2162 2143 aliud
2178 2123 2251 2143 vero
2272 2113 2374 2153 quale,
2398 2114 2448 2144 vel

1453 2154 1583 2195 aliquod
1606 2154 1741 2185 aliorum
1758 2155 1835 2185 entis
1854 2155 2187 2195 praedicamentorum.
2202 2157 2263 2187 Sed
2279 2157 2345 2187 eius
2362 2158 2450 2198 quod

1454 2199 1493 2228 ad
1516 2197 1649 2239 aliquid,
1673 2198 1758 2229 aliud
1781 2199 1910 2239 quidem
1933 2201 2108 2230 secundum
2131 2201 2449 2241 superabundantiam

1455 2249 1485 2272 et
1508 2242 1666 2272 defectum
1689 2242 1811 2281 dicitur,
1828 2243 1913 2273 aliud
1931 2250 2037 2274 autem
2059 2245 2234 2275 secundum
2260 2245 2397 2275 activum
2421 2252 2451 2276 et

1453 2285 1624 2326 passivum,
1638 2292 1668 2316 et
1683 2286 1816 2317 omnino
1831 2287 1990 2317 motivum
2004 2294 2034 2318 et
2049 2288 2175 2319 mobile.
2193 2289 2350 2327 Motivum
2366 2289 2450 2319 enim

1455 2329 1612 2360 motivum
1634 2330 1760 2360 mobilis
1784 2337 1839 2368 est,
1856 2337 1887 2361 et
1909 2331 2027 2362 mobile
2050 2342 2068 2362 a
2090 2332 2213 2362 motivo
2237 2339 2284 2363 est
2306 2333 2433 2364 mobile.

1388 2374 1404 2392 ’¹‘
1419 2374 1493 2404 Non
1509 2380 1555 2404 est
1570 2380 1676 2404 autem
1694 2380 1802 2404 motus
1818 2381 1939 2414 praeter
1953 2385 2010 2405 res.
2025 2376 2165 2406 Mutatur
2180 2376 2264 2406 enim
2280 2387 2403 2417 semper
2417 2377 2449 2407 id

1455 2417 1544 2458 quod
1559 2423 1709 2455 mutatur,
1725 2423 1778 2447 aut
1794 2419 1969 2448 secundum
1984 2419 2189 2450 substantiam
2205 2427 2259 2453 aut
2274 2422 2449 2451 secundum

1455 2461 1662 2501 quantitatem
1689 2468 1743 2491 aut
1768 2462 1943 2492 secundum
1973 2462 2155 2503 qualitatem
2188 2470 2242 2494 aut
2273 2465 2448 2495 secundum

1455 2505 1579 2535 locum:
1605 2515 1775 2535 commune
1807 2511 1913 2535 autem
1942 2506 1974 2536 in
2006 2506 2054 2536 his
2077 2507 2270 2538 nunum.est
2288 2508 2447 2548 accipere,

1455 2549 1536 2579 sicut
1554 2548 1699 2587 diximus,
1715 2549 1803 2589 quod
1821 2559 1923 2589 neque
1946 2550 2018 2588 hoc,
2033 2560 2136 2591 neque
2159 2558 2325 2591 quantum,
2345 2562 2448 2592 neque

1456 2592 1549 2633 quale
1582 2592 1644 2631 sit,
1674 2603 1777 2633 neque
1811 2593 1946 2624 aliorum
1980 2594 2305 2634 praedicamentorum
2334 2596 2447 2628 ullum.

1455 2637 1561 2674 Quare
1579 2646 1681 2677 neque
1699 2644 1806 2667 motus
1829 2647 1932 2677 neque
1955 2638 2088 2669 mutatio
2112 2638 2206 2669 ullius
2229 2639 2285 2669 erit
2308 2646 2391 2670 extra
2414 2650 2449 2670 ea

1458 2690 1539 2721 quae
1563 2680 1643 2710 dicta
1659 2687 1742 2719 sunt,
1760 2691 1833 2711 cum
1849 2681 1926 2711 nihil
1951 2682 1989 2712 sit
2011 2689 2093 2712 extra
2116 2683 2281 2722 praedicta.

1391 2725 1408 2744 *
1424 2725 1686 2764 Unumquodque
1705 2731 1811 2755 autem
1840 2725 2004 2765 dupliciter
2026 2726 2106 2756 inest
2129 2727 2286 2757 omnibus.
2309 2727 2352 2758 Ut
2375 2727 2447 2767 hoc,

1460 2768 1545 2798 aliud
1561 2768 1690 2808 quidem
1707 2768 1790 2798 enim
1810 2769 1912 2799 forma
1925 2769 2034 2809 ipsius,
2051 2770 2136 2800 aliud
2153 2780 2228 2800 vero
2248 2771 2399 2810 privatio:
2420 2778 2450 2803 et

1459 2812 1635 2842 secundum
1664 2813 1858 2853 qualitatem,
1875 2813 1936 2844 hoc
1964 2814 2093 2854 quidem
2110 2814 2194 2844 enirn
2225 2815 2343 2854 album,
2370 2815 2449 2846 illud

1461 2863 1568 2887 autem
1583 2856 1727 2896 nigrum:
1746 2864 1775 2888 et
1791 2858 1966 2888 secundum
1981 2858 2198 2899 quantitatem,
2217 2858 2301 2889 aliud
2321 2859 2450 2899 quidem

1460 2900 1645 2940 perfectum,
1662 2901 1746 2931 aliud
1769 2911 1844 2931 vero
1868 2901 2105 2941 imperfectum:
2131 2902 2270 2933 similiter
2293 2910 2399 2933 autem
2421 2910 2451 2934 et

1461 2944 1636 2974 secundum
1659 2944 1721 2975 loci
1745 2945 1964 2984 mutationem,
1981 2945 2042 2976 hoc
2066 2946 2195 2986 quidem
2219 2956 2354 2985 sursum,
2372 2947 2450 2977 illud

1459 2998 1533 3018 vero
1551 2988 1700 3019 deorsum
1711 3012 1719 3027 ,
1744 2996 1798 3019 aut
1813 2989 1898 3019 aliud
1914 2989 2042 3030 quidem
2058 2999 2160 3030 grave,
2179 2990 2263 3020 aliud
2278 3001 2352 3021 vero
2371 2990 2447 3021 leve.

1461 3033 1565 3069 Quare
1580 3039 1687 3063 motus
1700 3039 1730 3063 et
1742 3033 1924 3063 mutationis
1940 3039 1987 3063 tot
2003 3040 2076 3064 sunt
2090 3033 2217 3073 species,
2229 3041 2308 3074 quot
2318 3041 2348 3065 et
2360 3035 2447 3065 entis.

1391 3133 1452 3162 tur;
1474 3128 1600 3156 secunda
1627 3134 1670 3156 est
1691 3128 1791 3156 divisio
1819 3128 1891 3156 entis
1912 3128 1941 3156 in
1967 3129 2066 3156 decem
2094 3137 2198 3164 genera
2225 3137 2275 3156 seu
2302 3128 2447 3164 praedica-

1392 3173 1504 3201 menta;
1520 3167 1602 3195 tertia
1623 3174 1664 3195 est
1685 3167 1785 3195 divisio
1806 3167 1891 3195 unius
1905 3167 2015 3204 generis
2036 3167 2153 3202 entium,
2176 3176 2279 3203 nempe
2294 3167 2447 3202 relationis,

1393 3207 1550 3234 secundum
1577 3207 1657 3243 quod
1684 3216 1769 3243 super
1796 3207 1855 3234 duo
1883 3207 2006 3234 maxime
2034 3207 2182 3241 fundatur,
2204 3205 2333 3234 videlicet
2363 3215 2447 3242 super

1393 3245 1580 3282 quantitatem
1602 3253 1629 3273 et
1650 3255 1735 3282 super
1750 3246 1901 3274 actionem.
1919 3262 1936 3266 -
1952 3255 1978 3281 7.
1999 3246 2104 3279 Motus,
2120 3254 2185 3272 cum
2200 3245 2234 3272 sit
2248 3251 2327 3273 actus
2342 3245 2447 3282 imper-

1392 3285 1496 3319 fectus,
1519 3294 1606 3313 omne
1629 3291 1725 3312 autem
1747 3285 1943 3321 imperfectum
1965 3285 2016 3312 sub
2039 3285 2141 3312 eodem
2156 3293 2258 3320 genere
2279 3285 2361 3312 cadat
2381 3295 2447 3313 cum

1393 3324 1528 3360 perfecto,
1550 3334 1611 3352 non
1632 3331 1673 3352 est
1693 3330 1805 3360 praeter
1824 3333 1928 3360 genera
1949 3332 2044 3350 rerum
2065 3323 2095 3350 in
2110 3323 2213 3359 quibus
2234 3324 2372 3360 contingit
2386 3334 2447 3352 esse

1394 3369 1515 3390 motum.
1533 3380 1551 3384 —
1566 3364 1592 3391 8.
1609 3363 1723 3399 Species
1739 3372 1805 3399 ergo
1828 3369 1923 3390 motus
1945 3362 2155 3399 distinguuntur
2171 3363 2329 3391 secundum
2343 3373 2448 3400 genera

1394 3401 1502 3429 entium
1525 3401 1554 3429 in
1576 3402 1679 3438 quibus
1701 3408 1742 3429 est
1763 3407 1867 3429 motuS.
1896 3402 2003 3428 Rursus
2032 3401 2103 3429 sicut
2125 3401 2154 3429 in
2181 3402 2261 3430 omni
2283 3412 2384 3439 genere
2405 3410 2448 3431 est

1393 3440 1502 3477 aliquid
1523 3441 1678 3477 dupliciter,
1700 3441 1744 3468 vel
1766 3440 1837 3468 sicut
1857 3440 2021 3476 perfectum,
2037 3441 2080 3468 vel
2094 3441 2166 3469 sicut
2187 3441 2392 3478 imperfectum,
2408 3443 2447 3470 ita

1393 3479 1479 3508 etiarn
1501 3480 1635 3508 differunt
1656 3479 1763 3516 species
1791 3486 1886 3507 motus
1908 3480 2066 3508 secundum
2089 3481 2245 3516 perfectum
2266 3488 2294 3509 et
2314 3481 2446 3518 imperfe-

1393 3525 1470 3547 ctum
1492 3519 1522 3547 in
1543 3520 1644 3547 eodem
1666 3527 1777 3555 genere,
1799 3525 1885 3555 prout
1907 3518 1999 3547 differt
2019 3520 2165 3556 generatio
2186 3529 2204 3548 a
2224 3521 2416 3558 corruptione.

2473 1296 2483 1305 ·
2495 1295 2552 1323 Cap.
2562 1301 2577 1317 1.
2587 1295 2654 1318 Text.
2665 1302 2680 1318 1.

2473 1690 2482 1699 ·
2497 1689 2564 1711 Text.
2580 1695 2599 1711 2.

2477 1948 2485 1957 ·
2500 1947 2569 1969 Text.
2583 1953 2603 1975 3.

2476 2385 2487 2396 ⁴¹
2501 2385 2567 2407 Text.
2581 2392 2605 2412 4.

2476 2777 2487 2787 ⁸
2501 2776 2567 2798 Text.
2582 2782 2601 2804 5.
