2898 3996
1108 243 1217 279 CAP.
1245 243 1344 289 VIII,
1374 242 1524 278 LECT.
1554 242 1675 279 XVIII

903 525 1201 581 LECTIO
1238 525 1887 596 DECIMAOCTAVA

496 710 755 742 RATIONIBUS
778 709 947 741 LOGICIS
970 695 1248 741 OSTENDITUR
1271 710 1392 748 QUOD
1416 711 1565 742 MOTUS
1589 712 1809 743 REFLEXUS
1831 713 1922 743 NON
1945 713 2025 744 EST
2049 713 2296 745 CONTINUUS

313 875 453 920 λογικῶς
477 869 506 904 δ’
534 872 754 905 ἐπισκοποῦσι
777 870 839 903 κᾶν
866 871 902 903 ἐκ
928 867 1033 903 τῶνδε
1058 868 1166 914 δόξειέ
1191 885 1237 915 τῳ
1255 873 1367 907 ταὺτὸ

382 918 488 950 τοῦτο
512 916 721 959 συμβαίνειν·

315 958 407 992 ἅπαν
431 959 496 1006 γὰρ
521 961 563 992 τὸ
586 958 778 1003 κινούμενον
804 960 968 1003 συνεχῶς,
995 959 1034 990 ὂὶν
1060 960 1125 992 ὑπό
1150 955 1290 1003 μηδενὸς
1316 959 1367 992 ἑκ-

378 1003 558 1045 κροόηται,
577 1004 621 1041 εἰς
647 1001 725 1046 ὅπερ
751 1001 832 1041 ἦλθε
855 1002 952 1035 κατοὶ
974 1002 1038 1039 τήν
1063 1006 1179 1048 φοροίν,
1198 1004 1241 1041 εἰς
1260 1006 1366 1037 τοῦτο

378 1049 436 1079 καὶ
462 1047 596 1092 ἐφέρετο
627 1046 808 1092 πρότερον,
835 1047 902 1078 οἷον
928 1047 956 1078 εἰ
981 1047 1036 1079 ἐπὶ
1061 1047 1101 1079 τὸ
1126 1049 1150 1078 Β
1174 1047 1276 1089 ἦλθε,
1307 1050 1366 1080 καὶ

380 1091 516 1134 ἐφέρετο
546 1092 602 1124 ἐπὶ
634 1090 675 1123 τὸ
698 1092 740 1133 Β,
765 1092 822 1124 καὶ
848 1091 911 1135 οὐχ
936 1089 993 1123 ὅτε
1027 1092 1167 1129 πλησίον
1197 1090 1254 1133 ἦν,
1290 1093 1363 1124 ἀλλ’

379 1134 474 1173 εὖθῦς
504 1137 545 1173 ὦς
574 1133 703 1178 ἤρξατο
733 1133 913 1167 κινεῖσθαι·
938 1137 971 1167 τί
1028 1134 1067 1178 dp
1099 1137 1226 1179 μᾶλλον
1257 1137 1312 1167 νῦν
1345 1136 1366 1173 ἦ

380 1178 562 1224 πρότερον;
594 1180 731 1222 Ὁμοίως
759 1175 798 1211 δὲ
825 1179 880 1211 ἐπὶ
904 1179 970 1210 τῶν
1002 1146 1125 1212 {Mum
1162 1181 1208 1213 Τό
1241 1175 1269 1211 δ’
1299 1178 1366 1212 ἀπὸ

378 1223 441 1256 τοῦ
466 1224 492 1254 Α
515 1223 571 1255 ἐπὶ
602 1223 644 1255 τὸ
668 1224 690 1253 Γ
714 1222 911 1268 φερόμενον,
943 1221 1028 1255 ὅταν
1061 1223 1116 1255 ἐπὶ
1146 1224 1187 1256 τὸ
1216 1226 1238 1254 Γ
1265 1223 1364 1266 ἔλθῃ,

379 1266 482 1308 πάλιν
508 1266 579 1308 ἥξει
604 1267 659 1299 ἐπὶ
684 1267 725 1298 τὸ
748 1270 774 1298 Α
796 1267 940 1310 συνεχῶς
963 1266 1170 1311 κινούμενον.
1191 1267 1271 1300 Ὅτε
1300 1268 1366 1311 α”ρα

380 1310 449 1343 ἀπὸ
473 1312 536 1343 τοῦ
560 1312 585 1342 A
609 1309 745 1355 φέρεται
771 1311 850 1352 πρὸς
875 1310 916 1342 τὸ
941 1310 1089 1351 Γ,·το’τε
1112 1314 1171 1343 καὶ
1196 1313 1240 1350 εἰς
1275 1312 1316 1344 τὸ
1340 1315 1366 1343 Α

378 1353 516 1399 φέρεται
541 1354 603 1390 τήν
631 1355 699 1387 ἀπὸ
724 1356 786 1387 τοῦ
802 1356 824 1385 Γ
840 1357 980 1391 κίνησιν·
1005 1354 1080 1387 ὥσθ’
1102 1354 1174 1398 ἅμα
1192 1357 1254 1393 τοὶς
1273 1354 1368 1388 ἐναν-

379 1400 469 1437 τίας·
495 1399 648 1430 ἐναντίαι
671 1398 736 1444 γαρ
762 1401 796 1430 αἱ
819 1399 898 1430 κατ’
926 1396 1071 1431 εὐθεῖαν.

275 1447 281 1453 ’
303 1438 397 1484 'Ap-ot
421 1438 459 1474 δὲ
481 1444 538 1473 καὶ
563 1443 599 1473 ἐκ
623 1445 750 1474 τούτου
774 1441 984 1486 μεταβάλλει
1009 1443 1041 1474 ἐν
1067 1442 1090 1484 ᾦ
1115 1443 1174 1475 οὐκ
1198 1443 1300 1476 ἐ’στιν.
1326 1445 1366 1475 Εἰ

380 1485 435 1518 οὖν
459 1486 554 1518 τοῦτ’
584 1481 777 1527 ἀδύνατον,
805 1485 934 1531 ἀνάγκη
965 1485 1131 1518 ἵστασθαι
1163 1488 1217 1519 ἐπὶ
1243 1488 1305 1520 τοῦ
1329 1489 1363 1520 Γ.

338 1561 341 1563 ,
376 1527 444 1561 Οὐκ
470 1530 535 1572 ἄρα
552 1532 614 1573 μία
638 1530 659 1566 ἦ
683 1533 820 1567 κίνησις·
839 1530 859 1566 ἡ
885 1530 948 1575 γοὶρ
965 1527 1265 1574 διαλαμβανομένη
1283 1532 1366 1565 στα-

377 1585 427 1606 σει
452 1573 490 1605 οὐ
514 1574 588 1616 μία.

303 1617 380 1650 Ἔτι
404 1613 442 1649 δὲ
464 1618 523 1648 καὶ
547 1615 583 1648 ἑκ.
608 1611 713 1648 τῶνδε
738 1617 877 1660 φανερὸν
897 1616 1044 1648 καθόλου
1061 1619 1190 1671 μᾶλλον
1212 1621 1284 1663 περὶ
1302 1618 1369 1652 ποί-

377 1673 436 1699 σης
458 1659 630 1699 κινήσεως·
656 1661 685 1692 εἱ
708 1661 771 1707 γοίρ
798 1659 889 1693 ἅπαν
915 1661 957 1692 τὸ
980 1673 1172 1705 κινουμενον
1198 1664 1264 1694 τῶν
1283 1664 1366 1705 εἰρη-

378 1705 483 1749 μένων
507 1704 587 1736 τινοὶ
608 1708 751 1736 κινεῖται
774 1704 935 1741 κινήσεων
960 1707 1018 1736 καὶ
1043 1703 1158 1750 ἠρεμεῖ
1181 1707 1247 1738 τῶν
1274 1707 1366 1740 ἀντι-

376 1748 534 1793 κειμένων
557 1748 699 1792 ἡρεμιῶν
726 1749 783 1791 (οὐ
806 1749 870 1794 γαρ
896 1747 936 1786 ἦν
964 1749 1048 1786 ἄλλη
1075 1750 1170 1793 παρὰ
1194 1749 1363 1794 ταύτας),

377 1793 419 1825 τὸ
443 1788 482 1824 δὲ
506 1791 552 1836 μὴ
580 1791 631 1825 ἀεὶ
654 1792 846 1836 κινούμενον
878 1787 983 1829 τήνδε
1012 1793 1075 1829 τήν
1106 1795 1232 1830 κίνησιν
1260 1794 1365 1840 (λέγω

377 1832 406 1868 δ’
436 1836 513 1869 ὅσαι
537 1834 652 1880 ἕτεραι
677 1837 724 1877 τῷ
754 1831 852 1877 εἴδει,
877 1838 934 1868 καὶ
966 1837 1012 1879 μη
1037 1839 1066 1868 εἴ
1090 1849 1123 1869 τι
1147 1837 1260 1881 μόριόν
1294 1840 1366 1871 ἐστι

376 1880 438 1919 τῆς
465 1879 560 1922 ὅλης)
589 1879 719 1925 ἀνάγκη
746 1880 908 1924 πρότερον
934 1879 1065 1925 ἠρεμεῖν
1090 1881 1154 1917 τήν
1178 1883 1368 1926 ἀντικειμέ-

377 1935 434 1962 νην
457 1923 610 1968 ἠρεμίαν·
636 1925 745 1969 ἡζγοὶρ
771 1924 891 1968 ἠρεμία
915 1924 1067 1967 στέρησις
1085 1923 1242 1963 κινήσεώς
1261 1927 1364 1959 ἐστιν.

376 1969 414 2000 Εἰ
439 1968 495 2000 οὖν
520 1966 674 2000 ἐναντίαι
699 1969 758 2012 μὲν
782 1967 925 2006 κινήσεις
952 1971 985 2000 αἱ
1009 1969 1090 2000 κατ’
1119 1966 1266 2011 εὐθεῖαν,
1296 1970 1366 2013 ἅμα

376 2007 417 2044 δὲ
440 2011 486 2056 μὴ
518 2007 695 2056 ἐνδέχεται
723 2011 884 2044 κινεῖσθαι
916 2012 979 2050 τοὶς
1011 2011 1189 2054 ἐναντίας,
1223 2014 1264 2045 τὸ
1298 2015 1367 2047 ἀπό

378 2057 441 2091 τοῦ,
454 2057 491 2086 'A
515 2055 594 2100 πρὸς
621 2057 662 2088 τό
679 2058 700 2087 Γ
718 2055 894 2100 φερόμενον
920 2057 980 2088 οὐκ
1006 2055 1044 2088 ὀὲν
1062 2056 1194 2100 φέροιτο
1214 2057 1287 2100 ἅμα
1307 2061 1366 2090 καὶ

379 2099 448 2132 ἀπὸ
472 2100 535 2131 τοῦ
560 2101 581 2130 Γ
607 2100 686 2144 πρὸς
713 2100 753 2132 τό
777 2101 815 2132 Α.
845 2100 941 2132 Ἐπεὶ
966 2095 996 2131 δ’
1024 2100 1088 2144 οὐχ
1113 2099 1194 2144 ἅμα
1216 2101 1365 2145 φέρεται,

376 2142 554 2180 κινήσεται
577 2138 615 2175 δὲ
640 2143 771 2181 ταύτην
798 2144 861 2180 τήν
885 2146 1025 2184 κίνησιν,
1047 2144 1176 2201 ἀναχκη
1203 2144 1364 2189 πρότερον

376 2187 545 2232 ἠρεμῆσαι
570 2187 632 2223 τήν
659 2188 738 2230 πρὸς
763 2189 810 2229 τῷ
835 2190 869 2218 Γ·
897 2186 986 2224 αὕτη
1011 2189 1075 2233 γοὶρ
1102 2199 1141 2227 ην
1170 2189 1190 2224 ἡ
1223 2189 1366 2221 ἀντικει-

377 2232 457 2277 μένη
483 2230 605 2275 ἠρεμία
637 2232 682 2274 τῇ
716 2231 784 2264 ἀπὸ
810 2231 871 2263 τοῦ
897 2233 918 2261 Γ
942 2231 1081 2268 κινήσει.
1116 2232 1223 2268 Δῆλον
1255 2235 1365 2265 τοίνυν

378 2277 414 2308 ἐκ
438 2276 505 2308 τῶν
530 2276 557 2306 εἰ
577 2275 728 2318 ημένων,
757 2275 809 2308 ὅτι
836 2275 893 2307 οὐκ
919 2275 992 2307 ἔστι
1016 2276 1155 2322 συνεχής
1181 2276 1201 2312 ἡ
1225 2278 1364 2314 κίνησις.

302 2317 381 2351 Ἔτι
405 2315 444 2351 δὲ
466 2321 523 2350 καὶ
550 2314 604 2350 οδε
631 2321 646 2351 ὁ
671 2319 770 2366 λόγος
823 2320 922 2351 ἄλλον
949 2320 1066 2357 οἰκεῖος
1094 2321 1158 2353 τῶν
1176 2317 1364 2364 εἰρημένων.

369 2363 462 2407 ’Ἀμα
484 2362 548 2408 γαρ
575 2362 738 2407 ἔφθαρται
762 2375 802 2396 το
829 2361 867 2395 οὐ
882 2363 998 2394 λευκὸν
1023 2367 1080 2396 καὶ
1098 2363 1216 2410 γέγονε
1233 2364 1363 2396 λευκόν.

376 2408 414 2439 Ei
439 2405 496 2439 οὖν
520 2407 661 2452 συνεχής
686 2409 706 2443 ἡ
734 2405 908 2444 ἀλλοίωσις
933 2408 977 2444 εἰς
1002 2409 1118 2440 λευκὸν
1150 2410 1207 2439 καὶ
1233 2408 1269 2439 ἐκ
1293 2410 1364 2440 λευ-

376 2452 457 2492 κοῦ,
481 2452 540 2482 καὶ
565 2451 611 2495 μή
636 2450 727 2495 μένει
752 2451 831 2484 τινα
861 2450 999 2495 χρόνον,
1033 2451 1104 2494 ἅμα
1136 2450 1298 2496 ἔφθαρται
1324 2453 1365 2485 τό

379 2493 415 2527 οὗ
438 2494 555 2526 λευκὸν
579 2497 636 2526 καὶ
660 2494 778 2541 γέγονε
801 2495 918 2526 λευκὸν
943 2497 1000 2526 καὶ
1022 2495 1157 2542 γέγονεν
1181 2495 1217 2527 ού
1234 2496 1362 2528 λευκόν·

378 2539 476 2583 τριῶν
500 2538 564 2583 γὀὶρ
590 2539 686 2571 ἔσται
713 2539 728 2570 ὁ
754 2539 859 2576 αὐτὸς
882 2538 1011 2583 χρόνος.

304 2581 381 2614 Ἔτι
405 2583 465 2614 οὐκ
488 2584 516 2614 εἰ
540 2583 680 2635 συνεχής
707 2583 722 2614 ὁ
747 2582 876 2627 χρόνος,
901 2584 960 2614 καὶ
985 2583 1006 2619 ἡ
1030 2585 1167 2623 κίνησις,
1196 2583 1268 2616 ἀλλ’
1296 2581 1367 2626 ἑφε-

378 2626 450 2666 ξῆς.
475 2627 545 2663 Πῶς
570 2622 598 2657 δ’
625 2628 663 2658 ἀν
688 2628 738 2663 εἴη
764 2626 805 2658 τὸ
830 2626 976 2671 ἔσχατον
1002 2627 1044 2658 τὸ
1069 2627 1156 2659 αὐτὸ
1181 2628 1246 2660 τῶν
1274 2628 1365 2659 ἐναν-

379 2672 472 2710 τίων,
499 2671 565 2702 οἷον
588 2669 793 2707 λευκότητος
817 2673 874 2702 καὶ
899 2672 1080 2714 μελανίας;

374 2791 514 2819 SYNOPSts
530 2807 564 2812 —
585 2800 608 2819 t.
622 2791 832 2828 Argumentum
851 2797 878 2819 et
905 2790 1006 2819 divisio
1027 2792 1262 2829 textus-Logice
1283 2792 1367 2820 etiam

314 2835 357 2858 est
375 2829 557 2858 manifestum
571 2831 650 2867 quod
664 2837 760 2858 motus
774 2830 894 2859 reflexus
909 2839 969 2858 non
984 2836 1025 2858 est
1039 2830 1200 2859 continuus.
1215 2848 1235 2852 -
1249 2839 1276 2859 2.
1299 2833 1368 2859 Pro-

314 2870 398 2898 batur
418 2869 512 2906 primo
534 2870 645 2898 duabus
666 2869 824 2898 rationibus
838 2870 868 2898 in
882 2876 964 2898 motu
984 2870 1068 2898 locali
1086 2869 1201 2898 reflexo.
1224 2872 1252 2906 a)
1274 2871 1368 2898 Omne

314 2909 395 2946 quod
415 2915 498 2937 motu
518 2909 656 2937 continuo
678 2915 818 2944 movetur,
841 2909 898 2937 iam
919 2918 936 2937 a
956 2909 1096 2945 principio
1118 2909 1162 2937 sui
1183 2915 1292 2945 motus,
1313 2909 1369 2938 nisi

314 2948 422 2985 aliquid
443 2948 588 2984 impediat,
603 2948 691 2976 fertur
704 2948 734 2976 in
747 2948 912 2984 terminum,
934 2949 970 2976 ad
986 2957 1072 2985 quem
1085 2957 1136 2984 per
1156 2948 1213 2976 loci
1234 2949 1368 2977 mutatio-

313 2996 381 3016 nem
402 2987 544 3024 pertingit.
566 2988 596 3016 Si
617 2997 685 3024 ergo
707 2995 803 3016 motus
823 2987 944 3016 reflexus
966 2994 1008 3015 est
1022 2988 1184 3023 continuus,
1206 2989 1286 3025 quod
1305 2998 1368 3016 rno-

314 3032 395 3055 vetur
409 3027 445 3054 ab
459 3027 484 3054 A
499 3027 529 3055 in
543 3027 615 3063 C„et
628 3026 730 3055 iterum
751 3027 904 3056 reflectitur
918 3028 955 3055 ad
967 3028 1003 3062 A,
1018 3027 1048 3055 in
1062 3027 1155 3064 prima
1172 3034 1252 3064 parte
1273 3034 1369 3056 motus

314 3065 364 3102 qui
385 3072 428 3094 est
441 3066 477 3093 ab
491 3067 518 3094 A
531 3066 561 3094 in
581 3067 615 3102 C,
637 3067 806 3095 movebatur
826 3067 864 3094 ad
884 3066 1038 3094 terminum
1059 3066 1176 3094 ultimae
1197 3066 1297 3103 partis,
1320 3067 1368 3104 qui

315 3110 357 3132 est
376 3105 418 3140 A;
433 3110 461 3132 et
477 3105 517 3133 sic
529 3106 600 3133 dum
621 3112 753 3134 movetur
766 3107 802 3134 ab
816 3107 851 3141 A,
873 3112 1005 3134 movetur
1025 3105 1109 3134 simul
1130 3106 1160 3134 in
1179 3107 1215 3134 A.
1238 3107 1370 3134 Movetur

314 3153 383 3181 ergo
397 3144 524 3172 motibus
538 3145 696 3180 contrariis,
718 3146 798 3182 quod
812 3154 874 3173 esse
887 3155 949 3174 non
968 3151 1071 3181 potest.
1086 3162 1106 3167 -
1122 3146 1147 3173 3.
1163 3146 1190 3180 b)
1211 3145 1275 3173 Alia
1295 3146 1368 3174 ratio

314 3192 348 3212 ex
365 3183 467 3211 eodem
482 3183 588 3212 medio.
610 3185 676 3212 Non
690 3190 784 3220 potest
804 3184 911 3212 mobile
932 3184 1040 3212 moveri
1055 3185 1091 3212 ad
1105 3185 1139 3219 A,
1155 3184 1209 3212 nisi
1223 3193 1257 3212 ex
1271 3184 1368 3221 aliquo

313 3221 437 3250 termino
458 3222 665 3259 contraposito,
683 3232 787 3260 nempe
807 3232 840 3251 ex
862 3224 901 3258 C;
923 3224 974 3251 sed
994 3223 1101 3251 mobile
1122 3224 1252 3252 nondum
1274 3230 1316 3252 est
1336 3223 1366 3251 in

313 3261 370 3289 hoc
388 3261 470 3298 signo
491 3262 609 3298 quando
630 3261 729 3299 incipit
747 3262 856 3290 moveri
876 3263 912 3290 ab
933 3263 975 3297 A,
997 3271 1066 3299 ergo
1083 3262 1112 3290 in
1133 3262 1283 3298 hypothesi
1304 3272 1368 3292 mo-

314 3300 371 3328 bile
399 3307 530 3329 movetur
549 3302 586 3328 ab
613 3301 663 3329 illo
691 3301 814 3329 termino
835 3301 865 3329 in
893 3311 952 3338 quo
979 3310 1040 3329 non
1065 3307 1122 3336 est,
1144 3303 1223 3338 quod
1252 3308 1294 3329 est
1314 3301 1368 3330 im-

313 3339 458 3376 possibile.
481 3341 558 3376 Ergo
579 3340 755 3376 impossibile
779 3346 821 3368 est
843 3341 923 3377 quod
951 3346 1046 3368 motus
1067 3340 1187 3368 reflexus
1215 3340 1250 3368 sit
1277 3341 1367 3369 conti-

313 3388 388 3406 nuus
414 3385 442 3406 et
467 3388 552 3407 unus.
574 3395 592 3399 —
613 3389 640 3414 4.
669 3380 810 3407 Probatur
837 3379 1028 3407 communiter
1060 3379 1090 3407 in
1123 3379 1248 3416 qualibet
1275 3380 1367 3416 specie

313 3423 419 3446 motus.
441 3419 469 3453 a)
490 3417 597 3449 Mobile
629 3419 710 3455 quod
736 3418 882 3446 actualiter
908 3427 969 3446 non
996 3425 1127 3446 movetur
1153 3418 1250 3455 aliqua
1276 3420 1367 3448 deter-

314 3456 421 3485 minata
441 3457 535 3493 speeie
557 3463 661 3492 motus,
683 3457 802 3494 quiescit
823 3457 916 3494 quiete
944 3457 1091 3494 opposita:
1116 3457 1196 3494 quies
1218 3457 1294 3486 enirn
1308 3458 1367 3494 pri-

313 3496 405 3525 vative
426 3496 583 3533 opponitur
603 3497 703 3532 motui,
718 3503 746 3524 et
766 3497 891 3525 duorum
914 3506 988 3534 quae
1010 3497 1144 3533 privative
1164 3503 1366 3533 opponuntur,

313 3545 381 3564 curn
402 3545 493 3563 unum
514 3545 574 3564 non
595 3535 676 3571 inest,
698 3542 813 3572 oportet
833 3536 953 3564 alterum
974 3536 1066 3564 inesse
1087 3536 1268 3573 susceptibili.
1290 3537 1367 3574 Ergo

454 3594 522 3626 Opp.
542 3594 572 3618 D.
587 3594 700 3618 Tuomst:
718 3593 749 3618 T.
765 3594 793 3619 11.

1421 878 1438 896 *
1464 876 1700 908 Rationabiliter
1728 885 1834 909 autem
1862 886 1892 909 et
1920 888 1956 909 ex
1984 879 2032 909 his
2062 878 2294 911 intendentibus
2323 882 2477 914 videbitur

1488 921 1580 952 alicui
1604 929 1634 952 et
1656 922 1741 952 idem
1763 922 1825 952 hoc
1848 923 1995 954 accidere.

1423 965 1528 996 Omne
1557 965 1639 996 enim
1664 966 1751 1006 quod
1779 973 1925 997 movetur
1958 967 2122 1006 continue,
2148 967 2173 997 si
2201 978 2219 998 a
2252 968 2341 998 nullo
2369 970 2474 1009 prohi-

1487 1009 1606 1048 beatur,
1630 1010 1663 1039 in
1687 1010 1775 1050 quod
1797 1010 1927 1050 quidem
1945 1011 2030 1041 venit
2051 1012 2226 1041 secundum
2247 1012 2309 1042 loci
2328 1014 2476 1044 mutatio-

1488 1062 1579 1091 nem,
1600 1053 1636 1083 in
1659 1053 1720 1084 hoc
1743 1060 1774 1083 et
1796 1053 1950 1085 ferebatur
1972 1054 2076 1094 prius:
2107 1061 2143 1085 ut
2172 1055 2196 1085 si
2219 1056 2252 1086 in
2274 1056 2300 1086 B
2322 1057 2422 1096 venit,
2447 1064 2476 1088 et

1488 1096 1643 1127 ferebatur
1663 1096 1696 1126 in
1719 1098 1759 1134 A,
1784 1104 1814 1128 et
1836 1108 1902 1127 non
1926 1108 1999 1128 cum
2022 1098 2202 1138 proximum
2221 1106 2299 1136 erat,
2323 1101 2378 1130 sed
2401 1111 2476 1131 mox

1488 1139 1568 1170 sicut
1595 1140 1711 1179 incepit
1739 1141 1869 1171 moveri.
1904 1142 1988 1178 Quid
2019 1141 2103 1172 enim
2130 1143 2229 1182 magis
2262 1153 2346 1174 nunc
2379 1155 2476 1185 quam

1487 1182 1596 1224 prius?
1627 1183 1774 1214 Similiter
1797 1191 1902 1214 autem
1926 1192 1956 1215 et
1978 1186 2010 1215 in
2033 1185 2108 1216 aliis.
2134 1187 2231 1223 Quod
2256 1194 2362 1218 autem
2386 1189 2423 1218 ab
2446 1191 2477 1219 A

1487 1227 1584 1258 fertur
1601 1227 1634 1257 in
1658 1227 1695 1266 C,
1715 1227 1829 1270 iterum
1851 1228 1954 1259 veniet
1972 1229 2005 1259 in
2019 1232 2048 1259 A
2073 1230 2221 1260 continue
2239 1238 2373 1262 motum.
2391 1231 2476 1262 Cum

1487 1281 1560 1311 ergo
1584 1272 1622 1302 ab
1646 1274 1675 1302 A
1697 1271 1731 1301 in
1754 1271 1780 1302 C
1804 1271 1969 1310 ferebatur,
1989 1279 2064 1303 tunc
2087 1279 2117 1304 et
2139 1274 2171 1303 in
2194 1277 2223 1304 A
2246 1275 2343 1305 fertur
2366 1285 2476 1306 secun-

1487 1316 1566 1346 dum
1588 1322 1714 1346 motum
1730 1315 1785 1355 qui
1801 1322 1847 1346 est
1869 1326 1887 1346 a
1910 1316 1947 1347 C.
1964 1318 2068 1354 Quare
2090 1316 2184 1347 simul
2208 1319 2386 1349 contrariis:
2405 1330 2475 1349 con-

1487 1359 1570 1390 trarii
1589 1359 1674 1390 enim
1696 1359 1752 1400 qui
1774 1360 1949 1391 secundum
1970 1361 2197 1392 rectitudinem.

1421 1447 1522 1478 Simul
1545 1454 1651 1478 autem
1675 1453 1705 1477 et
1728 1457 1764 1477 ex
1787 1447 1848 1477 hoc
1864 1454 2003 1478 mutatur
2025 1449 2058 1479 in
2076 1459 2141 1490 quo
2165 1458 2231 1478 non
2255 1455 2310 1479 est.
2335 1449 2367 1479 Si
2382 1449 2477 1489 igitur

1486 1491 1547 1521 hoc
1569 1490 1773 1531 impossibile,
1791 1501 1914 1522 necesse
1934 1497 1979 1522 est
2002 1499 2081 1523 stare
2099 1493 2132 1522 in
2155 1492 2191 1523 C.
2207 1493 2280 1522 Non
2301 1502 2374 1532 ergo
2391 1503 2474 1524 unus

1486 1541 1610 1565 motus:
1635 1535 1796 1565 distinctus
1820 1535 1904 1565 enim
1926 1542 2007 1567 statu
2031 1546 2097 1567 non
2119 1542 2165 1567 est
2187 1546 2279 1567 unus.

1420 1621 1435 1637 ’¹‘
1451 1622 1599 1662 Amplius
1615 1629 1645 1653 et
1661 1632 1697 1653 ex
1708 1622 1756 1653 his
1772 1622 1975 1653 manifestum
1989 1624 2201 1655 universaliter
2219 1623 2318 1663 magis
2334 1624 2372 1654 de
2388 1625 2476 1655 omni

1486 1673 1588 1697 motu.
1613 1666 1646 1697 Si
1669 1666 1754 1696 enim
1778 1676 1873 1697 omne
1896 1667 1984 1707 quod
2006 1675 2166 1706 movetur,
2195 1674 2341 1698 movetur
2367 1669 2474 1709 aliquo

1488 1710 1644 1740 dictorum
1659 1717 1822 1748 motuum;
1843 1717 1872 1740 et
1887 1711 2019 1750 quiescit
2034 1712 2138 1752 aliqua
2158 1712 2376 1752 oppositarum
2391 1712 2476 1752 quie-

1487 1760 1571 1784 tum:
1588 1763 1654 1784 non
1677 1761 1740 1784 erat
1764 1754 1849 1784 enim
1880 1754 1959 1784 alius
1982 1763 2102 1795 praeter
2132 1756 2218 1787 istos.
2244 1757 2340 1794 Quod
2370 1763 2476 1786 autem

1487 1807 1552 1827 non
1582 1807 1705 1837 semper
1735 1805 1881 1828 movetur
1912 1799 2086 1829 secundum
2115 1800 2200 1830 hunc
2229 1808 2354 1831 motum
2382 1799 2475 1842 (dico

1486 1848 1592 1872 autem
1616 1841 1808 1882 quicumque
1832 1848 1906 1872 sunt
1928 1843 2014 1873 alteri
2037 1843 2158 1883 specie,
2183 1850 2212 1874 et
2235 1854 2299 1874 non
2323 1844 2349 1874 si
2372 1844 2476 1884 aliqua

1486 1895 1557 1925 pars
1579 1892 1624 1916 est
1647 1883 1774 1927 totius),
1796 1895 1920 1915 necesse
1943 1893 1989 1916 est
2010 1887 2096 1926 prius
2120 1887 2278 1928 quiescere
2301 1889 2476 1918 secundum

1487 1929 1668 1969 oppositam
1691 1929 1843 1969 quietem:
1868 1930 1956 1970 quies
1976 1930 2060 1960 enim
2082 1931 2215 1970 privatio
2240 1939 2285 1962 est
2307 1938 2422 1962 motuS.
2443 1931 2476 1963 Si

1486 1973 1580 2012 igitur
1603 1973 1749 2003 contrarii
1772 1973 1901 2013 quidem
1924 1980 2030 2004 motus
2054 1981 2127 2004 sunt
2153 1975 2208 2015 qui
2234 1977 2408 2006 secundum
2426 1985 2473 2006 re-

1487 2017 1686 2055 ctitudinem3
1711 2016 1930 2047 simulantem
1953 2027 2019 2047 non
2043 2018 2195 2057 contingit
2213 2020 2332 2050 moveri
2356 2025 2475 2050 contra-

1486 2061 1563 2091 rios:
1589 2061 1677 2101 quod
1700 2061 1738 2090 ab
1753 2063 1782 2090 A
1805 2061 1844 2090 ad
1860 2060 1886 2091 C
1910 2061 2017 2100 fertur,
2033 2071 2099 2091 non
2122 2062 2231 2102 utique
2249 2063 2364 2094 feretur
2382 2063 2476 2094 simul

1487 2105 1525 2134 ab
1548 2105 1619 2144 ipso
1643 2104 1669 2135 C
1694 2104 1734 2134 ad
1764 2106 1802 2135 A.
1828 2104 1990 2141 Quoniam
2018 2112 2124 2136 autem
2154 2116 2220 2136 non
2247 2107 2341 2137 simul
2364 2106 2476 2145 fertur,

1486 2148 1663 2178 movebitur
1686 2154 1792 2178 autem
1815 2148 1899 2179 hune
1914 2155 2051 2187 motum,
2070 2159 2194 2180 necesse
2211 2158 2257 2181 est
2277 2151 2363 2190 prius
2386 2151 2475 2191 quie-

1486 2201 1569 2222 scere
1590 2191 1674 2231 apud
1699 2190 1743 2222 C:
1769 2191 1845 2221 haec
1864 2192 1948 2222 enim
1969 2193 2115 2232 opposita
2130 2194 2218 2234 quies
2238 2194 2266 2224 ei
2282 2195 2336 2235 qui
2356 2202 2402 2225 est
2415 2205 2433 2224 a
2449 2194 2476 2225 C

1485 2235 1597 2265 motui.
1622 2234 1826 2265 Manifestum
1847 2235 1942 2274 igitur
1965 2245 2001 2266 ex
2023 2236 2071 2266 his
2094 2247 2174 2278 quae
2199 2238 2278 2268 dicta
2295 2246 2378 2277 sunt,
2395 2248 2476 2278 quo-

1486 2278 1572 2308 niam
1594 2288 1661 2308 non
1684 2284 1730 2308 est
1753 2278 1921 2309 continuus
1944 2286 2062 2310 motus.

1419 2322 1436 2340 *
1451 2322 1599 2362 Amplius
1623 2329 1728 2352 autem
1743 2329 1773 2352 et
1786 2322 1862 2352 haec
1885 2322 1963 2352 ratio
1983 2323 2082 2362 magis
2105 2324 2231 2364 propria
2255 2332 2300 2355 est
2322 2325 2371 2355 his
2395 2335 2476 2365 quae

1486 2366 1567 2397 dicta
1583 2372 1665 2396 sunt.
1683 2365 1784 2396 Simul
1797 2365 1881 2396 enim
1898 2373 2082 2406 corruptum
2102 2374 2147 2398 est
2162 2368 2250 2408 quod
2268 2379 2335 2399 non
2351 2369 2474 2408 album,

1486 2416 1516 2440 et
1534 2409 1651 2440 factum
1670 2416 1716 2439 est
1739 2409 1855 2440 album.
1872 2410 1904 2440 Si
1925 2409 2020 2449 igitur
2042 2411 2191 2442 continua
2213 2412 2352 2443 alteratio
2375 2413 2415 2443 ad
2434 2413 2476 2443 al-

1485 2454 1563 2484 bum
1587 2459 1617 2483 et
1639 2463 1675 2483 ex
1694 2453 1776 2491 albo,
1801 2460 1831 2484 et
1853 2463 1919 2484 non
1940 2461 2046 2485 manet
2068 2454 2175 2495 aliquo
2199 2462 2357 2495 tempore;
2382 2457 2476 2487 simul

1486 2503 1670 2537 corruptum
1694 2503 1738 2527 est
1761 2507 1826 2527 non
1850 2497 1968 2536 album,
1984 2504 2014 2528 et
2036 2497 2153 2528 factum
2177 2505 2222 2529 est
2245 2499 2362 2538 album,
2380 2506 2410 2530 et
2432 2500 2475 2530 fa-

1485 2547 1571 2571 ctum
1595 2547 1640 2571 est
1658 2551 1723 2571 non
1746 2541 1870 2571 album:
1895 2541 1990 2571 trium
2013 2541 2098 2571 enim
2120 2542 2176 2572 erit
2197 2542 2282 2573 idem
2305 2550 2439 2583 tempus.

1419 2585 1576 2624 Amplius,
1596 2594 1662 2614 non
1685 2584 1710 2614 si
1730 2585 1917 2615 continuum
1933 2591 1978 2615 est
1994 2592 2130 2625 tempus,
2150 2592 2180 2616 et
2195 2593 2318 2624 motus;
2338 2587 2392 2617 sed
2404 2597 2476 2617 con-

1486 2635 1660 2668 sequenter.
1685 2629 1860 2665 Quomodo
1884 2629 1978 2668 igitur
2000 2629 2057 2659 erit
2080 2629 2230 2660 ultimum
2246 2630 2330 2660 idem
2353 2637 2475 2661 contra-

1486 2672 1623 2711 riorum,
1647 2678 1682 2702 ut
1704 2672 1855 2702 albedinis
1879 2679 1909 2703 et
1931 2671 2118 2712 nigredinis?

1421 2801 1487 2820 cum
1508 2792 1615 2820 mobile
1636 2801 1697 2820 non
1717 2791 1808 2828 possit
1835 2791 1920 2820 simul
1941 2792 2050 2820 moveri
2077 2793 2203 2821 motibus
2231 2793 2370 2830 oppositis
2391 2795 2427 2822 de
2446 2795 2474 2822 A

1421 2832 1459 2859 ad
1473 2832 1496 2859 C
1511 2838 1539 2859 et
1552 2832 1588 2860 de
1606 2832 1629 2859 C
1643 2832 1681 2859 ad
1701 2832 1736 2866 A,
1757 2841 1873 2860 necesse
1895 2838 1936 2860 est
1957 2833 2036 2869 quod
2057 2833 2127 2860 dum
2147 2839 2279 2867 movetur
2300 2834 2335 2861 de
2348 2834 2375 2861 A
2388 2834 2426 2861 ad
2440 2834 2472 2869 C,

1422 2870 1550 2907 quiescat
1579 2870 1672 2908 quiete
1701 2871 1841 2907 opposita.
1870 2871 1927 2899 Sed
1954 2871 2044 2899 motui
2070 2872 2118 2908 qui
2147 2878 2190 2899 est
2214 2881 2231 2900 a
2252 2873 2290 2907 C,
2319 2872 2476 2908 opponitur

1422 2910 1502 2946 quies
1523 2919 1597 2947 quae
1618 2916 1660 2938 est
1681 2910 1711 2938 in
1731 2910 1768 2938 C:
1791 2920 1858 2947 ergo
1879 2916 1975 2939 motus
1996 2911 2116 2939 reflexus
2135 2911 2349 2948 interrumpitur
2370 2912 2474 2948 quiete,

1421 2959 1472 2977 seu
1498 2958 1560 2977 non
1587 2956 1630 2977 est
1654 2958 1729 2977 unus
1752 2956 1780 2978 et
1800 2950 1962 2978 continuus.
1983 2966 2002 2970 —
2026 2951 2051 2978 5.
2074 2951 2101 2986 b)
2124 2950 2154 2978 Si
2181 2957 2277 2979 motus
2304 2951 2423 2980 reflexus
2444 2951 2474 2980 in

1422 2988 1551 3025 quolibet
1570 2998 1674 3026 genere
1695 2989 1731 3016 sit
1751 2989 1904 3017 continuus
1925 2991 2033 3026 absque
2054 2989 2270 3026 interpositione
2291 2990 2407 3027 quietis,
2430 3000 2473 3018 se-

1422 3027 1518 3064 quitur
1533 3029 1612 3065 quod
1633 3029 1663 3056 in
1684 3029 1787 3056 eodem
1801 3035 1931 3066 tempore
1946 3029 2030 3057 simul
2051 3029 2159 3066 aliquid
2173 3030 2364 3066 corrumpitur
2384 3037 2411 3058 et
2425 3030 2472 3066 fit3

1422 3068 1501 3103 quod
1516 3074 1558 3095 est
1573 3067 1757 3104 impossibile.
1780 3069 1861 3096 Patet
1874 3069 2003 3105 sequela:
2025 3077 2092 3096 narn
2108 3068 2192 3096 simul
2208 3069 2400 3104 corrumpitur
2413 3078 2474 3097 non

1421 3107 1518 3134 album
1540 3113 1567 3135 et
1585 3115 1735 3144 generatur
1755 3107 1861 3143 album,
1877 3114 1904 3135 et
1918 3117 1933 3135 e
1955 3117 2093 3135 converso
2115 3108 2199 3136 simul
2220 3108 2412 3143 corrumpitur
2431 3108 2471 3135 al-

1421 3146 1491 3173 bum
1505 3152 1533 3173 et
1546 3146 1579 3174 fit
1591 3156 1653 3175 non
1673 3147 1778 3175 album.
1794 3147 1851 3174 Sed
1872 3147 1896 3174 si
1916 3153 2012 3174 motus
2033 3147 2153 3174 reflexus
2173 3153 2215 3175 est
2236 3146 2397 3181 continuus,
2419 3146 2472 3174 ista

1420 3185 1475 3212 tria
1486 3192 1553 3213 sunt
1573 3185 1603 3214 in
1617 3187 1719 3214 eodem
1741 3192 1879 3222 tempore,
1895 3194 1998 3222 nempe
2019 3185 2079 3213 fieri
2100 3185 2197 3213 album
2212 3192 2239 3213 et
2253 3185 2398 3221 corrumpi
2412 3195 2472 3213 non

1422 3224 1519 3252 album
1540 3231 1568 3252 et
1582 3225 1684 3253 iterum
1699 3225 1759 3253 fieri
1780 3234 1840 3252 non
1861 3225 1975 3252 album:
1998 3234 2064 3261 ergo
2086 3224 2266 3252 manifestum
2281 3230 2323 3252 est
2343 3225 2422 3261 quod
2442 3224 2472 3252 in

1421 3263 1572 3300 hypothesi
1594 3264 1678 3292 simul
1692 3263 1799 3301 aliquid
1814 3264 1844 3291 fit
1858 3270 1885 3291 et
1904 3263 2104 3300 corrumpitur.
2119 3279 2137 3284 -
2153 3264 2180 3291 6.
2191 3265 2216 3298 c)
2232 3264 2327 3291 Motus
2348 3263 2472 3292 diversa-

1420 3311 1485 3330 rum
1506 3303 1680 3339 specierum,
1709 3303 1761 3337 etsi
1783 3302 1836 3330 sibi
1863 3303 2015 3330 succedant
2038 3302 2068 3330 in
2088 3308 2218 3339 ternpore
2239 3302 2390 3338 continuo,
2411 3312 2472 3331 non

1422 3348 1488 3369 sunt
1509 3342 1652 3378 continui,
1680 3343 1730 3370 sed
1751 3348 1816 3369 sunt
1837 3348 2044 3377 consequenter
2065 3350 2094 3369 se
2115 3342 2260 3370 habentes.
2289 3342 2363 3370 Cum
2387 3341 2472 3378 igitur

1420 3380 1451 3408 in
1472 3390 1656 3418 quocumque
1676 3390 1779 3418 genere
1799 3387 1903 3414 motus,
1925 3380 1972 3408 ille
1993 3380 2041 3417 qui
2061 3386 2102 3408 est
2115 3382 2150 3409 ab
2165 3381 2191 3408 A
2206 3381 2235 3408 in
2256 3381 2288 3416 C,
2303 3381 2339 3408 sit
2359 3387 2472 3409 contra-

1422 3420 1482 3448 rius
1503 3421 1595 3449 motui
1610 3421 1659 3457 qui
1673 3427 1715 3448 est
1729 3429 1746 3448 a
1761 3420 1783 3447 C
1798 3419 1827 3447 in
1841 3421 1875 3452 A,
1891 3419 2066 3456 impossibile
2082 3426 2123 3448 est
2137 3421 2216 3456 quod
2237 3420 2282 3448 isti
2303 3421 2362 3448 duo
2376 3427 2473 3448 motus

1422 3459 1478 3487 sint
1499 3460 1627 3488 continui
1647 3460 1685 3488 ad
1700 3459 1829 3494 invicem,
1847 3458 1931 3486 etiam
1946 3458 1969 3486 si
1983 3465 2094 3495 tempus
2116 3468 2216 3487 eorum
2238 3459 2273 3487 sit
2293 3459 2471 3495 continuum,

1422 3496 1502 3528 nulla
1522 3499 1688 3536 interposita
1715 3498 1818 3535 quiete.
1839 3515 1858 3519 -
1880 3499 1975 3532 Quare
1996 3498 2120 3527 rationes
2147 3498 2318 3535 praemissae
2344 3499 2474 3527 dicantur

1421 3538 1543 3576 logicae.
1564 3554 1582 3559 —

2266 3595 2296 3620 55

2505 890 2514 898 '
2529 888 2584 916 Seq.
2605 895 2656 916 cap.
2674 895 2713 911 vm

2504 918 2525 936 et
2539 918 2595 937 text.
2610 921 2646 942 70.

2504 1627 2513 1635 '¹
2527 1625 2594 1648 Text.
2609 1632 2639 1653 71.

2505 2330 2513 2339 ”
2527 2328 2593 2350 Text.
2608 2334 2643 2356 72.
