2898 3996
78 397 90 408 ⁸
105 397 129 417 in
144 402 191 417 om.
206 395 273 417 codd.

82 426 103 444 et
117 428 142 444 a.

79 812 89 821 ’
104 811 167 833 Lect.
178 817 208 838 tv,
219 817 242 832 n.
253 810 276 832 6.

82 1020 91 1029 ·
106 1019 176 1041 Num.
189 1025 263 1046 praec.

83 1072 93 1081 ·
107 1070 208 1092 ostendit
219 1076 292 1092 nem-G

81 1103 180 1119 nuonvz.

81 1176 91 1186 ’
105 1174 175 1197 Num.
189 1180 237 1202 seq.

80 1327 92 1339 ⁴⁵
105 1327 168 1349 Lect.
183 1333 232 1354 seq.

79 1379 91 1391 ⁴
103 1379 172 1407 facit
197 1385 292 1400 urrunsa

81 1411 119 1426 ιιτ.

81 1491 91 1500 ·
106 1496 197 1517 semper
210 1490 292 1512 udd.<;.

82 1698 279 1746 zottfteffssssz

85 1754 107 1772 et
121 1756 136 1772 a
144 1751 164 1772 b.

80 1802 94 1814 ⁴
109 1802 165 1830 Cap.
175 1809 207 1830 1¹,
217 1809 240 1824 n.
252 1809 274 1831 9.

181 2269 198 2294 Ο)

31 2607 35 2613 ,
87 2588 98 2598 '¹
116 2589 192 2608 autem
218 2593 296 2614 ntsvz,

85 2619 142 2635 vero
156 2619 192 2635 ar.

27 2725 30 2726 .
85 2696 98 2707 ⁴¹
130 2696 199 2717 etiam
231 2697 297 2718 codd.

28 2727 49 2767 ξς]
86 2727 137 2744 exc.
151 2728 227 2744 nomv.

29 2693 44 2797 i

31 2794 62 3039 t

40 3172 62 3364 ἒ

1163 302 1272 337 CAP.
1303 301 1371 347 111,
1403 300 1552 336 LECT.
1581 301 1616 336 v

317 383 521 432 quiescant.
561 383 602 418 In
635 394 712 418 uno
747 381 859 417 etiam
897 380 1092 426 membro,
1122 380 1260 416 scilicet
1295 379 1371 415 in*

317 436 459 484 quinto,
481 434 700 471 dividuntur
720 434 817 470 entia
836 433 874 470 in
893 440 965 469 tres
985 432 1259 480 dispositiones,
1278 431 1370 468 scili—

316 495 375 525 cet
394 488 498 536 quod
526 487 715 535 quaedam
743 498 894 534 semper
921 493 1159 530 moveantur,
1181 484 1370 532 quaedam

315 552 511 588 nunquam
540 546 783 585 moveantur,
813 538 1002 587 quaedam
1031 537 1260 585 quandoque
1289 548 1370 572 mo-

314 600 475 630 veantur
509 599 545 628 et
573 591 802 640 quandoque
834 603 912 627 non
940 597 1176 626 moveantur.
1207 589 1256 624 Et
1283 601 1372 624 con-

317 644 560 682 siderandum
590 652 645 680 est
672 643 775 692 quod
797 642 837 679 in
854 643 929 679 hoc
947 642 1078 678 ultimo
1099 641 1273 677 membro
1293 653 1372 677 non

317 697 403 734 facit
426 697 661 734 mentionem
690 695 736 733 de
764 695 899 743 quiete,
920 694 988 731 sed
1016 693 1062 730 de
1090 693 1371 730 immobilitate:

318 750 405 798 quia
423 750 569 798 primus
588 755 725 806 motor,
754 747 819 805 qui
847 758 1043 804 nunquam
1071 753 1268 792 movetur,
1294 759 1372 808 non

316 809 441 851 potest
468 801 540 839 dici
557 800 709 849 proprie
729 799 937 848 quiescere3
959 798 1058 846 quia,
1081 806 1120 834 ut
1138 798 1176 834 in
1200 775 1371 846 quirnto

320 855 461 892 dictum
490 861 563 900 est,
593 853 682 889 illud
707 850 859 899 proprie
893 850 1069 898 quiescit,
1109 851 1213 899 quod
1240 859 1372 888 natum

320 914 376 944 est
402 905 549 943 moveri
577 911 614 940 et
640 916 718 940 non
747 910 934 939 movetur.

373 959 407 995 3.
419 957 566 994 Deinde
582 968 669 992 cum
685 955 787 992 dicit:
809 955 943 992 Omnia
959 956 1074 1004 igitur
1088 956 1275 1003 quiescere
1290 963 1372 1002 etc.,

319 1009 480 1046 excludit
505 1008 582 1045 tria-
603 1008 776 1045 membra
803 1008 1015 1056 praedictae
1046 1008 1240 1044 divisionis
1264 1009 1295 1044 ²¹⁸.
1327 1010 1374 1044 Et

317 1062 441 1111 primo
461 1061 568 1110 ponit
583 1062 602 1082 ²³
617 1060 721 1109 quod
740 1073 818 1097 non
838 1061 967 1097 omnia
990 1060 1187 1108 quiescunt
1206 1073 1373 1108 semper;

319 1114 486 1151 secundo
515 1113 620 1162 quod
640 1125 717 1150 non
745 1113 875 1150 omnia
893 1121 1097 1150 moventur
1124 1125 1285 1161 semper,
1306 1113 1373 1149 ibi:

319 1169 415 1203 Fere
442 1172 566 1203 autem
594 1166 750 1202 adhucss
771 1173 858 1212 etc.;
892 1166 999 1202 tertio
1029 1165 1189 1202 excludit
1224 1165 1374 1202 tertium

320 1220 551 1266 membrum,
581 1231 657 1266 quo
678 1218 871 1255 dicebatur
898 1218 1001 1267 quod
1029 1231 1126 1267 quae
1151 1226 1374 1264 moventur,

320 1279 524 1308 moventur
552 1283 714 1319 semper,
745 1279 780 1308 et
807 1283 904 1320 quae
932 1271 1149 1319 quiescunt,
1179 1271 1377 1319 quiescunt

321 1336 483 1372 semper,
513 1323 580 1360 ibi:
610 1325 662 1360 At
677 1335 767 1360 vero
787 1336 905 1372 neque
932 1324 1007 1360 alia
1027 1324 1174 1371 quidem
1191 1325 1210 1344 ‘³²
1227 1331 1295 1361 etc.

375 1377 485 1413 Circa
516 1377 684 1425 primum
712 1376 781 1413 tria
807 1376 915 1424 ponit
941 1377 970 1412 ³³².
1003 1377 1178 1422 Quorum
1209 1376 1376 1424 primum

322 1437 388 1477 est,
408 1430 512 1477 quod
532 1441 577 1465 ex
596 1430 761 1476 quadarn
782 1429 987 1465 intellectus
1011 1428 1225 1465 infirmitate
1245 1442 1377 1477 proce-

322 1482 385 1529 dit,
406 1481 511 1530 quod
533 1481 646 1529 aliqui
668 1481 792 1518 dicant
815 1481 945 1517 omnia
958 1482 978 1502 ³²
993 1480 1197 1529 quiescere,
1220 1490 1254 1518 et
1273 1482 1377 1529 quod

321 1534 509 1582 inquirant
537 1533 584 1570 acl
612 1534 702 1583 hoc?
713 1534 880 1582 aliquam
909 1533 1151 1582 sophisticam
1177 1534 1377 1581 rationem,

321 1586 476 1623 dimisso
506 1598 634 1622 sensu:
664 1586 834 1634 procedit
862 1586 964 1623 enim
993 1599 1038 1622 ex
1058 1587 1132 1623 hoc
1151 1587 1256 1635 quod
1274 1587 1378 1623 intel—

318 1639 436 1677 lectus
459 1651 537 1675 non
564 1645 618 1675 est
645 1639 835 1676 sufficiens
864 1639 913 1675 ad
940 1639 1224 1676 dissolvendum
1253 1640 1378 1688 sophi-

320 1691 430 1728 sticas
459 1692 479 1712 '¹‘
506 1691 693 1738 rationes,
729 1703 825 1740 quae
858 1699 1069 1739 repugnant
1095 1691 1138 1727 iis
1167 1704 1264 1740 quae
1293 1701 1378 1729 sunt

319 1743 517 1780 manifesta
536 1745 745 1781 secundum
765 1756 930 1780 sensum.
951 1743 1104 1780 Dictum
1121 1752 1175 1780 est
1194 1753 1320 1781 autern
1340 1746 1378 1782 in

320 1797 334 1832 1
359 1797 395 1832 T
390 1797 582 1844 opicorum
598 1797 628 1843 ³¹³,
650 1796 754 1845 quod
773 1808 851 1832 non
875 1803 930 1832 est
953 1796 1164 1832 curandum
1189 1797 1377 1844 disputare

320 1856 449 1885 contra
474 1861 733 1897 quascumque
752 1848 958 1896 positiones
977 1849 1038 1885 vel
1061 1849 1307 1896 problemata,
1330 1851 1376 1887 de

320 1901 457 1948 quibus
477 1901 607 1948 aliquis
637 1901 779 1937 dubitat
806 1900 976 1947 indigens
1004 1913 1117 1937 sensu
1145 1902 1205 1937 vel
1233 1914 1375 1949 poena:

318 1953 420 1989 unde
441 1960 571 1989 contra
598 1953 708 1990 istam
735 1953 963 2001 positionem
991 1965 1070 1991 non
1098 1961 1246 2001 oportet
1270 1955 1376 1991 dubi-

319 2012 409 2052 tare,
430 2013 584 2054 propter
603 2006 793 2042 stultitiam
813 2005 979 2042 dicentis.
991 2027 1015 2033 -
1033 2006 1253 2043 Secundum
1274 2008 1377 2056 quod

320 2057 407 2094 dicit
422 2065 487 2104 est,
500 2058 604 2106 quod
618 2058 687 2095 ista
706 2058 886 2095 dubitatio
902 2070 980 2094 non
996 2065 1049 2095 est
1064 2059 1111 2095 de
1127 2058 1251 2107 aliquo
1266 2060 1377 2108 parti-

321 2110 436 2146 culari
463 2118 559 2156 ente,
580 2111 647 2147 sed
665 2110 924 2148 universaliter
944 2111 989 2147 de
1014 2118 1092 2147 toto
1123 2119 1217 2148 ente.
1240 2113 1376 2161 Neque

322 2161 435 2198 etiam
462 2162 622 2210 pertinet
641 2163 764 2199 solum
793 2163 840 2199 ad
864 2163 1073 2199 naturalem
1092 2164 1376 2223 philosophum,

322 2214 390 2250 sed
426 2214 714 2262 quodammodo
751 2214 910 2264 pertinet
947 2215 995 2251 ad
1036 2227 1169 2252 omnes
1208 2216 1378 2254 scientias

323 2263 650 2313 demonstrativas,
672 2274 708 2303 et
735 2268 786 2304 ad
811 2279 939 2304 omnes
962 2268 1167 2315 opiniones,
1194 2267 1316 2305 idest⁸
1331 2270 1378 2306 ad

324 2331 459 2356 omnes
487 2327 583 2356 artes
617 2332 714 2368 quae
741 2327 896 2356 utuntur
932 2320 1159 2368 quibusdam
1194 2321 1379 2369 opinioni-

323 2372 406 2418 bus,
427 2371 521 2408 sicut
548 2373 732 2409 rhetorica
761 2380 796 2408 et
815 2372 1023 2409 dialectica:
1054 2373 1141 2420 quia
1169 2386 1303 2410 omnes
1323 2387 1378 2410 ar-

323 2431 379 2460 tes
407 2431 444 2460 et
467 2424 642 2462 scientiae
670 2432 825 2461 utuntur
844 2432 967 2471 motu;
997 2426 1182 2473 practicae
1211 2426 1377 2474 quidem,

325 2476 430 2525 quasi
460 2476 658 2524 dirigentes
696 2477 841 2525 aliquos
869 2484 1017 2524 motus,
1047 2478 1223 2515 naturalis
1252 2487 1379 2515 autern

323 2528 575 2578 philosophia,
597 2530 827 2578 speculando
856 2537 1029 2566 naturam
1049 2538 1176 2567 motus
1205 2538 1240 2567 et
1259 2532 1380 2568 mobi-

325 2581 428 2618 lium.
440 2582 697 2619 Mathematici
713 2582 825 2619 etiam
835 2583 855 2603 ’¹²
864 2590 1018 2619 utuntur
1037 2591 1144 2619 motu
1163 2583 1378 2631 imaginato,

327 2634 491 2670 dicentes
519 2635 624 2681 quod
650 2643 812 2683 punctus
840 2642 967 2671 motus
1004 2636 1090 2672 facit
1116 2636 1268 2673 lineam.
1299 2638 1379 2673 Me-

325 2686 543 2734 taphysicus
562 2694 688 2723 autern
705 2688 724 2708 ³¹*
741 2687 953 2724 considerat
967 2688 1013 2724 de
1027 2688 1158 2736 primis
1175 2689 1378 2737 principiis.

327 2738 388 2775 Sic
416 2738 524 2785 igitur
541 2746 655 2786 patet,
677 2739 781 2787 quod
806 2739 996 2776 destruere
1025 2748 1174 2776 motum
1199 2750 1381 2789 repugnat

325 2790 504 2827 omnibus
540 2791 712 2828 scientiis.
741 2792 857 2827 Error
884 2799 1010 2828 autem
1048 2793 1112 2840 qui
1147 2794 1306 2840 pertinet
1333 2795 1380 2831 ad

327 2843 456 2879 omnia
484 2843 584 2879 entia
612 2851 648 2879 et
675 2843 724 2880 ad
753 2856 886 2880 omnes
915 2844 1106 2891 scientias,
1136 2857 1213 2881 non
1243 2853 1298 2882 est
1325 2859 1381 2882 re-

325 2895 545 2943 probandus
583 2908 605 2931 a
632 2896 810 2942 naturali,
841 2897 906 2933 sed
935 2909 956 2932 a
987 2897 1259 2944 metaphysico.
1291 2899 1380 2935 Non

327 2960 414 2995 ergo
443 2947 603 2996 pertinet
621 2948 670 2984 ad
693 2949 902 2984 naturalem
931 2956 1062 2985 contra
1080 2949 1192 2986 istum
1213 2963 1379 2987 errorem

326 3000 526 3048 disputare.
543 3021 566 3028 -
582 3000 755 3036 Tertium
783 3001 886 3049 quod
915 3001 1001 3038 dicit
1021 3009 1085 3047 est,
1106 3002 1211 3049 quod
1238 3002 1380 3040 irratio-

326 3052 469 3088 nabiles
489 3060 524 3088 et
543 3053 779 3100 importunae
801 3053 1052 3090 dubitationes
1068 3054 1113 3090 de
1133 3055 1323 3103 principiis
1342 3056 1380 3092 in

327 3104 504 3140 doctrinis
532 3105 816 3152 mathematicis,
843 3118 920 3142 non
948 3106 1134 3154 pertinent
1161 3107 1210 3143 ad
1238 3108 1380 3144 mathe-

327 3155 521 3203 maticum,
540 3165 582 3194 ut
601 3170 664 3193 eas
685 3165 896 3204 removeat;
918 3165 954 3194 et
981 3158 1147 3195 similiter
1166 3166 1222 3195 est
1244 3160 1282 3196 in
1301 3160 1380 3197 aliis

329 3207 499 3245 scientiis.
529 3209 578 3245 Et
605 3210 771 3246 similiter
801 3222 871 3246 nec
907 3211 954 3247 ad
987 3211 1187 3259 physicum
1223 3212 1381 3259 pertinet

329 3260 519 3296 destruere
547 3261 765 3299 huiusmodi
797 3262 1042 3310 positionem,
1072 3275 1169 3310 quae
1199 3272 1382 3311 repugnat

329 3312 404 3348 suis
432 3312 632 3361 principiis.
662 3315 705 3350 In
733 3314 898 3362 qualibet
926 3314 1028 3351 enim
1061 3315 1214 3351 scientia
1241 3328 1380 3363 suppo-

329 3364 428 3400 nitur
455 3377 524 3412 pro
552 3365 734 3413 principio
764 3365 930 3402 definitio
960 3366 1129 3402 subiecti:
1157 3368 1259 3403 unde
1285 3375 1320 3403 et
1343 3368 1380 3404 in

330 3416 482 3452 scientia
501 3429 597 3465 quae
620 3425 674 3453 est
693 3417 739 3454 de
759 3425 901 3464 natura,
919 3419 1142 3466 supponitur
1157 3419 1262 3467 quasi
1280 3420 1379 3467 prin-

330 3468 482 3517 cipium,
493 3469 598 3517 quod
613 3477 743 3506 natura
759 3469 803 3506 sit
817 3469 1043 3518 principium
1058 3478 1195 3507 motus.
1213 3471 1275 3508 Sic
1291 3484 1378 3518 ergo

2406 299 2475 334 381

1423 390 1491 426 per
1518 378 1587 414 tria
1614 378 1741 414 media
1769 385 1924 426 apparet
1957 377 2061 425 quod
2090 377 2139 414 ad
2167 377 2375 413 naturalem
2404 389 2483 412 non

1423 430 1584 479 pertinet
1612 438 1741 467 contra
1767 431 1866 467 hanc
1893 430 2120 478 positionem
2155 430 2356 478 disputare.

1477 495 1513 529 4.
1535 482 1681 519 Deinde
1712 496 1799 519 cum
1820 483 1921 519 dicit:
1950 484 2046 519 Fere
2066 488 2189 519 autem
2220 489 2301 528 etc.,
2323 480 2484 517 excludit

1425 535 1635 572 secundum
1665 536 1904 582 membrum,
1934 548 2011 583 quo
2039 535 2253 584 ponebatur
2287 534 2334 570 ab
2364 534 2483 569 Hera-

1427 588 1510 624 clito
1541 588 1669 623 omnia
1698 601 1850 636 semper
1878 588 2036 624 moveri.
2059 589 2107 624 Et
2134 587 2258 635 primo
2289 593 2485 634 comparat

1425 642 1523 677 hanc
1551 640 1771 699 opinionem
1799 640 2040 699 praecedenti
2069 639 2259 688 opinioni,
2290 651 2388 687 quae
2416 651 2484 686 po-

1425 695 1539 730 nebat
1567 693 1695 729 omnia
1724 705 1874 741 semper
1899 693 2110 741 quiescere:
2138 700 2173 728 et
2202 692 2288 728 dicit
2308 691 2411 739 quod
2431 691 2484 728 di—

1427 758 1510 783 cere
1540 746 1669 782 omnia
1697 746 1844 782 moveri
1873 758 2039 793 semper,
2069 753 2110 781 ut
2139 745 2347 780 Heraclitus
2376 744 2484 790 dixit,

1427 807 1482 835 est
1510 799 1665 847 quidem
1703 798 1839 834 falsum
1869 806 1904 834 et
1933 806 2061 834 contra
2089 797 2272 846 principia
2309 796 2484 832 scientiae

1427 851 1624 897 naturalis3
1654 851 1722 887 sed
1749 858 1877 886 tamen
1905 850 2030 886 minus
2069 857 2250 898 repugnat
2287 849 2355 885 arti
2391 850 2486 885 haec

1426 904 1563 952 positio
1592 916 1708 952 quam
1737 903 1870 951 prima.
1901 904 1950 939 Et
1978 903 2082 951 quod
2119 902 2275 950 quidem
2304 909 2487 950 repugnet

1428 957 1495 994 arti
1532 956 1774 993 manifestum
1818 964 1895 992 est:
1933 956 2021 1003 quia
2057 955 2150 991 tollit
2187 954 2486 1002 suppositionem

1428 1009 1604 1046 scientiae
1633 1008 1830 1054 naturalis,
1860 1008 1900 1044 in
1927 1020 2003 1056 qua
2031 1007 2183 1055 ponitur
2220 1007 2324 1055 quod
2354 1013 2487 1042 natura

1429 1075 1507 1099 non
1525 1062 1650 1098 solum
1671 1068 1725 1097 est
1743 1060 1970 1109 principium
1991 1067 2128 1106 motus,
2150 1060 2217 1096 sed
2242 1059 2354 1096 etiam
2383 1058 2487 1106 quie-

1428 1115 1489 1159 tis;
1511 1122 1547 1150 et
1575 1114 1627 1150 sic
1655 1121 1756 1161 patet
1775 1114 1880 1160 quod
1908 1112 2074 1149 similiter
2092 1113 2259 1148 naturale
2289 1119 2344 1148 est
2367 1111 2485 1159 quies,

1430 1167 1524 1204 sicut
1551 1174 1587 1202 et
1615 1173 1752 1202 motus.
1788 1166 1898 1202 Unde
1928 1165 2022 1201 sicut
2057 1165 2181 1213 prima
2209 1164 2359 1212 opinio,
2390 1175 2487 1211 quae

1429 1220 1645 1257 destruebat
1672 1225 1833 1264 motum,
1856 1225 1934 1253 erat
1963 1225 2092 1253 contra
2117 1217 2310 1253 scientiam
2340 1223 2487 1252 natura-

1429 1274 1526 1318 lem;
1556 1272 1606 1308 ita
1634 1279 1668 1307 et
1696 1271 1792 1307 haec
1819 1270 1954 1318 positio
1976 1282 2072 1318 quae
2094 1270 2247 1306 destruit
2271 1269 2448 1317 quietem.
2466 1290 2489 1296 —

1432 1326 1522 1362 Ideo
1552 1331 1679 1361 autem
1709 1325 1728 1344 ²³²
1758 1323 1847 1359 dixit
1874 1324 1973 1359 hanc
2001 1322 2222 1370 opinionem
2253 1334 2334 1358 esse
2363 1322 2488 1358 minus

1430 1385 1579 1426 praeter
1607 1384 1746 1423 artem,
1777 1375 1864 1424 quia
1892 1375 1999 1423 quies
2037 1374 2127 1411 nihil
2158 1382 2212 1410 est
2240 1374 2339 1411 aliud
2373 1386 2489 1421 quam

1430 1430 1590 1479 privatio
1611 1437 1754 1466 motus:
1775 1428 1879 1476 quod
1909 1436 2035 1473 autem
2057 1440 2134 1464 non
2155 1427 2200 1463 sit
2227 1426 2388 1475 privatio
2409 1439 2490 1463 mo-

1431 1491 1502 1530 tus,
1523 1482 1642 1530 magis
1670 1489 1794 1530 potest
1813 1482 1927 1517 latere
1957 1493 2072 1529 quam
2098 1480 2201 1528 quod
2230 1492 2308 1516 non
2336 1479 2382 1515 sit
2410 1492 2491 1515 mo-

1431 1543 1502 1572 tus.
1533 1536 1628 1572 Sunt
1657 1535 1758 1571 enim
1787 1534 1942 1582 quidam
1971 1541 2098 1569 motus
2130 1533 2239 1581 parvi
2268 1532 2490 1578 etdebiles,

1433 1589 1497 1637 qui
1524 1588 1587 1625 vix
1606 1595 1765 1636 possunt
1792 1586 1936 1623 sentiri:
1963 1593 1998 1621 et
2017 1586 2069 1622 sic
2096 1593 2220 1633 potest
2247 1585 2369 1622 videri
2388 1585 2493 1633 quod

1433 1641 1572 1689 aliquid
1610 1640 1795 1688 quiescat,
1825 1639 1928 1687 quod
1956 1651 2034 1674 non
2063 1638 2230 1686 quiescit.
2262 1638 2337 1674 Sed
2366 1645 2492 1674 motus

1433 1693 1560 1741 magni
1589 1701 1624 1729 et
1661 1694 1774 1729 fortes
1807 1693 1920 1728 latere
1957 1703 2034 1727 non
2071 1698 2246 1738 possunt:
2275 1691 2377 1727 unde
2414 1703 2493 1726 non

1431 1754 1556 1795 potest
1584 1745 1656 1782 dici
1676 1745 1779 1793 quod
1808 1744 2013 1792 decipiatur
2032 1755 2164 1780 sensus
2193 1743 2231 1780 in
2249 1743 2492 1791 perceptione

1432 1807 1568 1845 motus,
1599 1798 1692 1834 sicut
1720 1798 1757 1834 in
1785 1797 2026 1845 perceptione
2056 1795 2200 1844 quietis.

1486 1853 1534 1888 Et
1566 1851 1652 1887 ideo
1682 1850 1868 1895 secundo,
1898 1849 1966 1885 ibi:
2000 1850 2051 1885 Et
2076 1849 2203 1885 dicunt
2229 1849 2380 1896 quidam
2410 1856 2491 1895 etc.,

1433 1903 1596 1941 ostendit
1614 1903 1809 1952 quomodo
1834 1903 1932 1938 hanc
1957 1901 2164 1937 secundam
2183 1901 2411 1949 positionem
2431 1901 2493 1937 ali-

1433 1957 1496 2006 qui
1510 1963 1728 2005 posuerunt.
1741 1956 1790 1991 Et
1809 1954 1896 1991 dicit
1915 1954 2018 2002 quod
2039 1954 2205 2002 quidam,
2224 1953 2360 1990 scilicet
2376 1954 2494 1989 Hera-

1433 2010 1537 2046 clitus
1558 2016 1593 2045 et
1613 2008 1691 2045 eius
1712 2020 1903 2055 sequaces,
1926 2007 2096 2043 dixerunt
2115 2007 2219 2054 quod
2248 2006 2376 2042 omnia
2396 2018 2493 2053 quae

1433 2070 1529 2108 sunt,
1550 2073 1702 2109 semper
1724 2067 1937 2105 moventur,
1959 2072 2037 2095 non
2065 2060 2188 2095 solum
2211 2059 2410 2106 quaedam,
2432 2066 2495 2094 aut

1433 2114 1654 2163 aliquando;
1683 2113 1751 2150 sed
1770 2120 1896 2149 motus
1925 2113 2013 2148 latet
2036 2123 2190 2148 sensum
2215 2119 2396 2147 nostrum.
2419 2111 2494 2156 Qui

1434 2167 1464 2203 si
1492 2168 1733 2214 loquerentur
1771 2167 1818 2202 de
1847 2165 2031 2212 aliquibus
2064 2164 2249 2210 motibus,
2281 2175 2412 2199 eorum
2441 2163 2493 2200 di-

1435 2226 1536 2255 ctum
1575 2218 1747 2254 sustineri
1783 2225 1927 2265 posset:
1958 2225 2043 2253 sunt
2080 2217 2181 2253 enim
2219 2216 2332 2264 aliqui
2368 2223 2494 2252 motus

1434 2271 1497 2319 qui
1517 2283 1587 2307 nos
1607 2271 1733 2306 latent.
1755 2270 1832 2307 Sed
1852 2270 1939 2317 quia
1958 2282 2036 2306 non
2054 2269 2305 2306 determinant
2325 2269 2372 2305 de
2393 2269 2494 2316 quali

1434 2330 1540 2359 motu
1567 2323 1779 2370 loquantur,
1801 2322 1868 2358 sed
1897 2322 2024 2358 dicunt
2044 2322 2090 2358 de
2119 2321 2294 2357 omnibus
2314 2321 2491 2368 motibus,

1434 2376 1522 2412 ideo
1551 2387 1629 2411 non
1658 2382 1713 2411 est
1741 2374 1891 2411 difficile
1920 2381 2050 2410 contra
2081 2374 2163 2409 illos
2197 2373 2376 2419 obiicere;
2406 2374 2494 2421 quia

1435 2427 1540 2464 multi
1559 2434 1684 2463 motus
1704 2433 1799 2472 sunt,
1821 2426 1867 2462 de
1888 2426 2023 2474 quibus
2052 2426 2294 2462 manifestum
2315 2433 2371 2462 est
2389 2426 2493 2473 quod

1435 2493 1513 2517 non
1542 2487 1700 2528 possunt
1729 2491 1880 2527 semper
1909 2491 2002 2515 esse.

1492 2534 1524 2569 5.
1555 2532 1685 2568 Tertio
1715 2531 1781 2567 ibi:
1809 2531 1944 2589 Neque
1981 2531 2079 2566 enim
2107 2530 2244 2579 augeri
2271 2537 2338 2566 etc.
2352 2558 2360 2576 ,
2386 2530 2493 2577 ponit

1435 2585 1598 2621 rationes
1618 2592 1748 2620 contra
1767 2583 1987 2631 opinionem
2007 2582 2280 2631 praedictam.
2302 2583 2350 2618 Et
2367 2583 2491 2631 primo

1436 2644 1617 2686 quantum
1638 2637 1685 2673 ad
1713 2644 1861 2672 motum
1880 2636 2088 2683 augmenti;
2118 2635 2285 2671 secundo
2309 2642 2492 2682 quantum

1435 2690 1484 2727 ad
1512 2697 1659 2726 motum
1689 2689 1925 2734 alterationis,
1947 2688 2013 2724 ibi:
2043 2687 2218 2724 Similiter
2242 2693 2366 2723 autem
2394 2693 2430 2723 et
2455 2688 2490 2724 in

2515 1332 2527 1344 ⁴
2537 1334 2613 1353 tamen
2631 1333 2681 1354 edd.
2692 1339 2707 1354 α
2716 1333 2729 1354 b

2517 1362 2538 1380 et
2546 1359 2613 1380 codd.
2629 1365 2678 1380 exc.
2692 1366 2728 1381 nz.

1434 2742 1652 2779 alteratione
1668 2743 1687 2763 ²⁸
1704 2748 1789 2786 etc.;
1819 2741 1925 2777 tertio
1955 2748 2135 2788 quantum
2160 2740 2208 2776 ad
2229 2747 2373 2776 motum
2394 2740 2491 2776 loca·
2518 2754 2529 2765 ἰ

1435 2796 1522 2842 lem,
1543 2795 1611 2831 ibi:
1640 2795 1690 2830 Et
1709 2794 1911 2830 secundum
1932 2793 2031 2840 quod
2046 2794 2176 2840 fertur
2227 2800 2294 2842 etc.
2317 2793 2407 2828 Ideo
2428 2805 2491 2828 au-
2518 2806 2529 2816 ⁸

1434 2855 1512 2883 tem
1532 2847 1579 2882 ab
1599 2854 1802 2894 augmento
1822 2846 1959 2894 incipit,
1981 2845 2067 2893 quia
2091 2844 2299 2881 Heraclitus
2327 2844 2490 2881 maxime

1435 2899 1681 2936 inducebatur
1718 2899 1765 2935 ad
1803 2911 1911 2935 suam
1937 2898 2164 2946 positionem
2198 2909 2243 2933 ex
2278 2897 2490 2933 considera-

1434 2952 1536 2988 tione
1574 2951 1773 2998 augmenti.
1803 2951 1965 2987 Videbat
2003 2950 2103 2986 enirn
2132 2949 2296 2997 aliquem
2319 2951 2338 2970 ²⁸
2365 2950 2490 2997 augeri
2518 2963 2548 3013 {Q
2571 2988 2679 3015 aimo

1436 3003 1644 3040 secundum
1673 3004 1837 3051 aliquam
1866 3003 2059 3039 modicam
2088 3002 2332 3050 quantitatem
2357 3002 2394 3038 in
2413 3015 2490 3039 uno

1435 3069 1552 3101 anno3
1574 3063 1610 3092 et
1632 3067 1850 3104 supponens
1879 3062 2120 3102 augmentum
2145 3066 2226 3090 esse
2257 3054 2489 3112 continuum,

1436 3108 1612 3145 credebat
1639 3109 1743 3156 quod
1774 3108 1812 3144 in
1850 3108 2014 3156 qualibet
2046 3114 2156 3165 parte
2188 3107 2283 3143 illius
2312 3107 2489 3154 temporis

1435 3160 1644 3197 secundum
1672 3160 1811 3208 aliquid
1839 3160 1932 3196 illius
1967 3159 2178 3207 quantitatis
2207 3166 2424 3228 augeretur,
2455 3166 2490 3194 et

1435 3221 1561 3249 tamen
1580 3225 1658 3249 non
1677 3213 1832 3249 sentitur
1854 3212 1952 3248 istud
1971 3218 2227 3268 augmentum,
2249 3210 2371 3257 quia·-
2352 3210 2459 3246 fit·
2451 3222 2489 3246 in

1435 3265 1587 3301 modica
1622 3265 1803 3313 temporis
1839 3272 1959 3312 parte3
1990 3271 2025 3299 et
2053 3263 2103 3299 sic
2132 3262 2379 3298 arbitrabatur
2408 3274 2488 3298 esse

1435 3317 1472 3353 in
1501 3317 1581 3353 aliis
1609 3330 1706 3365 quae
1734 3317 1908 3353 videntur
1929 3315 2131 3362 quiescere.
2154 3314 2251 3350 Dicit
2279 3326 2367 3360 ergo
2398 3326 2485 3350 con-

1434 3375 1490 3404 tra
1509 3369 1582 3404 hoc
1609 3369 1837 3413 Aristoteles,
1859 3367 1960 3415 quod
1989 3379 2067 3403 non
2096 3373 2150 3402 est
2176 3366 2352 3413 possibile
2374 3367 2488 3403 conti-

1435 3433 1507 3456 nue
1545 3421 1685 3469 aliquid
1722 3419 1847 3467 augeri
1875 3420 1936 3455 vel
1969 3418 2106 3464 minui,
2136 3418 2185 3454 ita
2222 3418 2358 3454 scilicet
2385 3419 2488 3467 quod

1435 3472 1619 3519 quantitas
1647 3480 1754 3509 aucta
1783 3471 1970 3508 dividatur
2004 3471 2213 3507 secundum
2241 3476 2409 3519 tempus,
2438 3471 2488 3508 ita

382 3566 406 3600 δ)
426 3568 462 3592 ad
480 3575 568 3592 omnes
588 3568 737 3599 opiniones,
759 3568 833 3593 idest.
846 3582 864 3588 -
882 3569 951 3594 Haec
970 3577 1022 3594 om.
1041 3577 1058 3593 a
1077 3575 1102 3594 et
1121 3570 1203 3600 codd„
1218 3577 1330 3602 quorum
1344 3575 1429 3595 tamen
1448 3571 1471 3595 Y
1491 3571 1549 3596 hab.
1563 3572 1610 3597 lac.
1629 3572 1714 3596 Verba
1732 3571 1836 3603 quidem
1856 3577 1923 3602 quae
1942 3570 1956 3594 b
1976 3570 2044 3594 addit
2063 3577 2115 3594 non
2134 3575 2194 3594 sunt
2212 3570 2366 3602 necessaria,
2380 3571 2426 3595 sed
2441 3579 2487 3595 nec

328 3603 468 3635 superflua.

2516 3253 2541 3268 α.

2519 2597 2613 2619 ‘'Num.
2628 2603 2703 2625 praec.

2544 2754 2613 2775 Num.
2629 2761 2676 2782 seq.

2544 2805 2614 2827 Num.
2628 2813 2650 2834 9.

2548 2962 2583 2983 als·
2598 2962 2638 2983 uid
2657 2968 2719 2983 nrm«

2514 3221 2603 3249 quod
2618 3222 2685 3243 codd.
2701 3226 2723 3244 et
