2898 3996
57 397 67 406 ·
94 395 149 423 quia
177 393 266 420 ronab,

57 427 105 444 om.
113 427 208 443 vacum
217 426 268 442 om.

34 472 256 506 fuctum&

1127 260 1248 296 CAP.
1278 261 1329 306 x,
1360 260 1510 296 LECT.
1542 262 1629 297 xxl

294 335 381 373 dicit
403 342 440 372 et
455 336 542 383 plus
569 348 683 384 quam
709 338 756 374 ab
784 337 870 374 alio.
891 358 914 365 -
941 338 1116 374 Secunda
1145 338 1352 386 suppositio

295 396 360 435 est,
381 389 484 437 quod
510 390 529 410 ²¹⁸
551 402 639 426 curn
673 402 788 426 omne
816 390 927 438 quod
959 399 1136 427 movetur
1154 399 1355 427 moveatur

295 441 333 477 in
346 448 531 489 tempore,
552 450 592 478 ut
610 442 649 478 in
664 450 768 478 sexto
790 444 808 462 ¹*
828 443 1030 491 probatum
1052 450 1121 489 est,
1139 455 1216 479 non
1231 451 1354 491 potest

294 505 376 530 esse
395 494 500 542 quod
527 494 672 542 patiens
700 495 920 531 immutetur
948 495 996 531 ab
1025 502 1156 542 agente
1186 495 1353 531 infinitae

293 546 483 594 potentiae
520 548 558 583 in
595 559 673 584 non
705 555 888 623 tempore.
928 549 1152 597 Immutatur
1189 559 1277 594 ergo
1315 548 1353 584 in

293 606 480 647 tempore.

346 652 405 688 Ex
423 652 498 688 hoc
525 652 578 688 sic
605 652 786 700 procedit.
814 652 869 689 Sit
895 660 1046 700 tempus
1074 651 1111 687 in
1140 664 1215 700 quo
1235 652 1353 689 virtus

293 703 439 741 infinita
472 712 603 741 movet
636 705 889 741 calefaciendo
925 705 988 740 vel
1015 704 1266 752 impellendo,
1296 707 1351 751 A;

293 763 444 815 tempus
471 764 598 793 autem
627 757 665 794 in
694 769 768 805 quo
794 757 920 804 aliqua
938 756 1055 793 virtus
1083 757 1188 794 finita
1209 766 1350 804 movet,

294 810 340 846 sit
358 810 437 867 AB,
458 809 563 856 quod
582 817 637 846 est
655 809 778 846 maius
797 821 914 868 quam
933 811 978 845 A.
1001 809 1178 856 Qualibet
1197 819 1323 847 autem
1338 817 1352 834 '²

292 862 460 910 potentia
495 861 601 898 finita
627 869 751 910 potest
785 861 902 920 accipi
931 862 1002 898 alia
1031 862 1162 899 maior.
1195 863 1234 899 Si
1263 876 1350 911 ergo

293 913 522 971 accipiamus
563 913 707 950 aliam
723 913 908 950 maiorem
954 916 1163 973 potentiam
1206 916 1351 953 finitam

269 977 409 1014 ·quam
436 965 622 1013 primam,
652 978 748 1015 quae
777 968 959 1003 movebat
992 967 1029 1003 in
1062 975 1234 1016 tempore
1263 971 1351 1016 AB,

292 1026 470 1067 sequetur
498 1018 601 1066 quod
628 1020 724 1056 haec
746 1020 912 1062 secunda
938 1020 1107 1067 potentia
1126 1021 1297 1057 movebit
1315 1022 1352 1058 in

235 1101 241 1106 .
291 1078 464 1120 tempore
493 1071 656 1118 minori3v
679 1079 716 1108 et
743 1071 878 1109 iterum
907 1073 1012 1109 tertia
1048 1073 1215 1121 potentia
1247 1074 1353 1110 finita

40 1251 42 1253 »
53 1236 120 1264 utet
131 1235 201 1259 codd.
214 1242 264 1258 exc.

34 1267 36 1270 ’
52 1269 101 1286 'DN
114 1267 136 1286 e!
149 1268 175 1285 a·

43 1364 45 1366 .
51 1346 64 1371 ξ
76 1345 191 1368 Sin-timer
207 1352 264 1368 Peon

292 1124 415 1160 maior
442 1123 480 1160 in
507 1131 679 1173 tempore
717 1125 840 1162 adhuc
868 1125 1016 1162 minori.
1046 1126 1095 1162 Et
1121 1125 1174 1162 sic
1202 1138 1353 1174 semper

293 1176 512 1225 accipiendo
533 1177 679 1214 finitam
703 1177 911 1225 potentiam
930 1175 953 1224 θ,
974 1178 1127 1215 veniam
1147 1179 1352 1226 aliquando

292 1229 341 1266 ad
367 1230 442 1266 hoc
483 1229 588 1277 quod
620 1230 744 1278 aliqua
780 1230 947 1278 potentia
984 1230 1090 1267 finita
1127 1239 1282 1268 moveat
1314 1232 1353 1269 in

291 1290 463 1331 tempore
492 1284 548 1319 A:
575 1295 662 1319 cum
691 1283 792 1319 enim
827 1295 978 1332 semper
1004 1284 1070 1320 fiat
1089 1284 1109 1304 *
1133 1284 1273 1320 additio
1304 1285 1351 1322 ad

291 1335 499 1383 potentiam
531 1335 695 1382 finitam,
721 1336 920 1372 excedetur
953 1336 1352 1374 omnisdeterminata

289 1387 497 1436 proportiO.
510 1388 631 1424 Simul
645 1389 665 1409 '²‘
680 1396 806 1424 autem
822 1388 970 1425 additur
983 1389 1032 1426 ad
1046 1390 1253 1438 potentiam
1270 1402 1352 1426 mo-

291 1441 408 1478 tivam
432 1448 469 1477 et
487 1441 714 1477 subtrahitur
733 1453 755 1477 a
774 1448 945 1490 tempore
965 1449 1107 1488 motus;
1129 1442 1216 1490 quia
1231 1443 1353 1479 maior

289 1494 459 1542 potentia
491 1494 529 1529 in
563 1493 701 1530 minori
729 1501 902 1542 tempore
930 1506 1090 1531 movere
1123 1503 1258 1543 potest.
1290 1496 1352 1532 Sic

291 1551 381 1593 ergo
410 1553 588 1595 sequetur
615 1546 720 1595 quod
747 1547 853 1583 finita
880 1547 1047 1595 potentia
1075 1548 1243 1596 perficiat
1271 1561 1355 1585 mo-.

289 1605 372 1635 tum
399 1598 438 1635 in
466 1599 615 1646 aequali
651 1606 823 1648 tempore
861 1611 948 1636 cum
982 1600 1150 1648 potentia
1186 1601 1350 1647 infinita,

290 1663 388 1699 quae
425 1653 638 1700 ponebatur
671 1664 827 1688 movere
869 1652 907 1688 in
939 1654 986 1689 A.
1016 1653 1102 1689 Hoc
1138 1661 1264 1690 autem
1299 1661 1353 1690 est

291 1703 542 1752 impossibile:
581 1717 670 1752 ergo
707 1705 808 1741 nulla
839 1705 1060 1752 magnitudo
1097 1706 1202 1742 finita
1239 1707 1354 1743 habet

227 1746 235 1753 ”
290 1757 499 1804 potentiam
529 1758 724 1794 infinitam.

344 1821 379 1856 7.
411 1810 611 1846 Dubitatur
638 1818 764 1846 autem
795 1810 892 1846 circa
915 1810 1014 1846 hanc
1042 1810 1226 1847 rationem
1256 1812 1352 1847 mul-

289 1861 469 1909 tipliciter.
491 1863 621 1898 Primo
650 1874 816 1910 namque
843 1862 993 1899 videtur
1019 1863 1125 1910 quod
1143 1863 1239 1899 haec
1258 1864 1351 1900 ratio

290 1914 393 1950 nullo
422 1916 541 1952 modo
571 1915 781 1952 concludat.
816 1916 932 1962 Quod
961 1915 1064 1953 enim
1097 1928 1166 1964 per
1193 1928 1233 1952 se
1263 1929 1352 1953 con-

230 1985 235 1989 ,
289 1967 394 2003 venit
421 1968 552 2014 alicui,
582 1980 651 2016 per
669 1969 810 2004 nullam
838 1969 1047 2017 potentiam
1074 1976 1199 2016 potest
1227 1970 1274 2005 ab
1305 1982 1351 2006 eo

50 2029 186 2056 (0111..ιῆ

56 2078 60 2080 .
85 2061 123 2077 am
135 2055 204 2077 cod.

48 2086 161 2106 muninz.

51 2179 65 2194 *
77 2186 124 2204 uon
143 2188 191 2204 om.
211 2188 265 2204 Acin

45 2209 46 2212 ’
76 2214 202 2236 τνιγροε.

41 2243 47 2256 5
64 2235 264 2257 'enimcodd.exc.

77 2270 92 2279 ur
103 2267 206 2283 nauco.

45 2292 64 2322 ξ’
77 2291 140 2314 Lect.
154 2297 212 2313 xvn.

52 2343 64 2356 '
70 2343 144 2372 finita
166 2349 265 2365 Λιυιετν

40 2375 125 2411 ῙΨ·

52 2448 64 2460 ¹
78 2448 191 2472 conclusit
209 2454 265 2470 13111

52 2479 168 2501 uqmv.

49 2541 50 2544 ¹
71 2552 265 2582 91111110οά01.αο-

46 2599 47 2602 ,
76 2585 163 2601 mov.

152 2664 163 2681 t.

237 2020 491 2076 a-removeri,
508 2028 858 2069 quantumcumque
878 2021 924 2057 sit
941 2033 1079 2068 magna
1096 2023 1131 2058 *ι
1153 2034 1231 2058 11011
1251 2022 1351 2059 0111111

292 2079 346 2108 est
376 2084 421 2109 ex
450 2072 597 2110 defectu
626 2073 833 2121 potentiae,
863 2074 924 2109 vel
958 2073 1129 2111 infinitati
1161 2075 1351 2122 potentiae

292 2133 494 2173 repugnat,
525 2126 555 2162 si
584 2125 728 2163 dicatur
750 2126 832 2162 fieri
860 2138 939 2162 non
965 2138 1079 2174 posse
1099 2127 1204 2174 quod
1231 2127 1350 2164 1101110

292 2190 369 2214 11011
386 2177 405 2198 *
421 2178 466 2214 sit
494 2179 644 2215 animal.
666 2179 760 2215 Esse
781 2186 907 2215 autem
922 2179 962 2199 *ᾖ
977 2179 1014 2214 111
1033 2186 1206 2227 tempore
1225 2191 1293 2227 per
1312 2192 1351 2216 se

293 2231 471 2267 convenit
490 2231 625 2268 motui:
646 2231 798 2279 ponitur
816 2231 918 2267 enim
938 2239 1064 2268 motus
1080 2231 1117 2268 in
1132 2232 1351 2268 definitione

292 2284 484 2331 temporis,
496 2292 536 2320 ut
555 2296 668 2332 supra
686 2284 724 2320 in
744 2282 876 2332 quarto
890 2285 908 2305 ἲς
920 2284 1091 2320 habitum
1113 2293 1177 2321 est.
1200 2285 1301 2332 Ergo
1322 2285 1351 2321 si

290 2343 453 2383 ponatur
481 2337 592 2373 etiam
614 2335 781 2385 potentia
807 2337 951 2373 infinita
969 2338 988 2357 '³⁸
1003 2349 1176 2382 movens,
1198 2349 1276 2373 non
1295 2350 1351 2374 se-

291 2388 417 2436 quitur
435 2390 539 2437 quod
554 2397 681 2426 motus
701 2389 746 2425 sit
760 2389 797 2426 in
813 2402 890 2426 non
909 2398 1094 2437 ternpore,
1114 2397 1155 2425 111
1173 2389 1352 2426 Aristote—

291 2441 344 2477 les
358 2441 419 2478 hic
434 2442 621 2479 concludit
635 2443 665 2479 ³¹⁶.
683 2463 707 2469 -
723 2443 816 2478 Item
831 2442 861 2478 si
878 2442 1136 2479 consideretur
1153 2455 1352 2490 processus

292 2494 523 2543 Philosophi,
559 2507 604 2532 ex
635 2496 710 2532 hoc
739 2495 927 2532 concludit
955 2495 1058 2544 quod
1087 2502 1212 2531 motus
1242 2496 1287 2532 sit
1314 2496 1352 2533 in

291 2559 370 2583 non
388 2554 572 2596 ternpore,
594 2548 682 2595 quia
699 2548 898 2596 *potentia
927 2560 1088 2584 movens
1114 2556 1168 2584 est
1191 2548 1351 2593 infinita;

293 2600 359 2636 sed
373 2600 540 2648 potentia
558 2600 702 2637 infinita
721 2612 883 2637 movens
902 2608 1026 2649 potest
1045 2601 1157 2637 etiam
1177 2613 1254 2637 non
1271 2613 1351 2638 esse

292 2652 332 2703 in
363 2664 522 2700 corpore
539 2659 563 2698 ‘3
599 2665 686 2700 ergo
716 2653 852 2689 eadem
881 2653 1025 2690 ratione
1054 2653 1220 2702 sequitur
1247 2654 1352 2702 quod

291 2704 372 2741 talis
390 2705 569 2753 potentia,
592 2705 622 2741 si
650 2706 696 2742 sit
722 2705 878 2752 infinita,
900 2706 1072 2743 movebit
1098 2706 1136 2742 in
1159 2718 1237 2743 non
1258 2714 1351 2743 tem·
1370 2749 1372 2752 y

291 2769 397 2805 pore.
419 2758 510 2794 Non
531 2771 617 2806 ergo
637 2770 706 2806 per
725 2758 798 2794 hoc
820 2758 925 2805 quod
946 2765 1000 2794 est
1019 2758 1250 2806 impossibile
1270 2771 1352 2795 mo-

291 2810 373 2846 veri
392 2810 430 2847 in
458 2823 535 2848 non
563 2818 748 2859 ternpore,
770 2818 894 2858 potest
922 2811 1095 2847 concludi
1120 2811 1224 2858 quod
1252 2812 1352 2847 nulla

291 2862 409 2900 virtus
428 2863 574 2900 infinita
593 2871 648 2900 est
667 2863 704 2900 in
719 2862 989 2911 magnitudine,
1002 2863 1068 2899 sed
1088 2863 1192 2912 quod
1211 2863 1351 2912 simpli-

345 2975 372 3008 η)
394 2976 516 3006 Qualibet
533 2978 621 3000 autem
636 2975 765 3007 potentia.
778 2990 796 2994 -
812 2975 948 3005 Quaelibet
960 2979 1048 3000 autem
1063 2977 1184 3007 potentia
1205 2976 1351 3001 PAEGIKN

293 3011 458 3041 RSVYsOQ,
477 3018 494 3035 a
513 3016 538 3036 et
561 3011 652 3035 Venet.
677 3010 756 3042 1545;
777 3011 886 3042 legimus
912 3018 969 3035 cum
989 3011 1119 3036 codicibus
1143 3011 1352 3036 BCDFHLMTX

293 3046 392 3078 Zp0Q‚
406 3046 516 3070 editione
535 3046 549 3070 b
569 3051 594 3070 et
612 3046 703 3070 Venet.
727 3045 800 3077 1504,
820 3045 893 3076 1551,
913 3045 986 3070 1552.
998 3060 1017 3065 —
1030 3047 1092 3071 Post
1111 3047 1173 3070 duas
1193 3047 1280 3077 lineas,
1296 3047 1353 3070 loco

293 3088 372 3113 quam
387 3081 513 3112 primam,
533 3081 633 3106 codices
647 3085 753 3113 excepto
765 3081 787 3105 D
801 3088 879 3113 quam
889 3081 980 3112 prima
994 3081 1097 3106 habent.

346 3115 371 3149 0)
393 3116 428 3140 Et
439 3116 476 3141 sic
489 3123 592 3148 semper
604 3116 756 3147 accipiendo
767 3116 877 3148 finitam
889 3117 1045 3148 potentiam.
1057 3130 1076 3136 —-
1090 3117 1126 3141 Ita
1139 3116 1223 3145 codd.y
1238 3116 1296 3140 edd.
1310 3123 1327 3140 α
1338 3116 1352 3141 b

273 3143 277 3146 ⁵
293 3156 319 3176 et
337 3151 429 3175 Venet.
447 3150 526 3182 15043
545 3151 700 3183 posteriores
720 3151 856 3175 editiones:
882 3155 908 3176 et
925 3151 963 3176 sic
981 3158 1084 3183 semper
1101 3151 1253 3183 accipiendo
1269 3151 1352 3183 finita

293 3186 388 3215 maior,
404 3186 430 3210 in
450 3188 567 3217 tempore
585 3186 672 3211 adhuc
686 3186 791 3216 minori,
805 3189 832 3210 et
849 3186 887 3211 sic
904 3193 1007 3218 semper
1020 3186 1172 3218 accipiendo
1180 3186 1287 3219 finitam
1302 3193 1352 3218 po-

294 3221 414 3246 tentiam.

349 3257 367 3288 ι)
387 3263 438 3280 non
458 3262 512 3280 esse
531 3255 557 3280 in
576 3262 694 3287 corpore.
708 3269 727 3275 -
741 3263 791 3281 non
820 3262 874 3280 esse
893 3255 919 3280 in
939 3259 1056 3287 tempore
1073 3255 1198 3286 EFQRT,
1218 3263 1267 3279 ras.
1287 3256 1335 3280 GH
1349 3274 1355 3286 ,

295 3291 318 3315 D
337 3291 398 3321 lac.;
418 3291 556 3323 legendum
580 3295 619 3315 est
637 3298 762 3322 corpore,
784 3298 844 3315 nam
863 3290 911 3315 hoc
931 3291 955 3315 in
975 3291 1053 3315 modo
1071 3291 1188 3315 obiicitur
1207 3295 1294 3314 contra
1313 3298 1352 3314 ra-

294 3327 391 3350 tionem
410 3326 519 3358 positam
538 3333 610 3349 num.
629 3333 727 3357 praem:
747 3326 811 3350 sicut
836 3325 984 3358 magnitudo
1003 3325 1072 3350 finita
1089 3324 1215 3358 (corpus)
1237 3330 1353 3350 moveret

295 3361 321 3386 in
340 3369 392 3385 non
407 3366 523 3393 tempore
539 3360 560 3384 si
580 3366 651 3385 esset
665 3359 776 3385 infinitae
790 3361 896 3389 virtutis,
917 3361 950 3385 ita
969 3361 1049 3384 virtus
1074 3360 1238 3392 incorporalis
1258 3359 1353 3385 infinita

297 3401 413 3420 moveret
431 3396 457 3420 in
481 3403 532 3420 non
549 3400 680 3427 tempore3
700 3403 805 3420 movere
824 3400 909 3420 autem
929 3396 953 3419 in
972 3403 1024 3420 non
1039 3401 1156 3427 tempore
1175 3400 1215 3419 est
1233 3394 1355 3427 impossi-

296 3431 357 3461 bile,
374 3439 443 3463 ergo,
458 3430 480 3455 si
498 3430 562 3454 ratio
577 3431 718 3462 praemissa
737 3430 871 3459 concludit,
887 3431 1023 3454 dicendum
1038 3435 1076 3454 est
1095 3431 1165 3462 quod
1184 3430 1254 3454 nulla
1273 3430 1352 3454 virtus

296 3473 420 3496 movens,
440 3473 487 3490 nec
511 3466 651 3497 corporalis
676 3473 723 3490 nec
748 3465 929 3498 incorporalis,
951 3470 1036 3498 potest
1059 3473 1117 3490 esse
1142 3463 1246 3490 infinita.
1259 3478 1278 3483 —
1291 3465 1350 3489 Non

297 3508 388 3534 ergo...
413 3501 439 3526 in
460 3508 511 3526 non
537 3504 654 3533 tempore
677 3508 729 3526 orn.
750 3501 824 3525 codd.
846 3508 897 3525 exc.
925 3500 1200 3529 BEFGHNZsCKOS;
1220 3508 1267 3532 pro
1291 3500 1351 3524 Non

295 3543 376 3569 ergo,
397 3536 457 3561 Non
476 3537 559 3561 solum
579 3543 645 3568 ergo
658 3536 677 3560 P
692 3540 718 3560 et
736 3536 827 3560 Venet.
846 3534 920 3567 1545.
935 3535 1005 3560 Haec
1019 3535 1094 3560 lectio
1108 3534 1185 3559 habet
1198 3541 1223 3559 et
1238 3535 1294 3567 ipsa
1306 3535 1353 3559 bo-

298 3579 360 3595 num
373 3579 493 3596 sensum:
514 3579 572 3596 nam
588 3576 673 3604 polest
687 3571 733 3608 dici
753 3571 823 3603 quod
838 3571 863 3595 in
878 3571 1002 3595 sententia
1019 3570 1159 3595 obiicientis
1178 3570 1271 3594 idcirco
1289 3570 1352 3595 ratio

2390 275 2467 311 447

1410 337 1499 373 citer
1517 339 1617 374 nulla
1644 338 1761 375 virtus
1789 351 1951 376 movens
1972 341 1991 360 ⁵⁶
2011 339 2055 376 sit
2075 339 2230 377 infinita.
2251 362 2275 369 -
2291 343 2396 387 Item,
2420 342 2468 378 ad

1409 390 1707 436 magnitudinem
1735 391 1924 439 potentiae
1956 392 2031 428 duo
2059 393 2245 440 pertinere
2277 394 2465 440 videntur,

1410 442 1548 478 scilicet
1583 444 1761 480 velocitas
1799 452 1925 480 motus
1964 452 1999 481 et
2029 445 2247 482 diuturnitas
2282 446 2398 495 ipsius
2431 453 2465 491 κ;

1409 503 1445 530 01
1479 497 1688 532 secundum
1727 508 1922 533 excessum
1958 497 2148 545 potentiae
2180 498 2357 535 videmus
2385 499 2468 536 fieri

1409 559 1604 584 excessum
1642 548 1679 586 in
1713 556 1872 597 utroque
1911 549 2109 586 dictorum.
2141 550 2218 586 Sed
2256 552 2470 588 secundum·

1409 596 1603 636 excessum
1624 602 1814 648 potentiae
1835 601 2012 648 infinitae,
2026 614 2139 650 supra
2155 605 2172 621 ÷÷
2185 603 2348 640 ostendit
2362 604 2467 652 quod

1408 660 1534 689 motus
1562 661 1765 701 perpetuus
1795 662 1850 690 est
1878 654 1924 690 ab
1954 654 2078 702 aliqua
2105 655 2273 702 potentia
2300 656 2465 702 infinita,

1408 717 1486 741 non
1515 713 1641 741 autem
1670 706 1775 753 quod
1803 706 1927 754 aliqua
1955 706 2121 754 potentia
2144 707 2287 744 infinita
2316 721 2393 744 non
2422 709 2467 746 sit

1407 757 1445 793 in
1473 758 1743 805 magnitudine.
1766 759 1865 805 Ergo
1884 759 1903 780 Ψ·
1918 759 2085 796 similiter
2108 766 2143 795 et
2161 759 2232 805 hic,
2254 760 2466 798 secundum

1408 822 1604 847 excessum
1620 811 1658 847 in
1677 811 1876 847 velocitate
1892 823 1969 847 non
1990 812 2102 848 debet
2117 812 2341 849 concludere
2362 814 2466 862 quod

1407 863 1509 899 nulla
1536 863 1654 900 virtus
1682 863 1826 900 infinita
1846 863 1891 900 sit
1919 864 1956 900 in
1977 864 2245 912 magnitudine,
2267 865 2333 901 sed
2363 867 2467 914 quod

1407 915 1524 951 virtus
1553 928 1649 963 quae
1678 924 1810 953 movet
1837 923 2009 964 tempore
2037 917 2195 963 infinito,
2226 926 2382 966 propter
2409 919 2466 955 sui

1407 967 1629 1004 infinitatem
1650 977 1804 1005 moveat
1823 969 1935 1004 etiam
1956 969 1992 1005 in
2013 981 2091 1005 non
2111 976 2330 1017 tempore.-
2343 972 2436 1008 Item
2449 972 2468 992 ²¹⁸

1407 1019 1557 1056 videtur
1595 1021 1785 1057 conclusio
1821 1034 1902 1057 esse
1940 1022 2042 1057 falsa.
2079 1022 2232 1067 Quanto
2271 1023 2373 1059 enim
2413 1031 2467 1060 est

1408 1072 1530 1108 maior
1556 1073 1674 1109 virtus
1703 1074 1858 1110 alicuius
1888 1074 2067 1122 corporis,
2097 1082 2199 1110 tanto
2235 1075 2371 1112 diutius
2398 1088 2466 1124 po-

1407 1131 1479 1160 test
1507 1126 1723 1161 conservari
1751 1126 1789 1162 in
1818 1138 1918 1162 esse:
1948 1126 1978 1162 si
2007 1139 2095 1174 ergo
2134 1127 2269 1164 nullius
2299 1129 2467 1176 corporis

1406 1177 1576 1225 potentia
1605 1185 1703 1213 esset
1730 1178 1895 1225 infinita,
1926 1179 2070 1215 nullum
2100 1191 2236 1228 corpus
2272 1189 2401 1228 posset
2428 1181 2467 1218 in

1408 1230 1597 1266 infinitum
1636 1230 1783 1267 durare.
1815 1231 1930 1276 Quod
1962 1239 2063 1279 patet
2101 1244 2181 1268 esse
2216 1233 2352 1269 falsum
2391 1242 2467 1270 tam

1408 1283 1619 1320 secundum
1653 1283 1874 1331 opinionem
1898 1283 2036 1331 ipsius,
2063 1296 2178 1332 quam
2216 1287 2234 1303 ““·“
2257 1286 2467 1323 secundum

1408 1336 1631 1372 sententiam
1650 1335 1742 1372 fidei
1770 1335 2007 1382 christianae,
2033 1348 2128 1383 quae
2161 1337 2266 1384 ponit
2299 1339 2467 1375 substan-

1406 1388 1498 1424 tiam
1526 1388 1658 1425 mundi
1697 1388 1734 1425 in
1767 1388 1955 1425 infinitum
1986 1390 2005 1409 ’³
2035 1389 2262 1426 duraturam.
2288 1411 2311 1417 -
2337 1392 2504 1428 Posset

1409 1441 1521 1477 etiam
1552 1441 1699 1478 moveri
1728 1441 1890 1477 obiectio
1920 1441 1966 1478 de
1996 1441 2180 1478 divisione
2214 1449 2249 1478 et
2277 1443 2468 1480 additione

1408 1493 1545 1541 quibus
1572 1494 1703 1539 utitur,
1733 1495 1866 1541 quae*
1883 1506 1959 1530 non
1989 1494 2221 1531 conveniunt
2249 1507 2374 1532 rerum
2404 1509 2468 1532 na-

1406 1553 1530 1593 turae;
1551 1547 1618 1583 sed
1634 1547 1722 1595 quia
1737 1547 1784 1583 de
1799 1548 1872 1583 hoc
1888 1546 2059 1595 superius
2073 1545 2086 1567 λ
2100 1547 2187 1584 satis
2207 1547 2348 1584 dietum
2365 1557 2419 1585 est
2435 1550 2466 1596 Ψ,

1406 1599 1722 1647 praetermittatur
1750 1599 1798 1635 ad
1826 1609 2015 1648 praesens.

1463 1653 1497 1688 8.
1534 1652 1602 1688 His
1641 1664 1729 1699 ergo
1766 1652 2061 1688 dubitationibus
2093 1664 2162 1700 per
2199 1652 2467 1690 ordinem're-

1408 1705 1650 1753 spondentes,
1671 1705 1874 1742 dicendum
1895 1712 1950 1741 est
1969 1705 2017 1741 ad
2031 1704 2194 1752 primam

1407 1758 1589 1805 losophus
1609 1770 1686 1794 non
1705 1757 1862 1794 intendit
1880 1757 1942 1793 hic
1960 1757 2082 1794 facere
2102 1756 2465 1796 demonstrationem

1408 1810 1652 1856 ostensivam,
1673 1811 1740 1846 sed
1770 1810 2131 1851 demonstrationem
2157 1810 2206 1847 ad
2233 1810 2465 1858 impossibile

1409 1863 1610 1899 ducentem
1627 1865 1659 1907 ἦ
1677 1863 1713 1899 111
1734 1875 1820 1911 qua,
1833 1863 1920 1911 quia
1941 1874 1986 1898 ex
2005 1862 2130 1911 aliquo
2147 1863 2234 1899 dato
2256 1863 2394 1912 aliquid
2410 1877 2466 1901 se-

1408 1915 1532 1963 quitur
1560 1916 1662 1964 quod
1693 1923 1747 1952 est
1774 1915 2018 1964 impossibile,
2041 1916 2271 1952 concluditur
2297 1916 2466 1964 primurn

1409 1968 1538 2005 datum
1576 1968 1806 2016 impossibile
1845 1980 1938 2004 esse.
1970 1969 2060 2004 Non
2089 1977 2215 2004 autem
2245 1977 2299 2004 est
2330 1982 2466 2007 verum

1406 2023 1511 2070 quod
1529 2021 1697 2070 primurn
1719 2021 1848 2058 datum
1878 2021 1989 2057 simul
2010 2033 2097 2057 cum
2123 2022 2364 2058 conclusione
2385 2035 2466 2059 esse

1406 2074 1452 2110 sit
1477 2074 1671 2122 possibile;
1703 2074 1796 2111 sicut
1824 2074 1853 2110 si
1891 2074 2041 2110 daretur
2078 2074 2183 2122 quod
2213 2082 2309 2110 esset
2341 2075 2466 2123 aliqua

1405 2126 1572 2175 potentia
1601 2139 1698 2175 quae
1725 2134 1853 2175 posset
1891 2138 2088 2176 removere
2118 2139 2236 2174 genus
2268 2139 2291 2163 a
2319 2127 2465 2176 specie,

1406 2186 1625 2227 sequeretur
1652 2179 1757 2226 quod
1776 2179 1836 2215 illa
1863 2179 2032 2227 potentia
2058 2187 2187 2227 posset
2211 2180 2333 2216 facere
2362 2182 2466 2228 quod

1405 2232 1524 2268 homo
1544 2244 1621 2267 non
1651 2238 1748 2267 esset
1766 2231 1924 2268 animal:
1950 2232 2016 2268 sed
2036 2232 2123 2279 quia
2151 2233 2225 2268 hoc
2253 2240 2308 2268 est
2325 2232 2466 2280 impos-

1406 2284 1522 2330 sibile,
1544 2284 1776 2332 impossibile
1797 2291 1851 2320 est
1872 2291 1907 2320 et
1925 2283 2094 2332 primum
2109 2290 2145 2330 ¹⁴²;
2176 2297 2254 2321 non
2273 2293 2400 2322 autem
2422 2298 2466 2322 ex

1406 2338 1480 2373 hoc
1498 2344 1622 2385 potest
1641 2336 1815 2373 concludi
1835 2349 1916 2372 esse
1939 2336 2131 2384 possibile,
2152 2337 2257 2385 quod
2277 2337 2322 2373 sit
2341 2338 2465 2386 aliqua

1406 2389 1573 2438 potentia
1601 2401 1698 2438 quae
1727 2389 1836 2425 faciat
1866 2388 2062 2425 hominem
2096 2401 2173 2425 non
2202 2402 2284 2426 esse
2312 2390 2462 2427 animal.

1408 2444 1460 2479 Ita
1485 2454 1531 2479 ex
1558 2443 1633 2478 1100
1652 2442 1756 2490 quod
1784 2450 1839 2478 est
1858 2442 2022 2490 aliquam
2050 2442 2259 2490 potentiam
2279 2442 2463 2479 infinitam

1407 2507 1488 2531 esse
1517 2495 1554 2531 in
1583 2495 1850 2542 magnitudine,
1874 2506 1918 2530 ex
1945 2495 2164 2531 necessitate
2185 2495 2352 2543 sequitur
2379 2508 2462 2532 mo-

1406 2556 1486 2584 tum
1517 2560 1598 2584 esse
1627 2547 1664 2584 in
1685 2560 1762 2583 non
1790 2555 1979 2595 tempore:
2010 2549 2076 2585 sed
2103 2547 2191 2596 quia
2219 2548 2292 2584 hoc
2321 2555 2376 2585 est
2394 2548 2464 2584 im-

1406 2600 1595 2649 possibile,
1616 2600 1848 2648 impossibile
1869 2607 1923 2636 est
1942 2599 2127 2637 infinitam
2151 2601 2359 2649 potentiam
2382 2613 2463 2638 esse

1406 2653 1444 2690 in
1472 2653 1750 2700 magnitudine;
1776 2665 1845 2689 1100
1868 2660 1990 2701 potest
2011 2665 2055 2689 ex
2076 2649 2157 2689 ’1100
2181 2653 2353 2690 concludi
2382 2666 2463 2690 esse

1405 2706 1583 2754 possibile
1621 2706 1725 2754 quod
1753 2706 1918 2754 potentia
1954 2705 2098 2742 infinita
2126 2713 2280 2742 moveat
2316 2706 2353 2742 in
2386 2719 2464 2742 non

1405 2766 1590 2807 tempore.

1460 2823 1494 2858 9.
1516 2812 1577 2848 Ad
1596 2811 1802 2848 secundam
1823 2819 1949 2847 autern
1970 2810 2242 2847 dubitationem
2263 2811 2464 2862 respondet

1405 2865 1595 2900 Averroes
1623 2864 1661 2900 in
1691 2871 1908 2900 commento
1936 2863 2048 2900 huius
2076 2863 2168 2910 loci,
2204 2863 2332 2900 dicens
2360 2864 2464 2912 quod

1407 2977 1548 3009 praemissa
1563 2985 1614 3001 non
1629 2977 1764 3005 concludit,
1779 2977 1838 3008 quia
1848 2976 1922 3000 nimis
1934 2976 2032 3008 probat.
2043 2976 2100 3000 Non
2115 2976 2200 3000 solum
2211 2975 2278 3000 enirn
2289 2976 2380 3008 probat
2394 2977 2463 3009 quod

1405 3012 1432 3036 in
1451 3012 1624 3044 magnitudine
1636 3011 1705 3036 finita
1721 3019 1770 3036 non
1785 3017 1869 3043 potest
1888 3019 1945 3036 esse
1968 3011 2047 3035 virtus
2061 3009 2167 3039 infinita.
2183 3011 2228 3035 sed
2242 3011 2390 3044 simpliciter
2404 3019 2462 3043 pro-

1407 3047 1450 3071 bat
1468 3047 1538 3079 quod
1558 3048 1628 3072 nulla
1642 3047 1722 3071 virtus
1741 3054 1850 3071 movens
1869 3052 1956 3078 potest
1970 3053 2028 3070 esse
2049 3045 2153 3070 infinita.
2168 3046 2288 3070 Attamen
2309 3046 2382 3070 lectio
2401 3047 2461 3080 ado-

1407 3087 1475 3113 ptata
1488 3082 1587 3107 videtur
1600 3082 1681 3115 magis
1695 3082 1833 3106 conformis
1853 3081 1991 3106 contextui:
2007 3089 2066 3105 nam
2081 3086 2107 3105 et
2121 3089 2150 3105 ex
2165 3088 2196 3105 eo
2215 3081 2285 3112 quod
2300 3081 2324 3104 in
2340 3080 2462 3112 principio

1407 3117 1507 3141 numeri
1523 3117 1620 3148 dicitur,
1636 3125 1736 3149 nempe,
1753 3117 1857 3141 videtur
1870 3117 1942 3149 quod
1953 3117 2022 3140 -ltaec
2041 3115 2110 3140 ratio
2126 3116 2196 3139 nullo
2216 3116 2294 3139 modo
2313 3115 2461 3145 concludat,

1407 3157 1432 3176 et
1451 3160 1481 3176 ex
1499 3153 1577 3176 modo
1596 3161 1648 3184 quo
1668 3152 1707 3176 hic
1727 3160 1807 3176 enun
1803 3152 1875 3175 iatur
1894 3151 2033 3179 conclusio,
2049 3151 2143 3174 scilicet
2161 3150 2207 3175 sed
2220 3150 2291 3182 quod
2308 3150 2463 3181 simp1iciter

1407 3192 1464 3217 etc„
1478 3187 1579 3211 videtur
1596 3188 1705 3212 obiectio
1723 3187 1836 3211 ordinata
1856 3187 1887 3211 ad
1900 3186 2060 3217 probandum
2080 3185 2150 3216 quod
2173 3184 2321 3217 simpliciter
2340 3192 2369 3209 ex
2389 3192 2462 3216 prae-

1407 3222 1493 3246 missis
1512 3222 1655 3246 Aristotelis
1675 3230 1725 3246 non
1749 3226 1833 3262 potest
1851 3220 1967 3245 concludi
1990 3220 2052 3244 illud
2071 3219 2140 3252 quod
2160 3220 2215 3251 ipse
2235 3219 2293 3243 inde
2317 3219 2426 3244 deducit.

1455 3255 1480 3290 κ)
1500 3260 1526 3281 et
1544 3257 1707 3282 diuturnitas
1727 3256 1815 3287 ipsius.
1833 3269 1851 3274 -
1869 3259 1895 3280 et
1919 3255 2081 3279 diuturnitas
2108 3254 2233 3285 temporis
2258 3253 2394 3284 editiones;
2416 3254 2460 3278 sed

1406 3292 1481 3316 lectio
1500 3292 1589 3323 ipsius,
1606 3299 1698 3323 nempe
1718 3294 1810 3318 motus,
1831 3295 1868 3314 est
1883 3290 2059 3322 praeferenda:
2079 3297 2138 3313 nam
2157 3294 2182 3313 et
2198 3289 2273 3320 paulo
2293 3289 2357 3313 infra
2375 3289 2400 3313 in
2414 3289 2461 3313 11110

1406 3327 1462 3358 ipsa
1480 3326 1622 3351 obiectione
1641 3327 1730 3351 dicitur
1749 3325 1819 3357 quod
1838 3329 1923 3349 motus
1937 3327 2082 3356 perpetuus
2101 3327 2140 3348 est
2158 3329 2206 3348 etc.

1459 3359 1486 3394 λ)
1506 3361 1568 3393 quia
1588 3363 1620 3386 de
1639 3362 1686 3386 hoc
1703 3361 1862 3392 superius-
1877 3360 1937 3392 quia
1957 3359 1989 3384 de
2007 3359 2046 3383 his
2064 3359 2185 3391 superius
2200 3358 2290 3388 RZsH,
2306 3358 2367 3390 quia
2385 3366 2461 3390 supe-

1406 3396 1463 3421 rius
1481 3396 1692 3436 PBEFGINXpH
1718 3401 1742 3419 et
1760 3396 1815 3421 ab,
1836 3395 1897 3426 quia
1917 3395 1948 3418 de
1966 3394 2086 3425 superius
2111 3393 2281 3425 ASTVpCO,
2304 3393 2366 3425 quia
2385 3393 2460 3426 (spa-

1406 3430 1469 3455 tium
1483 3431 1548 3463 alb.)
1568 3431 1599 3461 Y,
1614 3431 1676 3463 quia
1695 3431 1727 3455 de
1745 3433 1843 3454 natura
1863 3429 1943 3461 ipsius
1959 3429 2006 3461 pK,
2026 3429 2088 3461 quia
2108 3429 2140 3453 de
2153 3429 2263 3453 veritate
2282 3428 2363 3460 ipsius
2379 3429 2462 3459 (satis

1406 3473 1490 3499 supra
1507 3466 1605 3491 dictum
1614 3439 1674 3497 qsit)
1694 3465 1744 3494 sK;
1765 3465 1873 3497 legimus
1893 3472 1950 3488 cum
1970 3464 2085 3488 DLMsC.

1459 3501 1487 3534 μ)
1506 3501 1552 3526 sed
1566 3501 1654 3533 quia...
1669 3503 1707 3525 est
1725 3503 1751 3524 et
1765 3500 1893 3531 primum.
1905 3513 1924 3517 -
1935 3499 1983 3523 sed
1996 3499 2057 3531 quia
2071 3499 2119 3523 hoc
2132 3501 2172 3523 est
2180 3498 2298 3530 primum
2313 3498 2377 3530 EpG
2390 3504 2415 3523 et
2429 3505 2462 3527 a;

1406 3543 1452 3567 pro
1471 3538 1496 3560 et
1510 3536 1636 3567 primum,
1648 3535 1766 3567 primum
1785 3539 1864 3559 001.-
1878 3535 1927 3559 Pro
1950 3534 2040 3566 aliqua
2054 3533 2184 3566 potentia,
2206 3533 2296 3566 aliqua
2310 3540 2378 3565 pars
2401 3533 2460 3558 Α1Μ

1407 3570 1640 3605 ervapcxo.

2210 1706 2240 1751 ³¹⁶,
2258 1706 2362 1753 quod
2381 1707 2466 1743 Phi·
2494 1709 2503 1717 '
2519 1714 2536 1735 Ρ

2496 348 2505 356 ·
2520 352 2613 367 movens
2632 352 2679 368 orn.
2693 353 2709 368 A

2496 379 2698 400 cniuuqsvxvpo.

2593 457 2608 473 Χ

2494 612 2503 620 ‘
2518 610 2625 631 Num-2.

2495 763 2503 772 ”
2518 764 2541 783 et
2557 762 2614 783 add.¹
2623 760 2706 784 11001111,

2493 795 2640 816 mosrvxvpo.

2495 978 2503 1006 J
2514 975 2568 997 Item
2580 980 2652 997 01001.
2663 977 2706 997 hu—

2494 1008 2529 1023 ius
2544 1009 2607 1023 nurn.
2618 1009 2665 1024 om.
2678 1009 2704 1028 Q.

2495 1289 2576 1310 ·etsam
2582 1289 2706 1311 add.codd.

2495 1321 2543 1336 exc.
2558 1322 2651 1337 narem.

2518 1396 2652 1421 perpetuum
2663 1400 2705 1416 co-

2496 1420 2545 1441 dict
2540 1426 2557 1441 s
2571 1426 2618 1441 exc.
2628 1427 2663 1442 PG.

2496 1500 2505 1508 ⁶
2520 1499 2583 1526 quod
2596 1500 2706 1521 emunah.

2592 1548 2609 1573 λ

2493 1582 2505 1592 ⁸
2520 1581 2589 1603 Num.
2604 1589 2624 1610 3.

2539 1708 2619 1729 rimum
2639 1710 2675 1732 cd.
2690 1716 2704 1730 α

2494 1738 2516 1755 01
2531 1735 2597 1756 codd.
2609 1742 2657 1756 exc.
2669 1743 2692 1757 1..

2494 1870 2502 1879 ·
2518 1869 2665 1892 deducentem
2676 1878 2705 1892 ,w

2493 1902 2638 1922 ninum-vr.
