2982 4022
6 2747 25 2793 ξ

13 3419 25 3482 samm
12 3394 25 3407 Τ·
17 3382 22 3386 *v
13 3371 14 3374 Α

90 1131 100 1140 ·
113 1130 177 1152 Lect.
186 1136 235 1158 seq.

91 1235 100 1243 ¹
114 1233 251 1255 aeciderunt
260 1240 302 1255 co-

89 1259 153 1281 dices
168 1266 216 1281 exc.
232 1266 300 1281 neri-11

89 1291 165 1312 unox.

89 1312 101 1324 ¹·
114 1311 177 1334 Lect.
185 1318 233 1341 seq.
241 1318 300 1334 n.12.

90 1495 102 1506 ’
115 1495 186 1518 Num.
195 1502 216 1524 3.

89 1601 101 1611 ¹³
127 1600 272 1622 solummodo

91 1626 160 1648 codd.
175 1632 226 1648 exc.
239 1633 268 1648 co

90 1659 152 1674 υἱεῖ.

90 2075 100 2087 “
123 2075 294 2104 principiorum

90 2101 140 2123 rive
154 2101 208 2124 add.
220 2108 259 2124 m.

91 2181 100 2190 ·
115 2181 150 2202 eis
164 2187 212 2202 om.
226 2187 264 2202 m.

91 2285 100 2294 ·
114 2290 189 2311 neque
202 2290 250 2306 orn.
259 2290 303 2306 nur.

91 2316 159 2331 cnnz.

94 2837 103 2846 ‘
118 2838 194 2858 autem
208 2843 245 2863 uz,
256 2843 304 2859 om.

93 2889 104 2900 ¹⁶
118 2895 148 2910 ex
162 2889 205 2911 hoc
219 2896 266 2911 om.
282 2896 306 2911 u

92 2921 254 2941 xnoqnsrvxr.

92 2942 104 2953 ⁸
119 2948 210 2969 semper
229 2949 276 2964 orn.
291 2949 305 2964 P

93 2968 148 2989 nab.

94 2995 104 3004 ‘
115 2994 177 3016 tect.
185 3000 228 3022 xu,
238 3001 303 3023 n.10‚

94 3026 146 3049 sqq-

1137 267 1247 304 CAP.
1276 266 1379 313 v111,
1410 259 1559 302 LECT.
1590 265 1679 302 xiv

380 349 528 376 SYNOPSIS.
545 364 579 369 —
600 357 623 375 1.
639 349 849 385 Argumentum
870 353 898 375 et
919 346 1020 375 divisio
1034 352 1135 374 textus.
1150 362 1170 366 -
1184 353 1211 372 2.
1227 346 1315 387 Error
1331 352 1382 371 an-

325 387 474 424 tiquorum
494 387 752 424 philosophorum,
778 387 933 415 dicentium
955 386 984 414 in
1005 395 1100 413 rerum
1121 390 1223 412 natura
1243 383 1314 411 nihil
1334 392 1382 419 ge-

325 426 420 455 nerari
440 435 535 463 neque
556 426 711 463 corrumpi.
741 426 824 454 Ratio
846 435 904 463 qua
929 426 1119 453 movebantur
1146 430 1220 458 erat,
1243 422 1382 466 quia-ens

326 466 387 494 fieri
408 465 507 502 nequit
526 475 621 503 neque
642 475 675 494 ex
697 472 761 494 ente
782 474 876 502 neque
897 474 931 492 ex
951 474 1012 492 non
1033 470 1106 492 ente.
1129 463 1170 490 Ex
1191 471 1248 498 qua
1271 467 1382 489 ratione

326 505 412 533 etiam
439 505 599 534 inferebant
618 515 679 534 non
699 505 761 533 dari
787 505 842 533 nisi
863 513 953 532 unum
975 513 1026 531 ens
1054 502 1200 530 materiale
1227 507 1348 529 tantum.
1365 517 1383 521 —

328 545 354 572 3.
376 545 539 573 Subdivisio
560 551 661 573 textus.
677 554 736 579 -4.
758 543 974 580 Propositiones
995 551 1035 570 ex
1056 547 1119 569 ente
1132 541 1173 579 fit
1197 540 1321 577 aliquid,
1344 548 1384 568 ex

326 593 382 612 non
404 590 468 612 ente
481 584 522 622 fit
542 584 660 621 aliquid,
677 589 799 620 possunt
819 583 894 610 sumi
915 581 1073 618 dupliciter,
1095 589 1146 616 per
1167 589 1196 607 se
1218 585 1245 607 et
1264 588 1316 616 per
1337 588 1383 606 ac-

327 623 433 651 cidens.
457 625 552 658 Quam
574 623 785 651 distinctionem
806 621 924 658 praefati
942 620 1051 656 antiqui
1066 619 1231 656 philosophi
1245 628 1306 646 non
1320 628 1385 654 per-

327 662 472 699 eipientes,
487 663 554 691 ideo
576 662 684 699 opinati
705 667 772 690 sunt
788 661 858 689 nihil
871 669 956 697 posse
970 659 1192 688 substantialiter
1206 658 1276 693 fieri,
1291 658 1383 686 solam

593 761 767 802 ostquam
817 753 1071 801 Philosophus
1122 750 1386 788 determinavit

415 845 423 849 „
488 846 493 849 ,
591 806 788 843 veritatem
818 806 865 842 de
892 805 1083 853 principiis
1111 812 1287 850 naturae,
1323 804 1384 840 hic

449 852 503 882 ἶ*
537 856 574 901 Ἴ,
592 858 753 895 excludit
775 858 1018 906 antiquorum
1043 857 1293 894 dubitationes
1316 869 1385 905 per

393 934 415 939 —-
465 920 482 943 ‘x
535 902 636 947 W'ea
671 923 767 959 quae
805 910 1052 948 determinata
1085 917 1171 946 sunt
1204 910 1250 946 de
1284 910 1383 958 prin-

328 962 443 1011 cipiis.
464 963 513 999 Et
531 962 657 1011 primo
687 963 936 1000 dubitationes
956 975 1024 999 seu
1046 974 1189 999 errores
1209 962 1274 1010 qui
1296 974 1384 1010 pro-

326 1022 512 1052 venerunt
538 1027 584 1052 ex
611 1015 819 1063 ignorantia
847 1016 1044 1061 materiae3
1073 1015 1242 1052 secundo
1277 1015 1384 1051 dubi-

326 1067 487 1104 tationes
506 1080 574 1104 seu
594 1080 738 1105 errores
753 1068 816 1117 qui
835 1076 1092 1117 provenerunt
1112 1080 1157 1103 ex
1175 1067 1385 1114 ignorantia

326 1120 562 1168 privationis,
592 1121 663 1158 ibi:
697 1122 733 1158 T
728 1127 907 1170 angentes
935 1121 1082 1169 quidem
1110 1121 1226 1169 igitur
1250 1122 1270 1142 ‘¹‘
1297 1129 1383 1165 etc.;

326 1172 434 1209 tertio
464 1181 631 1210 reservat
663 1173 765 1210 alteri
797 1173 972 1211 scientiae
1007 1173 1258 1210 dubitationes
1286 1186 1385 1222 quae

328 1225 503 1262 accidunt
518 1227 538 1247 *
558 1225 655 1262 circa
684 1226 859 1273 formam,
875 1226 943 1263 ibi:
972 1227 1032 1268 De
1044 1226 1230 1274 principio
1259 1233 1383 1263 autem

326 1278 530 1314 secundum
554 1279 711 1326 speciem
728 1280 748 1300 ’ἓ
768 1286 835 1316 etc.
871 1279 980 1316 Circa
998 1279 1164 1327 primum
1185 1279 1262 1315 duo
1282 1279 1384 1315 facit:

326 1330 452 1379 primo
479 1331 588 1379 ponit
615 1331 888 1368 dubitationem
927 1339 963 1368 et
994 1344 1161 1368 errorem
1198 1331 1236 1368 in
1268 1344 1385 1381 quem

328 1382 470 1431 antiqui
485 1383 695 1421 inciderunt
715 1397 759 1420 ex
778 1384 986 1432 ignorantia
1001 1384 1198 1430 materiae;
1216 1385 1384 1421 secundo

328 1435 440 1472 solvit
460 1448 595 1473 eorum
623 1437 897 1474 dubitationem
924 1449 993 1485 per
1017 1449 1061 1473 ea
1089 1449 1186 1485 quae
1214 1445 1302 1474 sunt
1320 1438 1387 1474 de-

329 1488 539 1535 terminata,
568 1489 639 1525 ibi:
667 1490 752 1526 Nos
779 1495 903 1526 autem
932 1490 1088 1527 dicimus
1108 1491 1128 1512 *
1157 1497 1225 1526 etc.

382 1553 417 1577 2.
447 1541 546 1577 Dicit
579 1553 666 1588 ergo
696 1542 821 1590 primo
850 1542 954 1590 quod
981 1550 1068 1590 post
1095 1543 1384 1580 determinatam

327 1593 524 1630 veritatem
540 1593 587 1630 de
606 1594 808 1642 principiis,
821 1594 1025 1632 dicendum
1042 1603 1096 1632 est
1110 1596 1215 1644 quod
1230 1597 1354 1632 solum
1367 1597 1386 1617 ’ᾗ

327 1645 398 1682 ista
420 1645 483 1682 via
511 1647 635 1682 omnis
663 1647 844 1694 defectus,
875 1647 970 1684 idest
999 1648 1192 1694 dubitatio,
1214 1648 1386 1697 antiquo-

327 1710 412 1734 rum
432 1698 600 1735 solvitur.
626 1700 676 1735 Et
693 1700 768 1735 hoc
788 1707 843 1736 est
861 1700 1009 1747 signum
1030 1713 1110 1737 esse
1131 1713 1266 1737 verum
1282 1701 1386 1749 quod

328 1751 374 1787 de
405 1750 597 1799 principiis
635 1751 776 1788 dictum
811 1759 885 1789 est:
923 1765 1014 1790 narn
1050 1753 1188 1790 veritas
1227 1754 1388 1790 excludit

327 1815 486 1840 omnem
515 1804 713 1841 falsitatem
751 1812 787 1841 et
823 1805 1119 1851 dubitationem3
1158 1806 1226 1843 sed
1262 1807 1385 1854 posito

328 1868 571 1905 quocumque
602 1857 717 1904 falso,
746 1865 895 1906 oportet
928 1859 1094 1907 aliquam
1128 1858 1387 1896 difficultatem

327 1921 537 1946 remanere.

379 1961 572 1999 Dubitatio
603 1969 731 1998 autem
760 1970 796 1999 et
819 1975 924 2000 error
951 1963 1193 2012 antiquorum
1220 1964 1387 2012 philoso-

326 2015 492 2063 phorum
519 2015 581 2051 hic
607 2015 685 2051 fuit.
715 2014 833 2052 Primi
852 2022 870 2037 0‘
889 2017 954 2065 qui
982 2017 1193 2054 secundum
1221 2018 1387 2065 philoso-

327 2067 458 2116 phiam
476 2067 723 2116 inquisierunt
740 2068 939 2106 veritatem
959 2077 996 2106 et
1013 2078 1186 2106 naturam
1209 2070 1228 2090 '⁵
1247 2083 1386 2117 rerum,

329 2119 560 2156 diverterunt
586 2120 624 2157 in
653 2120 847 2168 quandam
875 2121 987 2158 aliam
1014 2122 1118 2159 viam
1151 2135 1173 2158 a
1199 2122 1263 2159 via
1290 2123 1388 2160 veri-

327 2171 412 2208 tatis
440 2179 476 2208 et
494 2185 516 2208 a
534 2172 598 2209 via
625 2173 802 2210 naturali:
833 2174 937 2222 quod
966 2175 1100 2212 accidit
1123 2174 1175 2211 eis
1197 2176 1216 2196 ’²‘
1233 2183 1388 2225 propter

330 2224 586 2261 infirmitatem
627 2224 834 2262 intellectus
873 2239 1019 2263 eorum.
1063 2227 1247 2264 Dixerunt
1284 2228 1387 2264 enim

330 2276 435 2326 quod
456 2276 548 2313 nihil
577 2289 701 2325 neque
717 2279 736 2299 ²³⁴
751 2286 950 2325 generatur
972 2291 1096 2327 neque
1118 2280 1386 2328 corrumpitur:

330 2329 435 2378 quod
463 2337 518 2366 est
539 2336 575 2366 et
594 2337 723 2367 contra
742 2331 939 2368 veritatem
961 2339 997 2368 et
1017 2339 1146 2368 contra
1163 2340 1350 2370 naturam.
1363 2354 1387 2360 —

329 2383 379 2419 Et
406 2383 454 2419 ad
482 2382 556 2418 hoe
588 2383 812 2430 ponendum
850 2396 916 2420 eos
947 2384 1145 2422 infirmitas
1181 2385 1389 2422 intellectus

331 2435 469 2482 coegit3
508 2435 596 2483 quia
623 2435 836 2473 nescierunt
868 2437 967 2473 hanc
999 2437 1185 2475 rationem
1219 2439 1387 2485 solvere,

307 2500 397 2536 .per
425 2499 541 2536 quam
569 2487 768 2525 videbatur
798 2489 952 2537 probari
986 2490 1091 2539 quod
1124 2503 1189 2527 ens
1222 2504 1300 2527 non
1327 2504 1389 2538 ge-

329 2547 492 2577 neratur.
526 2540 626 2587 Quia
654 2541 684 2578 si
713 2554 779 2578 ens
807 2543 870 2588 fit,
905 2550 970 2579 aut
996 2543 1039 2580 fit
1067 2555 1112 2580 ex
1141 2551 1225 2580 ente
1253 2551 1317 2580 aut
1346 2557 1390 2580 ex

330 2605 408 2630 non
437 2601 522 2630 ente
534 2599 547 2630 :'
573 2600 609 2630 et
635 2601 839 2643 utrumque
858 2595 999 2632 horum
1017 2595 1168 2632 videtur
1188 2609 1268 2633 esse
1283 2595 1301 2625 β
1320 2596 1390 2633 im-

329 2645 529 2694 possibile,
558 2645 696 2683 scilicet
719 2647 824 2695 quod
853 2659 919 2684 ens
938 2648 1005 2685 fiat
1034 2661 1079 2685 ex
1108 2656 1192 2685 ente
1222 2656 1258 2685 et
1285 2650 1390 2698 quod

330 2699 397 2735 fiat
416 2711 461 2737 ex
478 2710 558 2735 non
578 2706 674 2735 ente.
703 2699 831 2745 Quod,
849 2700 951 2737 enim
977 2713 1021 2737 ex
1041 2709 1126 2738 ente
1146 2702 1288 2750 aliquid
1307 2702 1389 2739 fieri

332 2751 378 2787 sit
403 2750 656 2799 impossibile,
687 2763 732 2788 ex
758 2753 835 2789 hoc
860 2753 1103 2790 manifestum
1132 2762 1206 2801 est,
1237 2755 1325 2803 quia
1352 2755 1390 2791 id

333 2804 437 2852 quod
464 2811 520 2840 est
546 2816 625 2840 non
651 2804 714 2850 fit;
743 2805 834 2842 nihil
863 2805 964 2842 enim
994 2814 1049 2843 est
1076 2814 1279 2856 antequam
1307 2808 1389 2844 fiat:

333 2863 369 2893 et
388 2868 455 2894 ens
474 2857 550 2892 iam
570 2864 640 2901 est;
662 2869 750 2904 ergo
770 2870 848 2894 non
866 2858 919 2894 fit.
947 2859 1063 2905 Quod
1083 2860 1196 2896 etiam
1213 2862 1232 2881 ⁹⁸
1249 2873 1294 2897 ex
1312 2873 1390 2897 non

333 2916 417 2946 ente
445 2909 586 2957 aliquid
613 2910 695 2946 fieri
715 2910 761 2946 sit
785 2910 1034 2959 impossibile,
1065 2925 1110 2949 ex
1137 2913 1212 2949 hoc
1234 2914 1253 2934 ’¹‘
1270 2913 1391 2950 mani-

331 2962 469 2999 festum
498 2969 568 3008 est,
599 2962 686 3011 quia
713 2965 899 3012 semper*
915 2972 1063 3012 oportet
1090 2965 1230 3014 aliquid
1259 2966 1390 3002 subiici

333 3014 366 3051 ei
386 3016 489 3064 quod
507 3015 564 3062 fit,
594 3023 635 3051 ut
662 3028 774 3064 supra
795 3017 814 3038 ’β
830 3024 1024 3054 ostensum
1054 3026 1124 3065 est,
1155 3026 1191 3054 et
1210 3031 1254 3055 ex
1273 3019 1389 3055 nihilo

385 3135 412 3167 a)
432 3135 474 3160 hic
488 3135 555 3168 suit.
572 3149 591 3154 —
606 3136 660 3167 fuit
678 3136 741 3162 haec
758 3137 793 3166 F.
805 3137 864 3171 suit
881 3137 923 3163 hic
941 3138 1004 3169 MN,
1015 3139 1075 3172 fuit
1097 3140 1146 3165 hoc
1170 3140 1211 3164 ed.
1229 3147 1246 3164 a
1264 3154 1283 3159 —-
1301 3140 1390 3171 Codd.,

333 3177 385 3194 exc.
404 3169 485 3200 FMN,
505 3171 601 3196 addunt
618 3172 690 3203 quod
707 3177 765 3196 ante
783 3172 876 3197 Primi.

386 3203 411 3236 β)
431 3204 524 3230 horum
543 3206 649 3231 videtur
667 3213 730 3231 esse.
743 3207 811 3232 —Ita
828 3207 943 3238 DFNab,
962 3208 1056 3234 horum
1075 3209 1215 3234 videbatur
1233 3217 1288 3235 esse
1305 3209 1334 3239 P,
1348 3217 1390 3234 eo-

333 3247 392 3263 rum
412 3239 517 3264 videtur
535 3247 588 3265 esse
607 3241 716 3272 EGHM,
736 3249 826 3267 eorum
846 3243 951 3268 videtur
970 3244 1123 3269 cet.-1nfra
1141 3244 1207 3269 nihil
1225 3245 1325 3270 enim...
1337 3253 1388 3270 non

326 3274 363 3306 fit
381 3281 434 3299 om.
453 3274 666 3305 AIKOQTVXY.
892 3285 895 3293 ¹

385 3309 412 3342 γ)
432 3309 458 3334 in
478 3309 527 3335 hoc
544 3314 770 3343 argumentantes.
785 3312 842 3336 —in
862 3312 910 3337 hoc
929 3320 981 3337 om.
1001 3314 1114 3345 codices,
1138 3322 1191 3339 exc.
1210 3315 1232 3339 N
1252 3315 1295 3347 qui
1314 3314 1391 3340 habet

333 3351 370 3369 ex
397 3344 459 3373 hoc;
487 3345 545 3369 loco
571 3349 789 3378 argumentantes
815 3346 911 3371 habent
936 3351 1115 3381 aggravantes
1143 3347 1391 3381 AClKOSTVXpL,

333 3382 476 3412 arguentes
494 3380 546 3409 RZ,
563 3384 742 3413 aggregantes
759 3381 791 3412 Y,
807 3381 917 3413 spatium
935 3383 1024 3407 album
1038 3383 1071 3413 Q.
1083 3398 1104 3403 —
1118 3384 1240 3416 Sequenti
1259 3385 1325 3408 linea
1343 3392 1390 3416 pro

334 3422 385 3439 non
400 3417 492 3444 essent,
509 3415 583 3439 codd.
597 3422 650 3439 exc.
666 3416 686 3439 N
702 3423 754 3439 non
773 3419 847 3446 sunt;
866 3421 891 3440 et
905 3417 983 3442 altera
1002 3417 1067 3442 linea
1085 3426 1133 3450 pro
1153 3418 1281 3449 dicebant,
1296 3419 1391 3444 habent

334 3449 463 3474 dixerunt
477 3449 754 3479 ACIKLOQSTVXY.
764 3463 784 3471 ·-
796 3451 879 3483 Prope
898 3450 976 3476 finem
989 3451 1064 3477 huius
1082 3453 1181 3478 numeri
1195 3454 1264 3478 FMN
1278 3461 1331 3478 om.
1343 3455 1391 3479 sed

333 3485 418 3509 solum
437 3485 581 3509 secundum
600 3485 794 3510 alterationem.

387 3518 412 3553 δ)
432 3519 486 3544 sive
505 3520 537 3544 de
555 3527 746 3552 quocumque...
765 3524 813 3545 aut
826 3521 986 3552 patiatur.—-
999 3522 1069 3546 Haec
1096 3523 1181 3547 omnia
1200 3530 1252 3547 om.
1271 3523 1326 3552 Na,
1345 3524 1389 3556 qui

334 3562 393 3579 cum
412 3555 458 3579 FM
478 3560 594 3587 pergunt,
615 3556 655 3579 vel
673 3555 744 3587 quod
762 3563 799 3580 ex
818 3556 917 3581 med1'co
927 3557 964 3589 fit
978 3557 1080 3589 aliquid
1098 3558 1211 3591 autfiat,
1231 3566 1282 3582 non
1298 3561 1337 3582 est
1351 3559 1390 3582 in·-

334 3590 498 3614 conveniens.
519 3590 572 3615 Sed
591 3591 685 3615 dicere.
704 3591 752 3615 Ed.
771 3596 856 3616 autem
876 3591 890 3615 b
910 3593 1038 3625 supplevit
1057 3597 1081 3616 et
1100 3593 1207 3617 correxit
1225 3593 1274 3617 hoc
1294 3593 1389 3618 modo:

476 3643 543 3675 Opp.
563 3643 593 3667 D.
609 3643 721 3667 Tuomm
740 3643 771 3668 T.
787 3644 815 3668 11.

2439 276 2489 313 49

1437 342 1635 371 alterationem
1657 343 1859 380 relinquentes.
1877 360 1894 364 —
1912 343 1936 370 5.
1953 342 2115 370 Dicendum
2133 351 2200 379 ergo
2217 343 2295 378 quod
2311 352 2342 370 ex
2357 352 2417 370 non
2432 349 2496 370 ente

1437 383 1468 409 fit
1488 382 1596 418 ahquid
1617 392 1678 410 non
1699 392 1750 419 per
1771 392 1810 418 se,
1832 383 1882 410 sed
1904 392 1955 418 per
1975 382 2117 410 accidens.
2133 399 2152 403 —
2167 383 2194 409 6.
2216 383 2252 409 Et
2273 381 2400 409 similiter
2417 383 2498 418 quod

1438 431 1471 451 ex
1492 428 1556 450 ente
1578 422 1609 449 fit
1630 422 1737 458 aliquid
1758 431 1809 458 per
1830 421 1971 456 accidens,
1994 422 2043 449 sed
2065 431 2125 449 non
2146 430 2197 457 per
2218 431 2262 448 se:
2286 421 2353 457 quia
2368 421 2396 448 in
2411 431 2497 457 gene-

1415 466 1418 469 “
1438 460 1548 488 ratione
1569 471 1630 489 non
1651 461 1682 488 fit
1697 471 1747 489 ens
1764 461 1935 498 inquantum
1951 470 2010 496 ens,
2026 462 2076 488 sed
2090 461 2260 497 inquantum
2278 467 2319 488 est
2334 461 2388 487 hoc
2403 470 2462 488 ens.
2481 477 2498 482 -

1439 509 1465 536 7.
1481 501 1534 528 Iste
1555 506 1652 528 tamen
1673 501 1782 536 primus
1803 502 1908 528 modus
1930 500 2060 528 solvendi
2081 500 2291 528 dubitationem
2313 499 2498 535 antiquorum

1438 537 1615 568 insufficiens
1637 547 1693 574 est;
1717 540 1783 576 quia
1805 550 1865 568 non
1886 540 2011 577 assignat
2032 539 2086 567 nisi
2107 539 2248 567 rationem
2266 549 2323 576 qua
2338 549 2388 567 ens
2403 539 2434 566 fit
2449 548 2499 575 per

1439 578 1579 613 accidens,
1597 586 1624 607 et
1638 579 1841 616 assignandum
1858 585 1899 607 est
1914 579 1943 607 id
1958 589 1991 607 ex
2006 589 2064 615 quo
2081 579 2130 606 fiat
2144 588 2194 606 ens
2209 588 2260 614 per
2274 588 2313 606 se.
2328 594 2349 599 —
2364 579 2390 606 8.
2407 580 2497 605 Porro

1439 627 1472 646 ex
1494 625 1558 646 ente
1579 618 1609 645 in
1630 619 1766 654 potentia,
1789 619 1868 655 quod
1890 625 1932 646 est
1953 619 2071 646 materia
2092 618 2193 654 prima,
2216 618 2246 645 fit
2267 618 2375 654 aliquid
2397 627 2447 654 per
2468 627 2498 645 se

1439 657 1668 686 substantialiter.
1683 674 1702 679 —
1720 668 1746 694 9.
1769 658 1958 686 Concluditur
1978 658 2133 694 principale
2154 657 2345 694 propositum.

1439 750 1528 787 nihil
1547 751 1600 787 fit.
1618 751 1666 787 Et
1681 763 1726 787 ex
1740 752 1815 787 hoc
1835 750 2130 787 concludebatur
2149 750 2253 798 quod
2273 749 2366 785 entis
2386 761 2464 785 non
2480 750 2499 770 ἓξ

1439 811 1517 840 erat
1544 803 1736 850 generatio
1766 815 1889 851 neque
1920 802 2122 851 corruptio.

1492 857 1541 892 Et
1577 856 1730 892 ulterius
1768 856 1805 892 in
1841 857 1916 892 hoc
1953 862 2258 903 argumentantes
2279 859 2293 880 ⁷
2314 855 2501 902 augebant

1439 921 1548 944 suam
1575 908 1825 956 positionem,
1864 915 1906 944 ut
1934 908 2100 944 dicerent
2131 907 2236 955 quod
2270 919 2349 943 non
2378 915 2501 944 essent

1439 962 1558 997 multa
1578 961 1688 1007 entia,
1719 961 1784 998 sed
1804 973 1924 997 unum
1955 973 2021 997 ens
2049 968 2206 997 tanturn.
2238 961 2287 996 Et
2305 960 2379 996 hoc
2401 960 2499 996 dice-

1440 1014 1530 1049 bant
1547 1021 1702 1061 propter
1721 1013 1903 1050 rationem
1923 1013 2167 1061 praedictam.
2191 1013 2290 1049 Cum
2312 1013 2413 1049 enim
2432 1025 2500 1061 po—

1439 1073 1572 1102 nerent
1602 1077 1724 1102 unum
1758 1079 1838 1102 esse
1872 1066 2064 1102 materiale
2102 1065 2350 1114 principium,
2386 1073 2421 1101 et
2455 1077 2501 1101 ex

1439 1119 1501 1155 illo
1521 1118 1612 1155 nihil
1632 1119 1798 1155 dicerent
1818 1118 1962 1155 causari
1982 1119 2192 1155 secundum
2217 1118 2501 1165 generationem

1441 1179 1476 1207 et
1505 1171 1798 1219 corruptionem,
1829 1171 1895 1208 sed
1924 1172 2048 1208 solum
2077 1171 2288 1207 secundum
2317 1171 2501 1207 alteratio-

1440 1236 1545 1271 nem,
1567 1225 1797 1273 sequebatur
1811 1224 1914 1272 quod
1929 1223 1968 1260 id
1983 1232 2195 1260 remaneret
2209 1236 2361 1271 semper
2379 1235 2501 1260 unum

1440 1277 1654 1313 secundum
1682 1277 1943 1313 substantiam.

1495 1331 1530 1367 3.
1560 1329 1709 1366 Deinde
1739 1342 1827 1366 cum
1856 1329 1959 1365 dicit:
1989 1329 2073 1366 Nos
2091 1335 2215 1365 autem
2243 1329 2398 1364 dicimus
2418 1336 2500 1375 etc.‚

1441 1383 1552 1419 solvit
1569 1383 1803 1431 praedictam
1832 1382 2099 1427 obiectionem.
2129 1383 2178 1418 Et
2206 1381 2304 1417 circa
2330 1382 2404 1417 hoc
2424 1381 2500 1417 duo

1441 1436 1546 1472 facit:
1574 1435 1699 1484 primo
1720 1435 1832 1472 solvit
1856 1435 2052 1483 dupliciter
2071 1434 2304 1482 praedictam
2324 1434 2502 1470 obiectio-

1441 1500 1551 1534 nem;
1587 1488 1755 1525 secundo
1785 1488 1975 1524 concludit
2001 1487 2208 1536 principale
2241 1486 2500 1535 propositum,

1441 1541 1512 1577 ibi:
1547 1541 1673 1582 Quare
1699 1541 1902 1577 secundum
1924 1542 1943 1562 ’μ
1971 1541 2072 1588 quod
2096 1551 2185 1577 vere
2205 1540 2246 1561 *²³²
2277 1547 2344 1576 ete.
2375 1540 2503 1576 Prima

1443 1593 1620 1630 dividitur
1647 1593 1686 1630 in
1715 1594 1808 1630 duas
1828 1593 2040 1630 secundum
2061 1592 2154 1629 duas
2175 1593 2379 1629 solutiones
2409 1605 2501 1641 quas

1441 1646 1564 1695 ponit,
1593 1646 1759 1683 secunda
1773 1647 1792 1667 -r-
1810 1646 1880 1682 ibi:
1908 1646 2015 1682 Alius
2033 1651 2157 1682 autem
2177 1646 2354 1693 quoniam
2372 1646 2412 1666 *φ’
2432 1653 2499 1681 etc.

1494 1711 1531 1745 4.
1557 1699 1656 1735 Dicit
1675 1711 1762 1746 ergo
1782 1699 1907 1746 primo
1928 1698 2043 1747 quod,
2065 1706 2249 1746 quantum
2271 1698 2319 1734 ad
2338 1698 2499 1734 modum

1443 1752 1639 1799 loquendi,
1670 1764 1748 1788 non
1777 1751 1900 1787 differt
1928 1751 2052 1788 dicere
2085 1752 2190 1799 quod
2218 1751 2359 1799 aliquid
2386 1751 2429 1788 fit
2457 1763 2501 1787 ex

1443 1812 1528 1841 ente
1555 1805 1617 1841 vel
1646 1817 1691 1840 ex
1713 1805 1732 1825 ’⁵‘
1759 1816 1838 1840 non
1872 1811 1974 1850 ente,
2002 1804 2064 1840 vel
2094 1804 2199 1851 quod
2233 1816 2298 1840 ens
2333 1811 2396 1840 aut
2424 1816 2502 1840 non

1444 1870 1509 1893 ens
1538 1857 1648 1893 faeiat
1674 1856 1814 1904 aliquid
1842 1864 1906 1892 aut
1932 1856 2104 1904 patiatur,
2131 1856 2212 1893 sive
2241 1857 2289 1893 de
2317 1869 2501 1904 quocum-

1443 1923 1518 1958 que
1546 1910 1641 1955 alio;
1675 1918 1711 1946 et
1739 1909 1862 1946 dicere
1896 1908 2115 1946 huiusmodi
2148 1909 2426 1957 propositiones
2456 1909 2503 1945 de

1443 1963 1614 2009 medico,
1645 1962 1783 1999 scilicet
1811 1962 1916 2010 quod
1943 1962 2115 1998 medicus
2139 1962 2248 1998 faciat
2276 1962 2415 2010 aliquid
2439 1969 2503 1998 aut

1442 2016 1605 2064 patiatur
1633 2013 1661 2062 ὃ,
1697 2016 1759 2052 vel
1794 2015 1898 2063 quod
1927 2027 1972 2051 ex
2010 2014 2160 2051 medico
2194 2015 2239 2051 sit
2273 2015 2411 2062 aliquid
2441 2022 2504 2051 aut

1442 2069 1519 2105 fiat.
1550 2068 1627 2105 Sed
1656 2067 1781 2104 dicere
1809 2068 1916 2116 quod
1940 2067 2112 2104 medicus
2140 2068 2250 2104 faciat
2269 2067 2407 2116 aliquid
2440 2075 2504 2104 aut

1442 2122 1613 2170 patiatur,
1641 2122 1704 2158 vel
1732 2121 1838 2169 quod
1866 2133 1910 2157 ex
1939 2120 2089 2157 medico
2110 2121 2176 2157 fiat
2203 2120 2353 2168 aliquid,
2385 2121 2504 2168 dupli-

1443 2187 1527 2211 cem
1546 2175 1660 2210 habet
1678 2173 1928 2210 intellectum:
1959 2186 2047 2221 ergo
2069 2173 2193 2211 dicere
2217 2174 2322 2221 quod
2351 2186 2395 2210 ex
2420 2181 2503 2209 ente

1443 2234 1506 2264 aut
1535 2239 1579 2263 ex
1606 2239 1684 2263 non
1714 2234 1798 2263 ente
1826 2227 1892 2263 fiat
1920 2226 2078 2274 aliquid,
2112 2234 2176 2263 aut
2208 2227 2312 2275 quod
2341 2239 2408 2262 ens
2441 2234 2505 2262 aut

1441 2292 1519 2316 non
1548 2291 1614 2315 ens
1634 2279 1743 2316 faciat
1770 2279 1911 2328 aliquid
1944 2287 2007 2316 aut
2034 2280 2206 2327 patiatur,
2228 2279 2418 2328 duplicem
2438 2280 2503 2315 ha-

1442 2333 1506 2369 bet
1523 2332 1764 2369 intellectum.
1785 2333 1834 2368 Et
1848 2332 2015 2368 similiter
2031 2334 2050 2353 *
2066 2340 2122 2369 est
2140 2333 2178 2368 in
2197 2333 2502 2381 quibuscumque

1443 2385 1522 2421 aliis
1549 2384 1719 2421 terminis
1746 2392 1910 2433 ponatur
1930 2386 1966 2430 ἢ
1995 2394 2086 2433 puta
2109 2385 2139 2422 si
2161 2385 2305 2422 dicatur
2332 2385 2436 2433 quod
2458 2397 2503 2421 ex

1443 2439 1529 2474 albo
1557 2438 1624 2474 fiat
1651 2437 1812 2486 aliquid,
1843 2445 1907 2474 aut
1934 2438 2039 2485 quod
2067 2439 2198 2475 album
2226 2438 2336 2475 faciat
2363 2437 2503 2485 aliquid

1443 2498 1507 2526 aut
1532 2490 1704 2538 patiatur.
1721 2511 1745 2517 -
1762 2490 1878 2536 Quod
1906 2497 2034 2527 autem
2070 2491 2260 2538 duplicem
2287 2491 2425 2527 habeat
2448 2490 2502 2526 in-

1443 2544 1644 2589 tellectum,
1662 2555 1750 2579 cum
1771 2543 1904 2579 dicitur
1918 2543 2023 2591 quod
2037 2544 2207 2580 medicus
2223 2543 2362 2591 aliquid
2382 2543 2468 2579 facit
2483 2545 2502 2564 ’l‘

1444 2603 1508 2632 aut
1533 2596 1694 2644 patiatur
1723 2597 1758 2642 ⁴¹⁴,
1789 2603 1852 2632 aut
1884 2596 1986 2643 quod
2017 2608 2062 2632 ex
2095 2596 2244 2632 medico
2273 2597 2316 2632 fit
2344 2596 2500 2644 aliquid,

1444 2649 1496 2685 sic
1533 2648 1746 2685 manifestat
1774 2649 1805 2684 ᾖ.
1841 2648 2012 2685 Dicimus
2051 2648 2151 2685 enim
2190 2649 2294 2697 quod
2331 2649 2501 2685 medicus

1444 2701 1633 2738 aedificat:
1664 2701 1730 2738 sed
1757 2702 1831 2737 hoc
1855 2713 1933 2738 non
1961 2701 2047 2737 facit
2063 2703 2082 2723 '⁴⁵
2098 2701 2321 2749 inquantum
2351 2709 2405 2738 est
2424 2714 2502 2738 me-

1445 2755 1567 2801 dicus,
1596 2755 1663 2791 sed
1691 2754 1915 2801 inquantum
1945 2762 2000 2790 est
2033 2754 2267 2791 aedificator:
2299 2762 2333 2790 et
2354 2755 2372 2775 ’¹²
2402 2754 2503 2791 simi-

1444 2807 1525 2844 liter
1553 2806 1712 2843 dicimus
1747 2807 1851 2855 quod
1883 2807 2055 2844 medicus
2088 2808 2131 2844 fit
2163 2808 2290 2854 albus,
2330 2807 2396 2844 sed
2425 2820 2503 2844 non

1443 2860 1668 2908 inquantum
1698 2867 1752 2896 est
1776 2859 1957 2906 medicus,
1981 2860 2047 2897 sed
2066 2860 2292 2907 inquantum
2314 2868 2368 2896 est
2387 2860 2502 2908 niger.

1442 2912 1527 2949 Alio
1547 2912 1666 2949 modo
1692 2912 1852 2949 dicimus
1880 2913 1984 2960 quod
2012 2913 2183 2949 medicus
2213 2912 2422 2949 medicatur
2450 2914 2503 2950 in-

1444 2972 1628 3013 quantum
1649 2973 1703 3001 est
1726 2965 1916 3011 medicus3
1947 2973 1984 3002 et
2011 2966 2177 3002 similiter
2205 2966 2309 3014 quod
2333 2966 2504 3002 medicus

1445 3019 1487 3054 fit
1518 3031 1596 3054 non
1628 3017 1799 3054 medicus
1827 3018 2053 3066 inquantum
2082 3027 2138 3055 est
2166 3019 2348 3056 medicus.
2384 3019 2459 3056 Sed
2485 3021 2504 3040 '²‘

1445 3140 1500 3164 sive
1519 3140 1551 3164 de
1569 3147 1730 3172 quocumque
1754 3139 1822 3168 alio,·
1846 3142 1872 3164 et
1896 3140 1982 3164 dicere
2001 3139 2078 3164 huius
2096 3140 2293 3171 propositiones
2318 3141 2358 3165 uel
2380 3141 2450 3173 quod
2468 3148 2505 3165 ex

1447 3175 1547 3199 medico
1560 3175 1595 3199 sit
1608 3175 1723 3206 aliquid:
1741 3178 1788 3199 aut
1795 3175 1848 3208 fiat
1862 3175 1894 3199 de
1907 3175 2007 3199 medico
2026 3175 2125 3199 scilicet
2140 3175 2211 3207 quod
2226 3175 2340 3199 medicus
2356 3179 2404 3199 aut
2414 3176 2505 3208 saciat

1446 3210 1548 3241 aliquid
1561 3213 1608 3234 aut
1616 3210 1749 3241 patiatur.
1765 3210 1819 3234 Sed
1833 3210 1928 3235 dicere.
1948 3210 2082 3234 Manifesta
2096 3215 2135 3234 est
2150 3210 2266 3234 confusio
2281 3215 2362 3234 textus
2378 3218 2444 3242 quae
2459 3218 2504 3242 per

1445 3245 1605 3269 oscitantiam
1623 3245 1814 3277 typothetarum
1833 3245 1896 3270 facta
1916 3250 1967 3269 est:
1988 3245 2060 3269 cuius
2074 3250 2159 3277 partes
2179 3245 2199 3268 si
2220 3245 2328 3276 propriis
2348 3245 2409 3269 locis
2429 3246 2502 3270 resti-

1445 3285 1555 3310 tuantur,
1569 3279 1705 3304 habebitur
1719 3280 1774 3313 ipsa
1787 3281 1860 3304 lectio
1876 3280 1962 3304 Piana.
1971 3294 1990 3298 -
1999 3280 2059 3312 BpL
2072 3285 2131 3312 post
2146 3280 2185 3303 vel
2198 3280 2269 3311 quod
2281 3287 2318 3303 ex
2334 3280 2434 3304 medico
2447 3288 2503 3306 om.

1445 3322 1511 3347 quae
1530 3319 1675 3348 sequuntur
1693 3323 1779 3347 usque
1798 3316 1829 3339 ad
1845 3316 1934 3339 eadem
1953 3315 2032 3339 verba
2051 3315 2090 3339 vel
2108 3314 2179 3346 quod
2197 3321 2234 3338 ex
2252 3314 2352 3339 medico
2365 3315 2500 3349 inclusive3

1445 3350 1512 3382 pGH
1525 3358 1578 3374 om.
1591 3354 1640 3374 aut
1654 3351 1715 3383 fiat.
1729 3350 1783 3374 Sed
1797 3355 1844 3374 etc.
1855 3357 1939 3382 usque
1954 3350 1984 3373 ad
1999 3349 2128 3381 duplicem
2144 3349 2284 3380 exclusive;
2298 3350 2504 3379 AlKOQ'I'VXY

1445 3393 1498 3409 om.
1517 3388 1565 3409 aut
1578 3385 1710 3416 patiatur,
1725 3386 1766 3410 vel
1783 3385 1854 3416 quod
1872 3392 1909 3409 ex
1928 3384 2028 3409 medico
2039 3385 2094 3416 fiat
2112 3383 2226 3415 aliquid,
2246 3392 2294 3416 pro
2312 3385 2406 3416 quibus
2421 3386 2441 3410 C
2455 3389 2504 3410 aut

1445 3420 1516 3451 quod
1526 3427 1571 3444 ens
1581 3423 1628 3444 aut
1641 3427 1692 3444 non
1704 3427 1749 3444 ens
1756 3420 1846 3453 saciat
1859 3419 1962 3451 aliquid
1971 3422 2019 3443 aut
2027 3419 2160 3450 patiatur.
2174 3419 2246 3443 Patet
2256 3420 2326 3452 quod
2341 3419 2402 3445 haec
2416 3421 2503 3445 omnia

1445 3460 1505 3479 sunt
1523 3455 1677 3479 omissiones
1702 3455 1951 3484 homoteleutorum,
1976 3459 2019 3478 aut
2044 3461 2132 3478 earum
2155 3453 2300 3478 arbitrariae
2324 3456 2503 3481 correctiones.

1445 3489 1537 3519 Quoad
1557 3490 1600 3520 illa
1611 3490 1689 3514 verba
1708 3490 1748 3514 vel
1762 3489 1831 3522 quod
1849 3496 1886 3513 ex
1905 3489 2004 3513 medico
2022 3488 2058 3513 sit
2076 3488 2178 3520 aliquid
2195 3492 2243 3514 aut
2254 3489 2316 3522 fiat,
2332 3498 2399 3522 quae
2413 3496 2452 3515 est
2467 3492 2503 3516 le-

1445 3525 1494 3548 ctio
1513 3525 1554 3549 ed.
1567 3525 1582 3549 b
1597 3529 1622 3549 et
1635 3525 1678 3554 sL,
1694 3525 1731 3548 εΗ
1746 3532 1798 3548 om.
1809 3524 1924 3556 autfiat,
1941 3531 1987 3555 pro
2002 3531 2054 3555 quo
2068 3523 2102 3547 sE
2117 3527 2164 3548 aut
2179 3531 2229 3548 non
2238 3524 2306 3557 fiat,·
2324 3530 2372 3550 cet.
2388 3527 2462 3551 codd.
2477 3531 2503 3550 et

1444 3559 1481 3583 Pa
1501 3560 1588 3591 legunt
1607 3560 1647 3583 vel
1665 3559 1735 3591 quod
1753 3566 1790 3583 ex
1809 3558 1950 3591 medicofit
1962 3558 2064 3590 aliquid
2076 3562 2124 3583 aut
2134 3560 2197 3591 fiat.
2217 3559 2255 3584 Cf.
2270 3565 2375 3585 textum.
2388 3575 2408 3579 -—
2423 3562 2502 3585 Paulo

1443 3594 1548 3618 inferius
1567 3594 1632 3618 BCN
1652 3602 1704 3618 om.
1724 3600 1788 3626 ergo
1807 3598 1854 3618 etc.
1873 3601 1957 3626 usque
1977 3595 2008 3618 ad
2026 3594 2104 3618 habet
2122 3594 2279 3619 intellectum
2299 3596 2430 3620 inclusive.

2308 3656 2323 3680 7

2527 757 2535 764 ‘
2552 761 2626 782 neque
2638 761 2739 780 Λικιορε

2527 788 2595 802 rvxr.

2625 871 2641 895 Υ

2530 1549 2539 1557 ·
2555 1547 2678 1569 secundum
2694 1554 2743 1569 om.

2531 1575 2599 1595 codd.

2529 1602 2551 1612 ¹⁵⁸
2567 1601 2636 1622 Num.
2648 1607 2669 1628 9.

2528 1655 2539 1665 ²*
2546 1654 2671 1675 secundam
2673 1654 2744 1681 ponit

2530 1687 2549 1706 c,
2566 1687 2613 1701 om.
2623 1686 2741 1706 MKOQSTV

2528 1713 2566 1728 xv.

2528 1734 2550 1744 ⁸¹¹
2565 1734 2634 1765 Num.
2645 1734 2666 1755 8.

2531 1814 2537 1819 '
2554 1818 2583 1833 ex
2597 1818 2645 1833 om.
2655 1817 2742 1833 ruer-cn

2530 1838 2630 1859 nnnzab.

2532 2347 2540 2355 ·
2556 2346 2590 2367 sic
2604 2347 2656 2367 rab.

2530 2399 2541 2409 '⁶
2550 2401 2674 2426 ponantur
2687 2405 2725 2420 ec.

2529 2552 2540 2563 ⁶
2547 2552 2630 2580 saciat
2644 2559 2707 2574 nun.

2530 2609 2540 2620 ⁸
2546 2609 2639 2635 patitur
2653 2615 2742 2630 cni-*unz

2530 2641 2556 2656 se

2532 2667 2539 2675 ⁵
2556 2666 2659 2687 ostendit
2672 2666 2743 2688 codd.

2531 2699 2581 2713 cxc.
2596 2699 2712 2713 ner-cumn.
2735 2716 2739 2719 ,

2530 2719 2616 2748 *facit
2629 2725 2675 2740 om.
2691 2726 2711 2740 r.

2530 2769 2540 2779 ⁸
2555 2771 2578 2790 et
2591 2775 2638 2790 orn.
2653 2774 2722 2789 neon.

2530 3028 2541 3039 *
2555 3027 2586 3048 Et
2598 3027 2650 3049 rab.
