2898 3996
1097 289 1208 324 CAP.
1240 288 1306 334 Ill,
1336 286 1486 323 LECT.
1515 287 1566 323 VI

992 472 1323 557 'LEcT10
1362 500 1644 555 SEXTA

459 665 741 708 ,OSTENDITUR
763 664 855 695 NON
878 662 978 694 ESSE
1001 662 1083 692 PER
1106 661 1155 691 SE
1178 659 1522 691 ALTERATIONEM
1546 660 1589 690 IN
1612 661 1744 703 P⁴R1MA
1767 660 1912 691 SPECIE
1938 659 2198 697 QUALITATIS

40 868 132 891 Pmm.
152 867 222 890 editio
249 857 364 895 *Οὐδὲ
387 857 430 898 δή
456 862 529 904 περὶ
554 861 617 897 τάς
642 861 703 897 τῆς
729 858 834 903 ψυχῆς
862 858 936 913 ἀρεῖ

21 949 23 951 ,
69 928 114 947 ext.
128 925 160 948 18.

30 1337 73 1365 ἷτ«
95 1357 102 1364 .
115 1347 148 1370 ¹9·

8 2390 45 2436 fv?
55 2398 101 2418 ext.
114 2401 151 2418 20.

105 3895 114 3902 v
89 3603 94 3610 ’γ
100 3574 101 3577 Α
88 3467 91 3471 ¹
90 3237 91 3240 Α
97 2914 99 2924 ⁴⁴

294 907 357 944 τάς
373 907 431 937 καὶ
454 907 589 941 κακίας.
611 904 653 934 Ἡ
669 903 728 946 μὲν
746 904 810 957 γάρ
830 903 933 948 ἀρετη

293 951 462 986 τελείωσίς
485 959 536 985 τις
561 946 728 990 (ἕκαστον
759 959 824 993 γαρ
853 947 935 979 τότε

293 992 446 1038 μάλιστα
467 991 596 1025 τέλειόν
613 989 718 1032 ἐστιν,
738 989 822 1024 ὅταν
845 991 934 1036 τύχῃ

293 1038 357 1079 τῇς
382 1037 505 1074 οἰκείας
531 1036 672 1079 ἀρετῆς,
699 1037 756 1067 καὶ
782 1034 935 1078 μάλιστα

291 1080 386 1113 κατά
399 1079 671 1124 φύσιν,καθάπερ
685 1079 701 1111 ὀ
717 1077 837 1117 κύκλος
852 1079 934 1112 τότε

293 1123 446 1169 μάλιστα
470 1124 566 1155 κατά
590 1122 684 1166 φύσιν
710 1123 821 1164 ἐστίν,
849 1122 933 1155 ὅταν

293 1167 446 1210 μάλιστα
478 1166 598 1205 κύκλος
625 1166 681 1210 ᾗ),
715 1167 736 1204 ἡ
766 1162 804 1199 δὲ
830 1170 934 1199 κακία

292 1211 398 1257 φθορά
421 1211 552 1244 τούτων
576 1214 633 1243 καὶ
659 1211 830 1248 ἔκστασις.

247 1344 382 1375 Γίνεται
413 1343 471 1386 μὲν
498 1340 553 1374 οὖν
580 1341 818 1386 ἀλλοιουμένου
844 1341 934 1379 τινὸς

291 1389 349 1418 καὶ
367 1387 388 1422 ή
405 1385 504 1429 λῆψις
529 1387 591 1424 τῆς
615 1384 737 1428 ἀρετῆς
756 1388 813 1418 καὶ
831 1386 852 1422 ἡ
872 1387 933 1423 τῆς

290 1433 412 1468 κακίας
435 1430 606 1471 ἀποβολή,
627 1431 801 1468 ἀλλοίωσις
818 1429 934 1473 μέντοι

293 1474 426 1506 τούτων
453 1470 642 1519 οὐδέτερον.

239 1603 316 1638 ’Ὁτι
340 1600 366 1636 δ’
390 1604 589 1638 ἀλλοιοῦταί
612 1616 658 1645 τι,
677 1600 794 1642 δῆλον.
816 1606 858 1636 Ἡ
875 1604 932 1649 μὲν

290 1648 355 1695 γάρ
390 1649 495 1692 ἀρετή
531 1648 611 1689 ᾔτοι
647 1647 798 1682 ἀπάθειά
833 1660 882 1686 τις
913 1647 934 1686 ἦ

292 1692 481 1730 παθητικὸν
499 1690 540 1731 ὥς
551 1688 615 1734 δεῖ,
632 1693 652 1729 ῆ
669 1689 707 1725 δέ
722 1694 827 1726 κακία
846 1692 936 1725 ἀπά-

291 1735 364 1768 θεια
389 1735 410 1774 ἦ
428 1737 569 1769 ἐναντία
586 1736 729 1775 πάθησις
748 1738 794 1779 τῇ
813 1737 930 1781 ἀρετῇ.

247 1869 312 1899 Καὶ
337 1866 378 1900 τὸ
404 1867 479 1899 ὅλον
504 1867 568 1904 τη“ν
599 1867 717 1905 ἠθικήν
751 1867 874 1912 ἀρετήν
901 1868 933 1899 ἐν

266 1919 269 1923 ’
292 1906 428 1949 ἡδοναῖς
450 1913 507 1943 καὶ
527 1911 650 1949 λύπαις
667 1909 751 1943 εἶναι
768 1911 933 1956 συμβέβη«

249 1967 252 1973 ·
289 1966 358 1987 κεν·
381 1953 403 1992 ἢ
419 1955 483 2002 γάρ
507 1954 587 1988 κατ’
612 1954 779 2002 ἐνέργειαν
804 1956 845 1989 τό
871 1957 932 1994 τῆς

291 1995 414 2036 ’ἡδονῆς
439 1998 461 2036 ἦ
486 1995 545 2032 διαὶ
572 1999 703 2044 μνήμην
728 1999 749 2037 ἦ
776 2000 844 2033 ἀπὸ
870 2001 931 2038 τῆς

292 2038 440 2081 ἐλπίδος.
454 2044 492 2074 Εἰ
507 2044 566 2088 μὲν
584 2042 640 2077 οὖν
654 2046 731 2077 κατ’
750 2044 931 2090 ἐνέργειαν,

293 2087 443 2125 αἴσθησις
460 2088 501 2120 τὸ
519 2090 643 2130 αἴτιον,
661 2089 688 2120 εἱ
709 2085 748 2121 δὲ
769 2089 830 2121 διαὶ
853 2088 934 2132 μνή-

291 2143 355 2175 μην
380 2130 401 2168 ἦ
425 2127 462 2164 δι’
501 2128 624 2164 ἐλπίδα
641 2157 650 2173 ,
685 2133 753 2166 ἀπὸ
785 2132 932 2170 ταύτης·

293 2174 314 2212 η’
338 2176 402 2222 γάρ
436 2176 490 2207 οἷα
523 2175 690 2229 ἐπάθομεν
715 2176 932 2221 μεμνημένοις

292 2219 334 2252 τὸ
367 2220 429 2256 τῆς
460 2214 584 2258 ἡδονῆς
617 2222 638 2256 ἢ
664 2221 718 2252 οἷα
749 2219 934 2265 πεισόμεθα

292 2262 492 2306 ἐλπίζουσιν.

241 2393 350 2427 Ἀλλά
383 2394 448 2437 μήν
484 2388 552 2426 οὐδ’
582 2394 614 2426 ἐν
647 2396 694 2435 τῷ
730 2390 933 2437 διανοητικῷ

291 2438 382 2484 μέρει
407 2439 467 2476 τῆς
493 2438 599 2482 ψυχῆς
625 2439 646 2475 ἡ
674 2439 861 2478 ἀλλοίωσις.
889 2440 934 2472 Τὸ

289 2483 354 2529 γάρ
380 2482 567 2524 ἐπιστῆμον
593 2482 747 2525 μάλιστα
765 2484 831 2516 τῶν
853 2483 934 2528 πρός

291 2538 326 2559 τι
348 2526 501 2571 λέγεται.
529 2528 639 2559 Τοῦτο
658 2522 696 2558 δέ
717 2527 833 2564 δῆλον·
851 2530 930 2560 κατ’

292 2566 450 2615 οὐδεμίαν
482 2571 554 2616 γάρ.
582 2565 724 2614 δύναμιν
756 2571 933 2609 κινηθεῖσιν

292 2613 465 2661 ἐγγίνεται
480 2614 528 2647 ivd
546 2614 608 2652 τῆς
634 2614 836 2660 ἐπιστήμης,
857 2614 933 2648 ἀλλ’

291 2658 506 2703 ύπάρξαντός
532 2669 634 2697 τινος·
656 2659 692 2690 ἐκ
709 2659 772 2705 γάρ
791 2661 852 2697 τῆς
873 2672 934 2692 κα-

293 2702 340 2734 τά
368 2702 464 2746 μέρος
495 2703 665 2747 ἐμπειρίας
699 2703 761 2739 τήν
786 2703 933 2736 καθόλου

290 2745 509 2790 λαμβάνομεν
535 2746 738 2791 ἐπιστήμην.

247 2828 334 2866 Οὐδὲ
362 2828 404 2870 δή
430 2834 450 2870 ῆ
477 2832 627 2879 ἐνέργεια
655 2833 801 2879 γένεσις,
835 2835 863 2866 εἰ
887 2834 935 2878 μή

293 2890 343 2915 τις
373 2879 430 2909 καὶ
462 2877 524 2914 την
563 2877 741 2922 ἀνάβλεψιν
776 2880 833 2909 καὶ
870 2879 932 2915 τήν

294 2921 381 2967 σὶφῆν
405 2921 548 2967 γενέσεις
566 2923 676 2965 φησίν·
693 2923 849 2955 τοιοῦτον
869 2923 933 2969 γάρ

293 2967 314 3003 ῆ
341 2964 503 3012 ἐνέργεια.

244 3055 287 3085 Ἥ
310 3047 348 3084 δὲ
372 3051 406 3092 ἐξ
429 3053 534 3097 ἀρχῆς
549 3053 645 3096 λῆψις
664 3054 726 3091 τῆς
744 3053 933 3098 ἐπιστήμης

293 3097 352 3128 οὐκ
385 3097 457 3129 ἐστι
485 3095 611 3142 γένεσις
646 3093 712 3129 οὐδ’
744 3098 932 3136 ἀλλοίωσις·

293 3141 341 3181 τῷ
362 3140 426 3186 γάρ
451 3139 471 3176 τ’)
494 3140 664 3185 εμίζεσθαι
687 3144 744 3174 καὶ
769 3140 933 3175 καθίστα-

293 3183 370 3216 σθαι
387 3184 451 3221 την
468 3153 575 3230 ψυχῆν
591 3186 785 3230 ἐπιστήμων
799 3189 933 3243 γίνεται

291 3229 349 3259 καὶ
381 3227 546 3273 φρόνιμος.
581 3229 742 3273 Καθάπερ
774 3242 830 3262 ουν
861 3226 929 3262 οὐδ’

294 3270 378 3304 ὅταν
406 3268 577 3304 καθεύδων
610 3274 728 3319 ἐγερθῇ
759 3287 809 3312 τις
834 3273 854 3311 ἦ
879 3287 935 3318 με-

293 3315 378 3346 θύων
404 3315 581 3354 παύσηται
598 3316 619 3354 ἢ
633 3319 736 3350 νοσῶν
753 3319 931 3360 καταστῇ,

293 3359 429 3406 γέγονεν
465 3359 673 3405 ἐπιστήμων·
704 3365 818 3394 καίτοι
855 3361 935 3404 πρό-

294 3414 388 3445 τερον
423 3403 482 3434 οὐκ
517 3399 661 3437 ἐδύνατο
700 3405 844 3450 χρῆσθαι
876 3408 932 3437 καὶ

291 3447 387 3479 κατά
405 3447 467 3483 την
486 3445 677 3491 ἐπιστήμην
695 3450 848 3495 ἐνεργεῖν,
862 3450 929 3482 ἀλλ’

296 3491 437 3523 ἀπαλλα
463 3494 551 3529 είσης
588 3494 649 3530 τῆς
685 3494 840 3539 ταραχῆς
874 3494 932 3525 καὶ

294 3535 338 3572 εἷς
356 3504 493 3579 ἦρεμῖαν
509 3538 566 3567 καὶ
583 3535 800 3569 κατάστασιν
822 3536 933 3570 ἐλθού-

291 3590 351 3616 σης
377 3580 438 3616 τῆς
464 3574 613 3618 διανοίας
634 3580 776 3623 ὑπῆρξεν
794 3582 814 3618 ἦ
832 3576 933 3613 δύνα-

983 722 1201 759 QUANTUM
1224 721 1282 751 AD
1306 720 1492 751 HABITUS
1515 721 1680 751 ANIMAE

990 858 1021 875 **
1033 861 1144 901 Neque
1159 860 1264 900 itaque
1281 860 1361 890 circa
1375 859 1497 890 animae
1507 859 1635 890 virtutes
1646 865 1676 889 et

1035 904 1176 934 malitias.
1201 904 1306 934 Virtus
1328 903 1413 934 enim
1432 903 1588 944 quaedam
1606 913 1675 942 per-

1035 947 1128 978 fectio
1147 954 1209 978 est:
1228 947 1484 987 unumquodque
1500 947 1585 976 enim
1600 953 1675 976 tunc

1034 991 1169 1021 maxime
1185 990 1359 1030 perfectum
1375 997 1435 1027 est,
1460 1000 1534 1020 cum
1554 990 1676 1029 attingit

1034 1035 1179 1074 propriae
1195 1034 1318 1072 virtuti,
1339 1041 1369 1064 et
1384 1041 1459 1064 tunc
1476 1040 1522 1063 est
1540 1033 1675 1063 maxime

1033 1078 1209 1108 secundum
1223 1085 1382 1115 naturam;
1401 1083 1435 1107 ut
1448 1076 1580 1107 circulus
1599 1083 1675 1106 tunc

1033 1122 1168 1152 maxime
1183 1121 1358 1152 secundum
1370 1127 1513 1150 naturam
1529 1127 1584 1157 est,
1601 1130 1675 1150 curn

1033 1165 1168 1195 maxime
1192 1165 1325 1195 circulus
1349 1164 1397 1194 sit.
1426 1163 1545 1194 Malitia
1568 1170 1675 1193 autem

1033 1209 1194 1249 corruptio
1209 1209 1326 1239 horum
1341 1215 1371 1238 et
1389 1207 1523 1238 remotio
1539 1214 1594 1238 est.

988 1345 1004 1362 *
1019 1347 1069 1377 Fit
1087 1346 1217 1387 quidem
1235 1346 1329 1386 igitur
1353 1355 1426 1376 cum
1449 1347 1612 1386 quoddam
1631 1345 1673 1375 al-

1033 1397 1159 1428 teratur,
1177 1397 1206 1420 et
1228 1389 1367 1430 acceptio
1382 1390 1505 1420 virtutis
1528 1397 1559 1420 et
1573 1399 1674 1420 remo-

1033 1434 1077 1465 tio
1100 1434 1250 1464 malitiae:
1275 1434 1415 1464 alteratio
1434 1441 1539 1464 tamen
1557 1434 1674 1464 horum

1033 1485 1182 1508 neutrum
1204 1484 1259 1508 est.

989 1609 1087 1646 Quod
1105 1615 1211 1639 autem
1234 1609 1379 1639 alteretur
1393 1609 1523 1649 aliquid,
1542 1608 1673 1639 manife-

1032 1659 1117 1683 stum
1141 1659 1195 1682 est.
1220 1652 1326 1683 Virtus
1354 1653 1481 1693 quidem
1507 1653 1592 1683 enim
1619 1659 1674 1683 aut

1031 1695 1262 1736 impassibilitas
1286 1697 1441 1736 quaedam
1462 1703 1517 1735 est,
1534 1703 1589 1727 aut
1603 1707 1673 1736 pas-

1032 1740 1136 1770 sivum
1159 1746 1205 1769 est
1227 1739 1287 1777 sic;
1311 1740 1428 1770 malitia
1451 1747 1558 1770 autem
1577 1741 1673 1780 passi-

1031 1783 1111 1821 bilis,
1129 1790 1183 1813 aut
1199 1783 1352 1813 contraria
1367 1783 1471 1823 passio
1487 1784 1594 1814 virtuti
1617 1791 1671 1814 est.

987 1870 1028 1901 Et
1050 1877 1151 1901 totam
1178 1870 1332 1900 moralem
1357 1870 1505 1901 virtutem
1528 1870 1560 1900 in
1583 1871 1673 1901 volu-

1032 1914 1169 1954 ptatibus
1193 1920 1223 1944 et
1238 1914 1366 1945 tristitiis
1382 1915 1494 1945 accidit
1508 1924 1584 1945 esse.
1609 1917 1674 1946 Aut

1033 1957 1118 1988 enim
1141 1958 1317 1988 secundum
1340 1965 1446 1989 actum
1473 1959 1561 2000 quod
1583 1959 1673 1989 volu-

1031 2002 1135 2042 ptatis,
1153 2009 1207 2033 aut
1222 2012 1278 2042 per
1293 2002 1492 2041 memoriam,
1505 2009 1559 2033 aut
1573 2013 1673 2043 spem.

1031 2045 1064 2076 Si
1085 2046 1215 2086 quidem
1236 2046 1331 2085 igitur
1354 2047 1530 2077 secundum
1557 2053 1674 2086 actum,

1031 2099 1140 2120 sensus
1164 2096 1209 2120 est
1237 2097 1345 2120 causa:
1371 2090 1396 2120 si
1418 2100 1492 2121 vero
1523 2100 1579 2131 per
1608 2101 1674 2121 me-

1031 2133 1167 2163 moriam
1190 2140 1244 2163 aut
1267 2143 1322 2173 per
1345 2144 1445 2173 spem,
1469 2135 1506 2164 ab
1530 2134 1600 2174 ipso
1618 2142 1672 2166 est.

1031 2179 1098 2207 Aut
1116 2177 1200 2207 enim
1216 2177 1323 2208 insunt
1339 2177 1444 2218 qualia
1462 2178 1545 2217 passi
1563 2188 1674 2209 sumus

1032 2220 1302 2250 reminiscentibus
1312 2221 1494 2261 voluptatis,
1506 2227 1560 2252 aut
1569 2223 1674 2262 qualia

1032 2264 1189 2304 patiemur
1212 2265 1417 2303 sperantibus.
1485 2267 1487 2270 ⁴

988 2400 1004 2418 '¹‘
1024 2405 1067 2433 At
1089 2413 1164 2433 vero
1187 2412 1289 2443 neque
1317 2402 1350 2432 in
1373 2403 1559 2434 intellectiva
1586 2410 1674 2443 parte

1033 2446 1156 2476 animae
1180 2453 1225 2476 est
1248 2446 1402 2477 alteratio:
1420 2447 1519 2477 sciens
1535 2447 1617 2477 enim
1634 2448 1673 2478 ad

1033 2490 1150 2531 aliquid
1174 2490 1308 2520 maxime
1332 2490 1452 2522 dicitur.
1477 2492 1549 2521 Hoc
1567 2498 1674 2522 autern

1033 2534 1236 2564 manifestum
1273 2540 1341 2564 est:
1374 2535 1549 2565 secundum
1588 2536 1673 2565 enim

1032 2578 1154 2608 nullam
1170 2578 1344 2618 potentiam
1360 2579 1466 2618 motis,
1483 2578 1518 2609 fit
1532 2579 1565 2608 in
1581 2579 1673 2609 nobis

1032 2621 1169 2660 scientia,
1194 2622 1247 2652 sed
1267 2632 1341 2652 cum
1364 2623 1495 2653 extiterit
1510 2622 1671 2664 quiddam.

1031 2666 1078 2696 Ex
1094 2675 1130 2696 ea
1145 2665 1231 2695 enim
1245 2676 1326 2706 quae
1346 2673 1391 2697 est
1412 2668 1587 2697 secundum
1603 2677 1672 2707 par-

1031 2716 1096 2740 tem
1119 2709 1320 2749 experientia,
1349 2711 1520 2751 accipimus
1550 2711 1672 2741 univer-

1010 2751 1130 2783 ksalem
1152 2753 1322 2784 scientiam.

987 2841 1099 2880 Neque
1117 2839 1211 2880 igitur
1234 2847 1320 2871 actus
1344 2842 1501 2881 generatio
1526 2849 1590 2880 est,
1613 2843 1673 2873 nisi

1032 2883 1145 2924 aliquis
1168 2884 1395 2924 respectionem
1419 2891 1449 2916 et
1471 2892 1590 2916 tactum
1620 2897 1674 2927 ge-

1033 2927 1208 2958 nerationes
1241 2928 1341 2959 dicat:
1370 2929 1554 2960 huiusmodi
1589 2931 1673 2961 enim

1032 2979 1128 3002 aetus».

989 3059 1079 3096 Quae
1094 3065 1200 3090 autern
1211 3069 1247 3090 ex
1256 3060 1411 3100 principio
1423 3061 1563 3101 acceptio
1576 3061 1673 3092 scien-

1032 3103 1108 3140 tiae,
1133 3113 1199 3133 non
1223 3111 1268 3134 est
1290 3105 1448 3144 generatio
1472 3115 1575 3145 neque
1599 3106 1673 3136 alte-

1032 3146 1120 3177 ratio.
1153 3147 1188 3177 In
1212 3147 1343 3188 quietari
1367 3148 1450 3178 enirn
1482 3155 1512 3179 et
1541 3149 1673 3180 residere

1031 3190 1136 3220 anima
1166 3190 1263 3221 sciens
1293 3191 1328 3222 fit
1357 3199 1387 3222 et
1409 3193 1556 3232 prudens.
1588 3193 1674 3223 Sicut

1031 3233 1126 3274 igitur
1158 3244 1260 3275 neque
1290 3245 1363 3265 cum
1399 3236 1558 3266 dormiens
1593 3237 1673 3267 exci-

1032 3284 1116 3308 tetur
1148 3278 1259 3318 aliquis
1277 3301 1285 3317 ‚
1317 3285 1371 3309 aut
1403 3279 1506 3310 ebrius
1540 3287 1672 3320 pauset,

1032 3327 1087 3351 aut
1108 3321 1269 3352 infirmans
1292 3322 1471 3361 ordinetur,
1500 3323 1598 3354 factus
1628 3331 1674 3354 est

1032 3364 1140 3403 sciens,
1153 3365 1296 3405 quamvis
1312 3365 1399 3405 prius
1415 3376 1480 3397 non
1495 3374 1617 3407 poterat
1628 3368 1672 3398 uti

1032 3414 1063 3438 et
1092 3409 1266 3438 secundum
1298 3409 1459 3440 scientiam
1482 3419 1588 3450 agere:
1618 3411 1671 3440 sed

1031 3458 1151 3481 mutata
1182 3453 1414 3491 perturbatione
1437 3461 1467 3484 et
1495 3455 1528 3484 in
1556 3461 1672 3485 statum

1031 3495 1206 3525 reveniente
1241 3503 1370 3535 mente,
1402 3495 1508 3528 inerat'
1532 3498 1672 3538 potentia

1031 3538 1070 3568 ad
1107 3538 1251 3568 scientiae
1272 3540 1518 3579 congruitatem.
1554 3542 1672 3571 Huius-

1030 3581 1119 3611 modi
1142 3582 1235 3621 igitur
1252 3582 1371 3623 aliquid
1393 3583 1428 3615 fit
1458 3594 1494 3615 ex
1516 3585 1670 3624 principio

1730 858 1893 900 *Ὁμοίως
1918 853 1955 888 δέ
1978 858 2034 887 καὶ
2061 855 2113 887 ἐπὶ
2139 858 2205 888 τῶν
2231 856 2292 893 τῆς
2311 855 2417 901 ψυχῆς

1784 901 1896 941 ἕξεων·
1922 899 2056 932 ἅπασαι
2080 898 2144 945 γάρ
2168 901 2226 931 καὶ
2245 900 2352 931 αὗται
2370 902 2417 941 τῷ

1775 944 1854 989 πρός
1880 956 1913 976 τι
1937 944 2004 981 πῶς
2023 944 2124 987 ἐχειν,
2142 946 2199 975 καὶ
2218 946 2252 974 αἱ
2269 944 2327 986 μὲν
2348 942 2419 986 ἀρε-

1774 990 1835 1021 ταὶ
1851 987 2049 1028 τελειώσεις,
2062 990 2095 1018 αἱ
2112 984 2149 1019 δέ
2166 990 2282 1018 κακίαι
2299 987 2420 1020 ἐκστά-

1773 1044 1853 1069 σεις.
1879 1032 1957 1063 ’Έτι
1982 1032 2002 1067 ἠ
2029 1031 2088 1075 μὲν
2119 1031 2223 1075 ἀρετή
2249 1030 2285 1062 εὖ
2309 1028 2419 1063 διατί-

1775 1076 1848 1112 θησι
1880 1075 1959 1120 πρὸς
1984 1075 2032 1108 τά
2056 1075 2163 1106 οἰκεῖα
2194 1073 2306 1117 πάθη,
2333 1076 2353 1111 η
2380 1071 2418 1106 δέ

1773 1122 1876 1151 κακία
1916 1121 2039 1156 κακῶς.
2076 1118 2170 1151 Ὥστ’
2209 1115 2276 1150 οὐδ’
2313 1119 2418 1151 αὗται

1774 1164 1911 1195 ἔσονται
1944 1161 2149 1201 ἀλλοιώσεις·
2179 1159 2255 1204 οὐδὲ
2286 1158 2330 1199 δή
2361 1165 2417 1194 καὶ

1776 1206 1947 1246 ἀποβολαὶ
1981 1209 2038 1238 καὶ
2076 1209 2110 1238 αἱ
2141 1206 2254 1250 λήψεις
2289 1207 2415 1239 αὐτῶν.

1774 1249 1924 1281 Γίνεσθαι
1949 1246 1979 1281 δ’
2010 1248 2120 1287 αὐτάς
2148 1250 2333 1296 ἀναγκαῖον
2361 1251 2419 1282 ἀλ-

1772 1293 1968 1337 λοιουμένου
1991 1295 2053 1326 τοῦ
2071 1293 2269 1331 αἰσθητικοῦ
2288 1294 2415 1338 μέρους·

1776 1336 1975 1370 ἀλλοιοῦται
2000 1334 2038 1369 δέ
2061 1338 2126 1369 ύπὸ
2149 1339 2214 1370 τῶν
2234 1337 2418 1375 αἰσθητῶν·

1774 1383 1895 1414 ἅπασα
1926 1382 1990 1427 γάρ
2023 1382 2044 1418 ή
2077 1381 2178 1420 ἠθική
2211 1382 2315 1425 ἀρετή
2345 1384 2418 1424 περὶ

1774 1421 1898 1463 ἡδονάς
1922 1427 1980 1457 καὶ
1996 1425 2107 1464 λύπας
2126 1426 2187 1463 τάς
2205 1425 2416 1468 σωματικάς,

1774 1470 1879 1502 αὗται
1907 1465 1945 1501 δέ
1970 1468 1990 1506 ἦ
2016 1470 2048 1502 ἐν
2075 1470 2122 1512 τῷ
2149 1469 2313 1514 πράττειν
2338 1469 2359 1506 ἦ
2386 1470 2418 1502 ἐν

1773 1515 1821 1555 τῷ
1853 1512 2042 1558 μεμνῆσθαι
2067 1514 2088 1551 ἦ
2113 1514 2145 1546 ἐν
2176 1514 2222 1555 τῷ
2257 1513 2416 1556 ἐλπίζειν.

1772 1559 1810 1589 Αἰ
1827 1558 1886 1600 μὲν
1914 1557 1968 1590 οὖν
1987 1558 2019 1589 ἐν
2038 1559 2082 1602 τῇ
2107 1556 2225 1612 πράξει
2240 1557 2336 1589 κατά
2354 1557 2417 1594 τήν

1774 1601 1924 1639 αἴσθησίν
1949 1602 2043 1641 εἰσιν,
2061 1602 2128 1634 ὥσθ
2162 1602 2227 1633 ὑπὸ
2254 1601 2418 1638 αἰσθητοῦ

1773 1646 1863 1683 τινὸς
1879 1645 2053 1678 κινεῖσθαι·
2081 1649 2115 1678 αἱ
2139 1642 2168 1678 δ’
2190 1646 2223 1678 ἐν
2240 1647 2284 1688 τῇ
2303 1645 2417 1690 μνήμῃ

1771 1692 1828 1721 καὶ
1855 1690 1886 1722 ἐν
1911 1691 1956 1732 τῇ
1983 1685 2095 1722 ἐλπίδι
2126 1690 2194 1722 ἀπό
2224 1690 2369 1727 ταύτης·
2396 1689 2417 1726 ἦ

1772 1733 1836 1779 γάρ
1863 1735 1917 1765 οἷα
1943 1733 2067 1766 ἐπαθον
2093 1734 2295 1779 μεμνημένοι
2320 1729 2418 1770 ἥδον-

1773 1789 1852 1818 ται,
1880 1777 1900 1814 ἦ
1925 1778 2119 1821 ἐλπίζοντες
2146 1779 2201 1810 οἶα
2226 1778 2414 1820 μέλλουσιν.

1765 1821 1858 1854 ”Ωστ’
1883 1820 2013 1867 ἀνάγκη
2037 1823 2151 1855 πᾶσαν
2170 1822 2232 1858 την
2251 1821 2417 1858 τοιαύτην

1774 1861 1898 1902 ’ἡδονήν
1932 1866 1997 1897 ὑπὸ
2022 1867 2088 1898 τῶν
2117 1865 2284 1903 αἰσθητῶν
2310 1868 2418 1912 γίγνε-

1773 1909 1862 1941 σθαι.
1891 1910 1986 1941 Ἐπεὶ
2011 1906 2040 1941 δ’
2069 1906 2192 1948 ἡδονῆς
2223 1911 2281 1942 καὶ
2308 1910 2416 1948 λύπης

1775 1953 2012 2000 ἐγγιγνομένης
2041 1957 2098 1986 καὶ
2127 1956 2147 1991 ἢ
2179 1956 2283 1985 κακία
2312 1956 2369 1986 καὶ
2396 1956 2416 1991 ἡ

1775 1998 1879 2041 ἀρετή
1915 1999 2109 2044 ἐγγίγνεται
2147 1999 2247 2042 (περὶ
2283 1998 2416 2036 ταύτας

1773 2042 1837 2088 γάρ
1869 2043 1989 2084 εἰσιν),
2024 2044 2058 2074 αἱ
2083 2038 2120 2074 δέ
2153 2038 2273 2079 ήδοναὶ
2297 2045 2355 2074 καὶ
2381 2045 2416 2074 αἱ

1772 2088 1879 2118 λῦπαι
1903 2085 2094 2124 ἀλλοιώσεις
2119 2087 2181 2119 τοῦ
2204 2085 2416 2128 αἰσθητικοῦ,

1773 2130 1912 2174 φανερόν
1953 2129 2007 2162 ὅτι
2047 2130 2285 2174 ἀλλοιουμένου
2328 2131 2417 2168 τινὸς

1775 2174 1906 2220 ἀνάγκη
1945 2176 2004 2206 καὶ
2040 2174 2175 2213 ταύτας
2211 2174 2417 2214 ἀποβάλλειν

1771 2221 1829 2251 καὶ
1846 2219 2047 2263 λαμβάνειν.
2064 2218 2154 2250 ‘'Qu-0¹
2176 2220 2196 2255 η
2215 2220 2274 2264 μὲν
2291 2219 2417 2264 γένεσις

1774 2264 1886 2295 αὐτῶν
1909 2264 1982 2306 μετ’
2006 2262 2230 2304 ἀλλοιώσεως,
2259 2265 2363 2296 αὐταὶ
2385 2263 2413 2295 δ’

1774 2308 1832 2339 οὐκ
1865 2308 1945 2339 εἰσὶν
1972 2307 2178 2344 ἀλλοιώσεις.
2211 2308 2321 2340 Ἀλλά
2352 2308 2417 2351 μην

1773 2347 1842 2383 οὐδ’
1865 2354 1899 2383 αἰ
1926 2352 1987 2383 τοῦ
2010 2353 2168 2388 νοητικοῦ
2194 2351 2309 2396 μέρους
2335 2352 2416 2393 ἕξεις

1774 2394 1979 2434 ἀλλοιώσεις,
1999 2390 2068 2427 οὐδ’
2090 2395 2180 2428 ἔστιν
2198 2397 2310 2428 αὐτῶν
2328 2397 2418 2442 γένε-

1772 2451 1832 2477 σις·
1857 2439 1943 2471 πολύ
1960 2440 2024 2485 γάρ
2045 2439 2199 2483 μάλιστα
2217 2440 2257 2473 τὸ
2275 2441 2417 2477 ἐπιστῆ-

1771 2495 1832 2527 μον
1858 2484 1890 2516 ἐν
1916 2485 1963 2525 τῷ
1994 2483 2074 2527 πρός
2099 2496 2133 2516 τι
2159 2485 2225 2521 πῶς
2253 2485 2339 2530 ἔχειν
2362 2484 2417 2516 λέ-

1769 2539 1882 2573 γομεν.
1903 2528 1980 2560 Ἔτι
1998 2524 2034 2559 δέ
2051 2530 2107 2559 καὶ
2126 2529 2264 2572 φανερόν
2285 2528 2338 2561 ὅτι
2357 2530 2416 2560 οὐκ

1771 2574 1862 2605 ἐστιν
1881 2572 1993 2604 αὐτῶν
2010 2571 2148 2618 γένεσις.
2176 2572 2220 2604 Τὸ
2241 2573 2305 2618 γάρ
2322 2573 2418 2605 κατά

1771 2614 1912 2660 δύναμιν
1936 2617 2124 2659 ἐπιστῆμον
2148 2612 2243 2647 οὐδὲν
2266 2617 2353 2649 αὐτὸ
2370 2629 2417 2648 κι-

1771 2659 1866 2698 νηθὲν
1899 2658 1988 2692 ἀλλά
2012 2661 2059 2701 τῷ
2087 2659 2168 2692 ἄλλο
2195 2659 2343 2704 ὑπάρξαι
2367 2664 2416 2707 γί-

1771 2716 1867 2737 νεται
1893 2705 2094 2747 ἐπιστῆμον.
2112 2703 2219 2736 “Ὀταν
2237 2704 2300 2750 γάρ
2320 2704 2416 2751 γένη-

1771 2761 1830 2781 ται
1847 2748 1889 2781 τὸ
1906 2748 2001 2780 κατα
2013 2747 2123 2792 μέρος,
2138 2748 2325 2781 ἐπίσταταί
2346 2761 2414 2787 πως

1771 2794 1816 2835 τῇ
1833 2792 1978 2824 καθόλου
1997 2792 2037 2824 τὸ
2054 2792 2150 2824 κατα
2174 2792 2283 2836 μέρος.
2310 2793 2414 2826 Πάλιν

1771 2833 1808 2869 δέ
1833 2838 1896 2874 τῆς
1920 2836 2068 2882 χρήσεως
2093 2838 2150 2868 καὶ
2169 2837 2230 2874 τῆς
2250 2837 2414 2883 ἐνεργείας

1771 2881 1831 2913 οὐκ
1849 2881 1921 2913 ἐστι
1938 2881 2076 2926 γένεσις,
2097 2881 2123 2912 εἱ
2142 2880 2189 2924 μή
2207 2892 2257 2918 τις
2277 2884 2334 2914 καὶ
2353 2883 2415 2919 τῆς

1773 2924 2000 2969 ἀναβλέψεως,
2022 2927 2079 2956 καὶ
2106 2926 2168 2962 τῆς
2196 2926 2279 2968 ἀφῆς
2307 2928 2416 2958 οἴεται

1770 2969 1898 3017 γένεσιν
1917 2966 2015 3010 εἶναι,
2032 2970 2091 3000 καὶ
2109 2970 2149 3002 τὸ
2168 2969 2307 3014 ἐνεργεῖν
2327 2969 2418 3013 ὅμοι-

1772 3026 1806 3046 ον
1832 3013 1981 3050 τούτοις.
2015 3014 2056 3044 'H
2080 3008 2108 3044 δ’
2138 3012 2172 3054 ἐξ
2196 3011 2300 3057 ἀρχῆς
2317 3013 2414 3057 λῆψις

1771 3059 1834 3095 τῆς
1860 3056 2050 3100 ἐπιστήμης
2076 3057 2201 3103 γένεσις
2228 3059 2288 3090 ούκ
2310 3059 2414 3090 ἔστιν·

1772 3103 1818 3143 τῷ
1845 3102 1908 3147 γαρ
1931 3102 2099 3145 ἠρεμῆσαι
2123 3104 2180 3133 καὶ
2208 3103 2333 3140 στῆναι
2351 3101 2414 3138 τῆν

1770 3141 1922 3178 διάνοιαν
1961 3144 2165 3177 ἐπίστασθαι
2200 3148 2257 3177 καὶ
2288 3149 2413 3189 φρονεῖν

1769 3189 1922 3236 λέγομεν.
1961 3190 2014 3226 Εἰς
2048 3185 2085 3220 δὲ
2115 3189 2154 3221 τὸ
2187 3189 2318 3234 ἠρεμεῖν
2355 3189 2414 3220 οὐκ

1772 3235 1845 3266 ἔστι
1873 3233 2011 3279 γένεσις·
2047 3232 2128 3269 ὅλως
2162 3233 2225 3278 γάρ
2257 3228 2413 3276 οὐδεμιᾶς

1771 3278 1977 3322 μεταβολῆς,
1997 3275 2149 3319 καθάπερ
2175 3278 2306 3320 εἴρηται
2332 3275 2413 3320 πρό-

1771 3333 1879 3363 τερον.
1899 3321 1974 3352 Ἔτι
2000 3315 2029 3351 δ’
2050 3319 2159 3363 ὥσπερ
2182 3319 2265 3352 ὅταν
2291 3321 2326 3352 ἐκ
2353 3322 2417 3353 τοῦ

1771 3364 1902 3408 μεθύειν
1929 3363 1949 3399 ἦ
1974 3359 2147 3395 καθεύδειν
2178 3362 2199 3400 ἢ
2230 3368 2336 3396 νοσεῖν
2369 3365 2414 3402 εἰς

1771 3409 1818 3440 τά
1842 3408 1980 3440 ἐναντία
2005 3407 2162 3451 μεταστῇ
2194 3419 2263 3450 τις,
2291 3408 2330 3440 οὔ
2353 3419 2415 3451 φα-

1770 3464 1827 3495 μεν
1858 3450 2071 3494 ἐπιστήμονα
2103 3451 2278 3497 γεγονέναι
2311 3452 2413 3484 πάλιν

1769 3498 1902 3538 (καίτοι
1927 3491 2095 3533 ἀδύνατος
2114 3493 2153 3532 -ἦν
2173 3497 2216 3538 τῇ
2240 3497 2412 3539 ἐπιστήμῃ

1794 3539 1915 3583 ρῆσθαι
1951 3539 2158 3584 πρότερον),
2195 3539 2301 3578 οὕτως
2340 3536 2409 3572 οὐδ’

1771 3585 1853 3616 ὁταν
1881 3582 1915 3623 ἐξ
1935 3584 2039 3629 ἀρχῆς
2054 3583 2216 3629 λαμβάνῃ
2242 3585 2305 3622 τήν
2332 3584 2411 3626 ἐ’ξιν·

2448 859 2457 867 ·
2475 858 2559 880 Dmor.
2576 869 2586 874 -
2602 858 2659 886 Seq.

2447 890 2498 911 cap.
2514 890 2546 906 111.
