2950 4004
28 3411 47 3423 ⁴⁴
59 3411 130 3433 Num.
145 3411 168 3434 8.

27 3463 47 3475 ⁴
60 3463 123 3486 Lect.
137 3470 186 3492 seq.

1137 193 1247 229 CAP.
1278 193 1326 239 II,
1358 192 1507 229 LECT.
1539 193 1590 229 lV

2382 206 2451 241 109

1023 448 1322 506 LECTIO
1363 452 1704 523 QUARTA

401 607 562 639 MOTUM
581 606 679 637 ESSE
703 605 856 636 ACTUM
880 604 1050 635 MOBILIS
1074 604 1134 634 UT
1158 604 1352 635 SUBIECTI
1381 605 1423 635 IN
1447 605 1557 643 QUO,
1582 606 1639 636 ET
1662 606 1882 637 MOVENTIS
1907 608 1966 638 UT
1991 607 2158 638 CAUSAE
2182 610 2210 638 A
2235 608 2324 645 QUA

275 750 426 779 Κινεῖται
450 741 488 777 δὲ
510 746 568 776 καὶ
593 743 634 775 τὸ
658 743 783 783 κινοῦν,
810 741 918 786 ὥσπερ
949 745 1092 787 εἴρηται,
1121 744 1188 774 πᾶν
1214 742 1254 775 τὸ
1279 737 1333 773 δυ-

342 789 384 823 νοί
412 801 438 821 ει
464 787 498 820 ὃν
522 786 677 827 κινητόν,

275 837 332 867 καὶ
359 847 396 866 ου
422 834 442 870 ἢ
470 833 626 869 ἀκινησία
651 831 773 874 ἠρεμία
791 830 894 862 ἐστίν·
914 830 936 872 ᾤ
961 831 1025 876 γοὲρ
1044 832 1064 867 ἡ
1084 833 1209 868 κίνησις
1229 830 1333 875 ὑπάρ-

340 889 410 924 χει,
437 877 548 918 τούτῳ
575 876 595 912 ἦ
624 871 778 911 ἀκινησία
804 873 939 930 ἠρεμία·

276 922 317 954 το“
341 923 406 968 γὰρ
432 922 511 966 πρὸς
537 921 644 953 τοῦτο
671 918 825 962 ἐνεργεῖν,
854 932 872 961 ῃ
899 919 1079 960 τοιοῦτον,
1108 917 1194 951 αὐτὸ
1222 919 1263 950 τὸ
1286 930 1335 949 κι-

340 971 406 998 νεῖν
424 963 510 999 ἐστί·
529 966 636 998 τοῦτο
654 959 691 995 δὲ
709 968 800 995 ποιεῖ
815 963 910 1004 θίξει,
923 962 1010 995 ὥστε
1031 963 1101 1007 ἅμα
1117 965 1176 995 καὶ
1194 964 1331 1007 πάσχει·

274 1005 327 1042 διὸ
353 1012 373 1048 ἡ
398 1014 523 1048 κίνησις
549 1008 743 1052 ἐντελέχεια
769 1009 831 1042 τοῦ
854 1008 1008 1048 κινητοῦ,
1029 1007 1221 1049 ᾔκινητόν.
1250 1010 1335 1052 Συμ-

343 1056 449 1096 βαίνει
474 1051 511 1087 δὲ
535 1055 643 1087 τοῦτο
668 1051 749 1092 θίξει
774 1053 836 1086 τοῦ
860 1053 1047 1093 κινητικοῦ,
1074 1051 1149 1092 ὥσθ’
1180 1051 1251 1095 ἅμα
1276 1055 1332 1083 καὶ

342 1100 480 1145 πάσχει.
507 1094 603 1136 Εἶδος
627 1092 664 1129 δὲ
685 1096 735 1128 ἀεὶ
753 1099 884 1130 οἴσεταί
903 1109 936 1128 τι
954 1097 994 1129 τὸ
1012 1097 1137 1137 κινοῦν,
1156 1097 1234 1132 ἦτοι
1253 1092 1333 1128 τάδε

341 1144 362 1182 ἦ
388 1139 519 1177 τοιόνδε
545 1141 566 1179 ἦ
593 1136 746 1182 τοσόνδε,
774 1142 790 1174 ὃ
816 1141 914 1173 ἔσται
942 1140 1028 1186 ἀρχή
1052 1142 1111 1173 καὶ
1138 1143 1245 1173 αἴτιον
1272 1142 1333 1179 τῆς

339 1188 519 1229 κινήσεως,
547 1187 631 1219 ὅταν
666 1188 763 1229 κινῇ,
790 1187 857 1218 οἷον
892 1187 907 1218 ὀ
932 1186 1125 1230 ἐντελεχείᾳ
1164 1185 1335 1230 ἄνθρωπος

341 1238 431 1266 ποιεῖ
455 1234 490 1264 ὲκ
515 1232 576 1265 τοῦ
602 1227 685 1263 δυνά
713 1243 740 1263 ει
766 1231 861 1268 ὄντος
888 1228 1060 1274 ἀνθρώπου
1088 1228 1272 1273 ἄνθρωπον.

274 1278 339 1309 Καὶ
364 1278 406 1310 τὸ
433 1275 662 1320 ἀπορούμενον
687 1242 724 1308 ge*
749 1274 902 1319 φανερόν,
929 1274 983 1307 ὅτι
1009 1275 1099 1307 ἐστὶν
1118 1275 1138 1309 ἡ
1159 1277 1283 1312 κίνησις
1301 1275 1334 1307 έν

342 1322 390 1363 τῷ
413 1322 552 1362 κινητῷ·
580 1320 775 1365 ἐντελέχεια
806 1320 870 1366 γάρ
904 1321 977 1352 ἐστι
1003 1317 1149 1359 τούτου,
1178 1321 1236 1350 καὶ
1269 1320 1334 1352 ὑπὸ

341 1367 403 1400 τοῦ
427 1365 612 1403 κινητικοῦ.

272 1412 341 1443 Καὶ
366 1411 386 1447 ἡ
414 1411 475 1442 τοῦ
499 1409 672 1446 κινητικοῦ
698 1404 734 1440 δὲ
760 1407 910 1454 ἐνέργεια
935 1405 994 1439 οὐκ
1022 1407 1106 1444 ἄλλη
1133 1407 1219 1440 ἐστί·

271 1450 328 1488 δεῖ
349 1454 408 1498 μὲν
425 1454 489 1500 γάρ
507 1450 592 1484 εἶναι
611 1451 823 1497 ἐντελέχειαν
847 1453 980 1495 ἀμφοῖν·
1002 1452 1172 1488 κινητικὸν
1190 1451 1248 1495 μὲν
1268 1451 1332 1498 γάρ

277 1506 281 1509 ’
341 1500 416 1532 ἐστι
440 1499 488 1539 τῷ
514 1492 693 1538 δύνασθαι,
718 1497 828 1528 κινοῦν
854 1491 891 1528 δὲ
916 1497 963 1537 τῷ
989 1497 1143 1541 ἐνεργεῖν·

277 1588 348 1621 ἀλλ’
378 1586 468 1619 ἔστιν
494 1585 706 1630 ἐνεργητικὸν
734 1585 795 1616 τοῦ
820 1585 981 1625 κινητοῦ,
1007 1583 1093 1615 ὥστε
1127 1584 1244 1626 ὁμοίως
1271 1586 1332 1627 μία

342 1632 362 1667 ἡ
390 1628 509 1675 ἀμφοῖν
537 1629 706 1676 ἐνέργεια,

272 1675 383 1720 ὥσπερ
410 1675 451 1707 τὸ
477 1674 564 1707 αὐτὸ
590 1673 767 1717 διάστημα,
792 1674 824 1704 ἓν
851 1672 930 1725 πρὸς
956 1667 1015 1703 δύο
1033 1666 1166 1703 καὶδύο
1186 1670 1265 1714 πρὸς
1285 1669 1330 1711 ἓν,

340 1721 398 1751 καὶ
431 1718 472 1752 το
506 1718 646 1756 ἄναντες
677 1719 736 1749 καὶ
767 1717 808 1748 τὸ
838 1727 1023 1753 καταντες·
1056 1716 1172 1748 ταῦτα
1201 1715 1265 1759 γάρ
1299 1715 1332 1747 ἓν

342 1763 400 1808 μέν
426 1765 539 1804 ἐστιν,
566 1764 582 1795 ὁ
607 1762 724 1808 μέντοι
747 1761 847 1807 λόγος
874 1761 936 1804 οὐχ
960 1761 1017 1798 εἷς.
1051 1761 1189 1803 Ὁμοίως
1214 1756 1251 1792 δὲ
1275 1761 1333 1791 καὶ

342 1809 396 1841 ἐπὶ
422 1808 484 1841 τοῦ
508 1809 680 1845 κινοῦντος
705 1808 762 1838 καὶ
787 1805 992 1850 κινουμένου.

326 1922 466 1950 ΞΥΝοΡεῐε
482 1936 516 1941 -
539 1929 561 1948 1.
578 1920 830 1956 Argumentum.—
843 1917 907 1945 Alia
928 1923 1024 1945 motus
1046 1916 1190 1951 definitio,
1212 1925 1332 1952 nempe,

273 1967 368 1990 motus
388 1966 431 1989 est
455 1966 536 1988 actus
556 1959 670 1987 mobilis
695 1958 860 1995 inquantum
883 1962 926 1985 est
946 1957 1061 1985 mobile.
1078 1974 1097 1978 -
1112 1964 1138 1984 2.
1161 1957 1268 1984 Textus
1290 1955 1332 1984 di-

273 2001 355 2030 visio.
377 2017 397 2022 -
420 2000 445 2028 3.
468 2000 625 2033 Probatur,
647 1998 728 2035 quod
756 2006 844 2025 omne
870 2006 990 2024 movens
1010 1996 1170 2034 physicum
1192 2002 1332 2024 movetur.

274 2041 305 2078 a)
322 2039 397 2075 Quia
409 2039 489 2076 prius
503 2045 547 2067 est
566 2047 686 2066 movens
700 2037 729 2065 in
743 2036 873 2073 potentia
887 2043 914 2064 et
934 2042 1034 2072 postea
1055 2045 1174 2063 movens
1189 2035 1219 2063 in
1233 2042 1307 2063 actu.
1316 2052 1334 2056 -

274 2089 302 2115 4.
325 2080 356 2116 b)
378 2078 454 2113 Quia
474 2087 562 2106 omne
583 2086 711 2112 movens,
733 2076 813 2104 cuius
834 2075 954 2104 cessatio
975 2084 992 2103 a
1013 2075 1159 2103 movendo
1180 2081 1223 2102 est
1243 2074 1333 2111 quies,

275 2125 422 2147 movetur:
442 2127 510 2146 nam
522 2117 602 2154 quies
614 2123 642 2144 et
651 2122 757 2150 motus,
770 2125 836 2144 cum
851 2115 907 2143 sint
918 2114 1060 2151 opposita,
1076 2120 1142 2142 sunt
1156 2114 1230 2142 circa
1247 2114 1333 2151 idem.

274 2174 294 2179 -
311 2158 337 2186 5.
360 2157 417 2186 Sed
437 2158 494 2185 hoc
514 2156 616 2185 accidit
634 2154 762 2183 moventi
775 2164 836 2183 non
850 2163 883 2182 ex
898 2163 933 2182 eo
953 2154 1032 2190 quod
1047 2160 1144 2181 movet
1160 2153 1333 2189 simpliciter,

276 2198 327 2225 sed
342 2206 376 2225 ex
390 2206 425 2225 eo
441 2196 521 2233 quod
542 2201 639 2224 movet
661 2195 823 2233 tangendo;
843 2194 930 2228 unde,
953 2193 1021 2229 quia
1041 2192 1080 2220 ita
1100 2192 1189 2229 tangit
1203 2199 1234 2220 ut
1249 2192 1334 2220 simul

274 2242 415 2273 tangatur,
425 2235 552 2273 sequitur
562 2235 641 2272 quod
651 2243 712 2262 non
722 2234 816 2262 solum
827 2233 857 2261 in
869 2233 1013 2261 movendo
1024 2232 1090 2269 agit,
1101 2233 1151 2260 sed
1162 2238 1189 2260 et
1198 2232 1335 2268 patitur.-

274 2277 303 2304 6.
319 2276 507 2304 Concluditur
528 2274 655 2303 definitio
681 2280 777 2302 motus
797 2283 826 2301 n.
853 2282 875 2300 1.
898 2272 999 2309 posita,
1022 2278 1050 2300 et
1069 2272 1155 2301 simul
1176 2271 1335 2300 ostenditur

272 2316 356 2352 quod
377 2321 473 2343 motus
493 2324 554 2342 non
575 2320 617 2342 est
637 2319 717 2342 actus
738 2312 879 2341 moventis
900 2312 1072 2348 inquantum
1092 2310 1268 2346 huiusmodi,
1284 2311 1334 2339 sed

273 2354 405 2383 mobilis:
427 2363 495 2382 nam
516 2353 643 2382 moventi
664 2352 801 2389 competit
822 2358 918 2380 motus
939 2361 999 2379 non
1017 2360 1068 2387 per
1086 2360 1116 2378 se
1131 2351 1181 2378 sed
1196 2359 1247 2387 per
1260 2350 1334 2378 acci-

395 2459 521 2500 Ι,μδ
539 2461 713 2502 ostquam
755 2452 1010 2500 Philosophus
1052 2451 1222 2488 definivit
1254 2463 1336 2487 mo-

344 2501 366 2530 st*
405 2499 450 2531 ²³1²*
479 2506 522 2568 4³5⁴
537 2513 631 2553 tum,
660 2505 721 2542 hic
741 2505 903 2542 ostendit
922 2504 1028 2541 cuius
1056 2511 1159 2540 actus
1185 2504 1230 2540 sit
1254 2516 1335 2540 mo-

415 2559 522 2623 )²
538 2566 608 2606 tus,
642 2565 769 2595 utrum
804 2557 942 2595 scilicet
970 2557 1120 2594 mobilis
1158 2558 1219 2593 vel
1253 2569 1335 2593 mo-

339 2625 368 2640 ⁴:-
393 2598 519 2651 &iffissi'
537 2611 670 2648 ventis.
700 2612 749 2647 Et
766 2617 891 2659 potest
919 2610 991 2648 dici
1020 2610 1123 2659 quod
1150 2609 1212 2647 hic
1230 2609 1337 2658 ponit

272 2664 388 2701 aliam
409 2663 671 2700 definitionem
689 2670 828 2711 motus,
850 2675 947 2712 quae
967 2675 1007 2700 se
1027 2663 1141 2699 habet
1160 2663 1209 2699 ad
1226 2675 1334 2711 prae—

275 2717 432 2754 missam
459 2723 501 2752 ut
528 2715 729 2752 materialis
756 2715 805 2752 acl
833 2715 1048 2762 formalem,
1079 2723 1114 2751 et
1143 2715 1333 2752 conclusio

275 2769 325 2806 ad
351 2768 591 2818 principium.
629 2769 679 2805 Et
705 2769 800 2805 haec
829 2776 883 2805 est
920 2768 1100 2805 definitio:
1130 2773 1251 2804 motus
1284 2774 1338 2804 est

274 2827 379 2859 actus
412 2821 557 2858 mobilis·
589 2821 808 2869 inquantum
837 2827 892 2857 est
916 2821 1062 2858 mobile.
1097 2821 1202 2857 Haec
1233 2820 1333 2858 enim

275 2874 444 2912 definitio
483 2873 716 2911 concluditur
754 2886 798 2910 ex
834 2874 1053 2922 praemissa.
1090 2873 1189 2920 Quia
1232 2874 1333 2910 enim

274 2934 402 2965 motus
430 2935 486 2964 est
513 2934 617 2964 actus
640 2926 827 2963 existentis
855 2926 894 2963 in
921 2926 1090 2975 potentia
1108 2926 1333 2974 inquantum

273 2979 509 3026 huiusmodi3
536 2979 697 3016 existens
716 2987 843 3016 autern
863 2979 901 3016 in
919 2980 1088 3028 potentia
1108 2979 1332 3028 inquantum

274 3032 505 3079 huiusmodi,
536 3039 591 3069 est
609 3032 762 3079 mobile,
792 3045 870 3069 non
889 3039 1017 3070 autem
1042 3044 1216 3080 movens,
1246 3033 1334 3080 quia

274 3097 438 3122 movens
472 3084 695 3133 inquantum
728 3085 947 3122 huiusmodi
977 3093 1033 3122 est
1070 3097 1135 3122 ens
1163 3084 1202 3121 in
1231 3093 1331 3131 actu;

275 3137 441 3185 sequitur
460 3137 565 3185 quod
584 3144 710 3175 motus
738 3137 784 3174 sit
806 3145 910 3175 actus
939 3138 1089 3175 mobilis
1108 3138 1332 3186 inquantum

274 3189 504 3226 huiusmodi.

330 3253 364 3279 2.
395 3241 505 3279 Circa
541 3242 616 3279 hoc
649 3254 736 3290 ergo
765 3242 834 3279 tria
870 3242 976 3279 facit:
1005 3243 1130 3291 primo
1170 3243 1333 3279 ostendit

275 3293 379 3343 quod
407 3301 533 3331 motus
563 3302 618 3331 est
635 3302 739 3331 actus
758 3294 920 3340 mobilis;
946 3295 1114 3331 secundo
1135 3295 1331 3343 quomodo

275 3359 314 3384 se
333 3347 448 3384 habet
475 3354 602 3383 motus
622 3347 669 3384 ad
688 3354 922 3392 moventem,
951 3347 1020 3383 ibi:
1049 3348 1188 3384 Motivi
1208 3353 1332 3384 autem

273 3405 377 3436 actus
406 3401 426 3421 *
442 3407 529 3445 etc.;
559 3399 666 3436 tertio
686 3407 818 3436 movet
846 3398 1131 3446 dubitationem,
1151 3399 1219 3436 ibi:
1247 3401 1332 3436 Ha-

274 3453 333 3489 bet
359 3458 482 3489 autem
520 3452 702 3501 defectum
719 3453 738 3473 ’²‘
755 3459 822 3488 etc.
854 3451 962 3488 Circa
988 3451 1156 3499 primum
1185 3453 1260 3489 duo
1281 3453 1332 3488 fa-

275 3505 340 3542 cit:
359 3505 484 3554 primo
504 3504 610 3554 ponit
630 3504 890 3542 definitionem
911 3511 1049 3551 motus,
1071 3504 1210 3540 scilicet
1229 3506 1333 3553 quod

1388 743 1403 759 *
1419 746 1565 776 Movetur
1581 753 1687 777 autern
1704 754 1733 778 et
1747 758 1878 778 movens
1895 759 2001 787 omne,
2019 749 2098 779 sicut
2114 749 2232 780 dictum
2250 757 2304 788 est,
2321 761 2395 781 curn
2412 752 2450 782 sit

1454 791 1595 830 potentia
1618 792 1746 822 mobile.

1389 834 1429 864 Et
1452 834 1540 864 cuius
1573 835 1775 865 immobilitas
1808 836 1896 876 quies
1929 844 1983 867 est.
2010 836 2071 867 Cui
2105 837 2188 867 enirn
2219 845 2325 868 motus
2349 838 2448 877 inest,

1455 878 1548 908 huius
1572 878 1775 910 immobilitas
1800 880 1888 920 quies
1913 887 1967 911 est.

1389 922 1439 951 Ad
1462 921 1523 952 hoc
1548 923 1632 952 enim
1656 933 1744 962 agere
1768 923 1958 964 inquantum
1981 924 2165 955 huiusmodi
2189 925 2296 965 ipsum
2319 936 2446 957 movere

1455 973 1510 996 est.
1527 967 1599 997 Hoc
1622 974 1728 997 autem
1752 967 1824 997 facit
1846 975 1948 1005 tactu;
1973 978 2068 1008 quare
2091 969 2186 999 simul
2209 976 2239 999 et
2261 970 2386 1009 patitur.

1389 1009 1480 1040 Unde
1503 1017 1610 1041 motus
1625 1018 1711 1041 actus
1734 1012 1860 1042 mobilis
1878 1019 1922 1042 est
1938 1012 2127 1052 inquantum
2147 1020 2193 1043 est
2214 1014 2341 1045 mobile.
2358 1012 2373 1029 *
2389 1017 2449 1046 Ac-

1455 1053 1529 1084 cidit
1553 1061 1659 1085 autem
1682 1055 1743 1085 hoc
1767 1062 1850 1086 tactu
1876 1056 2005 1086 motivi:
2040 1067 2136 1097 quare
2159 1057 2253 1088 simul
2274 1065 2304 1088 et
2322 1059 2447 1098 patitur.

1455 1098 1579 1138 Species
1602 1106 1708 1129 autem
1731 1109 1854 1138 semper
1871 1100 2094 1131 existimabitur
2109 1101 2214 1142 aliqua
2229 1110 2375 1133 movens:
2396 1110 2450 1134 aut

1457 1143 1541 1172 enim
1560 1143 1646 1180 haec,
1667 1149 1721 1173 aut
1737 1144 1848 1184 qualis,
1866 1150 1919 1174 aut
1935 1151 2062 1184 quanta,
2083 1155 2163 1185 quae
2180 1145 2236 1176 erit
2258 1146 2448 1187 principium

1456 1193 1486 1217 et
1512 1197 1605 1217 causa
1637 1194 1744 1217 motus
1776 1197 1849 1217 cum
1873 1194 2017 1226 moveat;
2042 1195 2077 1218 ut
2100 1195 2170 1219 actu
2194 1189 2293 1219 homo
2317 1190 2389 1221 facit
2413 1201 2449 1221 ex

1455 1231 1595 1271 potentia
1619 1231 1766 1261 existente
1790 1231 1942 1270 homine,
1966 1231 2139 1263 hominem.

1389 1273 1403 1290 *
1422 1275 1462 1305 Et
1486 1275 1620 1306 dubium
1650 1282 1756 1306 autem
1783 1276 1986 1306 manifestum
2010 1282 2072 1313 est,
2103 1277 2191 1317 quod
2215 1284 2261 1308 est
2287 1285 2392 1309 motus
2416 1279 2449 1309 in

1455 1319 1583 1350 mobili:
1609 1326 1695 1350 actus
1721 1319 1804 1350 enim
1828 1320 1922 1350 huius
1947 1327 1976 1350 et
1999 1321 2037 1350 ab
2061 1320 2131 1351 hoc.

1389 1408 1501 1440 Motivi
1523 1415 1630 1439 autem
1653 1415 1739 1438 actus
1762 1418 1828 1438 non
1852 1409 1930 1439 alius
1955 1416 2009 1439 est.

1389 1450 1524 1492 Oportet
1559 1452 1689 1493 quidem
1722 1452 1807 1483 enim
1839 1463 1905 1483 esse
1940 1460 2046 1484 actum
2085 1453 2257 1495 utriusque.
2291 1454 2450 1486 Motivum

1455 1497 1540 1527 enim
1555 1496 1684 1536 quidem
1709 1503 1755 1527 est
1770 1497 1802 1527 in
1818 1496 1887 1537 ipso
1912 1505 2022 1537 posse:
2046 1507 2177 1528 movens
2194 1505 2300 1529 autem
2323 1499 2356 1529 in
2379 1500 2448 1540 ipso

1454 1550 1552 1581 agere.
2061 1551 2063 1555 ·

1388 1585 1449 1615 Sed
1473 1591 1519 1615 est
1541 1584 1679 1614 activum
1710 1585 1845 1616 mobilis.
1871 1586 1976 1622 Quare
2009 1585 2150 1617 similiter
2178 1597 2260 1617 unus
2284 1587 2448 1629 utriusque

1454 1636 1499 1659 est
1521 1635 1607 1658 actus
1625 1636 1632 1658 ζ

1388 1672 1468 1703 sicut
1490 1672 1575 1702 idem
1596 1671 1733 1711 spatium
1755 1679 1800 1702 est
1818 1673 1912 1703 unius
1930 1673 1969 1702 ad
1985 1673 2049 1703 duo
2074 1680 2104 1704 et
2128 1674 2266 1704 duorum
2282 1675 2320 1705 ad
2337 1685 2448 1714 unum,

1455 1722 1485 1746 et
1497 1716 1690 1746 ascendentis
1703 1722 1733 1746 et
1756 1717 1979 1748 descendentis.
1998 1718 2084 1747 Haec
2101 1718 2185 1748 enim
2205 1729 2306 1749 unum
2321 1720 2450 1760 quidem

1456 1766 1546 1790 sunt:
1572 1759 1649 1789 ratio
1669 1767 1775 1790 autem
1798 1770 1863 1790 non
1888 1771 1960 1792 una.
1992 1761 2139 1792 Similiter
2167 1769 2272 1792 autem
2296 1771 2342 1794 est
2365 1770 2395 1794 et
2417 1765 2449 1794 in

1454 1810 1602 1834 movente
1626 1810 1656 1833 et
1678 1804 1711 1833 in
1734 1811 1834 1835 moto.

1388 1916 1468 1950 dens,
1484 1925 1604 1944 movens
1619 1915 1695 1943 enim
1711 1915 1881 1952 inquantum
1897 1925 2016 1944 movens
2031 1923 2072 1944 est
2087 1917 2116 1944 in
2130 1923 2204 1952 actu,
2216 1924 2311 1945 motus
2326 1927 2393 1946 vero
2409 1925 2451 1946 est

1389 1955 1532 1984 existentis
1546 1955 1576 1983 in
1591 1955 1720 1992 potentia
1734 1955 1904 1992 inquantum
1919 1956 2094 1984 huiusmodi.
2107 1973 2124 1978 -
2139 1966 2165 1993 7.
2181 1957 2306 1985 Solvitur
2320 1958 2449 1994 dubium,

1388 2002 1484 2023 utrum
1507 2002 1603 2023 motus
1625 1995 1661 2023 sit
1681 1995 1711 2023 in
1733 1995 1833 2023 mobssi
1847 1995 1892 2023 vel
1910 1995 1939 2023 in
1954 2002 2096 2024 movente.
2115 1997 2204 2024 Actus
2219 2003 2260 2024 est
2275 1997 2304 2024 in
2319 2007 2354 2025 eo
2369 1998 2449 2025 cuius

1387 2042 1429 2063 est
1450 2041 1543 2070 actus;
1565 2044 1633 2071 ergo
1662 2041 1757 2062 motus
1779 2041 1821 2062 est
1847 2035 1877 2062 in
1899 2035 2013 2069 mobili,
2043 2042 2174 2064 causatus
2202 2042 2299 2064 tamen
2320 2037 2349 2064 in
2375 2046 2410 2065 eo
2432 2047 2449 2066 a

1389 2081 1532 2103 movente.
1548 2091 1567 2096 -
1588 2075 1616 2102 8.
1638 2075 1727 2102 Actus
1749 2074 1848 2103 motivi
1869 2084 1930 2102 non
1951 2081 1993 2102 est
2013 2075 2084 2103 alius
2105 2076 2141 2103 ab
2163 2082 2228 2104 actu
2249 2076 2377 2111 mobilis;
2399 2086 2450 2105 seu

1388 2121 1484 2142 motus
1506 2120 1548 2142 est
1569 2114 1788 2151 quodammodo
1811 2114 1897 2142 etiam
1918 2120 1998 2142 actus
2013 2114 2121 2142 motivi.
2138 2132 2156 2136 -
2171 2125 2198 2152 9.
2220 2116 2267 2143 Ad
2288 2117 2368 2152 quod
2382 2126 2449 2153 pro-

1388 2154 1516 2181 bandum
1537 2153 1727 2189 praemittitur
1748 2154 1827 2190 quod
1842 2153 1964 2190 utrique,
1981 2154 2080 2181 mobili
2102 2161 2130 2182 et
2151 2155 2290 2190 movent1‚
2313 2156 2450 2192 competit

1389 2192 1507 2229 quidam
1535 2198 1624 2220 actus.
1646 2208 1664 2213 —
1691 2202 1734 2220 10.
1756 2194 1898 2221 Probatur
1919 2194 1999 2230 quod
2013 2193 2089 2221 idem
2112 2193 2147 2221 sit
2167 2200 2246 2222 actus
2265 2196 2406 2223 moventis
2422 2203 2449 2224 et

1390 2232 1477 2259 moti:
1493 2241 1561 2260 nam
1575 2232 1653 2260 idem
1668 2238 1710 2260 est
1724 2233 1803 2269 quod
1819 2242 1938 2261 movens
1953 2234 2064 2270 agendo
2080 2240 2185 2268 causat,
2195 2240 2223 2262 et
2236 2235 2316 2270 quod
2330 2244 2449 2263 movens

1389 2271 1525 2308 patiendo
1536 2271 1666 2307 recipit.—-
1675 2281 1684 2299 1
1695 2281 1704 2299 1
1712 2294 1718 2300 .
1729 2272 1874 2308 Exemplis
1888 2272 2084 2301 manifestatur
2094 2274 2174 2309 quod
2185 2280 2280 2301 motus
2291 2275 2448 2303 secundum

1390 2311 1470 2347 quod
1486 2311 1616 2347 procedit
1629 2320 1647 2339 a
1660 2318 1794 2339 movente
1808 2311 1838 2339 in
1853 2311 1959 2340 mobile
1974 2318 2016 2340 est
2030 2319 2109 2340 actus
2123 2313 2274 2348 moventis,
2290 2315 2448 2342 secundum

1388 2357 1485 2378 autem
1507 2351 1586 2387 quod
1607 2351 1692 2378 estin
1707 2350 1808 2378 mobili
1828 2360 1846 2379 a
1866 2358 2000 2380 movente
2021 2358 2064 2380 est
2084 2358 2163 2380 actus
2185 2353 2308 2381 mobilis.

1391 2457 1517 2487 motus
1538 2458 1593 2487 est
1612 2458 1714 2487 actus
1734 2451 1906 2497 mobilis;
1937 2452 2104 2489 secundo
2131 2464 2174 2488 ex
2192 2453 2267 2489 hoc
2287 2453 2449 2491 declarat

1392 2504 1586 2551 quoddam
1607 2505 1711 2552 quod
1729 2511 1877 2551 poterat
1905 2516 1986 2540 esse
2015 2504 2186 2551 dubium,
2216 2505 2282 2541 ibi:
2306 2507 2357 2542 Et
2382 2507 2447 2543 du-

1391 2557 1492 2593 bium
1518 2562 1641 2593 autem
1656 2558 1676 2577 '³²
1691 2563 1757 2592 etc.
1787 2556 1896 2593 Circa
1922 2556 2089 2605 primum
2108 2557 2176 2593 tria
2196 2557 2296 2594 facit:
2321 2559 2446 2607 primo

1390 2609 1588 2657 investigat
1615 2609 1875 2646 definitionem
1895 2618 2041 2652 motus:
2071 2610 2238 2647 secundo
2260 2612 2448 2648 concludit

1391 2674 1488 2710 eam,
1519 2662 1586 2699 ibi:
1631 2663 1737 2699 Unde
1773 2668 1893 2698 motus
1926 2663 1946 2683 '³
1972 2670 2058 2708 etc.;
2087 2663 2195 2699 tertio
2234 2664 2446 2701 manifestat

1391 2727 1494 2762 eam,
1524 2715 1591 2751 ibi:
1620 2715 1767 2751 Accidit
1791 2721 1914 2751 autem
1931 2716 1950 2736 ’γ’
1967 2723 2034 2752 etc.
2064 2715 2125 2752 Ad
2143 2716 2446 2764 investigandum

1390 2775 1517 2804 autem
1546 2767 1807 2805 definitionem
1835 2775 1972 2816 motus,
2001 2769 2204 2816 praemittit
2233 2770 2336 2818 quod
2365 2783 2446 2807 mo-

1388 2820 1469 2858 veri
1489 2820 1603 2857 etiam
1623 2821 1757 2857 accidit
1775 2821 1956 2858 moventi.
1977 2822 2026 2858 Et
2046 2821 2142 2858 circa
2161 2823 2235 2859 hoc
2251 2823 2326 2859 duo
2343 2823 2445 2860 facit:

1387 2873 1513 2922 primo
1532 2873 1669 2923 probat
1688 2873 1793 2922 quod
1813 2886 1927 2910 omne
1948 2875 1967 2895 ²⁸
1988 2886 2149 2911 movens
2169 2883 2360 2922 movetur3
2389 2889 2445 2913 se-

1390 2925 1514 2963 cundo
1537 2926 1699 2963 ostendit
1716 2926 1819 2963 unde
1835 2927 1979 2964 accidat
1994 2927 2027 2964 ei
2042 2928 2200 2975 moveri,
2218 2928 2284 2965 ibi:
2304 2929 2367 2965 Ad
2378 2930 2448 2966 hoc

1388 2980 1487 3016 enim
1515 2991 1631 3029 agere
1649 2980 1668 3000 ’³
1689 2987 1756 3016 etc.

1444 3033 1477 3069 3.
1509 3032 1626 3078 Quod
1654 3040 1780 3068 autem
1801 3044 1963 3069 movens
1988 3040 2199 3081 moveatur,
2221 3033 2383 3070 ostendit
2403 3045 2447 3069 ex

1389 3085 1551 3121 duobus.
1573 3085 1702 3121 Primo
1723 3084 1878 3133 quidem
1899 3085 1986 3133 quia
2006 3097 2121 3122 omne
2141 3086 2245 3134 quod
2268 3086 2371 3134 prius
2392 3093 2447 3121 est

1388 3137 1425 3173 in
1452 3137 1621 3186 potentia
1650 3145 1686 3174 et
1703 3138 1847 3186 postea
1864 3137 1901 3174 in
1930 3145 2024 3184 actu,
2053 3138 2341 3186 quodammodo
2362 3149 2443 3174 mo-

1387 3197 1508 3236 vetur;
1529 3202 1692 3227 movens
1711 3197 1838 3227 autem
1858 3190 2046 3226 invenitur
2059 3190 2162 3238 prius
2182 3203 2263 3226 esse
2283 3202 2444 3227 movens

1387 3243 1424 3279 in
1439 3243 1607 3291 potentia
1622 3250 1658 3279 et
1671 3250 1804 3291 postea
1823 3255 1984 3279 movens
2002 3243 2040 3278 in
2060 3250 2155 3287 actu;
2172 3254 2334 3279 movens
2355 3255 2443 3291 ergo

1386 3296 1605 3332 huiusmodi
1634 3303 1821 3332 movetur.
1843 3295 1892 3331 Et
1910 3295 1984 3330 hoc
2012 3301 2067 3331 est
2090 3294 2193 3343 quod
2222 3295 2319 3343 dicit,
2341 3296 2445 3344 quod

1388 3360 1503 3385 omne
1518 3361 1692 3395 movens,
1715 3360 1800 3384 cum
1820 3347 1870 3383 ita
1885 3359 1924 3383 se
1943 3347 2080 3383 habeat
2095 3348 2198 3396 quod
2214 3349 2444 3398 quandoque

1387 3401 1432 3437 sit
1460 3401 1498 3437 in
1525 3401 1692 3449 potentia
1721 3400 1865 3445 mobile,
1887 3399 1982 3436 idest
2010 3400 2057 3436 ad
2086 3401 2336 3449 movendum,
2362 3414 2443 3438 mo-

1386 3460 1508 3499 vetur,
1528 3454 1623 3502 sicut
1640 3453 1776 3489 dictum
1796 3458 1864 3488 est.-
1883 3453 1958 3488 hoc
1973 3452 2073 3489 enim
2090 3465 2135 3489 ex
2155 3453 2260 3491 dictis
2275 3462 2441 3503 apparet.

1388 3505 1541 3542 Dictum
1562 3513 1617 3542 est
1637 3507 1656 3527 ²³²
1673 3505 1772 3541 enim
1794 3505 1897 3553 quod
1917 3512 2043 3542 motus
2064 3514 2118 3542 est
2133 3514 2236 3543 actus
2257 3507 2442 3544 existentis

2476 759 2486 769 ,
2512 759 2517 763 ,

2475 759 2631 807 τὲχῖἳῐῡῗψ·
2647 766 2662 781 ¹¹
2672 776 2678 786 ’

2476 1024 2485 1032 ⁸
2500 1022 2568 1044 Text.
2583 1028 2612 1050 ¹7-

2474 1290 2557 1338 ῖὸςεψ.
2574 1296 2606 1312 111.
2617 1291 2687 1313 Text.

2474 2578 2483 2589 “
2498 2578 2568 2599 Num.
2583 2585 2604 2605 7.

2473 2678 2483 2689 ⁸
2498 2678 2568 2700 Num.
2583 2679 2605 2700 6.

2474 2736 2485 2746 ⁸
2499 2735 2595 2757 Ibidem.

2474 2894 2483 2903 ·
2495 2899 2561 2915 omne
2575 2900 2621 2915 om.
2631 2900 2646 2915 a
2663 2898 2685 2916 et

2474 2920 2542 2942 codd.
2557 2926 2606 2942 exe.
2620 2927 2643 2942 n.

2474 2999 2484 3009 ⁸
2499 2998 2568 3020 Num.
2583 3003 2603 3025 5.

2469 3523 2479 3534 ⁴*
2494 3523 2557 3545 Lect.
2572 3529 2595 3550 n,
2611 3530 2656 3551 n-3.
