2898 3996
19 2388 31 2444 ‚3

26 428 29 451 j
57 423 66 432 ”
75 424 99 444 et
105 423 214 443 numerat
219 427 266 442 om.

57 454 153 476 compa.

30 733 34 736 ·
57 731 70 743 ⁸
77 730 140 752 Lect.
148 736 206 757 xvn,
214 735 238 751 n.
245 735 269 755 4.

28 844 31 847 “
57 836 193 864 Ν.ιιω.9

31 888 33 890 “
60 889 156 916 ’.ηιρνα
167 887 221 909 add.
230 893 270 909 co-

59 914 123 936 dices
137 920 186 935 exc.
197 920 250 942 ope.

58 992 145 1013 *enlm
157 997 183 1019 κ,
198 997 247 1012 om.

33 1769 35 1773 Δ
64 1789 76 1801 ⁸
85 1788 218 1810 huiusmodi
222 1787 275 1810 Pab-

63 1841 75 1853 ⁸
82 1841 120 1862 vel
126 1846 164 1868 ια,
174 1846 223 1862 om.
231 1843 275 1861 cet.

30 1871 33 1874 “
64 1873 115 1890 exc.
129 1873 249 1892 nouusqu-

63 1999 73 2008 ·
87 1998 148 2020 enlm
161 2004 184 2025 n,
199 2003 248 2020 om.
261 2003 276 2018 n

63 2031 108 2053 ομ
122 2028 144 2046 et
157 2030 182 2046 a.

62 2104 73 2116 ⁴⁵
87 2104 137 2125 sint
148 2108 248 2125 monna.

64 2366 76 2378 ⁸
90 2371 136 2388 non
155 2366 192 2386 est
209 2365 276 2393 diffe-

63 2392 143 2414 rentia
156 2392 222 2413 nab.

65 2423 75 2434 ⁸
90 2424 127 2444 est
138 2423 190 2444 rab.

65 2471 151 2493 *enim
164 2477 187 2493 r.

1066 280 1176 316 CAP.
1206 280 1310 325 XIV,
1342 279 1491 315 LECT.
1521 281 1644 316 XXIII

295 358 673 407 accipitur'mensura
690 358 803 394 unius
821 357 979 405 generis.
996 379 1020 385 -
1041 358 1103 394 Sic
1122 357 1231 405 igitur
1257 363 1359 404 patet

294 411 399 459 quod
427 418 579 459 tempus
607 410 732 459 primo
762 418 954 447 mensurat
982 418 1019 446 et
1046 409 1258 446 numerat*
1284 408 1358 456 pri-

294 476 404 500 murn
428 471 578 500 motum
608 463 844 510 circularem,
879 470 915 499 et
946 475 1015 512 per
1043 474 1131 498 eum
1166 468 1360 497 mensurat

296 528 432 553 ornnes
452 516 545 552 alios
573 523 711 552 motus.
732 516 844 552 Unde
881 523 935 552 est
961 527 1083 551 unum
1102 521 1253 561 tempus
1281 520 1360 548 tan-

295 576 377 605 tum
395 576 550 618 propter
568 568 750 605 unitatem
769 568 881 616 primi
910 574 1053 612 motus;
1075 574 1110 602 et
1133 573 1262 601 tamen
1281 565 1361 612 qui-

297 634 461 669 cumque
486 621 596 658 sentit
627 631 910 669 quemcumque
943 625 1104 664 motum,
1126 617 1235 654 sentit
1267 625 1360 653 tem-

294 686 379 722 pus,
401 686 447 710 eo
468 674 571 722 quod
591 686 636 710 ex
655 673 780 721 primo
801 679 909 708 motu
937 677 1112 707 causatur
1131 670 1361 706 mutabilitas

296 727 335 763 in
363 726 542 763 omnibus
570 725 786 770 mobilibus,
813 731 855 760 ut
883 736 997 771 supra
1027 724 1046 744 '²‘
1076 723 1220 763 dictum
1254 730 1319 758 est.
1344 773 1346 775 Ι

357 781 413 816 13.
434 778 583 815 Deinde
604 790 690 814 cum
716 777 824 813 dicit:
843 776 993 812 Dicitur
1012 781 1136 812 autem
1161 781 1259 811 recte
1279 782 1360 821 etc.‚

296 831 510 868 manifestat
524 829 733 878 quoddam,
749 829 854 877 quod
869 840 983 876 supra
999 829 1018 849 ³³*
1034 828 1187 873 dixerat,
1204 828 1363 875 qualiter

296 884 343 920 sit
369 882 665 930 intelligendum.
695 881 849 918 Dixerat
878 881 980 917 enim
999 882 1019 902 ⁸*
1037 881 1143 929 quod
1170 880 1272 917 idern
1309 887 1364 916 est

296 947 479 972 numerus
498 942 645 983 septem
666 946 805 970 canum
821 941 857 970 et
871 941 1018 981 septem
1039 945 1239 981 equorum.
1257 933 1364 979 Quo-

296 988 416 1024 modo
437 999 528 1035 ergo
541 988 560 1009 ’¹‘
575 987 650 1023 hoc
670 986 716 1023 sit
734 998 872 1023 verum
892 986 1072 1022 ostendit:
1095 993 1131 1022 et
1152 986 1240 1022 dicit
1260 986 1363 1034 quod

297 1047 398 1076 recte
425 1047 551 1088 potest
579 1039 663 1086 dici,
693 1039 724 1075 si
752 1039 921 1087 aequalis
941 1046 996 1075 est
1015 1051 1198 1075 numerus
1222 1038 1364 1086 aliqua-

298 1105 383 1129 rum
413 1105 541 1130 rerum
570 1092 824 1139 diversarum,
858 1099 950 1141 puta
980 1091 1112 1128 ovium
1143 1099 1178 1128 et
1208 1104 1363 1138 canum,

298 1145 404 1193 quod
432 1145 536 1182 idem
565 1146 611 1182 sit
639 1157 821 1182 numerus
848 1152 1116 1193 utrorumque,
1146 1151 1188 1180 ut
1214 1152 1307 1193 puta
1335 1145 1365 1181 si

297 1201 378 1234 tam'
396 1210 489 1235 oves
509 1210 626 1246 quam
648 1210 760 1235 canes
789 1198 861 1234 sint
881 1197 1026 1234 decem.
1049 1198 1124 1235 Sed
1143 1209 1222 1233 non
1241 1204 1367 1245 potest

300 1250 371 1287 dici
400 1251 504 1299 quod
538 1252 614 1288 hoc
650 1251 777 1299 ipsum
806 1251 911 1299 quod
940 1258 995 1287 est
1024 1263 1106 1287 esse
1135 1250 1290 1295 decem,
1321 1250 1367 1286 sit

298 1302 401 1340 idem
422 1316 561 1340 canum
591 1311 627 1340 et
655 1304 810 1340 ovium:
835 1316 914 1340 non
943 1303 1044 1339 enirn
1074 1303 1209 1340 eadem
1231 1303 1365 1339 decem

300 1363 386 1393 sunt
414 1356 549 1393 decem
578 1368 691 1393 canes
720 1364 756 1393 et
785 1356 920 1393 decern
950 1368 1055 1393 oves.
1084 1357 1134 1392 Et
1161 1357 1236 1392 hoc
1263 1356 1364 1403 ideo,

300 1408 390 1457 quia
408 1421 527 1456 genus
546 1417 671 1457 potest
690 1421 778 1446 cum
798 1409 990 1446 additione
1010 1408 1161 1446 unitatis
1180 1409 1242 1446 vel
1262 1409 1366 1446 iden-

300 1461 410 1498 titatis
429 1461 640 1510 praedicari
655 1463 702 1499 de
716 1461 887 1510 pluribus
901 1462 1107 1499 individuis
1123 1461 1366 1498 existentibus

301 1514 338 1551 in
366 1526 444 1552 una
467 1514 604 1562 specie,
626 1522 663 1551 et
681 1514 852 1551 similiter
869 1527 988 1562 genus
1007 1522 1199 1551 remotum
1219 1514 1266 1551 de
1284 1515 1366 1563 plu-

301 1567 403 1603 ribus
423 1566 623 1615 speciebus
647 1567 888 1604 existentibus
917 1567 987 1604 sub
1015 1579 1094 1604 uno
1123 1579 1260 1615 genere
1278 1579 1366 1615 pro-

300 1619 462 1668 pinquo;
479 1631 604 1668 neque
619 1628 748 1656 tamen
764 1620 928 1668 species‘
944 1620 990 1657 de
1005 1620 1224 1666 individuis,
1241 1632 1365 1668 neque

301 1683 420 1720 genus
446 1672 706 1721 propinquum
737 1671 784 1709 de
818 1673 1019 1721 speciebus
1052 1672 1209 1710 diversis
1241 1680 1367 1721 potest

300 1724 510 1773 praedicari
531 1737 619 1762 cum
639 1725 833 1762 additione
861 1725 1012 1762 unitatis
1031 1726 1093 1762 vel
1112 1725 1324 1762 identitatis.

355 1778 404 1814 Et
422 1777 534 1815 huius
555 1779 574 1799 *²
595 1785 872 1827 consequenter
889 1778 997 1826 ponit
1017 1779 1247 1826 exemplum.
1270 1779 1367 1816 Sunt

303 1829 404 1866 enim
424 1830 522 1866 duae
542 1831 686 1879 species
705 1831 889 1878 trianguli,
911 1831 1049 1868 scilicet
1068 1832 1088 1852 *
1103 1831 1364 1879 aequilaterus,

300 1881 398 1919 idest
414 1883 560 1919 habens
579 1883 647 1920 tria
666 1884 781 1920 latera
800 1884 985 1932 aequalia,
1004 1891 1039 1920 et
1057 1884 1253 1934 gradatus,
1269 1884 1367 1921 idest

300 1935 446 1972 habens
465 1935 534 1972 tria
552 1936 668 1973 latera
695 1936 919 1985 inaequalia;
940 1937 1062 1984 figura
1081 1944 1209 1974 autem
1230 1945 1285 1974 est
1303 1950 1364 1985 ge-

301 1999 372 2024 nus
400 1988 584 2036 trianguli.
614 1990 706 2025 Non
725 2001 815 2037 ergo
836 1990 856 2010 *
875 2002 1083 2038 possumus
1108 1990 1231 2026 dicere
1261 1991 1366 2038 quod

302 2040 552 2089 aequilaterus
581 2049 617 2078 et
644 2041 820 2089 gradatus
848 2042 895 2078 sit
922 2042 1025 2080 idem
1053 2042 1277 2091 triangulus;
1298 2043 1366 2079 sed

301 2105 506 2141 possumus
526 2094 650 2131 dicere
670 2095 775 2142 quod
794 2102 881 2131 sunt
898 2095 918 2116 *
947 2096 1081 2132 eadem
1109 2096 1252 2143 figura,
1278 2096 1366 2144 quia

301 2153 505 2193 utrumque
534 2146 745 2183 continetur
773 2148 843 2184 sub
871 2147 1069 2195 triangulo,
1099 2148 1163 2196 qui
1198 2155 1253 2185 est
1288 2161 1366 2185 una

303 2198 447 2246 species
474 2199 630 2247 figurae.
651 2200 700 2236 Et
722 2200 834 2236 huius
855 2200 1018 2247 assignat
1046 2201 1252 2237 rationem:
1279 2201 1366 2250 quia

303 2263 391 2287 curn
410 2251 513 2288 idem
547 2259 582 2288 et
601 2252 795 2289 diversum
824 2264 892 2289 seu
911 2252 1089 2290 differens
1109 2261 1364 2302 opponantur,

302 2303 353 2340 ibi
379 2316 585 2352 possumus
618 2304 849 2342 identitatem
883 2305 1026 2351 dicere,
1061 2306 1126 2342 ubi
1156 2306 1366 2343 differentia

302 2368 381 2392 non
405 2356 595 2394 invenitur
615 2359 650 2403 ’¹²;
671 2357 739 2394 sed
767 2370 844 2394 non
863 2370 1068 2406 possumus
1089 2359 1214 2395 dicere
1234 2359 1365 2396 identi-

302 2416 430 2456 tatem,
451 2409 516 2446 ubi
535 2410 724 2447 invenitur
744 2411 763 2431 ‘³‘
783 2410 1005 2447 differentia.
1037 2411 1283 2448 Manifestum
1313 2419 1367 2449 est

303 2468 430 2499 autem
460 2463 480 2483 ’¹‘
508 2463 613 2512 quod
641 2463 889 2511 aequilaterus
919 2471 954 2499 et
981 2463 1156 2511 gradatus
1190 2464 1368 2501 differunt

2390 283 2462 319 225

1414 357 1462 393 ad
1490 357 1655 395 invicem
1683 359 1890 408 differentia
1924 360 2120 409 trianguli,
2156 359 2251 396 idest
2288 373 2383 408 quae
2413 368 2467 397 est

1412 409 1563 456 proprie
1588 410 1757 458 trianguli
1778 412 1936 448 divisiva
1956 414 1988 456 *ς
2011 420 2045 448 et
2063 413 2137 448 hoc
2165 412 2250 448 ideo
2272 413 2358 461 quia
2384 420 2468 449 sunt
2494 420 2505 430 ⁸

1415 461 1584 498 diversae
1605 463 1748 511 species
1768 464 1949 511 trianguli.
1972 465 2048 501 Sed
2068 465 2314 513 aequilaterus
2335 473 2369 501 et
2387 478 2467 512 gra-

1415 513 1522 549 datus
1551 526 1628 550 non
1658 515 1834 552 differunt
1862 518 2071 554 secundum
2102 517 2350 554 differentiam
2375 518 2468 565 figu-

1415 577 1489 611 rae,
1511 566 1578 602 sed
1598 567 1667 602 sub
1687 580 1763 603 una
1783 576 1819 604 et
1847 569 1981 605 eadem
2003 569 2210 606 differentia
2239 570 2398 607 divisiva
2426 571 2468 606 fi-

1415 630 1527 665 gurae
1559 620 1578 639 *
1607 620 1852 656 continentur.
1889 622 1936 657 Et
1962 622 2035 658 hoc
2065 622 2116 657 sic
2143 630 2253 670 patet.
2294 623 2333 659 Si
2367 623 2468 659 enim
2498 629 2505 637 ·

1415 670 1630 707 dividamus
1650 672 1809 719 figuram
1826 673 1845 693 ²²⁵
1862 673 1899 709 in
1918 686 2004 710 suas
2024 674 2179 732 species,
2201 687 2298 722 quae
2316 687 2384 723 per
2403 675 2468 712 dif-

1415 723 1588 759 ferentias
1617 724 1907 771 constituuntur,
1937 726 2146 763 invenietur
2173 728 2277 775 quod
2305 728 2376 764 alia
2404 728 2470 764 erit

1417 775 1592 821 circulus,
1624 784 1659 812 et
1687 777 1758 813 alia
1785 778 2019 825 triangulus
2023 807 2030 824 ,
2062 786 2096 814 et
2129 779 2180 815 sic
2206 780 2252 816 de
2281 780 2359 816 aliis
2387 793 2469 839 spe-

1418 827 1544 864 ciebus
1577 829 1739 876 figurae.
1762 830 1826 866 sed
1856 831 1885 866 si
1915 831 2129 867 dividamus
2152 832 2388 879 triangulum,
2416 833 2470 869 in-

1416 880 1615 917 veniemus
1635 882 1739 929 quod
1759 882 1831 918 alia
1850 883 1992 930 species
2023 884 2102 919 eius
2131 892 2186 920 est
2213 884 2469 932 aequilaterus,

1418 940 1453 968 et
1472 933 1543 969 alia
1562 934 1748 980 gradatus.
1766 935 2009 972 Manifestum
2026 943 2080 972 est
2099 936 2207 983 igitur
2222 937 2326 984 quod
2345 938 2471 986 aequi-

1418 986 1555 1021 laterus
1584 993 1619 1022 et
1654 987 1827 1033 gradatus
1856 995 1941 1024 sunt
1967 1000 2044 1024 una
2077 989 2212 1035 figura,
2243 990 2330 1037 quia
2358 990 2472 1026 conti-

1419 1045 1554 1074 nentur
1573 1038 1642 1074 sub
1657 1051 1733 1074 una
1753 1039 1876 1087 specie
1896 1041 2048 1087 figurae,
2066 1053 2162 1088 quae
2179 1049 2234 1078 est
2251 1042 2471 1090 triangulus:

1419 1090 1486 1126 sed
1515 1103 1593 1126 non
1622 1098 1707 1126 sunt
1730 1103 1826 1128 unus
1845 1093 2060 1140 triangulus,
2087 1094 2174 1141 quia
2193 1102 2279 1131 sunt
2302 1095 2472 1132 diversae

1418 1143 1590 1190 trianguli
1623 1143 1779 1191 species.

1473 1196 1521 1231 Et
1539 1197 1558 1216 ³¹⁶
1577 1195 1744 1232 similiter
1773 1203 1827 1232 est
1859 1196 1896 1232 in
1924 1198 2130 1245 proposito.
2151 1199 2344 1236 Numerus
2374 1200 2474 1236 enim

1419 1248 1597 1285 dividitur
1615 1248 1653 1284 in
1673 1248 1841 1285 diversas
1870 1249 2026 1296 species,
2056 1263 2214 1298 quarum
2235 1264 2310 1288 una
2339 1260 2392 1288 est
2411 1253 2474 1289 de-

1421 1313 1516 1337 cem.
1553 1301 1694 1337 Omnia
1732 1313 1820 1348 ergo
1859 1314 1955 1349 quae
1998 1310 2083 1338 sunt
2117 1304 2270 1349 decem,
2305 1304 2476 1341 dicuntur

1419 1354 1561 1390 habere
1588 1366 1711 1390 unum
1739 1366 1963 1399 numerum;
1994 1355 2082 1403 quia
2119 1368 2196 1391 non
2225 1356 2401 1393 differunt
2428 1358 2476 1394 ad

1419 1406 1584 1443 invicem
1613 1407 1824 1443 secundum
1853 1406 2019 1455 speciem
2048 1408 2216 1454 numeri,
2246 1422 2333 1445 cum
2363 1410 2477 1446 conti-

1419 1466 1580 1496 neantur
1599 1460 1668 1496 sub
1688 1472 1765 1496 una
1792 1459 1942 1496 numeri
1969 1460 2106 1508 specie.
2137 1461 2212 1497 Sed
2241 1474 2319 1498 non
2355 1471 2478 1510 potest

1421 1513 1492 1550 dici
1525 1512 1628 1561 quod
1657 1512 1729 1548 sint
1749 1512 1883 1549 eadem
1903 1512 2171 1561 decem;.quia
2195 1526 2240 1550 ea
2259 1514 2393 1562 quibus
2415 1528 2478 1564 ap-

1418 1566 1578 1614 plicatur
1601 1577 1782 1602 numerus
1807 1565 1993 1612 denarius,
2024 1566 2218 1614 differunt,
2249 1579 2336 1603 curn
2365 1580 2477 1616 quae-

1421 1620 1508 1656 dam
1533 1619 1672 1655 horum
1702 1618 1774 1654 sint
1803 1630 1914 1654 canes
1939 1625 1974 1654 et
2001 1619 2191 1666 quaedam
2221 1620 2318 1668 equi.

1471 1671 1630 1708 Videtur
1658 1678 1785 1707 autem
1809 1671 1884 1706 hoc
1902 1671 2151 1708 introduxisse
2180 1673 2408 1720 Aristoteles,
2429 1686 2477 1709 ne

1420 1724 1554 1773 aliquis
1584 1723 1632 1760 ad
1670 1723 1928 1760 sustinendam
1958 1725 1978 1744 ²²⁴
2004 1724 2188 1761 unitatem
2225 1725 2406 1773 temporis
2434 1726 2479 1763 sit
2504 1736 2516 1747 *

1420 1783 1619 1813 contentus
1648 1788 1693 1812 eo
1724 1776 1827 1824 quod
1859 1776 1992 1812 dicitur
2018 1789 2138 1813 unum
2167 1789 2371 1814 numerum
2397 1791 2477 1815 esse

1419 1830 1637 1878 aequalium
1657 1841 1831 1875 numerO,
1848 1829 1932 1865 licet
1948 1829 2202 1866 diversorum:
2224 1831 2313 1878 quia
2333 1831 2416 1867 licet
2435 1831 2479 1868 sit

1418 1883 1521 1920 idem
1537 1882 1714 1919 denarius
1728 1882 1790 1918 vel
1810 1882 1993 1918 ternarius
2007 1881 2019 1903 λ
2033 1889 2187 1931 propter
2200 1883 2381 1919 unitatem
2397 1896 2478 1932 spe-

1420 1936 1500 1983 ciei,
1530 1947 1608 1972 non
1637 1943 1765 1971 tamen
1796 1942 1850 1970 est
1878 1935 1980 1971 idem
2010 1935 2185 1972 denarius
2209 1937 2269 1972 vel
2298 1937 2479 1973 ternarius

1418 1996 1573 2038 propter
1601 1987 1857 2025 diversitatem
1894 2000 1991 2036 quae
2031 1996 2084 2024 est
2111 1989 2321 2026 secundum
2349 2002 2480 2026 nume-

1419 2054 1506 2078 rum
1535 2054 1580 2078 ex
1613 2048 1719 2090 parte
1754 2040 1946 2077 materiae.
1986 2041 2095 2078 Unde
2128 2042 2338 2078 secundum
2371 2042 2479 2079 istam

1419 2094 1605 2131 rationem
1641 2101 1861 2142 sequeretur
1898 2094 2002 2141 quod
2039 2101 2189 2142 tempus
2227 2102 2323 2131 esset
2359 2107 2479 2132 unum

1419 2147 1557 2196 specie,
1574 2147 1640 2183 sed
1660 2159 1738 2183 non
1754 2158 1927 2182 numero.
1945 2147 1993 2182 Et
2011 2146 2098 2183 ideo
2120 2147 2167 2184 ad
2187 2147 2480 2196 accipiendam*

1418 2212 1552 2237 veram
1581 2199 1764 2248 temporis
1792 2199 1993 2246 unitatem,
2030 2207 2178 2248 oportet
2212 2212 2403 2237 recurrere
2432 2202 2479 2238 ad

1419 2253 1603 2289 unitatem
1622 2251 1733 2300 primi
1749 2259 1891 2299 motus,
1904 2252 1969 2299 qui
1986 2252 2111 2300 primo
2127 2261 2367 2290 mensuratur
2385 2261 2478 2290 tem-

1419 2318 1525 2355 pore,
1548 2312 1584 2342 et
1603 2317 1679 2353 quo
1701 2304 1814 2341 etiam
1834 2312 2073 2341 mensuratur
2091 2313 2254 2353 tempus.

1473 2358 1615 2396 Ultimo
1633 2365 1760 2394 autern
1781 2357 2007 2416 epilogando
2028 2358 2226 2404 concludit,
2241 2358 2381 2395 dictum
2399 2371 2478 2394 esse

1421 2412 1467 2448 de
1492 2419 1677 2460 tempore,
1708 2417 1743 2446 et
1770 2409 1847 2446 de'
1839 2410 1883 2446 iis
1903 2423 2000 2459 quae
2029 2417 2114 2447 sunt
2140 2411 2294 2479 propria
2314 2412 2362 2448 ad
2391 2424 2477 2448 con-

1421 2463 1690 2501 siderationem
1719 2463 1903 2511 temporis
1930 2469 1960 2499 μ.

357 2627 375 2659 ι)
396 2633 477 2659 neque
492 2630 579 2652 tamen
598 2627 703 2659 species.
717 2640 735 2646 —
748 2627 931 2659 PBHMRpEG
946 2632 971 2652 et
984 2635 1001 2652 a
1012 2629 1036 2657 b;
1049 2629 1097 2653 sed
1111 2632 1198 2654 tamen
1214 2636 1296 2661 neque
1308 2637 1366 2661 spe-

303 2662 356 2687 cies
369 2662 454 2693 LSsF,
467 2669 534 2694 quae
553 2667 592 2687 est
605 2663 674 2687 bona
691 2663 779 2694 lectio;
799 2670 850 2687 non
866 2666 953 2688 tamen
970 2663 1068 2695 species
1082 2664 1128 2694 sG,
1141 2664 1188 2688 sed
1207 2668 1294 2689 tamen
1308 2672 1365 2697 spe-

304 2697 356 2722 cies
375 2701 424 2722 cet.

358 2730 383 2765 κ)
404 2731 551 2756 invenietur
565 2732 636 2764 quod
649 2732 704 2757 alia
718 2732 770 2757 erit
787 2733 908 2763 circulus,
925 2736 951 2758 et
964 2733 1018 2758 alia
1031 2734 1191 2766 triangulus.
1203 2748 1222 2752 -
1234 2734 1367 2759 invenitur

305 2766 376 2799 quod
393 2767 462 2791 alius
476 2770 515 2791 est
527 2767 641 2792 circulus
655 2770 681 2791 et
694 2767 763 2792 alius
781 2768 933 2800 triangulus
945 2768 1012 2797 Pam
1031 2769 1164 2793 invenitur
1176 2768 1271 2794 habent
1289 2770 1365 2794 etiam

306 2801 479 2834 CGHLRpE3
499 2809 546 2834 pro
565 2801 642 2834 priori
664 2802 733 2831 alia,
753 2802 808 2827 alia
826 2803 923 2834 species
941 2803 977 2832 L,
997 2803 1051 2828 alia
1069 2804 1168 2829 scilicet
1191 2804 1289 2836 species
1307 2805 1334 2829 S.
1347 2820 1367 2823 —

306 2836 396 2861 Statim
419 2844 467 2869 pro
491 2837 671 2868 aequilaterus
694 2842 720 2862 et
743 2837 876 2870 gradatus
894 2838 934 2863 bis
959 2838 1151 2870 aequilaterum
1171 2844 1196 2863 et
1219 2839 1366 2872 gradatum

306 2872 381 2897 codd.
396 2879 449 2897 exc.
462 2872 494 2897 N.

1472 2628 1500 2663 λ)
1523 2629 1591 2654 idem
1610 2628 1736 2653 denarius
1755 2628 1795 2652 vel
1813 2628 1988 2653 ternariusoe
2000 2628 2141 2658 PEGHab,·
2159 2628 2227 2653 idem
2252 2634 2373 2652 numerus
2398 2627 2477 2652 dena-

1420 2665 1476 2689 rius
1495 2665 1535 2689 vel
1554 2663 1689 2689 ternarius
1708 2663 1750 2693 sF,
1766 2663 1835 2688 idem
1855 2670 1979 2688 numerus
1999 2668 2044 2688 cet
2065 2663 2177 2695 Pergunt
2195 2664 2248 2687 Ea:
2262 2666 2374 2694 propter
2392 2662 2478 2687 diver—

1419 2700 1524 2724 sitatem
1543 2699 1702 2731 specierum‚·
1720 2698 1759 2723 G:
1773 2702 1888 2730 propter
1902 2699 2142 2727 diversibilitatem;
2156 2699 2193 2722 H:
2207 2701 2320 2730 propter
2339 2697 2478 2722 diver-sua-

1421 2738 1473 2759 tem
1493 2734 1595 2767 (corrig.
1609 2735 1634 2758 in
1654 2733 1829 2766 identitatem)
1848 2734 1950 2765 speciei.

1474 2770 1501 2803 μ.)
1513 2770 1627 2802 propria
1637 2769 1674 2794 ad
1682 2769 1919 2794 considerationem
1935 2769 2095 2801 temporis.—
2076 2769 2187 2797 —JPFab
2197 2769 2229 2793 de
2238 2768 2351 2800 propria
2360 2767 2477 2792 conside-

1421 2805 1525 2829 ratione
1543 2805 1669 2836 temporis
1683 2805 1730 2834 LS,
1745 2804 1836 2836 primo
1851 2804 2071 2829 considerationis
2086 2804 2210 2835 temporis
2226 2803 2254 2833 R,
2263 2803 2376 2835 propria
2392 2802 2476 2826 consi-

1421 2840 1559 2864 detatione
1583 2840 1708 2871 temporis
1731 2839 1761 2869 E,
1779 2840 1894 2871 propria
1912 2839 2153 2865 considerationum
2173 2839 2298 2870 temporis
2317 2838 2347 2869 G,
2363 2837 2478 2869 propria

1421 2875 1628 2900 considerationi
1647 2874 1772 2907 temporis
1791 2875 1876 2899 ceteri.

451 3648 519 3680 Opp.
535 3648 565 3672 D.
585 3648 697 3673 ΤΗοιιΑιῖ,
715 3649 747 3673 T.
766 3649 793 3673 ΙΙ.

2509 419 2659 467 ῐιῖιιζβὶηϊήἰιὶι
2678 427 2708 448 με

2496 452 2507 466 e
2550 461 2555 467 .

2528 628 2627 649 divisiva
2640 628 2707 656 figu-

2497 660 2540 675 rae
2560 660 2608 676 orn.
2626 661 2668 682 ppt:
2685 659 2706 676 ct

2497 681 2609 734 ajiguras
2616 712 2706 728 pounvx

2493 739 2525 760 pe
2539 736 2560 754 et
2574 738 2589 754 a
2598 733 2618 753 b.

2594 791 2609 807 κ

2502 1204 2510 1212 ·
2526 1204 2557 1225 Et
2570 1209 2618 1225 om.
2633 1210 2654 1225 P.

2529 1737 2668 1783 [sumendam
2688 1744 2715 1758 rr:

2506 1768 2520 1783 a
2543 1779 2549 1784 .

2508 2154 2688 2201 'czccipiendum
2703 2161 2716 2176 Ρ

2506 2186 2536 2202 κα
