2950 4004
254 2712 264 2722 ⁸
279 2712 349 2734 Num.
366 2710 398 2732 16.

253 2766 263 2777 ⁸
283 2765 352 2787 Num.
368 2770 398 2792 ¹7·

254 2925 264 2933 ·
279 2923 349 2945 Num.
365 2928 394 2950 13.

255 2978 263 2986 ·
279 2975 435 3003 definitionem
452 2982 465 2996 n

254 3009 373 3031 rnnoqpn.

255 3082 263 3090 '
276 3081 344 3109 ponit
351 3085 465 3101 arcumen.

255 3134 264 3142 ·
278 3139 368 3161 genera
384 3139 420 3154 εῡ.

255 3186 264 3194 ·
280 3186 350 3207 Num.
365 3191 384 3213 3.

257 3239 265 3247 ·
280 3238 349 3260 Num.
366 3245 394 3260 12.

504 290 573 326 162

490 365 592 397 ’Ὥστε
611 365 651 398 ‘ed
669 366 731 398 τοῦ
750 364 963 410 περιέχοντος
990 366 1094 409 πέρας
1115 366 1274 403 ἀκίνητον
1292 367 1439 411 πρῶτον,
1460 368 1554 400 τοῦτ’

564 410 654 442 ἔστιν
681 411 696 442 ὁ
723 409 840 446 τόπος.

496 455 562 486 Καὶ
586 449 645 486 διαὶ
669 454 774 486 τοῦτο
799 452 840 485 τὸ
865 452 965 496 μέσον
997 453 1059 485 τοῦ
1093 453 1236 497 οὐρανοῦ
1259 455 1319 485 καὶ
1343 453 1385 485 τό
1410 453 1446 485 ἔσ
1474 465 1558 487 οιτον

563 497 604 530 τὸ
630 498 708 541 πρὸς
736 498 824 539 ἡμᾶς
850 497 910 534 τῆς
937 495 1045 537 κύκλῳ
1075 497 1175 540 φορᾶς
1207 492 1301 528 δοκεῖ
1323 494 1408 530 εἶναι
1432 509 1474 530 το
1499 498 1558 541 μὲν

564 541 630 573 ἄνω
656 541 697 574 το
722 536 759 572 δὲ
783 540 878 572 κάτω
904 540 1058 584 μάλιστα.
1083 542 1168 572 πᾶσι
1192 542 1327 582 κυρίως,
1355 540 1409 573 ὅτι
1434 542 1474 574 τὸ
1499 542 1558 586 μὲν

564 586 614 617 ἀεὶ
640 585 742 629 μένει,
762 585 825 616 τοῦ
850 579 887 616 δὲ
910 583 1034 615 κύκλου
1060 584 1101 616 τό
1128 583 1276 629 ἔσχατον
1297 584 1459 623 ὡσαύτως
1481 584 1558 631 ἔχον

562 629 665 671 μένει.
697 628 790 660 ”Ωστ’
821 628 893 660 ἐπεὶ
918 628 958 660 τὸ
984 628 1042 671 μὲν
1071 629 1194 680 κοῦφον
1220 628 1261 660 τὰ
1289 629 1355 661 ἄνω
1380 628 1558 673 φερόμενόν

563 674 635 705 ἐστι
659 672 775 715 φύσει,
802 672 843 704 τὸ
866 667 903 704 δὲ
929 671 1014 714 βαρύ
1041 671 1081 703 τὸ
1105 683 1222 713 κατω,
1255 672 1296 704 τό
1321 673 1380 716 μὲν
1412 673 1492 716 πρὸς
1517 674 1558 706 τὸ

561 717 661 761 μέσον
683 716 836 761 περιέχον
859 715 962 758 πέρας
979 715 1075 748 miro>
1095 715 1180 757 ἐστί,
1198 718 1256 748 καὶ
1275 716 1363 748 αὐτὸ
1381 717 1423 748 τὸ
1443 717 1556 760 μέσον,

562 761 602 794 τὸ
626 756 664 792 δὲ
689 761 769 803 πρὸς
795 760 836 792 τὸ
861 760 1009 804 ἔσχατον
1037 759 1117 800 ἄνω,
1135 761 1194 791 καὶ
1220 759 1308 793 aar&
1328 760 1370 792 τὸ
1393 759 1556 806 ἔσχατον·

494 849 552 879 καὶ
576 843 634 878 διαὶ
658 848 765 878 τοῦτο
790 841 884 878 δοκεῖ
908 840 1068 877 ἐπίπεδόν
1087 857 1121 878 τι
1139 842 1225 878 εἶναι
1249 847 1307 878 καὶ
1334 846 1400 878 οἷον
1421 846 1557 892 ἀγγεῖον

563 892 579 923 o'
605 892 709 928 τόπος
734 892 792 922 καὶ
818 889 987 934 περιέχον.

485 935 564 967 ''Evt-
592 934 664 977 ἅμα
689 935 736 975 τῷ
763 934 943 979 πράγματι
969 934 985 965 ὁ
1011 933 1132 971 τόπος·
1160 933 1233 978 ἅμα
1257 933 1322 979 γοὶρ
1344 933 1393 974 τῷ
1411 945 1561 978 πεπερα-

560 980 666 1022 σμένῳ
692 979 740 1011 τά.
764 977 913 1020 πέρατα.

551 1094 691 1121 ὃγΝοΡεῐε
714 1109 747 1114 —
776 1102 799 1120 1.
821 1093 1031 1129 Argumentum
1057 1097 1086 1120 et
1106 1091 1207 1120 divisio
1226 1097 1328 1120 textus.
1349 1107 1369 1114 ·—
1391 1099 1418 1120 2.
1440 1092 1556 1120 Investi-

491 1139 574 1170 gatur
594 1141 683 1169 genus
704 1131 770 1160 loci.
792 1133 834 1159 Ex
855 1131 1017 1168 praemissis
1038 1130 1150 1159 videtur
1171 1131 1251 1168 quod
1270 1131 1352 1160 locus
1374 1131 1410 1159 sit
1429 1132 1474 1160 vel
1495 1141 1556 1160 ma-

491 1173 577 1207 teria,
598 1172 642 1199 vel
663 1172 763 1206 forma,
785 1171 830 1199 vel
845 1170 963 1207 aliquod
985 1170 1108 1207 spatium
1129 1171 1203 1199 inter
1226 1177 1353 1199 extrema
1373 1170 1556 1207 continentis,

491 1213 535 1241 vel
556 1212 618 1248 ipsa
638 1218 764 1239 extrema
792 1210 922 1247 corporis
943 1210 1126 1239 continentis.
1145 1227 1164 1232 —
1180 1210 1205 1238 3.
1227 1211 1335 1239 Textus
1356 1210 1522 1239 subdivisio.
1537 1227 1556 1233 —

490 1262 519 1287 4.
544 1251 575 1287 a)
600 1252 694 1279 Locus
713 1250 825 1279 videtur
849 1259 910 1278 esse
923 1251 1038 1288 forma.
1061 1251 1136 1278 Cum
1167 1249 1246 1278 enim
1273 1255 1399 1278 extrema
1426 1250 1556 1287 corporis

491 1290 663 1320 continentis
686 1296 713 1318 et
744 1289 871 1318 contenti
892 1289 949 1317 sint
976 1289 1078 1325 simul,
1100 1289 1240 1317 terminus
1261 1289 1412 1318 continens
1443 1289 1493 1326 qui
1514 1296 1557 1318 est

490 1332 580 1365 locus,
595 1340 656 1358 non
677 1329 788 1358 videtur
815 1335 962 1365 separatus
983 1338 1000 1357 a
1021 1329 1144 1357 termino
1166 1329 1296 1365 corporis
1318 1329 1464 1364 contenti;
1487 1338 1555 1366 ergo

490 1372 572 1399 locus
593 1379 653 1398 non
674 1370 786 1397 videtur
807 1369 921 1397 differre
942 1378 959 1397 a
980 1368 1082 1404 forma,
1104 1368 1150 1397 cui
1171 1369 1420 1406 quemadmodum
1441 1375 1469 1396 et
1489 1369 1555 1397 loco

491 1410 628 1446 competit
643 1409 799 1438 continere.
815 1425 833 1430 —
850 1409 875 1436 5.
893 1409 931 1436 At
945 1408 1039 1436 forma
1052 1417 1114 1436 non
1128 1414 1170 1436 est
1184 1408 1274 1436 locus.
1289 1409 1362 1436 Nam
1378 1407 1430 1436 etsi
1444 1414 1555 1436 utrum-

491 1459 548 1487 que
562 1450 597 1477 sit
611 1449 758 1483 terminus,
773 1457 834 1476 non
855 1454 952 1476 tamen
972 1447 1058 1476 unius
1075 1454 1103 1476 et
1124 1447 1269 1483 eiusdem;
1285 1453 1312 1475 et
1332 1447 1397 1475 licet
1417 1447 1556 1475 terminus

491 1489 619 1518 contenti
646 1495 673 1517 et
701 1487 873 1516 continentis
901 1487 957 1515 sint
991 1487 1098 1523 simul,
1125 1496 1186 1515 non
1214 1493 1311 1515 tamen
1341 1493 1408 1514 sunt
1435 1486 1521 1515 idem.
1537 1503 1556 1508 —-

492 1530 519 1557 6.
542 1529 572 1566 b)
595 1530 690 1556 Locus
703 1527 815 1555 videtur
829 1536 890 1555 esse
911 1527 1044 1565 spatium.
1060 1527 1193 1563 Corpora
1213 1532 1326 1554 mutant
1339 1526 1436 1554 locum
1454 1532 1482 1554 et
1502 1525 1556 1554 sibi

491 1568 613 1596 invicem
639 1568 795 1596 succedunt
824 1567 854 1595 in
875 1567 979 1595 eodem
999 1566 1082 1601 loco;
1103 1566 1185 1594 locus
1214 1572 1311 1594 tamen
1332 1572 1430 1594 manet
1450 1565 1555 1594 immo-

490 1608 563 1636 bilis.
585 1609 661 1644 Ergo
683 1607 763 1635 locus
777 1616 838 1634 non
859 1613 901 1634 est
917 1615 1011 1643 neque
1026 1615 1131 1642 corpus
1145 1611 1313 1634 contentum
1335 1614 1429 1642 neque
1450 1614 1556 1642 corpus

491 1647 657 1676 continens:
679 1653 833 1683 utrumque
854 1646 931 1674 enim
950 1645 1059 1674 moveri
1073 1651 1177 1682 potest.
1193 1646 1270 1682 Ergo
1285 1644 1455 1682 relinquitur
1476 1645 1556 1681 quod

491 1687 526 1715 sit
541 1686 664 1723 spatium
680 1685 807 1714 medium
830 1685 903 1714 inter
916 1691 1043 1713 extrema
1054 1684 1184 1721 corporis
1198 1683 1380 1712 continentis.
1395 1685 1460 1712 Hoc
1478 1684 1554 1712 enim

490 1726 677 1755 solummodo
692 1731 786 1762 potest
807 1724 924 1762 intelligi
945 1734 1006 1753 esse
1021 1724 1129 1761 aliquid
1147 1723 1312 1752 distinctum
1326 1730 1389 1751 tum
1403 1732 1419 1752 a
1435 1733 1555 1760 corpore

491 1772 627 1794 contento
639 1787 646 1801 ,
667 1772 729 1793 tum
751 1774 768 1792 a
784 1773 905 1801 corpore
920 1763 1099 1799 continente,
1121 1769 1149 1791 et
1169 1763 1254 1791 simul
1280 1772 1343 1791 esse
1363 1762 1521 1791 immobile.
1537 1779 1556 1784 -

492 1815 519 1842 7.
541 1807 677 1833 Attamen
698 1804 822 1841 spatium
843 1813 904 1832 non
925 1809 967 1831 est
989 1803 1078 1831 locus.
1104 1812 1127 1830 1.
1143 1802 1173 1830 Si
1187 1802 1261 1830 intra
1275 1802 1470 1830 dimensiones
1491 1811 1555 1830 cor-

490 1844 570 1881 poris
591 1843 763 1872 continentis
785 1850 874 1878 esset,
895 1849 1008 1879 praeter
1029 1851 1133 1878 corpus
1154 1848 1332 1877 contentum,
1350 1841 1469 1878 aliquod
1490 1851 1554 1878 spa-

491 1885 573 1919 tium,
598 1884 678 1920 quod
699 1892 812 1919 semper
833 1888 961 1910 maneret
981 1881 1012 1910 in
1032 1882 1136 1910 eodem
1160 1881 1226 1909 loco
1248 1888 1275 1909 et
1297 1882 1376 1918 quod
1395 1887 1556 1918 penetraret

492 1933 596 1960 corpus
624 1929 808 1957 contentum,
837 1928 1003 1958 sequeretur
1030 1921 1086 1949 hoc
1109 1921 1323 1956 inconveniens,
1345 1921 1426 1957 quod
1445 1920 1556 1948 infinita

491 1963 556 1991 loca
577 1969 671 1991 essent
691 1962 785 1990 simul.
801 1963 874 1989 Nam
890 1961 962 1989 sicut
975 1960 1006 1989 in
1027 1961 1080 1989 hac
1094 1960 1231 1997 opinione
1247 1960 1440 1988 dimensiones
1462 1959 1554 1996 spatii,

491 2009 672 2039 penetrantes
699 2008 793 2030 totum
815 2010 919 2037 corpus
941 2006 1118 2035 contentum,
1141 2006 1208 2027 sunt
1235 2000 1316 2028 locus
1341 1999 1438 2035 totius,
1460 1998 1499 2027 ita
1513 1999 1555 2027 di-

491 2042 656 2070 mensiones
677 2047 858 2077 penetrantes
879 2046 983 2077 partes,
999 2046 1083 2068 erunt
1104 2039 1185 2067 locus
1201 2039 1341 2075 partium3
1364 2039 1414 2067 sed
1435 2038 1464 2067 in
1486 2048 1555 2067 con-

491 2082 573 2110 tinuo
594 2087 716 2118 possunt
736 2080 826 2116 accipi
847 2086 941 2116 partes
962 2079 991 2107 in
1018 2079 1178 2114 infinitum,
1199 2088 1322 2115 quarum
1342 2087 1402 2106 una
1429 2078 1556 2106 continet

491 2121 593 2155 aliam3
616 2130 684 2157 ergo
705 2120 735 2148 in
757 2119 885 2156 quolibet
905 2119 1042 2147 continuo
1065 2125 1148 2146 erunt
1167 2117 1294 2146 infinitae
1309 2118 1503 2146 dimensiones
1525 2127 1555 2145 se

491 2161 613 2189 invicem
634 2166 830 2196 penetrantes;
853 2165 880 2187 et
907 2159 946 2186 ita
970 2164 1053 2186 erunt
1080 2157 1191 2186 infinita
1218 2158 1282 2186 loca
1302 2157 1396 2185 simul.
1411 2173 1431 2178 -
1446 2158 1473 2185 8.
1486 2164 1512 2184 2.
1525 2157 1555 2185 Si

491 2201 572 2228 locus
587 2199 642 2227 sint
656 2199 850 2227 dimensiones
865 2198 947 2235 spatii
968 2198 1140 2234 interceptae
1155 2197 1228 2225 inter
1241 2197 1431 2225 extremitates
1451 2205 1554 2232 corpo-

491 2239 530 2268 ris
545 2239 724 2273 continentis,
740 2239 777 2267 ad
790 2238 875 2266 huius
889 2237 1157 2266 transmutationem
1171 2236 1407 2265 transmutabitur
1421 2242 1449 2263 et
1464 2236 1553 2271 locus3

492 2289 543 2307 seu
564 2278 736 2315 ingredietur
751 2277 820 2306 alias
835 2277 917 2314 spatii
932 2277 1134 2311 dimensiones,
1150 2285 1216 2304 cum
1231 2276 1335 2313 quibus
1350 2275 1553 2312 penetrabitur.

491 2320 568 2356 Ergo
590 2318 647 2346 loci
667 2318 724 2346 erit
744 2318 833 2351 locus,
849 2323 876 2345 et
897 2317 987 2344 multa
1009 2317 1071 2344 loca
1093 2322 1179 2344 erunt
1199 2316 1294 2344 simul.
1310 2332 1329 2336 -
1343 2325 1371 2351 9.
1388 2315 1555 2343 Declaratur

627 2464 648 2478 i.
698 2458 704 2466 ›
724 2436 942 2474 *raemissis
962 2436 1019 2473 his
1039 2448 1136 2485 quae
1165 2443 1252 2472 sunt
1272 2433 1485 2472 necessaria
1505 2434 1552 2471 ad

640 2522 644 2525 .
732 2489 1057 2537 investigandum
1087 2488 1348 2526 definitionem
1378 2487 1462 2534 loci,
1491 2487 1553 2523 hic

613 2540 621 2546 ’
699 2547 713 2592 J*
730 2543 951 2594 investigat
972 2542 1044 2578 loci
1072 2541 1346 2578 definitionem.
1376 2541 1425 2576 Et
1454 2539 1552 2576 circa

701 2594 828 2632 ,adhoc
856 2595 925 2632 tria
953 2595 1054 2631 facit:
1074 2594 1199 2643 primo
1219 2593 1417 2640 investigat
1440 2592 1552 2640 parti-

494 2650 595 2686 culas
616 2648 857 2694 definitionis;
878 2649 1046 2685 secundo
1068 2646 1258 2684 concludit
1277 2645 1551 2691 definitionem,

492 2702 554 2739 ibi:
576 2702 702 2743 Quare
720 2701 899 2738 terminus
915 2702 934 2721 ³⁸
951 2707 1032 2747 etc.;
1048 2699 1156 2736 tertio
1177 2697 1340 2735 ostendit
1354 2709 1440 2734 eam
1455 2697 1553 2733 bene

493 2755 737 2802 assignatam,
758 2754 819 2790 ibi:
839 2754 890 2789 Et
900 2758 1056 2801 propter
1074 2754 1145 2789 hoc
1163 2751 1326 2788 medium
1347 2751 1366 2771 *
1383 2758 1451 2787 etc.
1473 2750 1552 2786 Cir-

494 2821 537 2844 ca
571 2807 737 2856 primum
777 2807 853 2843 duo
897 2805 1008 2842 facit:
1038 2804 1162 2853 primo
1205 2803 1403 2851 investigat
1435 2814 1553 2850 genus

493 2860 581 2906 loci;
598 2859 765 2896 secundo
779 2857 1029 2895 differentiam
1046 2857 1315 2905 completivam
1326 2855 1553 2892 definitionis

495 2914 590 2958 eius,
621 2912 692 2949 ibi:
726 2912 877 2948 Videtur
904 2916 1027 2947 autem
1062 2921 1246 2959 magnum
1274 2908 1453 2956 aliquid*
1484 2915 1552 2945 etc.

493 2967 554 3003 Ad
582 2963 885 3011 investigandum
914 2970 1042 2999 autern
1062 2974 1181 3010 genus
1196 2962 1216 2983 *⁸
1237 2961 1308 2998 loci
1328 2961 1442 2997 utitur
1462 2960 1554 2997 divi-

494 3018 599 3055 sione
623 3018 802 3066 quadam.
832 3015 943 3053 Unde
972 3015 1069 3052 circa
1097 3016 1171 3051 hoc
1198 3014 1267 3051 tria
1294 3013 1400 3050 facit:
1429 3013 1553 3061 primo

493 3070 672 3121 proponit
684 3071 702 3091 ²³²
719 3069 962 3114 divisionem
984 3067 1152 3104 secundo
1170 3066 1330 3104 excludit
1344 3066 1413 3102 tria
1433 3078 1554 3102 mem-

494 3125 562 3161 bra
575 3125 593 3145 *
613 3122 818 3169 divisionis,
839 3121 909 3158 ibi:
930 3121 1084 3157 Horum
1104 3126 1239 3166 autem,
1256 3119 1357 3168 quod
1375 3130 1448 3155 non
1469 3130 1554 3154 con-

494 3178 616 3227 tingat
643 3177 662 3197 ‘⁸
692 3183 778 3220 etc.;
813 3174 919 3211 tertio
955 3173 1144 3210 concludit
1177 3179 1374 3222 quartum,
1410 3171 1477 3207 ibi:
1515 3171 1557 3207 Si

495 3231 610 3280 igitur
638 3228 730 3266 nihil
751 3229 886 3265 horum
907 3227 927 3247 '⁸
949 3234 1016 3263 etc.

549 3295 583 3319 2.
614 3281 712 3319 Dicit
747 3293 835 3328 ergo
870 3279 993 3328 primo
1023 3278 1127 3327 quod
1155 3277 1231 3314 iam
1267 3289 1312 3313 ex
1339 3275 1555 3325 praemissis

494 3343 618 3384 potest
653 3347 733 3371 esse
771 3333 1013 3370 manifestum
1052 3330 1141 3380 quid
1180 3330 1226 3367 sit
1252 3330 1368 3367 locus.
1398 3329 1556 3366 Videtur

496 3388 596 3423 enirn
631 3387 839 3424 secundum
869 3398 913 3422 ea
947 3396 1045 3433 quae
1079 3389 1357 3420 consueverunt
1394 3382 1441 3419 de
1469 3382 1554 3418 loco

497 3439 580 3485 diei,
603 3440 705 3488 quod
727 3440 830 3476 locus
851 3438 896 3475 sit
919 3450 1040 3475 unum
1061 3437 1107 3474 de
1137 3441 1319 3485 quatuor,·
1338 3434 1476 3471 scilicet
1494 3434 1556 3471 vel

497 3492 663 3537 materia,
683 3492 743 3527 vel
774 3492 905 3538 forma,
925 3491 986 3527 vel
1016 3489 1168 3539 aliquod
1193 3488 1355 3538 spatium
1379 3487 1474 3524 inter
1494 3499 1553 3523 ex-

497 3552 616 3580 trema
637 3544 879 3588 continentis;
900 3544 960 3580 vel
986 3543 1015 3579 si
1036 3543 1180 3579 nullum
1201 3541 1363 3591 spatium
1384 3547 1438 3577 est
1458 3540 1554 3577 inter

499 3603 663 3632 extrema
694 3595 930 3643 continentis,
961 3595 1064 3644 quod
1089 3595 1226 3631 habeat
1245 3594 1389 3643 aliquas
1410 3593 1553 3630 dimen-

1126 290 1472 328 PHYSICORUM
1498 290 1846 327 ARISTOTELIS
1876 291 1970 328 LIB.
2002 292 2054 328 IV

1614 368 1720 405 Quare
1743 368 1895 399 terminus
1918 369 2106 400 continentis
2127 369 2300 401 immobilis
2323 372 2474 412 primum,
2490 373 2580 405 locus
2604 381 2660 406 est.

1613 454 1629 471 *
1643 457 1684 487 Et
1706 463 1835 497 propter
1848 457 1910 488 hoc
1925 457 2068 488 medium
2091 457 2183 496 caeli,
2200 464 2231 488 et
2253 458 2404 490 ultimum
2427 461 2466 491 ad
2493 471 2553 492 nos
2577 461 2676 493 circu-

1680 499 1752 531 laris
1775 501 1837 531 loci
1859 501 2056 540 mutationis,
2071 501 2195 532 videtur
2218 511 2285 532 esse
2307 502 2368 533 hoc
2387 503 2518 544 quidem
2537 515 2676 544 sursum,

1679 543 1758 574 illud
1774 554 1848 574 vero
1867 545 2029 584 deorsum,
2046 545 2182 575 maxime
2198 545 2346 576 omnibus
2361 546 2505 587 proprie:
2523 548 2599 591 quia
2613 549 2676 580 hoc

1680 587 1810 628 quidem
1829 598 1953 628 semper
1975 595 2099 627 manet;
2118 588 2309 620 circulorum
2325 596 2432 621 autem
2450 590 2612 631 ultimum,
2635 593 2676 623 si-

1680 630 1795 662 militer
1818 641 1850 662 se
1873 632 2007 671 habens,
2030 639 2146 663 manet.
2171 633 2294 672 Quare,
2319 634 2473 674 quoniam
2495 635 2585 675 quod
2606 635 2676 667 leve

1680 674 1811 714 quidem
1825 685 1951 706 sursum
1966 675 2064 707 fertur
2078 683 2199 715 natura,
2214 677 2303 717 quod
2316 687 2392 708 vero
2405 687 2498 718 grave
2514 679 2676 718 deorsum;

1680 718 1769 758 quod
1791 719 1922 759 quidem
1937 726 1983 750 est
2006 719 2046 750 ad
2068 720 2210 750 medium
2227 721 2390 752 con‘tinens
2413 722 2565 753 terminus
2585 722 2676 754 deor-

1681 771 1753 792 sum
1777 768 1823 792 est
1839 785 1848 800 ‚
1873 769 1904 793 et
1925 762 2033 803 ipsum
2055 763 2214 803 medium;
2233 765 2323 805 quod
2344 775 2420 796 vero
2443 766 2484 796 ad
2502 765 2674 806 ultimum,

1680 814 1807 835 sursum
1823 812 1879 844 est,
1903 813 1933 837 et
1955 806 2062 847 ipsum
2085 807 2244 839 ultimum.

1613 847 1654 878 Et
1676 855 1806 888 propter
1834 849 1896 880 hoc
1927 849 2060 890 planum
2091 851 2215 882 videtur
2237 862 2304 883 esse
2327 853 2511 894 quoddam,
2540 860 2572 886 et
2594 854 2676 886 sicut

1679 902 1734 922 vas
1756 892 1847 924 locus
1871 899 1902 924 et
1920 894 2094 926 continens.

1613 935 1779 976 Amplius,
1807 936 1902 967 simul
1931 947 2005 968 cum
2027 947 2060 969 re
2089 939 2332 979 quodammodo
2362 940 2452 972 locus
2482 947 2546 972 est:
2579 941 2676 973 simul

1681 979 1766 1010 enirn
1788 979 1860 1011 finis
1884 987 1930 1012 est
1953 987 1983 1012 et
2005 981 2106 1013 locus.

1611 1092 1702 1130 magis
1732 1093 1812 1130 quod
1841 1095 2001 1123 secundum
2021 1101 2150 1124 tenentes
2171 1095 2339 1131 opinionem
2360 1097 2395 1124 de
2422 1097 2525 1133 spatio,
2546 1098 2676 1136 sequitur

1611 1133 1692 1169 quod
1712 1132 1793 1161 locus
1813 1142 1865 1169 per
1885 1142 1915 1162 se
1936 1133 1971 1162 sit
1985 1140 2013 1162 et
2034 1140 2183 1162 moveatur
2196 1134 2226 1162 in
2247 1134 2322 1170 loco,
2341 1141 2369 1163 et
2389 1136 2470 1172 quod
2497 1136 2554 1165 loci
2575 1137 2611 1165 sit
2629 1138 2673 1166 lo-

1611 1180 1669 1200 cus.
1686 1173 1751 1200 Hoc
1773 1178 1871 1200 autem
1887 1172 2092 1201 inconveniens
2114 1182 2174 1201 non
2194 1173 2355 1202 verificatur
2368 1173 2398 1202 in
2413 1174 2544 1204 doctrina
2563 1176 2674 1206 Aristo-

1609 1211 1689 1246 telis;
1711 1220 1779 1239 nam
1804 1211 1882 1240 iuxta
1902 1212 2005 1248 ipsum,
2021 1218 2189 1240 contentum
2203 1219 2336 1241 movetur
2356 1213 2451 1242 solum
2471 1223 2523 1251 per
2542 1215 2678 1245 accidens·

1610 1250 1647 1278 ad
1668 1256 1781 1279 motum
1798 1250 1985 1286 continentis3
2000 1260 2094 1288 neque
2115 1257 2206 1279 mutat
2226 1251 2324 1280 locum
2342 1252 2398 1281 nisi
2411 1253 2584 1291 inquantum
2604 1264 2674 1284 con-

1609 1289 1705 1318 tinens
1718 1290 1816 1318 locum
1837 1296 1946 1326 mutat3
1970 1296 1997 1318 et
2018 1290 2084 1319 licet
2097 1290 2247 1319 continens
2269 1298 2420 1320 moveatur
2439 1292 2611 1331 inquantum
2632 1301 2676 1324 est

1610 1329 1664 1357 hoc
1685 1338 1808 1367 corpus,
1831 1338 1892 1357 non
1913 1335 2010 1357 tamen
2031 1335 2163 1358 movetur
2184 1331 2273 1366 Iocus,
2295 1331 2363 1368 quia
2383 1341 2488 1369 corpus
2517 1334 2673 1363 succedens

1610 1368 1735 1396 eundem
1757 1367 1889 1396 ordinem
1906 1368 1950 1397 vel
1971 1369 2057 1397 situm
2077 1369 2163 1398 habet
2183 1378 2234 1406 per
2255 1371 2501 1407 comparationem
2521 1373 2559 1401 ad
2578 1379 2674 1402 totum

1610 1407 1730 1436 caelum.
1746 1423 1766 1429 —
1783 1416 1826 1435 ιο.
1841 1408 1871 1444 c)
1886 1408 1981 1436 Locus
2001 1408 2112 1437 videtur
2133 1417 2195 1437 esse
2223 1410 2354 1438 materia.
2373 1410 2493 1439 Videtur
2513 1411 2591 1440 enim
2611 1421 2674 1442 esse

1609 1446 1698 1475 veluti
1717 1446 1887 1483 subiectum,
1902 1448 1982 1484 quod
2002 1456 2094 1477 unum
2115 1454 2143 1476 et
2163 1447 2241 1477 idem
2262 1457 2382 1478 manens
2398 1449 2498 1487 recipit
2516 1445 2674 1481 successive

1610 1485 1722 1514 diversa
1735 1495 1866 1523 corpora.
1881 1486 2002 1515 Materia
2016 1493 2113 1516 autern
2127 1494 2171 1516 est
2183 1488 2352 1523 subiectum,
2367 1490 2448 1526 quod
2461 1489 2539 1519 idem
2553 1499 2674 1520 manens

1610 1525 1710 1562 recipit
1730 1525 1851 1554 diversa.
1866 1542 1886 1547 -
1904 1535 1948 1555 11.
1969 1527 2007 1555 At
2027 1526 2147 1556 materia
2166 1536 2228 1556 non
2249 1534 2292 1556 est
2306 1529 2402 1557 locus:
2422 1538 2446 1558 1.
2461 1529 2530 1567 quia
2550 1539 2612 1559 non
2631 1537 2675 1560 est

1610 1564 1701 1594 divisa
1714 1574 1732 1593 a
1745 1574 1776 1593 re
1789 1565 1871 1594 cuius
1886 1571 1928 1594 est
1941 1565 2074 1603 materia;
2090 1573 2118 1595 2.
2133 1566 2201 1604 quia
2220 1576 2282 1596 non
2296 1568 2433 1597 continet.
2449 1584 2469 1589 —
2487 1576 2531 1598 12.
2546 1570 2580 1607 d)
2595 1571 2673 1608 Ergo

1609 1604 1691 1633 locus
1712 1605 1798 1633 debet
1818 1613 1880 1633 esse
1897 1611 2031 1642 quartum
2046 1615 2079 1635 ex
2100 1615 2187 1643 supra
2201 1607 2245 1642 (n.
2261 1608 2294 1643 2)
2315 1607 2480 1644 nominatis,
2495 1617 2600 1646 nempe
2614 1614 2673 1638 ter-

1610 1644 1705 1673 minus
1719 1645 1852 1682 corporis
1873 1645 2051 1674 continentis.
2067 1661 2087 1667 -
2104 1645 2148 1674 13.
2163 1646 2207 1674 De
2221 1645 2380 1675 differentia
2393 1647 2459 1683 loci,
2474 1657 2579 1685 nempe
2593 1649 2674 1686 quod

1610 1683 1692 1712 locus
1712 1689 1755 1712 est
1786 1683 1950 1712 immobilis.
1972 1685 2008 1712 Et
2036 1684 2142 1722 primo,
2163 1686 2243 1722 quod
2264 1694 2298 1714 ex
2318 1695 2379 1714 non
2399 1687 2474 1716 bene
2493 1687 2675 1718 considerata

1610 1723 1664 1751 hac
1677 1722 1846 1757 differentia,
1864 1729 1944 1751 ortus
1965 1730 2007 1752 est
2028 1733 2108 1752 error
2121 1724 2302 1761 opinantium
2324 1725 2448 1762 spatium
2467 1735 2590 1756 vacuum
2611 1736 2673 1756 esse

1609 1762 1716 1798 locum,
1732 1761 1799 1799 quia
1813 1762 2000 1791 solummodo
2020 1764 2077 1792 hoc
2095 1763 2246 1793 videbatur
2259 1764 2299 1793 eis
2320 1774 2382 1794 esse
2403 1766 2551 1795 continens
2571 1766 2674 1796 ίηιηιο·

1609 1801 1675 1830 bile.
1684 1818 1703 1823 -
1717 1810 1760 1836 14.
1773 1802 1931 1836 Quomodo
1946 1802 2129 1840 intelligenda
2139 1803 2175 1831 sit
2188 1803 2373 1833 immobilitas
2386 1805 2458 1841 loci;
2473 1814 2578 1843 nempe
2592 1805 2673 1836 locus

1609 1841 1708 1878 utique
1729 1847 1772 1869 est
1791 1841 1957 1877 immobilis,
1976 1842 2027 1870 sed
2048 1842 2110 1870 eius
2130 1842 2317 1872 immobilitas
2337 1853 2398 1872 non
2419 1850 2462 1873 est
2481 1845 2675 1874 materialiter

1609 1879 1776 1917 accipienda
1791 1881 1950 1908 secundum
1965 1881 2154 1910 extremitates
2163 1882 2248 1910 huius
2261 1883 2307 1911 vel
2320 1883 2435 1912 alterius
2450 1884 2580 1921 corporis
2593 1885 2675 1922 quod

1610 1919 1719 1948 moveri
1733 1926 1841 1956 potest;
1859 1921 1911 1948 sed
1932 1926 1974 1948 est
1994 1920 2160 1958 accipienda
2166 1922 2341 1959 formaliter
2358 1923 2518 1952 secundum
2539 1923 2673 1953 ordinem

1609 1960 1647 1987 ad
1666 1965 1761 1987 totum
1788 1968 1894 1996 corpus
1914 1959 2047 1996 universi,
2063 1961 2143 1997 quod
2157 1967 2199 1989 est
2212 1960 2369 1990 immobile.
2384 1978 2405 1983 —
2423 1963 2467 1990 15.
2483 1962 2525 1991 Ex
2539 1972 2599 2000 quo
2613 1963 2672 1992 sol-

1609 1998 1683 2027 vitur
1697 1998 1821 2027 obiectio
1836 1999 1925 2035 quod,
1942 2008 2007 2027 cum
2028 1999 2179 2028 continens
2200 1999 2236 2028 sit
2250 2000 2366 2035 mobile,
2384 2007 2413 2029 et
2426 2001 2513 2030 etiam
2533 2002 2673 2031 terminus

1609 2037 1799 2073 continentis,
1823 2038 1942 2075 aliquod
1970 2038 2098 2076 quietum
2130 2039 2252 2068 existens
2272 2039 2403 2068 videatur
2432 2041 2537 2070 habere
2561 2040 2673 2071 diversa

1609 2078 1682 2106 loca.
1704 2078 1742 2105 At
1762 2078 1818 2106 hoc
1839 2087 1900 2106 non
1921 2078 2057 2115 sequitur,
2080 2078 2148 2115 quia
2167 2079 2307 2107 terminus
2335 2079 2508 2108 continentis
2529 2087 2572 2109 est
2590 2081 2672 2110 locus

1609 2126 1671 2145 non
1691 2123 1724 2145 ut
1744 2123 1786 2145 est
1806 2117 1970 2153 superficies
1984 2118 2070 2146 huius
2090 2118 2219 2154 corporis
2237 2118 2360 2155 mobilis,
2375 2120 2427 2147 sed
2447 2121 2606 2148 secundum
2625 2129 2672 2149 or—

1611 2156 1708 2184 dinem
1730 2156 1800 2184 situs
1820 2156 1850 2184 in
1870 2163 1933 2184 toto
1955 2157 2107 2185 immobili.
2129 2173 2149 2179 ·-
2173 2158 2217 2185 16.
2239 2158 2428 2186 Concluditur
2452 2159 2508 2187 loci
2529 2159 2674 2198 definitior

1611 2197 1706 2223 Locus
1726 2202 1768 2223 est
1794 2195 1935 2224 terminus
1956 2196 2111 2224 immobilis
2140 2197 2311 2225 continentis
2330 2197 2461 2235 primum
2483 2198 2563 2233 (scil.
2590 2198 2672 2227 locus

1610 2235 1764 2271 proprius,
1786 2244 1847 2263 non
1877 2235 2068 2271 communis).
2091 2252 2110 2257 -
2135 2245 2178 2272 ¹7·
2201 2236 2370 2264 Ostenditur
2393 2237 2590 2266 definitionem
2610 2246 2673 2267 esse

1610 2275 1684 2303 bene
1704 2274 1877 2311 assignatam
1891 2284 1943 2311 per
1956 2275 2012 2303 hoc
2026 2276 2106 2312 quod
2120 2276 2280 2304 secundum
2294 2276 2368 2304 hanc
2383 2276 2582 2306 definitionem
2602 2286 2673 2306 con-

1610 2321 1717 2351 gruunt
1737 2323 1771 2342 ea
1792 2323 1866 2351 quae
1887 2313 2022 2342 dicuntur
2042 2315 2078 2343 de
2098 2314 2174 2343 loco.

1606 2433 1744 2481 siones,
1765 2441 1915 2482 praeter
1942 2433 2242 2482 magnitudinem
2273 2434 2443 2484 corporis
2479 2435 2584 2483 quod
2601 2447 2671 2484 po-

1606 2486 1705 2523 nitur
1741 2486 1836 2522 infra
1877 2499 2014 2535 corpus
2052 2486 2248 2523 continens
2265 2516 2274 2534 ,
2317 2487 2505 2536 oportebit
2545 2487 2671 2525 dicere

1607 2546 1796 2588 quartum,
1822 2539 1960 2576 scilieet
1979 2540 1999 2559 ⁴*
2028 2539 2132 2588 quod
2160 2545 2327 2576 extrema
2355 2540 2525 2589 corporis
2553 2540 2670 2578 conti-

1607 2591 1728 2628 nentis
1757 2591 1802 2628 sit
1829 2592 1947 2628 locus.

1663 2645 1696 2681 3.
1727 2644 1876 2680 Deinde
1897 2656 1984 2680 cum
2005 2644 2113 2681 dicit:
2136 2645 2292 2681 Horum
2319 2650 2456 2691 autem,
2477 2646 2579 2694 quod
2595 2657 2670 2690 non

1608 2697 1802 2746 contingat
1828 2703 1910 2744 etc„
1942 2697 2103 2734 excludit
2130 2697 2198 2734 tria
2226 2697 2401 2734 membra
2419 2697 2672 2746 praedictae*

1609 2749 1814 2786 divisionis.
1845 2750 1894 2786 Et
1920 2749 2045 2797 primo
2074 2749 2255 2798 proponit
2282 2750 2388 2799 quod
2414 2750 2588 2799 intendit,
2617 2750 2672 2789 di-

1609 2814 1697 2839 cens
1726 2802 1968 2839 manifestum
1994 2815 2075 2839 esse
2095 2803 2115 2823 '²‘
2142 2814 2210 2851 per
2234 2802 2441 2851 sequentia,
2461 2803 2567 2852 quod
2592 2815 2672 2842 non

1610 2855 1788 2903 contingit
1815 2855 1944 2892 locum
1979 2867 2060 2892 esse
2089 2855 2243 2903 aliquod
2275 2855 2415 2893 horum
2448 2855 2574 2894 trium.
2604 2857 2672 2894 Se-

1610 2907 1735 2944 cundo
1764 2907 2015 2956 prosequitur,
2046 2907 2117 2944 ibi:
2147 2909 2222 2944 Sed
2232 2914 2390 2956 propter
2410 2908 2450 2944 id
2467 2909 2569 2957 quod
2585 2920 2672 2946 con-

1608 2960 1715 3005 tinet,
1752 2961 1899 2997 videtur
1922 2961 2059 3008 forma
2089 2968 2180 2997 etc.:
2215 2968 2252 2997 et
2278 2961 2403 3010 primo
2441 2961 2488 2998 de
2525 2960 2670 3008 forma3

1609 3012 1777 3049 secundo
1808 3012 1855 3050 de
1888 3012 2021 3061 spatio,
2055 3012 2126 3050 ibi:
2160 3013 2235 3050 Sed
2264 3025 2314 3050 ex
2345 3025 2388 3050 eo
2420 3013 2522 3062 quod
2550 3019 2670 3051 muta-

1609 3071 1669 3101 tur
1689 3066 1708 3086 *
1729 3072 1815 3110 etc.;
1835 3065 1943 3102 tertio
1964 3065 2011 3102 de
2031 3065 2199 3114 materia,
2224 3065 2291 3102 ibi:
2310 3066 2363 3102 Et
2381 3066 2540 3103 materia
2558 3067 2670 3104 etiam

1608 3118 1754 3155 videtur
1772 3117 1792 3138 '⁸‘
1812 3125 1880 3154 ete.

1661 3182 1698 3217 4.
1717 3170 1825 3207 Circa
1843 3170 2009 3218 primum
2031 3171 2106 3208 duo
2127 3169 2228 3207 facit:
2248 3170 2374 3219 primo
2393 3170 2501 3219 ponit
2515 3171 2535 3192 *⁴
2555 3183 2670 3220 quare

1610 3223 1732 3260 forma
1758 3222 1933 3260 videatur
1970 3235 2052 3260 esse
2089 3223 2213 3260 locus:
2249 3223 2337 3272 quia
2374 3223 2512 3260 scilicet
2548 3224 2671 3261 forma

1611 3275 1790 3322 continet;
1820 3275 1925 3324 quod
1952 3276 2103 3313 videtur
2137 3287 2218 3312 esse
2247 3276 2444 3325 proprium
2473 3275 2556 3314 loci.
2595 3277 2670 3314 Ex-

1609 3336 1730 3366 trema
1757 3341 1850 3366 vero
1880 3329 2048 3378 corporis
2077 3328 2299 3366 continentis
2328 3337 2364 3366 et
2392 3329 2556 3366 contenti
2583 3337 2671 3367 sunt

1610 3381 1734 3429 simul,
1757 3394 1844 3418 cum
1874 3381 2070 3419 continens
2090 3389 2127 3418 et
2147 3389 2366 3419 contentum
2395 3381 2467 3418 sint
2495 3379 2670 3430 contigua

1610 3435 1659 3472 ad
1687 3434 1872 3471 invicem:
1910 3442 1946 3471 et
1973 3434 2025 3471 sic
2057 3434 2239 3471 terminus
2277 3434 2492 3481 continens,
2522 3434 2586 3483 qui
2615 3441 2670 3471 est

1610 3488 1727 3534 locus,
1749 3499 1827 3524 non
1858 3487 2008 3524 videtur
2041 3495 2234 3536 separatus
2264 3499 2345 3524 esse
2365 3499 2387 3524 a
2406 3486 2568 3524 termino
2588 3498 2668 3523 cor-

1610 3540 1713 3589 poris
1742 3540 1921 3586 contenti3
1953 3547 1988 3576 et
2015 3539 2068 3578 sic
2095 3539 2245 3577 videtur
2278 3540 2384 3577 locus
2412 3551 2490 3576 non
2519 3537 2668 3577 differre

1612 3606 1633 3630 a
1662 3593 1795 3630 forma.

2702 466 2713 477 ⁸
2727 465 2795 488 Text.
2808 471 2846 493 42·

2697 2553 2924 2578 'acmoetomab

2697 2580 2802 2629 :2⁰qu-
2822 2587 2874 2604 ω.
2893 2585 2910 2603 ο

2697 2711 2706 2720 ·
2720 2710 2792 2734 Num.
2807 2717 2884 2740 praee.

2697 2817 2707 2826 ·
2717 2818 2754 2839 est
2761 2822 2895 2845 “QO
2943 2815 2947 2842 ἕ

2697 2842 2778 2866 stab.

2697 3079 2706 3088 ·
2721 3079 2792 3102 Nam.
2807 3079 2832 3102 ⁶.

2697 3131 2706 3171 ἶ
2721 3131 2792 3154 Num.
2806 3137 2839 3154 ιο.

2697 3183 2707 3194 ·
2721 3183 2772 3207 Fin.
2787 3185 2830 3207 lac.
2845 3184 2869 3208 in
2880 3187 2919 3215 ,ιὶ
2942 3185 2945 3214 ξ
