2950 4004
513 312 584 348 180

1133 307 1479 345 PHYSICORUM
1506 306 1856 344 ARISTOTELIS
1885 308 1980 344 LIB.
2011 308 2062 345 IV

1210 531 1512 589 LECTIO
1548 533 1980 590 UNDECIMA

885 685 943 716 EX
965 684 1107 715 PARTE
1130 683 1281 716 MOTUS
1305 684 1586 716 OSTENDITUR
1607 684 1699 716 NON
1722 685 1822 716 ESSE
1846 685 2031 717 VACUUM
2053 686 2315 718 SEPARATUM

500 816 577 850 “Ὀτι
604 810 632 847 δ’
655 815 714 847 οὐκ
732 815 806 848 ἔστι
822 814 917 846 κενὸν
936 812 1025 846 οὕτω
1045 812 1302 859 κεχωρισμένον,
1320 814 1362 850 ὠς
1379 813 1459 845 ἔνιοί
1477 823 1571 856 φασι,

573 860 724 906 λέγωμεν
751 858 866 891 πάλιν.
894 859 932 889 Εἰ
955 857 1019 904 γάρ
1045 857 1136 890 ἐστιν
1163 856 1311 890 ἑκάστου
1330 856 1417 902 φορά
1437 869 1488 894 τις
1507 858 1572 890 τῶν

578 905 692 937 ἀπλῶν
718 902 884 948 σωμάτων
910 901 1024 946 φύσει,
1058 902 1125 934 οἷον
1152 903 1200 944 τῷ
1226 903 1301 946 πυρὶ
1326 902 1385 944 μέν
1414 901 1500 943 ἄνω,
1527 902 1572 944 τῇ

575 946 612 981 δὲ
636 949 681 995 γῇ
707 947 803 980 κάτω
827 948 886 979 καὶ
911 946 990 990 πρὸς
1016 945 1058 978 τό
1084 945 1205 991 μέσον,
1238 942 1341 983 δῆλον
1368 944 1422 978 ὅτι
1449 945 1507 978 οὐκ
1534 944 1573 978 ἂν

577 993 618 1025 τό
647 993 742 1024 κενόν
765 993 884 1029 ,αἴτιον
918 993 967 1028 εἴη
999 991 1062 1028 τῆς
1093 991 1208 1035 φορᾶς.
1247 992 1340 1028 Τίνος
1374 987 1430 1022 οὖν
1463 991 1573 1023 αἴτιον

574 1037 674 1070 ἔσται
700 1037 740 1069 τὸ
765 1035 879 1075 κενόν;
906 1031 1000 1067 δοκεῖ
1017 1035 1083 1079 γοὶρ
1102 1037 1212 1068 αἴτιον
1230 1031 1316 1066 εἶναι
1332 1033 1493 1072 κινήσεως
1511 1035 1573 1072 τῆς

575 1081 670 1114 κατά
695 1081 816 1113 τόπον·
844 1079 976 1117 ταύτης
1001 1074 1034 1110 δ’
1053 1077 1113 1111 οὐκ
1138 1079 1242 1112 ἔστιν.

502 1164 594 1204 Ἔτι,
613 1163 640 1194 εἰ
662 1163 736 1195 ἔστι
761 1174 808 1202 τι,
829 1162 896 1194 οἷον
922 1160 1027 1199 τόπος
1053 1161 1271 1206 ἐστερημένος
1297 1160 1469 1204 σώματος,
1490 1159 1574 1194 ὅταν

577 1206 598 1248 ἦ
614 1206 723 1248 κενόν,
744 1207 809 1239 ποῦ
833 1204 1031 1242 οἰσθήσεται
1057 1206 1098 1239 τό
1123 1204 1271 1238 εὶστεθὲν
1290 1205 1334 1242 εἰς
1353 1203 1442 1238 αὐτὸ
1457 1205 1574 1249 ’σῶμας

577 1243 615 1285 οὐ
640 1251 704 1298 γὰρ
730 1246 773 1287 δη
807 1251 851 1288 εἰς
886 1249 991 1283 ἅπαν.
1023 1251 1059 1281 Ὀ
1084 1245 1113 1282 δ’
1143 1249 1248 1287 αὐτὸς
1279 1248 1380 1295 λόγος
1403 1251 1460 1281 καὶ
1494 1248 1575 1292 πρὸς

576 1296 655 1333 τούς
681 1295 740 1327 τὸν
767 1294 874 1327 τόπον
902 1293 1070 1338 οἰομένους
1095 1291 1180 1326 εἷναί
1204 1305 1238 1326 τι
1254 1292 1512 1338 κεχωρισμένον,
1531 1294 1577 1331 εἰς

577 1342 611 1373 ὃν
637 1339 787 1384 φέρεται·
816 1339 883 1376 πῶς
908 1351 919 1361 ·
935 1339 956 1370 ἀ
1005 1337 1202 1375 οἰσθήσεται
1228 1337 1269 1370 τό
1296 1337 1448 1378 ἑντεθέν,
1475 1335 1496 1374 ἦ
1521 1349 1578 1381 με-

577 1389 644 1424 νεῖς
670 1385 736 1415 Καὶ
761 1385 834 1428 περὶ
860 1394 922 1415 του
950 1395 1016 1415 ανω
1041 1385 1098 1415 καὶ
1116 1381 1213 1415 κάτω
1230 1382 1288 1413 καὶ
1306 1382 1380 1425 περὶ
1398 1381 1461 1414 τοῦ
1477 1382 1576 1413 κενοῦ

577 1431 594 1461 ὁ
621 1428 728 1465 αὐτός
755 1426 893 1472 ἁρμόσει
915 1427 1018 1473 λόγος
1042 1426 1195 1464 εἰκότως·
1213 1426 1254 1459 τό
1273 1425 1337 1471 γάρ
1354 1425 1448 1457 κενόν
1468 1425 1576 1458 τόπον

578 1475 730 1506 ποιοῦσιν
756 1475 785 1504 οἱ
811 1469 896 1503 εἶναι
921 1472 1119 1516 φάσκοντες·
1146 1473 1204 1502 καὶ
1231 1473 1300 1508 πῶς
1326 1466 1368 1506 δή
1395 1469 1530 1502 ἐνέσται
1555 1469 1578 1505 ἦ

579 1519 610 1549 ὲν
637 1518 684 1558 τῷ
711 1516 804 1556 τόπῳ
824 1514 844 1552 ἦ
868 1516 901 1547 ἐν
927 1517 974 1556 τῷ
998 1516 1100 1556 κενῷ;
1129 1516 1166 1546 οὐ
1191 1515 1256 1560 γάρ
1281 1515 1470 1558 συμβαίνει,
1492 1512 1576 1546 ὅταν

579 1561 655 1594 ὅλον
681 1560 763 1602 τεθῇ
790 1561 831 1597 ὠς
857 1558 889 1591 ἑν
914 1559 1144 1614 κεχωρισμένῳ
1171 1559 1267 1599 τόπῳ
1292 1560 1350 1590 καὶ
1373 1557 1576 1602 ὑπομένοντι

577 1605 727 1648 σώματι·
756 1604 796 1636 τὸ
827 1603 891 1649 γάρ
923 1604 1020 1647 μέρος
1048 1606 1086 1636 ἀν
1112 1603 1159 1647 μή
1189 1604 1287 1647 χωρὶς
1321 1601 1482 1643 τιθῆται,
1518 1601 1577 1634 οὐκ

579 1651 677 1682 ἔσται
703 1647 735 1680 ἐν
762 1647 870 1688 τόπῳ,
899 1648 971 1679 ἀλλ’
994 1648 1026 1680 ἐν
1053 1649 1100 1689 τῷ
1127 1646 1202 1688 ὅλῳ.
1223 1647 1313 1688 Ἔτι,
1333 1648 1361 1679 εἰ
1385 1646 1432 1690 μή
1456 1645 1575 1686 τόπος,

579 1690 657 1726 οὐδὲ
681 1692 775 1724 κενόν
803 1692 913 1724 ἔσται.

512 1738 692 1783 Συμβαίνει
721 1732 759 1768 δὲ
783 1740 854 1773 τοῖς
886 1735 1040 1782 λέγουσιν
1067 1733 1152 1767 εἶναι
1180 1735 1275 1767 κενὸν
1300 1736 1342 1772 ὥς
1369 1734 1575 1780 ἀναγκαῖον,

579 1785 670 1825 εἴπερ
696 1781 795 1812 ἔσται
816 1783 955 1820 κίνησις,
975 1781 1176 1813 τούναντίον
1195 1780 1338 1823 μᾶλλον,
1360 1778 1417 1811 &aiv
1436 1790 1486 1816 τις
1506 1779 1577 1811 ἑπι-

578 1826 705 1868 σκοπῇ,
732 1824 778 1868 μή
805 1820 1000 1868 ἐνδέχεσθαι
1026 1819 1111 1866 μηδὲ
1137 1824 1169 1855 ἓν
1196 1822 1371 1864 κινεῖσθαι,
1393 1822 1451 1855 ὲάν
1478 1820 1501 1866 ᾗ
1525 1834 1577 1854 κε-

578 1870 648 1902 νόν·
675 1868 784 1911 ὥσπερ
810 1869 874 1914 γαρ
901 1870 930 1899 οἰ
955 1867 1014 1900 διά
1039 1868 1079 1900 τό
1106 1866 1220 1911 ὅμοιον
1251 1866 1391 1911 φάμενοι
1423 1867 1487 1903 τήν
1512 1867 1576 1913 γῆν

579 1916 727 1959 ἠρεμεῖν,
753 1912 858 1950 οὕτως
882 1914 940 1944 καὶ
967 1913 999 1944 ἐν
1025 1913 1072 1953 τῷ
1098 1912 1180 1953 κενῷ
1208 1911 1338 1956 ἀνάγκη
1366 1910 1511 1956 ἠρεμεῖν·
1539 1911 1576 1943 οὗ

578 1959 642 2005 γάρ
669 1958 760 1989 ἔστιν
794 1957 831 1988 οὖ
863 1957 992 2000 μᾶλλον
1019 1955 1039 1992 ἦ
1066 1955 1174 1992 ἦττον
1205 1956 1439 1993 κινηθήσεται·
1467 1956 1486 1998 ᾗ
1511 1956 1576 2002 γὰρ

578 2001 688 2042 κενόν,
716 2002 775 2033 οὐκ
800 2001 870 2046 ἔχει
895 1997 1071 2045 διαφοραῖν.

511 2048 644 2090 Πρῶτον
671 2046 729 2090 μὲν
758 2043 826 2086 οὖν,
855 2044 909 2077 ὅτι
935 2046 1031 2077 πᾶσα
1051 2046 1176 2082 κίνησις
1196 2042 1216 2080 ἦ
1236 2045 1292 2086 βίᾳ
1309 2043 1330 2081 ἦ
1348 2044 1444 2077 κατά
1468 2042 1574 2088 φύσιν·

582 2091 712 2136 ἀνάγκη
743 2084 789 2130 δ’,
819 2089 856 2122 ἄν
888 2101 946 2134 περ
974 2087 994 2131 ᾖ
1021 2089 1149 2128 βίαιος,
1181 2085 1267 2120 εἶναι
1298 2090 1356 2121 καὶ
1390 2088 1453 2125 τήν
1483 2087 1579 2120 κατά

580 2135 688 2179 φύσιν.
720 2135 761 2164 Ἡ
786 2134 845 2178 μὲν
870 2133 934 2179 γάρ
967 2134 1075 2174 βίαιος
1108 2132 1204 2174 παρά
1227 2133 1321 2172 φύσιν
1355 2133 1466 2174 ἐστίν,
1494 2133 1514 2168 ἠ
1540 2127 1578 2164 δὲ

581 2179 676 2224 παρά
707 2177 801 2222 φύσιν
836 2177 962 2219 ὑστέρα
994 2178 1057 2214 τῆς
1088 2177 1184 2208 κατά
1215 2177 1324 2220 φύσιν.
1353 2177 1449 2209 ”Ωστ’
1479 2177 1506 2208 εἰ
1531 2175 1578 2220 μή

579 2224 675 2256 κατά
698 2222 792 2255 φύσιν
819 2223 911 2254 ἐστὶν
938 2221 1069 2262 ἑκάστῳ
1096 2221 1162 2253 τῶν
1187 2222 1329 2264 φυσικῶν
1347 2219 1514 2264 σωμάτων
1530 2223 1580 2252 κί-

582 2257 710 2308 νησις,Δ
733 2262 811 2298 οὐδὲ
843 2267 908 2299 τῶν
945 2266 1054 2298 ἄλλων
1090 2265 1190 2296 ἔσται
1223 2265 1383 2302 κινήσεων
1422 2261 1575 2307 οὐδεμία.

567 2312 682 2344 μἈλλοῖ.
701 2311 766 2356 μήν
791 2310 886 2353 φύσει
909 2323 948 2356 γε
974 2310 1043 2347 πῶς
1070 2309 1181 2350 ἔσται,
1200 2305 1364 2354 μηδεμιᾶς
1389 2309 1487 2347 οὔσης
1506 2305 1579 2341 δια-

581 2357 681 2401 φορᾶς
710 2355 806 2388 κατά
838 2355 879 2386 τὸ
910 2354 1003 2386 κενὸν
1037 2356 1095 2385 καὶ
1125 2353 1166 2385 τὸ
1201 2354 1356 2399 ἀπειρον;
1385 2354 1405 2395 ’ᾖ
1431 2353 1490 2397 μὲν
1515 2353 1580 2408 γάρ

584 2402 732 2445 ἄπειρον,
754 2394 847 2431 οὐδὲν
875 2399 974 2431 ἔσται
1001 2397 1067 2430 α”νω
1095 2392 1173 2429 οὐδὲ
1196 2398 1292 2430 κάτω
1319 2392 1397 2430 οὐδὲ
1422 2397 1536 2441 μέσον·
1558 2409 1577 2440 ῃ

581 2442 619 2477 δὲ
643 2444 757 2484 κενόν,
787 2438 882 2475 οὐδὲν
908 2438 1056 2485 διαφέρει
1082 2443 1123 2474 τό
1151 2442 1216 2474 ἀνω
1243 2443 1304 2475 τοῦ
1334 2442 1444 2475 κάτω·
1470 2441 1580 2487 ὥσπερ

581 2490 645 2536 γάρ
671 2489 733 2521 τοῦ
760 2483 899 2530 μηδενὸς
926 2483 1068 2530 οὐδεμία
1094 2485 1167 2518 ἐστὶ
1192 2483 1358 2531 διαφορά,
1388 2486 1492 2528 οὕτως
1521 2487 1580 2525 καὶ

582 2535 644 2567 τοῖῖ
670 2533 715 2576 μή
743 2532 851 2569 ὄντος.
886 2532 930 2564 Τό
954 2528 992 2564 δὲ
1015 2531 1111 2562 κενόν
1142 2531 1187 2574 μή
1215 2531 1248 2563 ὅν
1275 2543 1308 2564 τι
1336 2533 1394 2563 καὶ
1426 2530 1580 2574 στέρησις

583 2575 676 2610 δοκεῖ
707 2574 804 2608 εἶναι·
833 2577 852 2612 ’ἡ
878 2571 914 2607 δὲ
940 2576 1033 2621 φύσει
1085 2576 1146 2618 ορά
1175 2570 1345 2619 διάφορος·
1372 2573 1450 2607 ὥστ’
1481 2575 1580 2607 ἔσται

583 2623 630 2654 τοὶ
655 2620 748 2666 φύσει
778 2616 936 2664 διάφορα.
966 2621 1014 2652 ’Ἡ
1039 2631 1096 2651 ουν
1124 2620 1182 2651 οὐκ
1208 2620 1281 2651 ἔστι
1305 2618 1399 2662 φύσει
1429 2613 1580 2662 οὐδαμοῦ

583 2662 691 2699 οὐδενὶ
717 2664 820 2708 φορά,
848 2663 868 2701 ἦ
894 2665 922 2696 εὶ
948 2665 1044 2697 τοῦτ’
1074 2663 1179 2704 ἔστιν,
1207 2664 1266 2695 οὐκ
1291 2664 1364 2695 ἐστι
1388 2662 1494 2695 κενόν.

508 2839 585 2871 Ἔτι
610 2837 666 2867 νῦν
692 2835 750 2878 μὲν
776 2838 920 2867 κινεῖται
947 2833 995 2865 τοὶ
1016 2831 1241 2877 ῥιπτούμενα,
1261 2833 1323 2863 τοῦ
1348 2831 1498 2869 ὤσαντος
1519 2831 1581 2876 οὐχ

586 2878 794 2923 ἀπτομένοσ,
812 2877 833 2914 ἦ
851 2874 887 2909 δι’
919 2878 1208 2919 ἀντιπερίστασιν,
1228 2875 1336 2917 ὥσπερ
1364 2876 1440 2907 ἔνιοί
1467 2887 1579 2919 φασιν,

585 2924 605 2961 ἦ
631 2919 690 2956 διαὶ
721 2923 760 2956 τὸ
791 2921 884 2954 ὠθεῖν
916 2921 974 2954 τόν
1006 2919 1159 2952 ὠσθέντα
1194 2920 1276 2965 ἀέρα
1307 2919 1424 2952 θάττω
1454 2922 1580 2956 κίνησιν

585 2970 647 3006 τῆς
674 2968 735 3000 τοῦ
760 2965 927 3003 ὠσθέντος
954 2966 1068 3008 φορᾶς,
1088 2965 1127 3002 ’ἣν
1145 2964 1283 3008 φέρεται
1309 2965 1352 3002 εὶς
1378 2963 1438 2996 τόν
1461 2964 1580 2995 οἰκεῖον

586 3012 706 3045 τόπον.
720 3012 777 3042 Ἐν
794 3007 831 3043 δὲ
850 3011 897 3051 τῷ
914 3010 996 3050 κενῷ
1015 3005 1110 3042 οὐδὲν
1130 3010 1262 3041 τούτων
1281 3004 1459 3052 ἐνδέχεται
1477 3007 1581 3050 omip-

585 3069 669 3102 χειν,
699 3051 765 3088 οὐδ’
798 3056 894 3087 ἔσται
919 3053 1087 3097 φέρεσθαι,
1117 3052 1188 3085 ἀλλ’
1211 3051 1230 3089 ἦ
1249 3053 1290 3090 ὠς
1316 3053 1356 3084 τό
1383 3051 1579 3097 ὀχούμενον.

510 3103 602 3142 ”Ετι,
624 3097 730 3138 οὐδεὶς
755 3099 792 3131 ἀν
812 3100 883 3144 ἐ’χοι
908 3099 1012 3129 εἰπεῖν
1037 3094 1096 3130 διά
1113 3099 1146 3129 τί
1164 3096 1292 3134 κινηθὲν
1312 3096 1479 3132 στήσεταί
1502 3107 1578 3128 που·

587 3148 620 3178 τί
638 3147 702 3191 γάρ
721 3145 848 3188 μᾶλλον
875 3141 1024 3175 ἐνταῦθα
1043 3142 1063 3179 ἦ
1081 3140 1251 3181 ἑνταῦθα;
1278 3139 1358 3174 ὥστ’
1381 3140 1401 3178 ἦ
1420 3139 1581 3185 ἦρεμήσει

588 3189 608 3226 ³)
635 3191 679 3229 εἱς
707 3190 842 3231 ἄπειρον
870 3186 1000 3229 ἀνάγκη
1027 3185 1194 3232 φέρεσθαι,
1215 3186 1272 3218 ἑοὶν
1299 3184 1346 3228 μή
1363 3197 1397 3217 τι
1415 3179 1581 3229 ἑμποδίσῃ

584 3239 753 3278 κρεῖττον.
773 3233 849 3265 Ἔτι
874 3233 930 3263 νῦν
983 3232 1014 3263 ἐν
1040 3231 1084 3268 εἰς
1111 3229 1150 3263 τὸ
1167 3230 1260 3262 κενὸν
1286 3225 1344 3261 διαὶ
1369 3229 1410 3262 τὸ
1435 3230 1579 3261 ύπείκειν

588 3278 743 3323 φέρεσθαι
768 3274 872 3309 δοκεῖ·
901 3274 931 3308 ἒν
956 3242 994 3308 δὲ
1015 3277 1062 3316 τῷ
1080 3275 1162 3316 κενῷ
1181 3274 1296 3318 πάντῃ
1316 3274 1435 3318 ὁμοίως
1453 3273 1495 3306 τὸ
1513 3284 1582 3305 τοι-

588 3324 702 3356 οῦτον·
729 3321 815 3355 ὥστε
842 3320 957 3364 πάντῃ
984 3319 1194 3357 οἰσθήσεται.

583 3475 722 3502 vaorsxs
735 3491 768 3494 —
787 3483 808 3502 1.
820 3475 1030 3511 Argumentum
1046 3479 1073 3501 et
1088 3472 1190 3501 divisio
1204 3478 1369 3500 textus-2.
1386 3472 1440 3499 Sex
1454 3471 1580 3499 rationes

523 3519 656 3549 exparte
669 3519 762 3541 motus
776 3514 812 3541 ad
823 3514 1034 3542 ostendendum
1050 3513 1130 3550 quod
1145 3521 1267 3541 vacuum
1283 3517 1446 3548 separatum
1461 3520 1521 3539 non
1536 3510 1580 3539 sit.

523 3555 551 3587 a)
574 3553 703 3580 Vacuurn
725 3562 784 3580 non
806 3553 958 3589 requiritur
979 3560 1010 3580 ut
1031 3561 1118 3581 causa
1132 3558 1228 3580 motus
1243 3550 1351 3586 localis,
1367 3560 1432 3579 cum
1454 3550 1500 3579 hic
1518 3550 1581 3579 uni-

524 3591 626 3627 cuique
642 3592 754 3627 corpori
770 3591 807 3620 sit
822 3592 969 3620 naturalis:
981 3601 1014 3620 ac
1026 3592 1155 3628 proinde,
1168 3601 1234 3620 cum
1249 3590 1353 3619 nullius
1368 3589 1482 3619 alterius
1496 3599 1581 3619 causa

524 3630 614 3667 possit
636 3640 706 3666 esse,
722 3631 823 3659 frustra
844 3638 1006 3667 poneretur.
1022 3647 1039 3652 —
1059 3633 1084 3659 3.
1101 3632 1128 3666 b)
1144 3631 1173 3659 Si
1189 3632 1272 3659 detur
1292 3639 1424 3666 vacuum,
1439 3629 1520 3667 quasi
1539 3630 1582 3658 lo-

1626 813 1646 832 *
1669 814 1833 851 Quoniam
1857 821 1964 846 autem
1981 825 2048 847 non
2071 823 2118 848 est
2138 827 2277 848 vacuum
2294 817 2338 848 sic
2361 817 2498 848 divisum
2517 817 2598 850 sicut
2619 817 2690 860 qui-

1695 857 1769 888 dam
1785 857 1904 897 dicunt,
1921 859 2062 891 dicemus
2077 859 2203 892 iterum.
2221 861 2254 892 Si
2273 861 2359 892 enim
2373 868 2420 893 est
2441 862 2692 904 uniuscuiusque

1695 901 1890 942 simplicium
1918 913 2091 943 corporum
2122 904 2185 935 loci
2208 905 2343 936 mutatio
2370 905 2476 947 aliqua
2497 913 2627 945 natura,
2655 913 2693 938 ut

1693 945 1775 985 ignis
1794 945 1926 987 quidem
1944 956 2081 986 sursum,
2098 954 2196 978 terrae
2218 955 2326 980 autem
2340 949 2491 981 deorsum
2513 956 2544 981 et
2566 950 2606 981 ad
2622 960 2691 982 me-

1696 989 1797 1029 dium,
1830 990 2034 1022 manifestum
2056 992 2103 1022 est
2133 991 2223 1032 quod
2251 1002 2318 1024 non
2349 1002 2488 1024 vacuum
2510 994 2567 1025 erit
2598 1004 2693 1026 causa

1695 1033 1758 1064 loci
1773 1033 1966 1066 mutationis.
1985 1034 2085 1066 Cuius
2103 1035 2197 1075 igitur
2221 1045 2314 1066 causa
2331 1035 2389 1067 erit
2401 1035 2556 1068 vacuum?
2568 1037 2694 1079 videtur

1695 1077 1782 1108 enim
1805 1087 1899 1108 causa
1921 1088 1988 1109 esse
2010 1085 2118 1110 motus
2135 1079 2312 1110 secundum
2333 1079 2454 1120 locum3
2471 1079 2567 1114 huius
2585 1083 2692 1117 autem

1696 1130 1790 1151 causa
1812 1131 1879 1152 non
1903 1129 1958 1154 est.

1629 1165 1647 1184 *
1662 1165 1821 1205 Amplius,
1838 1165 1863 1196 si
1880 1172 1927 1197 est
1939 1166 2070 1207 aliquid,
2089 1167 2176 1198 velut
2191 1167 2280 1198 locus
2297 1167 2436 1207 privatus
2458 1177 2603 1209 corpore,
2617 1176 2694 1200 cum

1697 1208 1737 1240 sit
1759 1219 1917 1248 vacuum,
1940 1220 2007 1251 quo
2030 1211 2209 1242 movebitur
2232 1211 2374 1252 positum
2396 1211 2430 1243 in
2452 1211 2524 1254 ipso
2556 1210 2697 1254 corpus}

1697 1252 1772 1283 Non
1797 1253 1882 1283 enim
1900 1253 1933 1284 in
1951 1263 2081 1285 omnem
2098 1261 2229 1295 partem.
2254 1255 2374 1286 Eadem
2390 1261 2497 1287 autem
2512 1256 2591 1287 ratio
2607 1263 2638 1288 et
2653 1256 2693 1288 ad

1699 1305 1754 1326 eos
1777 1297 1887 1327 locum
1905 1307 1972 1328 esse
1990 1298 2110 1339 aliquid
2133 1298 2523 1339 opinantesseparatum,
2536 1299 2570 1331 in
2593 1309 2692 1342 quem

1699 1339 1797 1371 fertur
1819 1341 1908 1382 quod
1926 1341 2033 1373 fertur.
2059 1342 2236 1380 Quomodo
2253 1342 2339 1384 enim
2357 1343 2536 1375 movebitur
2549 1344 2709 1384 posimm‘

1698 1385 1762 1414 aut’
1775 1382 1932 1416 manebit?
1955 1385 1996 1416 Et
2018 1385 2057 1416 de
2088 1395 2216 1418 sursum
2237 1393 2269 1418 et
2291 1387 2442 1419 deorsum
2469 1394 2502 1419 et
2529 1388 2693 1420 die-vacuo

1699 1429 1849 1459 convenit
1867 1429 1978 1459 eadem
1996 1429 2077 1460 ratio
2096 1430 2221 1461 merito.
2239 1431 2387 1462 Vacuum
2410 1430 2495 1462 enim
2517 1431 2627 1463 locum
2648 1431 2693 1464 fa·

1700 1471 1798 1511 ciunt,
1817 1473 1873 1513 qui
1897 1483 1964 1503 esse
1987 1473 2106 1505 dicunt.
2130 1474 2172 1505 Et
2194 1475 2362 1515 quomodo
2385 1475 2450 1506 iam
2471 1474 2563 1506 inerit
2585 1482 2640 1508 aut
2660 1475 2695 1507 in

1699 1515 1772 1546 loco
1791 1523 1845 1547 aut
1866 1516 1900 1547 in
1918 1515 2040 1548 vacuo?
2062 1517 2138 1548 Non
2161 1518 2247 1549 enim
2265 1518 2376 1550 accidit
2390 1528 2465 1549 cum
2487 1525 2593 1551 totum
2610 1519 2695 1560 posi·

1700 1565 1771 1589 tum
1794 1560 1833 1591 sit
1856 1560 1936 1591 sicut
1965 1561 1998 1591 in
2022 1569 2166 1602 separato
2193 1562 2282 1602 loco,
2307 1569 2338 1593 et
2360 1562 2525 1605 sufferente
2548 1572 2692 1605 corpore.

1701 1603 1776 1634 Pars
1800 1604 1886 1634 enim
1909 1604 1968 1635 nisi
1992 1614 2136 1636 seorsum
2158 1613 2305 1647 ponatur,
2324 1616 2390 1636 non
2414 1606 2471 1637 erit
2487 1606 2520 1637 in
2536 1607 2620 1647 loco,
2638 1607 2696 1639 ted

1699 1646 1733 1677 in
1755 1654 1838 1679 toto.
1863 1649 2023 1689 Amplius,
2047 1649 2073 1680 si
2096 1659 2162 1680 non
2185 1657 2232 1681 est
2253 1650 2354 1690 locus,
2376 1660 2514 1682 vacuum
2537 1661 2604 1682 non
2627 1650 2694 1683 exit.

1631 1736 1649 1755 *
1663 1735 1787 1766 Accidit
1810 1742 1918 1774 autem
1936 1736 2110 1768 dicentibus
2135 1747 2202 1768 esse
2224 1735 2362 1768 vacuum
2380 1744 2533 1779 tanquam
2554 1748 2694 1770 necessa-

1698 1779 1782 1810 rium
1806 1779 1831 1810 si
1855 1780 1986 1820 quidem
2009 1780 2065 1812 erit
2088 1788 2206 1819 motus,
2231 1782 2423 1813 contrarium
2443 1782 2544 1822 magis
2567 1792 2645 1822 esse,
2668 1782 2695 1814 si

1699 1823 1812 1864 aliquis
1839 1823 1998 1863 intendat,
2031 1835 2096 1855 non
2120 1825 2299 1866 contingere
2322 1826 2443 1857 moveri
2466 1825 2642 1867 quidquam
2669 1826 2696 1857 si

1699 1867 1739 1898 sit
1760 1877 1908 1899 vacuum.
1933 1867 2021 1899 Sicut
2043 1868 2129 1899 enim
2152 1876 2281 1910 propter
2298 1869 2400 1900 simile
2422 1869 2558 1901 dicentes
2581 1876 2696 1902 terrm

1700 1912 1874 1952 quiescere,
1899 1911 1942 1942 sic
1966 1918 1997 1943 et
2018 1912 2050 1942 in
2073 1923 2175 1944 vacuo
2203 1923 2329 1944 necesse
2353 1920 2399 1944 est
2421 1913 2590 1954 quiescere.
2619 1914 2696 1946 Non

1700 1955 1786 1986 enim
1815 1962 1861 1986 est
1887 1965 1953 1996 quo
1984 1956 2084 1996 magis
2107 1963 2138 1987 et
2167 1956 2274 1988 minus
2298 1957 2493 1988 movebitur:
2519 1957 2696 1991 secundum

1639 2026 1642 2027 γ
1699 1999 1784 2030 enim
1803 1999 1892 2040 quod
1914 2010 2053 2030 vacuum
2076 2007 2133 2038 est,
2157 2011 2223 2031 non
2245 2001 2339 2032 habet
2361 2001 2576 2033 differentiam.

1632 2043 1648 2062 *
1658 2043 1790 2082 Deinde,
1803 2043 1957 2084 quoniam
1976 2044 2080 2074 omnis
2093 2051 2200 2076 motus
2215 2050 2269 2076 aut
2279 2045 2437 2076 violentus
2451 2052 2506 2076 aut
2520 2045 2696 2077 secundum

1700 2094 1846 2118 naturam
1865 2094 1920 2118 est.
1944 2088 2078 2118 Necesse
2102 2095 2148 2119 est
2171 2095 2288 2127 autem,
2313 2089 2338 2119 si
2361 2089 2491 2130 quidem
2514 2089 2554 2120 sit
2574 2088 2694 2120 violen-

1700 2138 1768 2170 tus,
1797 2142 1864 2162 esse
1896 2138 1927 2162 et
1955 2141 2030 2162 eum
2060 2132 2115 2172 qui
2144 2133 2319 2163 secundum
2349 2139 2509 2163 naturam:
2537 2132 2696 2165 violentus

1701 2175 1787 2205 enim
1811 2182 1857 2206 est
1872 2179 1956 2205 extra
1971 2182 2137 2214 naturam;
2161 2176 2216 2217 qui
2235 2182 2343 2207 autem
2365 2183 2449 2207 extra
2464 2183 2621 2216 naturam,
2639 2185 2698 2218 po-

1701 2219 1813 2250 sterior
1845 2225 1891 2249 est
1914 2229 1952 2250 eo
1976 2219 2032 2260 qui
2060 2226 2107 2250 est
2134 2220 2310 2251 secundum
2339 2227 2494 2252 naturam.
2523 2221 2648 2260 Quare,
2670 2220 2698 2252 si

1697 2264 1768 2294 'non
1792 2263 1969 2294 secundum
1991 2270 2137 2294 naturam
2153 2271 2200 2299 est
2213 2264 2384 2306 unicuique
2398 2264 2607 2306 physicorum
2629 2274 2698 2296 cor-

1700 2317 1819 2347 porum
1834 2314 1952 2346 motus,
1969 2317 2073 2348 neque
2087 2308 2223 2339 aliorum
2238 2308 2294 2339 erit
2308 2314 2459 2339 motuum
2479 2318 2582 2350 neque
2601 2318 2697 2340 unus-

1700 2353 1744 2382 At
1775 2361 1850 2381 vero
1872 2358 1979 2382 motus
2009 2358 2119 2382 natura
2142 2353 2309 2393 quomodo
2337 2352 2394 2383 erit
2418 2352 2451 2383 in
2477 2361 2598 2391 vacuo,
2622 2362 2698 2384 cum

1701 2405 1759 2426 nec
1782 2405 1846 2425 una
1869 2395 1908 2425 sit
1931 2395 2101 2426 differentia
2119 2396 2295 2426 secundum
2317 2406 2455 2427 vacuum
2470 2403 2501 2427 et
2518 2394 2696 2428 infinitum?
2743 2403 2745 2406 “

1701 2439 1885 2470 Secundum
1908 2439 2038 2479 quidem
2061 2439 2147 2470 enim
2169 2440 2258 2480 quod
2280 2439 2441 2471 infinitum
2464 2447 2521 2479 est,
2544 2440 2622 2471 nihil
2639 2439 2698 2482 erit

1701 2493 1828 2514 sursum
1839 2493 1943 2523 neque
1958 2483 2108 2514 deorsum
2119 2493 2222 2524 neque
2234 2484 2388 2523 medium;
2402 2484 2579 2515 secundum
2589 2490 2697 2516 autem

1701 2527 1791 2568 quod
1812 2536 1950 2557 vacuum
1974 2533 2037 2566 est,
2069 2527 2148 2558 nihil
2171 2527 2314 2558 differens
2345 2537 2471 2558 sursum
2494 2538 2512 2558 a
2535 2528 2696 2560 deorsum.

1702 2571 1790 2602 Sicut
1805 2570 1891 2600 enim
1910 2571 2028 2601 nullius
2051 2581 2154 2612 neque
2170 2581 2234 2602 una
2257 2578 2303 2602 est
2317 2571 2499 2610 differentia,
2523 2571 2566 2603 sic
2585 2578 2615 2603 et
2629 2581 2696 2603 non

1703 2614 1796 2652 entis;
1819 2625 1957 2644 vacuum
1982 2621 2099 2653 autem,
2115 2625 2189 2646 cum
2212 2625 2278 2657 non
2302 2615 2340 2646 sit
2363 2615 2493 2656 aliquid,
2513 2622 2544 2647 et
2558 2615 2693 2656 privatio

1701 2658 1824 2688 videtur
1847 2668 1923 2689 esse.
1948 2659 2067 2689 Natura
2090 2666 2196 2690 autern
2218 2659 2281 2690 loci
2304 2659 2438 2690 mutatio
2463 2659 2607 2691 differens
2628 2666 2695 2692 est:

1702 2712 1798 2743 quare
1823 2709 1915 2733 erunt
1930 2713 2011 2745 quae
2030 2710 2104 2734 sunt
2126 2710 2237 2734 natura
2252 2703 2431 2735 differentia.
2456 2704 2489 2735 Si
2511 2703 2606 2744 igitur
2627 2713 2694 2736 non

1701 2753 1747 2776 est
1769 2753 1890 2784 natura,
1914 2757 2074 2787 nusquam
2098 2754 2128 2778 et
2151 2747 2238 2778 nulla
2259 2747 2322 2778 loci
2344 2747 2494 2779 mutatio:
2518 2754 2574 2779 aut
2594 2747 2697 2780 sihoc

1702 2797 1758 2827 est,
1782 2801 1848 2821 non
1872 2798 1918 2821 est
1940 2801 2087 2822 vacuum.

1634 2834 1819 2874 *Amplius‚
1836 2845 1920 2865 nunc
1943 2835 2073 2875 quidem
2092 2835 2230 2875 proiecta
2245 2843 2423 2874 moventur,
2436 2835 2611 2877 prolectore
2629 2845 2695 2867 non

1701 2885 1858 2918 tangente,
1883 2885 1937 2909 aut
1959 2886 2088 2919 propter
2110 2879 2366 2920 antiparistasim,
2390 2880 2472 2910 sicut
2493 2879 2624 2920 quidam
2646 2879 2694 2911 di-

1702 2930 1788 2960 cunt,
1802 2929 1856 2953 aut
1879 2933 1915 2953 ex
1939 2932 1978 2953 eo
1994 2923 2082 2964 quod
2105 2923 2194 2963 pellit
2217 2924 2328 2964 pulsus
2351 2933 2404 2954 aer
2424 2923 2582 2954 velociore
2601 2929 2696 2954 motu

1702 2976 1800 3007 quam
1822 2966 1897 2997 latio
1921 2966 2015 3007 pulsi,
2040 2967 2215 2997 secundum
2238 2977 2336 3008 quam
2358 2967 2456 2998 fertur
2478 2967 2510 2998 in
2529 2966 2695 3007 proprium

1702 3010 1820 3040 locum.
1850 3011 1885 3040 ln
1914 3020 2015 3041 vacuo
2043 3017 2149 3041 autem
2172 3011 2249 3041 nihil
2278 3011 2395 3042 horum
2427 3010 2580 3052 contingit
2611 3017 2694 3042 esse:

1701 3063 1804 3094 neque
1828 3054 1885 3084 erit
1908 3054 1990 3093 fern',
2013 3055 2073 3084 nisi
2097 3054 2178 3085 sicut
2195 3055 2284 3096 quod
2306 3054 2438 3086 vehitur.

1634 3096 1652 3116 *
1667 3097 1826 3138 Amplius,
1846 3098 1952 3128 nullus
1976 3098 2085 3139 utique
2109 3098 2224 3138 poterit
2239 3098 2340 3129 dicere
2358 3105 2487 3139 propter
2510 3098 2587 3140 quid
2606 3098 2695 3140 quod
2722 3107 2732 3116 ·

1702 3148 1848 3172 movetur
1871 3141 1962 3172 stabit
1981 3141 2104 3172 alicubi.
2122 3142 2208 3179 Quid
2225 3142 2309 3173 enim
2331 3142 2431 3182 magis
2446 3142 2497 3173 hic
2520 3152 2618 3183 quam
2633 3132 2696 3174 ibi?

1703 3186 1808 3222 Quare
1832 3192 1886 3216 aut
1908 3186 2057 3226 quiescet,
2079 3193 2134 3217 aut
2155 3185 2189 3216 in
2211 3185 2370 3218 infinitum
2394 3196 2520 3217 necesse
2543 3193 2590 3218 est
2612 3185 2695 3225 ferri,

1703 3229 1762 3259 nisi
1785 3229 1916 3272 aliquod
1938 3229 2116 3270 impedierit
2138 3230 2250 3262 maius.
2267 3230 2284 3249 *
2299 3230 2448 3270 Amplius
2466 3237 2584 3269 autem,
2608 3240 2694 3262 nunc

1702 3273 1832 3314 quidem
1854 3273 1887 3303 in
1910 3283 2047 3304 vacuum
2071 3274 2112 3305 ob
2136 3274 2168 3304 id
2191 3275 2279 3315 quod
2304 3274 2394 3313 cedit,
2414 3274 2485 3305 ferri
2506 3274 2642 3308 videtur:
2662 3273 2696 3305 in

1702 3327 1802 3348 vacuo
1828 3324 1934 3348 autem
1951 3317 2068 3359 ubique
2092 3318 2232 3349 similiter
2255 3325 2301 3349 est
2323 3318 2523 3349 huiusmodi:
2548 3328 2644 3360 quare
2662 3317 2695 3349 in

1702 3371 1833 3392 ornnem
1856 3361 1971 3392 feretur
1993 3369 2124 3403 partem.

1635 3480 1685 3499 cus
1699 3480 1822 3508 corpore
1836 3470 1972 3507 privatus,
1984 3470 2121 3508 assignari
2136 3470 2235 3508 nequit
2249 3471 2286 3499 ad
2297 3479 2385 3508 quam
2399 3477 2510 3507 partem
2524 3478 2628 3506 corpus
2642 3477 2695 3498 nn·
2742 3484 2748 3491 ·

1634 3510 1763 3539 turaliter
1777 3517 1940 3546 moveatur;
1964 3519 2088 3539 vacuum
2108 3510 2185 3547 enim
2206 3519 2267 3539 non
2288 3510 2374 3539 habet
2395 3516 2527 3538 naturam
2541 3517 2593 3546 per
2606 3517 2694 3546 quam

1635 3550 1726 3587 possit
1747 3550 1900 3578 convenire
1915 3550 1959 3578 vel
1973 3549 2171 3579 disconvenire
2185 3559 2202 3578 a
2216 3558 2338 3586 corpore
2352 3548 2482 3584 naturali,
2498 3549 2577 3586 quod
2598 3554 2694 3576 tamen

1636 3589 1801 3618 naturaliter
1822 3591 1858 3618 ab
1879 3598 1938 3618 una
1958 3595 2038 3626 parte
2059 3588 2174 3624 recedit,
2196 3595 2224 3617 et
2244 3588 2353 3617 accedit
2373 3589 2410 3616 ad
2430 3587 2525 3616 aliam.
2545 3603 2564 3609 -
2584 3587 2693 3615 Eadem

1636 3629 1708 3658 ratio
1736 3629 1810 3658 valet
1837 3635 1938 3657 contra
1958 3634 2099 3665 ponentes
2125 3628 2222 3656 locum
2244 3636 2305 3656 esse
2330 3627 2453 3664 spatium
2481 3633 2652 3663 separatum.
2675 3643 2694 3648 -

2717 822 2729 835 ⁸
2747 821 2805 851 cap.

2717 851 2776 872 text.
2785 848 2834 876 ⁶⁴..
2852 821 2931 863 fs*

2718 1175 2729 1186 ·
2742 1174 2811 1198 rm.
2825 1175 2862 1205 ⁶⁵·

2720 1749 2814 1773 ‘Text-
2825 1749 2865 1773 ⁶6.

2721 2052 2732 2062 '
2746 2051 2814 2075 Text.
2829 2052 2866 2081 67.
