2950 4004
199 1374 211 1385 ⁴
226 1374 290 1395 circa
305 1373 348 1394 hoc
365 1379 411 1394 om.

199 1406 263 1448 Ξῗςτο
272 1426 324 1448 cod.
331 1432 356 1451 Q.
367 1425 414 1446 vid.

200 1453 275 1474 Praef.

203 1531 212 1540 ·
225 1531 294 1552 Ν11111.
311 1537 341 1552 10.

201 1739 211 1747 ·’
226 1737 287 1758 Lect.
303 1742 325 1763 n,
341 1743 363 1757 n.
374 1743 397 1762 4.

200 1904 210 1914 ⁴¹
217 1903 340 1925 secundum
346 1903 413 1925 codd.

200 1937 250 1952 exc.
266 1936 324 1952 11511.

204 2536 215 2546 ·“
229 2535 323 2563 quando
337 2540 405 2556 ozon.

209 2853 218 2861 ⁸
234 2853 359 2878 etparvum
367 2850 420 2871 add.

209 2883 367 2898 υεοκικκοετ.

210 3068 217 3075 ·
233 3067 256 3088 in
272 3073 319 3088 om.
335 3065 403 3087 codd.

308 3103 322 3119 κ

445 294 518 328 114

441 361 604 398 cendum
640 367 709 407 est,
744 360 848 409 quod
881 373 960 397 non
994 361 1161 410 sequitur
1193 361 1298 411 quod
1331 362 1427 399 actio
1467 369 1503 399 et

439 414 565 463 passio
586 414 660 451 sint
687 413 801 461 idern,
822 414 883 450 vel
904 413 1030 451 doctio
1052 421 1088 450 et
1108 414 1288 462 doctrina,
1310 415 1377 452 sed
1396 415 1501 463 quod

440 474 567 504 motus
596 466 656 503 cui
683 466 779 503 inest
805 473 1009 514 utrumque
1040 479 1185 514 eorum,
1216 467 1262 504 sit
1288 467 1402 505 idem.
1425 468 1501 515 Qui

441 519 596 568 quidem
637 527 764 556 motus
806 519 1018 556 secundum
1058 531 1178 557 unam
1219 519 1404 558 rationem
1448 528 1503 558 est

440 573 557 620 actio,
588 580 624 609 et
657 572 867 609 secundum
902 572 1016 609 aliam
1054 572 1238 610 rationem
1274 581 1328 610 est
1360 574 1500 622 passio.

440 626 611 662 Alterum
632 625 734 662 enirn
755 632 810 661 est
829 625 1039 662 secundum
1060 626 1247 662 rationem
1273 638 1354 663 esse
1374 634 1501 663 actum

440 678 552 715 huius
581 685 620 714 ut
646 678 682 714 in
702 679 783 721 hoc,
815 685 850 714 et
879 689 960 715 esse
989 685 1116 715 actum
1135 678 1247 716 huius
1274 686 1316 716 ut
1343 680 1391 716 ab
1418 680 1499 716 hoc.

440 732 569 768 Motus
603 738 731 768 autem
767 730 900 768 dicitur
933 731 1031 767 actio
1064 732 1277 769 secundum
1310 732 1414 781 quod
1447 739 1503 769 est

441 791 545 820 actus
574 783 716 831 agentis
741 790 783 820 ut
806 783 854 820 ab
874 783 964 820 hoc:
995 783 1127 820 dicitur
1150 792 1278 821 autern
1296 784 1424 833 passio
1444 797 1500 821 se-

441 837 610 874 cundum
645 836 750 885 quod
778 843 833 872 est
861 843 965 873 actus
996 836 1170 884 patientis
1198 844 1239 873 ut
1265 837 1304 873 in
1331 838 1416 874 hoc.
1453 838 1502 874 Et

439 889 493 926 516
521 897 622 938 patet
649 889 753 937 quod
782 888 866 925 licet
893 897 1020 926 motus
1049 889 1095 926 sit
1117 889 1219 926 idern
1248 889 1438 927 moventis
1467 897 1503 927 et

440 943 546 990 moti,
566 950 719 991 propter
745 942 820 978 hoc
844 941 949 990 quod
977 942 1157 978 abstrahit
1180 943 1228 979 ab
1256 950 1416 992 utraque
1445 954 1501 979 ra-

439 996 558 1042 tione,
597 1003 726 1032 tamen
763 994 860 1031 actio
898 1001 933 1030 et
969 994 1095 1042 passio
1134 995 1312 1032 differunt
1347 1002 1503 1044 propter

440 1049 525 1095 hoc,
555 1048 659 1097 quod
691 1049 759 1084 has
793 1047 961 1084 diversas
995 1047 1156 1084 rationes
1189 1048 1228 1085 in
1263 1060 1331 1085 sua
1363 1048 1502 1096 signifi-

441 1101 587 1138 catione
616 1101 856 1137 includunt.—
873 1100 930 1136 Ex
949 1100 1023 1137 hoc
1043 1108 1170 1137 autem
1199 1108 1356 1149 apparet
1384 1101 1499 1150 quod,

441 1166 529 1190 cum
564 1161 690 1190 motus
719 1153 908 1189 abstrahat
936 1165 958 1189 a
987 1153 1132 1190 ratione
1165 1153 1321 1191 actionis
1351 1162 1386 1190 et
1417 1166 1502 1202 pas-

441 1206 567 1254 sionis,
597 1218 675 1243 non
705 1205 914 1242 continetur
941 1205 979 1242 in
1006 1206 1316 1254 praedicamento
1345 1206 1501 1243 actionis

441 1271 564 1308 neque
601 1258 640 1295 in
677 1258 986 1307 praedicamento
1024 1259 1231 1307 passionis,
1269 1267 1311 1296 ut
1345 1259 1501 1308 quidam

442 1312 624 1350 dixerunt.

501 1377 557 1411 14.
580 1363 656 1401 Sed
677 1370 788 1400 restat
807 1363 904 1399 circa
923 1363 997 1399 hoc
1013 1364 1032 1384 '⁴⁴
1049 1364 1188 1412 duplex
1208 1363 1401 1401 dubitatio.
1422 1363 1500 1400 Pri-

442 1431 505 1455 ma
535 1419 554 1439 ’¹²
584 1416 738 1466 quidem
767 1416 866 1464 quia,
897 1415 926 1452 si
955 1416 1051 1453 actio
1082 1424 1118 1453 et
1144 1416 1270 1465 passio
1300 1416 1372 1453 sint
1399 1429 1498 1453 unus

443 1478 580 1517 motus,
612 1477 647 1506 et
675 1481 754 1506 non
774 1468 951 1505 differunt
970 1469 1040 1505 nisi
1069 1470 1280 1506 secundum
1300 1469 1499 1515 rationem,

441 1532 482 1561 ut
502 1524 643 1561 dictum
670 1529 725 1558 est
746 1522 781 1568 ²³³,
802 1521 952 1558 videtur
979 1522 1084 1570 quod
1114 1534 1191 1558 non
1221 1522 1385 1558 debeant
1419 1533 1500 1558 esse

443 1577 519 1614 duo
547 1574 864 1625 praedicamenta,
895 1585 983 1609 cum
1011 1574 1320 1622 praedicamenta
1339 1573 1412 1611 sint
1438 1586 1500 1622 ge-

442 1642 533 1666 nera
561 1640 699 1665 rerum.
729 1647 752 1654 -
783 1628 897 1672 Item,
928 1626 958 1662 si
986 1634 1113 1663 motus
1139 1628 1202 1664 vel
1232 1634 1287 1663 est
1314 1626 1411 1663 actio
1439 1627 1501 1663 vel

441 1682 578 1730 passio,
609 1692 687 1717 non
715 1679 928 1716 invenietur
948 1686 1075 1716 motus
1102 1679 1141 1716 in
1170 1679 1386 1726 substantia,
1408 1692 1500 1728 qua-

440 1735 551 1782 litate,
573 1732 775 1783 quantitate
797 1739 832 1768 et
850 1731 927 1779 ubi,
952 1739 992 1768 ut
1012 1745 1127 1781 supra
1141 1734 1161 1754 *
1178 1732 1320 1769 dictum
1341 1740 1413 1778 est;
1434 1732 1502 1769 sed

441 1789 565 1825 solum
595 1785 845 1823 continebitur
872 1784 910 1820 in
939 1784 1086 1822 actione
1116 1793 1151 1822 et
1177 1785 1366 1834 passione.

501 1842 557 1877 15.
586 1839 648 1876 Ad
666 1839 803 1875 horum
833 1837 942 1884 igitur
971 1837 1202 1874 evidentiam
1231 1837 1427 1875 sciendum
1449 1845 1504 1874 est

441 1893 546 1942 quod
567 1905 633 1928 ens
653 1890 830 1928 dividitur
854 1890 891 1926 in
945 1890 1079 1927 decem
1098 1891 1406 1939 praedicamenta
1424 1902 1503 1932 non

440 1946 626 1992 univoce,
661 1944 756 1980 sicut
783 1955 901 1991 genus
929 1943 967 1980 in
996 1943 1161 1992 species,
1196 1944 1263 1980 sed
1291 1944 1503 1980 secundum

444 1999 636 2037 diversum
666 1996 828 2033 modum
862 1996 1022 2034 essendi.
1058 1997 1166 2033 Modi
1199 2004 1326 2033 autem
1355 1995 1505 2032 essendi

443 2050 743 2101 proportionales
777 2056 863 2086 sunt
899 2049 1024 2086 modis
1058 2049 1313 2098 praedicandi.
1352 2048 1505 2086 Praedi—

445 2105 566 2142 cando
589 2103 690 2140 enim
710 2102 850 2150 aliquid
871 2102 918 2139 de
938 2102 1063 2151 aliquo
1089 2103 1217 2149 altero,
1249 2102 1408 2139 dicimus
1431 2103 1506 2138 hoc

446 2170 527 2195 esse
547 2156 637 2193 illud
656 2163 680 2192 ¹:
701 2156 804 2192 unde
829 2163 865 2192 et
886 2155 1020 2192 decem
1043 2167 1182 2203 genera
1211 2155 1304 2191 entis
1334 2155 1508 2192 dicuntur

446 2212 578 2248 decern
607 2208 926 2258 praedicamenta.

498 2261 709 2311 Tripliciter
737 2269 864 2298 autem
898 2261 940 2298 fit
969 2260 1093 2298 omnis
1125 2260 1367 2309 praedicatio.
1397 2261 1506 2297 Unus

444 2316 600 2365 quidem
633 2314 772 2351 modus
806 2322 879 2361 est,
915 2313 1068 2362 quando
1102 2314 1148 2350 de
1182 2313 1307 2362 aliquo
1337 2313 1506 2349 subiecto

443 2368 680 2418 praedicatur
707 2367 745 2404 id
778 2367 882 2416 quod
914 2366 1075 2415 pertinet
1103 2366 1150 2403 ad
1185 2365 1385 2403 essentiam
1415 2365 1505 2413 eius,

444 2429 486 2458 ut
515 2434 602 2458 cum
637 2421 720 2457 dico
758 2421 928 2456 Socrates
965 2426 1019 2456 est
1052 2420 1185 2465 homo,
1218 2420 1280 2456 vel
1317 2420 1429 2455 homo
1457 2424 1511 2455 est

444 2475 587 2512 animal
593 2488 606 2518 ;
635 2481 669 2510 et
688 2473 899 2510 secundum
922 2474 997 2509 hoc
1018 2472 1196 2520 accipitur
1222 2471 1508 2521 praedicamen-

444 2535 525 2564 tum
553 2526 788 2564 substantiae.
805 2547 828 2553 -
850 2525 956 2562 Alius
976 2533 1103 2562 autern
1129 2525 1268 2562 modus
1298 2532 1353 2561 est
1381 2537 1458 2573 quo
1488 2525 1507 2546 ²¹²

444 2581 682 2630 praedicatur
720 2580 766 2616 de
800 2579 925 2626 aliquo
959 2579 995 2616 id
1035 2578 1140 2627 quod
1171 2590 1250 2614 non
1283 2585 1338 2614 est
1371 2577 1418 2613 de
1452 2589 1508 2613 es-

445 2634 563 2670 sentia
601 2632 704 2679 eius,
743 2639 872 2668 tamen
909 2631 1078 2668 inhaeret
1115 2630 1166 2667 ei.·
1199 2630 1315 2676 Quod
1353 2629 1507 2677 quidem

445 2687 507 2723 vel
536 2699 575 2723 se
604 2686 717 2722 habet
751 2697 795 2721 ex
827 2691 932 2734 parte
961 2683 1141 2720 materiae
1170 2681 1346 2728 subiecti,
1386 2689 1422 2717 et
1450 2693 1506 2717 se-

447 2740 615 2776 cundum
635 2739 709 2775 hoc
726 2746 781 2774 est
795 2737 1146 2786 praedicamentum
1165 2734 1378 2782 quantitatis
1397 2736 1507 2780 (narn

448 2792 633 2841 quantitas
652 2790 804 2839 proprie
833 2788 1074 2837 consequitur
1102 2787 1320 2824 materiam:
1350 2787 1451 2823 unde
1473 2794 1508 2823 et

447 2846 553 2882 Plato
569 2843 695 2893 posuit
709 2843 922 2890 magnum*
938 2854 983 2878 ex
996 2848 1101 2891 parte
1116 2840 1323 2886 materiae);
1341 2847 1404 2876 aut
1419 2852 1507 2876 con-

449 2897 616 2946 sequitur
635 2897 816 2941 formam,
839 2902 874 2931 et
900 2894 952 2930 sic
972 2901 1027 2930 est
1045 2893 1396 2942 praedicamentum
1417 2904 1509 2940 qua-

450 2951 558 2987 litatis
586 2948 701 2996 (unde
732 2955 767 2984 et
796 2947 991 2995 qualitates
1020 2946 1224 2983 fundantur
1252 2957 1365 2994 super
1390 2958 1508 2993 quan-

449 3003 603 3046 titatem,
625 3001 719 3037 sicut
738 3001 841 3036 color
860 3000 898 3036 in
919 2998 1129 3048 superficie,
1152 3006 1187 3034 et
1206 2998 1327 3045 figura
1346 2997 1384 3034 in
1403 2998 1508 3034 lineis

448 3056 510 3093 vel
526 3055 563 3092 in
611 3053 908 3102 superficiebus);
925 3060 989 3089 aut
1003 3065 1043 3088 se
1058 3052 1171 3088 habet
1185 3058 1198 3071 ’‘
1213 3063 1281 3099 per
1295 3057 1508 3099 respectum

450 3108 499 3145 ad
518 3109 695 3154 alterum,
722 3113 758 3142 et
786 3105 839 3142 sic
868 3113 922 3141 est
949 3105 1299 3154 praedicamentum
1321 3104 1509 3140 relationis

451 3164 553 3208 (611111
584 3159 683 3196 6111111
706 3159 789 3195 dico
818 3159 929 3195 homo
959 3163 1012 3194 est
1031 3163 1152 3206 pater,
1177 3169 1254 3193 non
1274 3156 1510 3204 praedicatur

451 3214 497 3251 de
517 3213 672 3251 homine
702 3211 841 3260 aliquid
870 3211 1098 3257 absolutum,
1129 3210 1195 3246 sed
1225 3216 1416 3257 respectus
1444 3209 1508 3257 qui

453 3267 485 3303 ci
514 3267 609 3303 inest
629 3265 676 3302 ad
697 3264 837 3313 aliquid
866 3263 1149 3309 extrinsecum).
1166 3283 1190 3290 -
1211 3262 1362 3298 Tertius
1381 3269 1508 3298 autern

452 3319 589 3356 modus
617 3317 859 3367 praedicandi
893 3325 967 3363 est,
1007 3316 1159 3365 quando
1198 3314 1336 3363 aliquid
1376 3314 1509 3351 extrin-

453 3385 583 3408 secum
604 3373 649 3408 de
671 3371 795 3419 aliquo
823 3370 1060 3419 praedicatur
1079 3381 1147 3418 per
1166 3369 1326 3405 modum
1355 3367 1510 3404 alicuius

509 3509 526 3540 ι)
548 3509 729 3534 Praedicando
748 3510 844 3534 enim...
860 3509 1023 3537 inunt-Pb,-
1041 3509 1064 3534 Υ
1085 3509 1142 3534 add.
1156 3509 1204 3534 hoc
1218 3513 1277 3542 post
1295 3509 1380 3538 enim5
1400 3509 1510 3533 Praedi-

1066 282 1411 321 PHYSICORUM
1438 282 1789 322 ARISTOTELIS
1819 285 1913 321 LIB.
1944 285 1994 321 III

1558 362 1893 400 denominationis:
1923 362 1975 400 sic
1996 363 2098 401 enim
2120 369 2156 400 et
2174 364 2382 402 accidentia
2410 366 2618 404 extrinseca

1559 416 1605 453 de
1625 416 1840 453 substantiis
1868 416 2148 465 praedicantum
2169 429 2248 454 non
2266 425 2395 455 tamen
2416 420 2436 441 *²
2457 419 2617 457 dicimus

1557 469 1662 518 quod
1690 470 1809 506 homo
1830 468 1875 506 sit
1894 469 2043 517 albedo,
2064 469 2131 507 sed
2159 470 2265 519 quod
2291 471 2412 508 homo
2433 471 2479 509 sit
2497 473 2616 510 albus.

1557 522 1807 559 Denominari
1823 529 1950 559 autem
1966 523 2014 559 ab
2031 522 2157 571 aliquo
2175 522 2383 560 extrinseco
2398 523 2587 562 invenitur
2598 526 2618 547 ‘³‘

1557 574 1713 623 quidern
1743 574 2034 624 quodammodo
2064 575 2318 612 communiter
2349 575 2389 613 in
2417 577 2616 627 omnibus,

1558 634 1594 664 et
1621 627 1748 676 aliquo
1779 628 1897 665 modo
1926 628 2136 676 specialiter
2162 628 2201 665 in
2219 628 2263 665 iis
2291 641 2391 678 quae
2418 629 2469 666 ad
2495 630 2619 667 homi-

1556 691 1624 717 nes
1651 680 1839 728 pertinent
1866 687 2025 718 tantum.

1611 733 1876 770 Communiter
1903 740 2031 770 autern
2058 733 2248 771 invenitur
2275 733 2416 782 aliquid
2448 733 2621 771 denomi-

1557 785 1637 822 nari
1670 786 1718 822 ab
1753 785 1879 834 aliquo
1916 786 2144 834 extrinseco,
2177 787 2240 824 vel
2268 786 2480 824 secundum
2507 786 2620 824 ratio-

1556 850 1646 875 nem
1676 850 1827 886 causae,
1856 839 1918 875 vel
1946 838 2157 876 secundum
2186 839 2372 877 rationem
2400 852 2618 887 mensurae;

1558 890 1825 927 denominatur
1861 891 1963 928 enim
2001 891 2142 940 aliquid
2174 899 2371 930 causatum
2405 900 2441 930 et
2467 905 2620 930 mensu-

1558 951 1680 980 ratum
1718 944 1766 980 ab
1795 943 1920 992 aliquo
1955 944 2136 981 exteriori.
2176 945 2277 982 Cum
2305 953 2433 982 autem
2457 953 2622 995 quatuor

1557 996 1630 1033 sint
1661 1008 1800 1044 genera
1834 1008 2050 1044 causarum,
2085 997 2162 1034 duo
2178 999 2197 1017 '⁹
2213 1010 2259 1034 ex
2289 998 2348 1035 his
2380 1005 2468 1035 sunt
2493 1006 2618 1047 partes

1558 1049 1758 1097 essentiae,
1788 1049 1927 1086 scilicet
1954 1050 2114 1086 materia
2141 1059 2177 1086 et
2204 1050 2348 1087 forma:
2381 1051 2483 1088 unde
2510 1063 2618 1099 prae-

1558 1101 1693 1138 dicatio
1727 1113 1826 1150 quae
1862 1109 1993 1150 posset
2025 1102 2108 1138 fieri
2146 1102 2356 1139 secundum
2385 1103 2482 1140 11366
2515 1103 2617 1151 duo,

1556 1153 1716 1203 pertinet
1747 1154 1796 1191 ad
1827 1154 2182 1202 praedicamentum
2209 1154 2460 1202 substantiae,
2488 1162 2619 1204 utpote

1557 1207 1587 1243 si
1616 1206 1787 1244 dicamus
1823 1206 1928 1254 quod
1960 1208 2080 1243 homo
2114 1214 2169 1243 est
2201 1207 2402 1255 rationalis,
2433 1215 2469 1244 et
2499 1209 2619 1245 homo

1558 1266 1613 1296 est
1641 1271 1857 1307 corporeus.
1889 1259 2015 1296 Causa
2051 1265 2179 1296 autem
2206 1259 2330 1296 finalis
2375 1272 2455 1297 non
2493 1266 2622 1298 causat

1557 1323 1730 1348 seorsum
1759 1311 1900 1360 aliquid
1928 1312 1976 1348 ab
2005 1318 2158 1359 agente:
2187 1311 2372 1350 intantum
2407 1313 2510 1350 enim
2534 1313 2621 1351 finis

1556 1365 1670 1401 habet
1697 1363 1883 1400 rationem
1912 1374 2064 1411 causae,
2091 1364 2315 1413 inquantum
2343 1373 2474 1403 movet
2507 1378 2619 1414 agen-

1555 1424 1646 1453 tem.
1677 1417 1866 1453 Remanet
1893 1415 2002 1463 igitur
2024 1417 2105 1453 sola
2124 1429 2238 1454 causa
2265 1429 2380 1465 agens
2408 1430 2430 1454 a
2458 1431 2534 1467 qua
2551 1431 2620 1468 po-

1556 1477 1626 1506 test
1646 1468 1885 1506 denominari
1904 1468 2044 1518 aliquid
2071 1469 2167 1506 sicut
2186 1470 2233 1507 ab
2259 1470 2443 1508 exteriori.
2474 1471 2537 1508 Sic
2555 1471 2620 1519 igi-

1556 1529 1616 1558 tur
1635 1521 1847 1558 secundum
1877 1522 1980 1570 quod
2008 1521 2148 1571 aliquid
2174 1523 2442 1560 denominatur
2466 1536 2489 1560 a
2507 1535 2623 1561 causa

1556 1581 1706 1622 agente,
1737 1581 1793 1611 est
1824 1574 2178 1623 praedicamentum
2199 1576 2397 1624 passionis,
2426 1588 2517 1613 nam
2545 1576 2624 1626 pati

1556 1627 1647 1664 nihil
1667 1635 1723 1664 est
1741 1627 1841 1664 aliud
1861 1639 1976 1676 quarn
1996 1627 2188 1677 suscipere
2205 1629 2226 1649 '¹‘
2245 1628 2384 1678 aliquid
2403 1629 2451 1666 ab
2471 1637 2621 1677 agente:

1556 1680 1768 1717 secundum
1797 1687 1926 1717 autem
1954 1680 2059 1728 quod
2088 1693 2108 1717 e
2138 1693 2324 1718 converso
2355 1681 2622 1719 denominatur

1557 1745 1671 1770 causa
1690 1745 1804 1780 agens
1825 1733 1872 1769 ab
1893 1732 2041 1781 effectu,
2062 1741 2118 1770 est
2135 1733 2487 1782 praedicamentum
2509 1735 2622 1772 actio-

1558 1786 1626 1831 nis,
1656 1797 1745 1822 nam
1774 1785 1871 1822 actio
1902 1793 1958 1822 est
1989 1793 2094 1823 actus
2126 1787 2174 1823 ab
2207 1794 2340 1835 agente
2372 1787 2411 1824 in
2439 1787 2552 1835 aliud,
2580 1794 2623 1825 ut

1558 1851 1673 1887 supra
1688 1839 1708 1859 '⁴²
1724 1838 1866 1875 dictum
1887 1845 1951 1875 est.
1963 1859 1987 1866 -
2000 1839 2180 1876 Mensura
2199 1847 2327 1876 autern
2347 1840 2539 1888 quaedam
2567 1846 2623 1878 est
2648 1849 2658 1862 ·

1560 1891 1766 1928 extrinseca
1786 1898 1821 1927 et
1849 1892 2038 1939 quaedam
2066 1891 2277 1930 intrinseca.
2308 1892 2512 1930 Intrinseca
2539 1893 2622 1942 qui-.

1561 1944 1650 1981 dem
1675 1944 1769 1981 sicut
1792 1943 1947 1992 propria
1968 1943 2163 1992 longitudo
2187 1945 2483 1993 uniuscuiusque
2512 1953 2548 1982 et
2570 1946 2622 1983 la-

1559 1997 1679 2034 titudo
1700 2004 1736 2033 61
1753 1996 2001 2045 profunditas:
2022 1997 2070 2033 ab
2090 1997 2147 2034 his
2168 2009 2256 2045 ergo
2278 1997 2544 2035 denominatur
2557 1998 2622 2036 ali-

1561 2049 1652 2098 quid
1672 2049 1766 2086 sicut
1794 2050 1841 2086 ab
1861 2049 2061 2086 intrinseco
2081 2049 2318 2096 inhaerente,
2337 2050 2440 2088 unde
2463 2050 2624 2099 pertinet

1561 2102 1610 2139 ad
1628 2102 1979 2151 praedicamentum
1999 2102 2224 2150 quantitatis.
2254 2103 2469 2140 Exteriores
2492 2110 2622 2141 autem

1562 2167 1763 2192 mensurae
1792 2162 1878 2191 sunt
1900 2161 2051 2203 tempus
2071 2162 2108 2191 et
2131 2156 2258 2192 locus:
2278 2156 2491 2193 secundum
2514 2156 2624 2204 igitur

1563 2207 1667 2256 quod
1695 2206 1836 2256 aliquid
1857 2207 2125 2244 denominatur
2143 2220 2166 2244 a
2183 2215 2375 2256 tempore,
2397 2216 2453 2245 est
2475 2209 2624 2257 praedi-

1564 2268 1782 2297 camentum
1801 2261 1965 2308 quando:
1988 2260 2198 2297 secundum
2224 2268 2352 2298 autem
2380 2261 2486 2309 quod
2507 2261 2624 2299 deno—

1563 2313 1727 2350 minatur
1754 2326 1776 2349 a
1803 2313 1901 2360 loco,
1922 2320 1978 2349 est
2003 2313 2356 2361 praedicamentum
2377 2315 2442 2350 uhi
2459 2321 2495 2351 et
2520 2314 2621 2361 situs,

1563 2367 1668 2415 quod
1695 2365 1798 2403 addit
1821 2377 1936 2414 supra
1964 2367 2027 2402 uhi
2053 2365 2228 2403 ordinem
2255 2366 2420 2414 partium
2453 2366 2492 2403 in
2523 2367 2622 2405 loco.

1563 2420 1648 2455 Hoc
1676 2425 1804 2455 autem
1832 2430 1910 2454 non
1939 2425 2017 2454 erat
2044 2418 2300 2455 necessarium
2329 2418 2417 2456 addi
2445 2431 2490 2455 ex
2516 2427 2623 2467 parte

1562 2471 1760 2520 temporis,
1778 2482 1864 2507 cum
1886 2471 1980 2507 ordo
1999 2470 2163 2519 partium
2179 2470 2217 2507 in
2232 2479 2405 2519 tempore
2425 2471 2463 2508 in
2478 2472 2622 2509 ratione

1562 2523 1745 2572 temporis
1773 2523 2015 2572 importetur:
2046 2530 2101 2560 est
2130 2523 2231 2560 enirn
2259 2531 2410 2572 tempus
2439 2535 2620 2562 numerus

1563 2584 1690 2614 motus
1710 2575 1922 2612 secundum
1940 2575 2044 2624 prius
2065 2583 2101 2612 et
2123 2576 2322 2624 posterius.
2350 2576 2412 2613 Sic
2430 2576 2539 2624 igitur
2558 2577 2622 2614 ali-

1563 2629 1653 2678 quid
1682 2629 1814 2665 dicitur
1842 2641 1923 2665 6556
1951 2629 2100 2677 quando
2134 2629 2196 2666 vel
2220 2630 2284 2666 uhi
2305 2641 2374 2678 per
2402 2629 2623 2667 denomina-

1563 2682 1706 2718 tionem
1734 2694 1757 2718 a
1785 2688 1957 2729 tempore
1985 2681 2047 2718 vel
2074 2693 2096 2717 a
2123 2681 2220 2718 loco.

1620 2735 1687 2771 Est
1721 2741 1848 2770 autem
1886 2734 1906 2755 ’¹⁵
1940 2733 2081 2782 aliquid
2118 2734 2278 2782 speciale
2315 2735 2355 2771 in
2391 2734 2622 2772 hominibus.

1563 2788 1605 2823 In
1629 2787 1648 2808 ’¹‘
1670 2787 1748 2823 aliis
1773 2787 1874 2823 enirn
1900 2786 2125 2823 animalibus
2153 2794 2286 2824 natura
2309 2787 2412 2825 dedit
2434 2787 2624 2826 sufficien-

1562 2847 1617 2876 ter
1643 2853 1687 2876 ea
1721 2852 1818 2888 quae
1851 2839 1900 2876 ad
1926 2839 2254 2877 conservationem
2287 2840 2387 2878 vitae
2414 2840 2623 2890 pertinent,

1561 2900 1603 2929 ut
1627 2905 1770 2929 cornua
1798 2892 1847 2929 ad
1875 2892 2176 2940 defendendum,
2211 2893 2358 2930 corium
2385 2905 2559 2941 grossum
2589 2901 2625 2931 et

1562 2945 1727 2994 pilosum
1747 2945 1796 2982 ad
1818 2946 2034 2993 tegendum,
2055 2946 2215 2993 ungulas
2243 2947 2304 2983 vel
2332 2946 2472 2995 aliquid
2496 2946 2624 2983 huius-

1563 2998 1668 3035 modi
1696 2998 1744 3035 ad
1764 2998 2020 3035 incedendum
2042 2999 2061 3019 *
2080 2998 2160 3035 51116
2184 2999 2362 3037 laesione.
2391 3000 2440 3036 Et
2463 2998 2516 3035 sic
2535 3011 2624 3036 cum

1562 3050 1649 3087 talia
1673 3050 1849 3087 animalia
1869 3050 2045 3087 dicuntur
2063 3058 2207 3088 armata
2225 3052 2287 3088 vel
2314 3051 2448 3098 vestita
2467 3052 2530 3088 vel
2550 3052 2623 3089 eal-

1564 3111 1688 3150 66313,
1728 3103 2017 3152 quodammodo
2046 3116 2125 3140 non
2154 3103 2446 3153 denominantur
2479 3105 2526 3141 ab
2559 3104 2623 3142 ali-

1563 3169 1638 3204 quo
1674 3156 1901 3203 extrinseco,
1935 3156 2003 3193 sed
2037 3157 2083 3193 ab
2117 3157 2302 3205 aliquibus
2334 3157 2411 3194 suis
2442 3157 2622 3206 partibus.

1564 3208 1673 3246 Unde
1706 3209 1780 3245 hoc
1813 3209 1968 3245 refertur
2001 3209 2039 3245 in
2067 3209 2124 3245 his
2154 3211 2173 3231 “r'
2197 3210 2245 3247 ad
2273 3210 2623 3259 praedicamentum

1564 3261 1816 3298 substantiae:
1851 3269 1891 3298 ut
1918 3268 2008 3310 puta
2041 3261 2070 3298 si
2105 3261 2289 3299 diceretur
2318 3264 2336 3283 ’ἧς
2366 3264 2471 3312 quod
2503 3265 2622 3302 horno

1565 3322 1620 3351 est
1652 3320 1851 3351 manuatus
1883 3315 1944 3352 vel
1975 3315 2143 3363 pedatus.
2183 3316 2260 3352 Sed
2296 3316 2514 3354 huiusmodi
2546 3328 2624 3354 non

1564 3375 1739 3416 poterant
1775 3367 1854 3405 dari
1886 3368 2032 3405 homini
2069 3380 2091 3404 a
2123 3375 2276 3416 natura,
2315 3377 2397 3406 turn
2430 3369 2519 3419 quia
2546 3381 2624 3406 non

1617 3510 1641 3540 κ)
1661 3512 1709 3533 aut
1727 3516 1753 3534 se
1772 3509 1856 3534 habet.
1875 3523 1893 3527 -
1906 3509 1981 3534 aliud
2003 3512 2044 3534 est
2061 3508 2143 3541 prima
2162 3516 2239 3534 manu
2264 3508 2360 3534 habent
2382 3509 2403 3533 E
2428 3514 2452 3534 et
2471 3513 2499 3533 ut
2523 3508 2624 3532 videtur

455 3543 540 3568 cando
559 3544 626 3567 enim
646 3544 693 3569 hoc
711 3545 812 3575 aliquid
832 3545 863 3569 dc
881 3545 965 3570 altero
984 3545 1072 3577 aliquo
1092 3545 1203 3570 dicimus
1222 3551 1277 3569 esse
1295 3544 1361 3569 illud
1380 3544 1510 3568 ΑΙΚΝΟΤ
1565 3544 1595 3575 G,
1615 3547 1663 3569 aut
1683 3544 1749 3569 inest
1771 3544 1866 3568 habent
1884 3543 2103 3574 DHLMORSsG,
2122 3547 2170 3568 aut
2184 3547 2223 3569 ese
2237 3543 2313 3569 ceteri
2332 3544 2433 3568 codices
2447 3547 2473 3568 et
2487 3543 2537 3568 ab.
2549 3556 2568 3562 —
2582 3543 2622 3567 ln-

456 3578 554 3607 VXZa;
572 3579 656 3603 altero
671 3587 723 3603 om.
739 3579 957 3611 DEFGHLMR&
973 3580 1048 3604 ctiam
1064 3580 1111 3605 hoc
1127 3587 1180 3605 om.
1195 3581 1224 3609 ὃς
1240 3579 1423 3604 Praedicando
1442 3578 1510 3604 enim
1565 3579 1642 3603 serius
1663 3587 1709 3612 pro
1727 3580 1874 3604 absolutum
1890 3578 1980 3603 LORS
1995 3578 2088 3603 hubent
2102 3579 2296 3609 extritisecum5
2315 3578 2391 3604 ceteri
2409 3578 2510 3603 codices
2529 3583 2554 3603 et
2568 3577 2621 3602 edi·

456 3613 504 3638 1106
517 3613 617 3645 aliquid
636 3613 668 3638 dc
680 3614 764 3638 altero
783 3615 870 3646 aliquo
890 3615 947 3646 (cet.
962 3616 1026 3646 om.)
1045 3615 1160 3640 subiecto
1176 3615 1351 3647 praedicatur
1370 3615 1398 3639 C.

1565 3615 1648 3639 tiones
1667 3615 1708 3639 ab
1727 3614 1857 3639 omittunt.

2645 427 2658 438 ⁴
2668 427 2728 448 enim
2735 432 2751 448 a
2759 430 2781 450 et
2789 427 2858 450 codd.

2648 459 2697 475 exc.
2704 459 2748 475 rm:
2753 454 2814 476 enlm
2821 456 2859 476 ta-

2646 485 2698 501 men
2712 480 2749 502 ed.
2757 479 2777 502 b.

2646 528 2654 536 ”
2666 527 2782 555 contingit
2787 527 2857 550 codd.
2911 512 2914 530 1

2647 557 2669 575 et
2683 553 2727 575 ab.

2645 1010 2656 1020 ‘¹
2670 1009 2732 1037 duae
2743 1014 2783 1031 ια.

2649 1643 2659 1652 ·
2672 1643 2779 1672 κείρει-6
2790 1649 2828 1666 ια.

2673 1849 2744 1872 Nam.
2757 1855 2780 1878 ⁹·

2650 2743 2660 2754 ’
2676 2743 2866 2771 Euthiam&
2918 2724 2930 2755 *v

2650 2770 2722 2817 itiam
2737 2775 2865 2792 numm

2651 2811 2700 2871 gn&
2715 2828 2763 2845 om.
2771 2827 2864 2846 mu

2650 3007 2661 3018 ⁸
2669 3006 2864 3031 inemendatum

2651 3036 2673 3054 61
2687 3033 2755 3055 codd.
2769 3038 2819 3055 exc.
2832 3038 2862 3056 or

2650 3065 2744 3082 onum.

2651 3219 2659 3228 ·
2674 3217 2732 3246 ipsis
2745 3223 2783 3240 ιο.

2650 3272 2661 3283 ⁸
2675 3273 2754 3299 utpote
2767 3271 2790 3292 u·
2800 3270 2863 3293 dice-

2650 3303 2699 3319 rem
2713 3296 2781 3319 codd.
2798 3297 2864 3319 dice-

2651 3330 2699 3345 rem
2713 3323 2782 3346 etium
2795 3329 2811 3346 a
2820 3323 2840 3346 b.
