<?xml version="1.0" encoding="UTF-8"?>
<!DOCTYPE html PUBLIC "-//W3C//DTD XHTML 1.0 Transitional//EN"
    "http://www.w3.org/TR/xhtml1/DTD/xhtml1-transitional.dtd">
<html xmlns="http://www.w3.org/1999/xhtml" xml:lang="en" lang="en">
 <head>
  <title>
</title>
<meta http-equiv="Content-Type" content="text/html;charset=utf-8" />
  <meta name='ocr-system' content='tesseract 3.04.00' />
  <meta name='ocr-capabilities' content='ocr_page ocr_carea ocr_par ocr_line ocrx_word'/>
</head>
<body>
  <div class='ocr_page' id='page_1' title='image "./operaomniaiussui02thom_0043.png"; bbox 0 0 2982 4022; ppageno 0'>
   <div class='ocr_carea' id='block_1_1' title="bbox 1183 219 2493 269">
    <p class='ocr_par' dir='ltr' id='par_1_1' title="bbox 1183 219 2493 269">
     <span class='ocr_line' id='line_1_1' title="bbox 1183 219 2493 269; baseline -0.003 -12"><span class='ocrx_word' id='word_1_1' title='bbox 1183 220 1293 257; x_wconf 86' lang='lat' dir='ltr'>CAP.</span> <span class='ocrx_word' id='word_1_2' title='bbox 1324 220 1392 266; x_wconf 89' lang='lat'>111,</span> <span class='ocrx_word' id='word_1_3' title='bbox 1423 219 1573 255; x_wconf 88' lang='lat' dir='ltr'>LECT.</span> <span class='ocrx_word' id='word_1_4' title='bbox 1602 219 1638 255; x_wconf 87' lang='lat' dir='ltr'>v</span> <span class='ocrx_word' id='word_1_5' title='bbox 2450 234 2493 269; x_wconf 76' lang='lat'>17</span> 
     </span>
    </p>
   </div>
   <div class='ocr_carea' id='block_1_2' title="bbox 87 298 1385 548">
    <p class='ocr_par' dir='ltr' id='par_1_2' title="bbox 87 298 1385 548">
     <span class='ocr_line' id='line_1_2' title="bbox 87 298 1382 350; baseline -0.005 -11"><span class='ocrx_word' id='word_1_6' title='bbox 87 313 159 334; x_wconf 59' lang='lat' dir='ltr'>‘non</span> <span class='ocrx_word' id='word_1_7' title='bbox 174 316 300 339; x_wconf 67' lang='lat' dir='ltr'>om-pzcs-</span> <span class='ocrx_word' id='word_1_8' title='bbox 327 301 572 350; x_wconf 84' lang='lat' dir='ltr'>gumentandi</span> <span class='ocrx_word' id='word_1_9' title='bbox 600 301 645 338; x_wconf 88' lang='lat' dir='ltr'>sit</span> <span class='ocrx_word' id='word_1_10' title='bbox 675 313 693 336; x_wconf 89' lang='lat' dir='ltr'>e</span> <span class='ocrx_word' id='word_1_11' title='bbox 723 312 908 338; x_wconf 82' lang='lat' dir='ltr'>converso</span> <span class='ocrx_word' id='word_1_12' title='bbox 938 310 1104 346; x_wconf 85' lang='lat' dir='ltr'>arguere.</span> <span class='ocrx_word' id='word_1_13' title='bbox 1133 298 1243 335; x_wconf 90' lang='lat' dir='ltr'>Unde</span> <span class='ocrx_word' id='word_1_14' title='bbox 1268 310 1346 334; x_wconf 88' lang='lat' dir='ltr'>non</span> <span class='ocrx_word' id='word_1_15' title='bbox 1363 298 1382 318; x_wconf 56' lang='lat'>²²</span> 
     </span>
     <span class='ocr_line' id='line_1_3' title="bbox 327 350 1383 403; baseline -0.005 -12"><span class='ocrx_word' id='word_1_16' title='bbox 327 355 510 403; x_wconf 88' lang='lat' dir='ltr'>sequitur:</span> <span class='ocrx_word' id='word_1_17' title='bbox 540 354 571 390; x_wconf 91' lang='lat' dir='ltr'>si</span> <span class='ocrx_word' id='word_1_18' title='bbox 596 361 650 390; x_wconf 89' lang='lat' dir='ltr'>est</span> <span class='ocrx_word' id='word_1_19' title='bbox 677 354 817 390; x_wconf 87' lang='lat' dir='ltr'>factum</span> <span class='ocrx_word' id='word_1_20' title='bbox 845 353 959 390; x_wconf 89' lang='lat' dir='ltr'>habet</span> <span class='ocrx_word' id='word_1_21' title='bbox 976 350 1220 400; x_wconf 88' lang='lat' dir='ltr'>principium,</span> <span class='ocrx_word' id='word_1_22' title='bbox 1243 363 1331 398; x_wconf 88' lang='lat' dir='ltr'>ergo</span> <span class='ocrx_word' id='word_1_23' title='bbox 1353 351 1383 386; x_wconf 90' lang='lat' dir='ltr'>si</span> 
     </span>
     <span class='ocr_line' id='line_1_4' title="bbox 327 403 1382 453; baseline -0.004 -10"><span class='ocrx_word' id='word_1_24' title='bbox 327 419 405 444; x_wconf 91' lang='lat' dir='ltr'>non</span> <span class='ocrx_word' id='word_1_25' title='bbox 434 414 489 443; x_wconf 93' lang='lat' dir='ltr'>est</span> <span class='ocrx_word' id='word_1_26' title='bbox 516 407 655 443; x_wconf 84' lang='lat' dir='ltr'>factum</span> <span class='ocrx_word' id='word_1_27' title='bbox 685 419 762 443; x_wconf 91' lang='lat' dir='ltr'>non</span> <span class='ocrx_word' id='word_1_28' title='bbox 784 407 898 442; x_wconf 90' lang='lat' dir='ltr'>habet</span> <span class='ocrx_word' id='word_1_29' title='bbox 924 404 1150 453; x_wconf 86' lang='lat' dir='ltr'>principium</span> <span class='ocrx_word' id='word_1_30' title='bbox 1172 405 1209 448; x_wconf 73' lang='lat'>*;</span> <span class='ocrx_word' id='word_1_31' title='bbox 1240 403 1307 440; x_wconf 91' lang='lat' dir='ltr'>sed</span> <span class='ocrx_word' id='word_1_32' title='bbox 1326 415 1382 439; x_wconf 91' lang='lat' dir='ltr'>se-</span> 
     </span>
     <span class='ocr_line' id='line_1_5' title="bbox 328 455 1385 508; baseline -0.004 -12"><span class='ocrx_word' id='word_1_33' title='bbox 328 467 520 508; x_wconf 89' lang='lat' dir='ltr'><strong>queretur:</strong></span> <span class='ocrx_word' id='word_1_34' title='bbox 543 471 630 507; x_wconf 89' lang='lat' dir='ltr'>ergo</span> <span class='ocrx_word' id='word_1_35' title='bbox 646 459 667 480; x_wconf 79' lang='lat'>*</span> <span class='ocrx_word' id='word_1_36' title='bbox 692 460 722 496; x_wconf 92' lang='lat' dir='ltr'>si</span> <span class='ocrx_word' id='word_1_37' title='bbox 742 471 819 495; x_wconf 92' lang='lat' dir='ltr'>non</span> <span class='ocrx_word' id='word_1_38' title='bbox 839 458 953 494; x_wconf 87' lang='lat' dir='ltr'>habet</span> <span class='ocrx_word' id='word_1_39' title='bbox 970 455 1210 505; x_wconf 90' lang='lat' dir='ltr'>principium,</span> <span class='ocrx_word' id='word_1_40' title='bbox 1231 468 1309 492; x_wconf 92' lang='lat' dir='ltr'>non</span> <span class='ocrx_word' id='word_1_41' title='bbox 1330 463 1385 492; x_wconf 91' lang='lat' dir='ltr'>est</span> 
     </span>
     <span class='ocr_line' id='line_1_6' title="bbox 327 513 479 548; baseline 0 0"><span class='ocrx_word' id='word_1_42' title='bbox 327 513 479 548; x_wconf 85' lang='lat' dir='ltr'>factum.</span> 
     </span>
    </p>
   </div>
   <div class='ocr_carea' id='block_1_3' title="bbox 0 0 30 349">
    <p class='ocr_par' dir='ltr' id='par_1_3' title="bbox 0 0 30 349">
     <span class='ocr_line' id='line_1_7' title="bbox 0 0 30 349; baseline 1.1 -31"><span class='ocrx_word' id='word_1_43' title='bbox 0 0 17 349; x_wconf 95' lang='lat' dir='ltr'>  </span> <span class='ocrx_word' id='word_1_44' title='bbox 21 320 30 349; x_wconf 95' lang='lat' dir='ltr'> </span> 
     </span>
    </p>
   </div>
   <div class='ocr_carea' id='block_1_4' title="bbox 1436 297 2497 557">
    <p class='ocr_par' dir='ltr' id='par_1_4' title="bbox 1436 297 2497 557">
     <span class='ocr_line' id='line_1_8' title="bbox 1493 297 2496 347; baseline 0.002 -14"><span class='ocrx_word' id='word_1_45' title='bbox 1493 298 1527 333; x_wconf 85' lang='lat'>6.</span> <span class='ocrx_word' id='word_1_46' title='bbox 1558 297 1710 344; x_wconf 86' lang='lat' dir='ltr'>Tertio,</span> <span class='ocrx_word' id='word_1_47' title='bbox 1739 298 1811 335; x_wconf 89' lang='lat' dir='ltr'>ibi:</span> <span class='ocrx_word' id='word_1_48' title='bbox 1839 300 1971 336; x_wconf 83' lang='lat' dir='ltr'><em>Postea</em></span> <span class='ocrx_word' id='word_1_49' title='bbox 1999 304 2156 347; x_wconf 85' lang='lat' dir='ltr'>propter</span> <span class='ocrx_word' id='word_1_50' title='bbox 2182 300 2272 347; x_wconf 84' lang='lat' dir='ltr'>quid</span> <span class='ocrx_word' id='word_1_51' title='bbox 2303 306 2392 346; x_wconf 92' lang='lat' dir='ltr'>etc.,</span> <span class='ocrx_word' id='word_1_52' title='bbox 2427 299 2496 335; x_wconf 90' lang='lat' dir='ltr'>irn-</span> 
     </span>
     <span class='ocr_line' id='line_1_9' title="bbox 1436 350 2497 400; baseline 0.003 -15"><span class='ocrx_word' id='word_1_53' title='bbox 1436 350 1574 397; x_wconf 91' lang='lat' dir='ltr'>probat</span> <span class='ocrx_word' id='word_1_54' title='bbox 1600 350 1833 398; x_wconf 84' lang='lat' dir='ltr'>praedictam</span> <span class='ocrx_word' id='word_1_55' title='bbox 1865 352 2096 400; x_wconf 86' lang='lat' dir='ltr'>positionem</span> <span class='ocrx_word' id='word_1_56' title='bbox 2129 360 2312 399; x_wconf 90' lang='lat' dir='ltr'>quantum</span> <span class='ocrx_word' id='word_1_57' title='bbox 2346 351 2394 388; x_wconf 86' lang='lat' dir='ltr'>ad</span> <span class='ocrx_word' id='word_1_58' title='bbox 2426 359 2497 388; x_wconf 91' lang='lat' dir='ltr'>ter-</span> 
     </span>
     <span class='ocr_line' id='line_1_10' title="bbox 1436 401 2495 452; baseline 0.003 -15"><span class='ocrx_word' id='word_1_59' title='bbox 1436 401 1528 438; x_wconf 85' lang='lat' dir='ltr'>tiam</span> <span class='ocrx_word' id='word_1_60' title='bbox 1570 402 1802 450; x_wconf 83' lang='lat' dir='ltr'>illationem,</span> <span class='ocrx_word' id='word_1_61' title='bbox 1847 416 1921 452; x_wconf 91' lang='lat' dir='ltr'>qua</span> <span class='ocrx_word' id='word_1_62' title='bbox 1958 404 2138 440; x_wconf 89' lang='lat' dir='ltr'>infertur:</span> <span class='ocrx_word' id='word_1_63' title='bbox 2186 412 2239 441; x_wconf 90' lang='lat' dir='ltr'>est</span> <span class='ocrx_word' id='word_1_64' title='bbox 2279 404 2495 451; x_wconf 86' lang='lat' dir='ltr'>infinitum,</span> 
     </span>
     <span class='ocr_line' id='line_1_11' title="bbox 1439 455 2496 505; baseline 0.002 -15"><span class='ocrx_word' id='word_1_65' title='bbox 1439 466 1527 501; x_wconf 89' lang='lat' dir='ltr'>ergo</span> <span class='ocrx_word' id='word_1_66' title='bbox 1558 462 1613 491; x_wconf 92' lang='lat' dir='ltr'>est</span> <span class='ocrx_word' id='word_1_67' title='bbox 1631 455 1839 492; x_wconf 90' lang='lat' dir='ltr'>immobile.</span> <span class='ocrx_word' id='word_1_68' title='bbox 1862 457 1910 492; x_wconf 92' lang='lat' dir='ltr'>Et</span> <span class='ocrx_word' id='word_1_69' title='bbox 1930 457 2092 493; x_wconf 90' lang='lat' dir='ltr'>ostendit</span> <span class='ocrx_word' id='word_1_70' title='bbox 2120 457 2223 505; x_wconf 93' lang='lat' dir='ltr'>quod</span> <span class='ocrx_word' id='word_1_71' title='bbox 2247 457 2322 493; x_wconf 91' lang='lat' dir='ltr'>hoc</span> <span class='ocrx_word' id='word_1_72' title='bbox 2342 469 2420 493; x_wconf 92' lang='lat' dir='ltr'>non</span> <span class='ocrx_word' id='word_1_73' title='bbox 2440 469 2496 493; x_wconf 88' lang='lat' dir='ltr'>se-</span> 
     </span>
     <span class='ocr_line' id='line_1_12' title="bbox 1438 507 2495 557; baseline 0.002 -15"><span class='ocrx_word' id='word_1_74' title='bbox 1438 507 1564 555; x_wconf 88' lang='lat' dir='ltr'>quitur</span> <span class='ocrx_word' id='word_1_75' title='bbox 1592 507 1797 556; x_wconf 85' lang='lat' dir='ltr'>dupliciter.</span> <span class='ocrx_word' id='word_1_76' title='bbox 1827 509 1957 545; x_wconf 91' lang='lat' dir='ltr'>Primo</span> <span class='ocrx_word' id='word_1_77' title='bbox 1987 509 2142 557; x_wconf 92' lang='lat' dir='ltr'>quidem</span> <span class='ocrx_word' id='word_1_78' title='bbox 2171 510 2209 546; x_wconf 89' lang='lat' dir='ltr'>in</span> <span class='ocrx_word' id='word_1_79' title='bbox 2235 517 2342 545; x_wconf 92' lang='lat' dir='ltr'>motu</span> <span class='ocrx_word' id='word_1_80' title='bbox 2370 509 2495 545; x_wconf 89' lang='lat' dir='ltr'>locali:</span> 
     </span>
    </p>
   </div>
   <div class='ocr_carea' id='block_1_5' title="bbox 10 307 23 342">
    <p class='ocr_par' dir='ltr' id='par_1_5' title="bbox 10 307 23 342">
     <span class='ocr_line' id='line_1_13' title="bbox 10 307 23 342; baseline 0 -31"><span class='ocrx_word' id='word_1_81' title='bbox 10 307 23 342; x_wconf 41' lang='lat' dir='ltr'>i,</span> 
     </span>
    </p>
   </div>
   <div class='ocr_carea' id='block_1_6' title="bbox 90 415 300 490">
    <p class='ocr_par' dir='ltr' id='par_1_6' title="bbox 90 415 300 490">
     <span class='ocr_line' id='line_1_14' title="bbox 90 415 300 444; baseline -0.005 -7"><span class='ocrx_word' id='word_1_82' title='bbox 90 417 100 427; x_wconf 85' lang='lat'>&#39;</span> <span class='ocrx_word' id='word_1_83' title='bbox 105 415 246 444; x_wconf 62' lang='lat' dir='ltr'>principium</span> <span class='ocrx_word' id='word_1_84' title='bbox 251 421 290 436; x_wconf 89' lang='lat' dir='ltr'>om</span> <span class='ocrx_word' id='word_1_85' title='bbox 295 430 300 436; x_wconf 94' lang='lat'>.</span> 
     </span>
     <span class='ocr_line' id='line_1_15' title="bbox 90 448 285 490; baseline -0.015 0"><span class='ocrx_word' id='word_1_86' title='bbox 90 448 250 490; x_wconf 57' lang='lat' dir='ltr'>³¹¹&#39;e&#39;coruterso</span> <span class='ocrx_word' id='word_1_87' title='bbox 263 473 285 488; x_wconf 73' lang='lat' dir='ltr'>r.</span> 
     </span>
    </p>
   </div>
   <div class='ocr_carea' id='block_1_7' title="bbox 91 624 303 724">
    <p class='ocr_par' dir='ltr' id='par_1_7' title="bbox 91 624 303 724">
     <span class='ocr_line' id='line_1_16' title="bbox 95 624 303 652; baseline -0.01 -6"><span class='ocrx_word' id='word_1_88' title='bbox 95 625 108 636; x_wconf 70' lang='lat'><strong><em>⁴</em></strong></span> <span class='ocrx_word' id='word_1_89' title='bbox 119 624 261 652; x_wconf 76' lang='lat' dir='ltr'>positionem</span> <span class='ocrx_word' id='word_1_90' title='bbox 275 629 303 645; x_wconf 70' lang='lat' dir='ltr'>Ac</span> 
     </span>
     <span class='ocr_line' id='line_1_17' title="bbox 91 650 303 676; baseline -0.009 -4"><span class='ocrx_word' id='word_1_91' title='bbox 91 656 236 676; x_wconf 68' lang='lat' dir='ltr'>mxoosvxr.</span> <span class='ocrx_word' id='word_1_92' title='bbox 248 661 258 666; x_wconf 96' lang='lat'>-</span> <span class='ocrx_word' id='word_1_93' title='bbox 274 650 303 670; x_wconf 83' lang='lat' dir='ltr'>il-</span> 
     </span>
     <span class='ocr_line' id='line_1_18' title="bbox 92 677 292 703; baseline -0.01 -5"><span class='ocrx_word' id='word_1_94' title='bbox 92 677 139 698; x_wconf 86' lang='lat' dir='ltr'>lam</span> <span class='ocrx_word' id='word_1_95' title='bbox 154 682 202 697; x_wconf 85' lang='lat' dir='ltr'>om.</span> <span class='ocrx_word' id='word_1_96' title='bbox 217 682 292 703; x_wconf 77' lang='lat' dir='ltr'>mops-</span> 
     </span>
     <span class='ocr_line' id='line_1_19' title="bbox 92 703 268 724; baseline 0 0"><span class='ocrx_word' id='word_1_97' title='bbox 92 703 103 714; x_wconf 76' lang='lat'>⁸</span> <span class='ocrx_word' id='word_1_98' title='bbox 118 703 232 724; x_wconf 82' lang='lat' dir='ltr'>rationem</span> <span class='ocrx_word' id='word_1_99' title='bbox 247 708 268 724; x_wconf 74' lang='grc' dir='ltr'>ε.</span> 
     </span>
    </p>
   </div>
   <div class='ocr_carea' id='block_1_8' title="bbox 92 779 304 854">
    <p class='ocr_par' dir='ltr' id='par_1_8' title="bbox 92 779 304 854">
     <span class='ocr_line' id='line_1_20' title="bbox 92 779 304 807; baseline -0.019 -4"><span class='ocrx_word' id='word_1_100' title='bbox 92 781 104 792; x_wconf 77' lang='grc'>’“</span> <span class='ocrx_word' id='word_1_101' title='bbox 117 780 186 802; x_wconf 84' lang='lat' dir='ltr'>modo</span> <span class='ocrx_word' id='word_1_102' title='bbox 196 779 225 801; x_wconf 78' lang='lat' dir='ltr'>de</span> <span class='ocrx_word' id='word_1_103' title='bbox 234 779 304 807; x_wconf 77' lang='lat' dir='ltr'>prin-</span> 
     </span>
     <span class='ocr_line' id='line_1_21' title="bbox 92 806 302 854; baseline -0.005 -26"><span class='ocrx_word' id='word_1_104' title='bbox 92 807 161 854; x_wconf 51' lang='grc' dir='ltr'>ἓίἔέιοι.</span> <span class='ocrx_word' id='word_1_105' title='bbox 168 806 237 828; x_wconf 88' lang='lat' dir='ltr'>codd.</span> <span class='ocrx_word' id='word_1_106' title='bbox 252 811 302 827; x_wconf 85' lang='lat' dir='ltr'>exc.</span> 
     </span>
    </p>
   </div>
   <div class='ocr_carea' id='block_1_9' title="bbox 91 936 301 985">
    <p class='ocr_par' dir='ltr' id='par_1_9' title="bbox 91 936 301 985">
     <span class='ocr_line' id='line_1_22' title="bbox 93 936 301 964; baseline -0.01 -6"><span class='ocrx_word' id='word_1_107' title='bbox 93 938 103 947; x_wconf 91' lang='grc'>·</span> <span class='ocrx_word' id='word_1_108' title='bbox 106 936 247 964; x_wconf 65' lang='lat' dir='ltr'>princ-spium</span> <span class='ocrx_word' id='word_1_109' title='bbox 253 941 291 957; x_wconf 82' lang='lat' dir='ltr'>om</span> <span class='ocrx_word' id='word_1_110' title='bbox 295 950 301 956; x_wconf 92' lang='lat'>.</span> 
     </span>
     <span class='ocr_line' id='line_1_23' title="bbox 91 967 300 985; baseline -0.014 0"><span class='ocrx_word' id='word_1_111' title='bbox 91 967 300 985; x_wconf 65' lang='lat' dir='ltr'>memnon-run.</span> 
     </span>
    </p>
   </div>
   <div class='ocr_carea' id='block_1_10' title="bbox 327 561 1386 1030">
    <p class='ocr_par' dir='ltr' id='par_1_10' title="bbox 327 561 1386 1030">
     <span class='ocr_line' id='line_1_24' title="bbox 386 561 1383 610; baseline -0.005 -9"><span class='ocrx_word' id='word_1_112' title='bbox 386 565 418 601; x_wconf 88' lang='lat'>5.</span> <span class='ocrx_word' id='word_1_113' title='bbox 441 565 630 610; x_wconf 92' lang='lat' dir='ltr'>Secundo,</span> <span class='ocrx_word' id='word_1_114' title='bbox 649 563 716 599; x_wconf 88' lang='lat' dir='ltr'>ibi:</span> <span class='ocrx_word' id='word_1_115' title='bbox 735 565 867 599; x_wconf 83' lang='lat' dir='ltr'>Postea</span> <span class='ocrx_word' id='word_1_116' title='bbox 885 566 922 597; x_wconf 90' lang='lat' dir='ltr'>et</span> <span class='ocrx_word' id='word_1_117' title='bbox 933 561 1003 597; x_wconf 90' lang='lat' dir='ltr'>hoc</span> <span class='ocrx_word' id='word_1_118' title='bbox 1021 561 1281 600; x_wconf 80' lang='lat' dir='ltr'>inconveniens</span> <span class='ocrx_word' id='word_1_119' title='bbox 1301 567 1383 608; x_wconf 88' lang='lat' dir='ltr'>etc.,</span> 
     </span>
     <span class='ocr_line' id='line_1_25' title="bbox 328 613 1384 665; baseline -0.005 -12"><span class='ocrx_word' id='word_1_120' title='bbox 328 617 520 665; x_wconf 87' lang='lat' dir='ltr'>improbat</span> <span class='ocrx_word' id='word_1_121' title='bbox 532 615 762 665; x_wconf 87' lang='lat' dir='ltr'>praedictam</span> <span class='ocrx_word' id='word_1_122' title='bbox 778 613 963 650; x_wconf 89' lang='lat' dir='ltr'>rationem</span> <span class='ocrx_word' id='word_1_123' title='bbox 975 614 995 634; x_wconf 74' lang='lat'>²¹²</span> <span class='ocrx_word' id='word_1_124' title='bbox 1015 620 1199 661; x_wconf 88' lang='lat' dir='ltr'>quantum</span> <span class='ocrx_word' id='word_1_125' title='bbox 1214 613 1262 649; x_wconf 93' lang='lat' dir='ltr'>ad</span> <span class='ocrx_word' id='word_1_126' title='bbox 1282 613 1384 649; x_wconf 90' lang='lat' dir='ltr'>illam</span> 
     </span>
     <span class='ocr_line' id='line_1_26' title="bbox 328 665 1384 714; baseline -0.004 -9"><span class='ocrx_word' id='word_1_127' title='bbox 328 669 534 705; x_wconf 89' lang='lat' dir='ltr'>illationem</span> <span class='ocrx_word' id='word_1_128' title='bbox 554 669 590 704; x_wconf 75' lang='grc' dir='ltr'>*ε</span> <span class='ocrx_word' id='word_1_129' title='bbox 620 679 699 703; x_wconf 89' lang='lat' dir='ltr'>non</span> <span class='ocrx_word' id='word_1_130' title='bbox 725 667 839 703; x_wconf 92' lang='lat' dir='ltr'>habet</span> <span class='ocrx_word' id='word_1_131' title='bbox 865 665 1110 714; x_wconf 68' lang='lat' dir='ltr'>principium„</span> <span class='ocrx_word' id='word_1_132' title='bbox 1141 677 1228 713; x_wconf 90' lang='lat' dir='ltr'>ergo</span> <span class='ocrx_word' id='word_1_133' title='bbox 1250 673 1305 701; x_wconf 92' lang='lat' dir='ltr'>est</span> <span class='ocrx_word' id='word_1_134' title='bbox 1330 665 1384 701; x_wconf 89' lang='lat' dir='ltr'>in-</span> 
     </span>
     <span class='ocr_line' id='line_1_27' title="bbox 329 718 1383 767; baseline -0.005 -9"><span class='ocrx_word' id='word_1_135' title='bbox 329 721 490 758; x_wconf 90' lang='lat' dir='ltr'>finitum.</span> <span class='ocrx_word' id='word_1_136' title='bbox 519 719 752 767; x_wconf 91' lang='lat' dir='ltr'>Principium</span> <span class='ocrx_word' id='word_1_137' title='bbox 782 718 882 755; x_wconf 90' lang='lat' dir='ltr'>enim</span> <span class='ocrx_word' id='word_1_138' title='bbox 907 718 1040 755; x_wconf 91' lang='lat' dir='ltr'>dicitur</span> <span class='ocrx_word' id='word_1_139' title='bbox 1061 718 1266 766; x_wconf 90' lang='lat' dir='ltr'>dupliciter.</span> <span class='ocrx_word' id='word_1_140' title='bbox 1296 718 1383 755; x_wconf 95' lang='lat' dir='ltr'>Uno</span> 
     </span>
     <span class='ocr_line' id='line_1_28' title="bbox 329 771 1385 820; baseline -0.003 -11"><span class='ocrx_word' id='word_1_141' title='bbox 329 773 447 810; x_wconf 86' lang='lat' dir='ltr'>modo</span> <span class='ocrx_word' id='word_1_142' title='bbox 467 772 600 809; x_wconf 90' lang='lat' dir='ltr'>dicitur</span> <span class='ocrx_word' id='word_1_143' title='bbox 617 771 844 820; x_wconf 89' lang='lat' dir='ltr'>principium</span> <span class='ocrx_word' id='word_1_144' title='bbox 863 771 883 791; x_wconf 74' lang='lat'>²¹²</span> <span class='ocrx_word' id='word_1_145' title='bbox 912 771 1087 819; x_wconf 85' lang='lat' dir='ltr'>temporis</span> <span class='ocrx_word' id='word_1_146' title='bbox 1115 776 1151 806; x_wconf 88' lang='lat' dir='ltr'>et</span> <span class='ocrx_word' id='word_1_147' title='bbox 1174 771 1385 820; x_wconf 83' lang='lat' dir='ltr'>generatio-</span> 
     </span>
     <span class='ocr_line' id='line_1_29' title="bbox 329 823 1385 872; baseline -0.002 -11"><span class='ocrx_word' id='word_1_148' title='bbox 329 825 403 867; x_wconf 89' lang='lat' dir='ltr'>nis,·</span> <span class='ocrx_word' id='word_1_149' title='bbox 431 831 468 860; x_wconf 94' lang='lat' dir='ltr'>et</span> <span class='ocrx_word' id='word_1_150' title='bbox 484 824 537 861; x_wconf 88' lang='lat' dir='ltr'>sic</span> <span class='ocrx_word' id='word_1_151' title='bbox 556 824 735 872; x_wconf 89' lang='lat' dir='ltr'>accipitur</span> <span class='ocrx_word' id='word_1_152' title='bbox 757 823 985 872; x_wconf 91' lang='lat' dir='ltr'>principium</span> <span class='ocrx_word' id='word_1_153' title='bbox 1005 835 1093 859; x_wconf 89' lang='lat' dir='ltr'>cum</span> <span class='ocrx_word' id='word_1_154' title='bbox 1114 823 1261 859; x_wconf 91' lang='lat' dir='ltr'>dicitur:</span> <span class='ocrx_word' id='word_1_155' title='bbox 1283 823 1385 871; x_wconf 89' lang='lat' dir='ltr'>quod</span> 
     </span>
     <span class='ocr_line' id='line_1_30' title="bbox 327 875 1386 925; baseline -0.002 -12"><span class='ocrx_word' id='word_1_156' title='bbox 327 877 469 913; x_wconf 84' lang='lat' dir='ltr'>factum</span> <span class='ocrx_word' id='word_1_157' title='bbox 499 883 554 913; x_wconf 92' lang='lat' dir='ltr'>est</span> <span class='ocrx_word' id='word_1_158' title='bbox 584 877 698 913; x_wconf 90' lang='lat' dir='ltr'>habet</span> <span class='ocrx_word' id='word_1_159' title='bbox 728 875 972 925; x_wconf 88' lang='lat' dir='ltr'>principium,</span> <span class='ocrx_word' id='word_1_160' title='bbox 1001 876 1063 912; x_wconf 90' lang='lat' dir='ltr'>vel</span> <span class='ocrx_word' id='word_1_161' title='bbox 1093 875 1197 923; x_wconf 92' lang='lat' dir='ltr'>quod</span> <span class='ocrx_word' id='word_1_162' title='bbox 1224 887 1302 912; x_wconf 91' lang='lat' dir='ltr'>non</span> <span class='ocrx_word' id='word_1_163' title='bbox 1331 882 1386 911; x_wconf 89' lang='lat' dir='ltr'>est</span> 
     </span>
     <span class='ocr_line' id='line_1_31' title="bbox 328 925 1386 977; baseline -0.001 -13"><span class='ocrx_word' id='word_1_164' title='bbox 328 929 469 965; x_wconf 82' lang='lat' dir='ltr'>factum</span> <span class='ocrx_word' id='word_1_165' title='bbox 486 925 580 966; x_wconf 76' lang='lat' dir='ltr'>⁴non</span> <span class='ocrx_word' id='word_1_166' title='bbox 607 929 722 965; x_wconf 89' lang='lat' dir='ltr'>habet</span> <span class='ocrx_word' id='word_1_167' title='bbox 754 927 981 977; x_wconf 86' lang='lat' dir='ltr'>principium</span> <span class='ocrx_word' id='word_1_168' title='bbox 1003 929 1034 964; x_wconf 68' lang='lat'>²³².</span> <span class='ocrx_word' id='word_1_169' title='bbox 1063 928 1149 964; x_wconf 94' lang='lat' dir='ltr'>Alio</span> <span class='ocrx_word' id='word_1_170' title='bbox 1182 927 1301 964; x_wconf 90' lang='lat' dir='ltr'>modo</span> <span class='ocrx_word' id='word_1_171' title='bbox 1331 935 1386 963; x_wconf 93' lang='lat' dir='ltr'>est</span> 
     </span>
     <span class='ocr_line' id='line_1_32' title="bbox 327 980 1384 1030; baseline -0.002 -12"><span class='ocrx_word' id='word_1_172' title='bbox 327 980 555 1030; x_wconf 91' lang='lat' dir='ltr'>principium</span> <span class='ocrx_word' id='word_1_173' title='bbox 574 982 631 1017; x_wconf 89' lang='lat' dir='ltr'>rei</span> <span class='ocrx_word' id='word_1_174' title='bbox 646 982 707 1018; x_wconf 90' lang='lat' dir='ltr'>vel</span> <span class='ocrx_word' id='word_1_175' title='bbox 727 980 1005 1028; x_wconf 88' lang='lat' dir='ltr'>magnitudinis,</span> <span class='ocrx_word' id='word_1_176' title='bbox 1022 987 1059 1016; x_wconf 91' lang='lat' dir='ltr'>et</span> <span class='ocrx_word' id='word_1_177' title='bbox 1078 980 1131 1016; x_wconf 91' lang='lat' dir='ltr'>sic</span> <span class='ocrx_word' id='word_1_178' title='bbox 1149 987 1384 1028; x_wconf 88' lang='lat' dir='ltr'>sequeretur:</span> 
     </span>
    </p>
   </div>
   <div class='ocr_carea' id='block_1_11' title="bbox 267 1033 1386 1082">
    <p class='ocr_par' dir='ltr' id='par_1_11' title="bbox 267 1033 1386 1082">
     <span class='ocr_line' id='line_1_33' title="bbox 267 1033 1386 1082; baseline -0.002 -12"><span class='ocrx_word' id='word_1_179' title='bbox 267 1076 274 1081; x_wconf 41' lang='grc'>,</span> <span class='ocrx_word' id='word_1_180' title='bbox 329 1033 360 1070; x_wconf 93' lang='lat' dir='ltr'>si</span> <span class='ocrx_word' id='word_1_181' title='bbox 378 1046 457 1072; x_wconf 90' lang='lat' dir='ltr'>non</span> <span class='ocrx_word' id='word_1_182' title='bbox 475 1034 590 1070; x_wconf 90' lang='lat' dir='ltr'>habet</span> <span class='ocrx_word' id='word_1_183' title='bbox 613 1034 840 1082; x_wconf 89' lang='lat' dir='ltr'>principium</span> <span class='ocrx_word' id='word_1_184' title='bbox 870 1041 924 1069; x_wconf 92' lang='lat' dir='ltr'>est</span> <span class='ocrx_word' id='word_1_185' title='bbox 951 1033 1151 1069; x_wconf 85' lang='lat' dir='ltr'>infinitum.</span> <span class='ocrx_word' id='word_1_186' title='bbox 1181 1033 1292 1070; x_wconf 88' lang='lat' dir='ltr'>Unde</span> <span class='ocrx_word' id='word_1_187' title='bbox 1320 1045 1386 1081; x_wconf 90' lang='lat' dir='ltr'>pa-</span> 
     </span>
    </p>
   </div>
   <div class='ocr_carea' id='block_1_12' title="bbox 328 1084 1386 1187">
    <p class='ocr_par' dir='ltr' id='par_1_12' title="bbox 328 1084 1386 1187">
     <span class='ocr_line' id='line_1_34' title="bbox 328 1084 1385 1135; baseline -0.001 -13"><span class='ocrx_word' id='word_1_188' title='bbox 328 1093 380 1122; x_wconf 89' lang='lat' dir='ltr'>tet</span> <span class='ocrx_word' id='word_1_189' title='bbox 407 1086 511 1134; x_wconf 90' lang='lat' dir='ltr'>quod</span> <span class='ocrx_word' id='word_1_190' title='bbox 540 1086 673 1135; x_wconf 88' lang='lat' dir='ltr'>accipit</span> <span class='ocrx_word' id='word_1_191' title='bbox 699 1098 842 1123; x_wconf 89' lang='lat' dir='ltr'>nomen</span> <span class='ocrx_word' id='word_1_192' title='bbox 860 1085 1031 1134; x_wconf 89' lang='lat' dir='ltr'>principii</span> <span class='ocrx_word' id='word_1_193' title='bbox 1059 1097 1104 1121; x_wconf 90' lang='lat' dir='ltr'>ac</span> <span class='ocrx_word' id='word_1_194' title='bbox 1132 1084 1163 1122; x_wconf 91' lang='lat' dir='ltr'>si</span> <span class='ocrx_word' id='word_1_195' title='bbox 1192 1093 1289 1121; x_wconf 86' lang='lat' dir='ltr'>esset</span> <span class='ocrx_word' id='word_1_196' title='bbox 1306 1097 1385 1121; x_wconf 90' lang='lat' dir='ltr'>uno</span> 
     </span>
     <span class='ocr_line' id='line_1_35' title="bbox 329 1137 1386 1187; baseline -0.001 -12"><span class='ocrx_word' id='word_1_197' title='bbox 329 1138 447 1175; x_wconf 88' lang='lat' dir='ltr'>modo</span> <span class='ocrx_word' id='word_1_198' title='bbox 477 1138 630 1176; x_wconf 91' lang='lat' dir='ltr'>dictum.</span> <span class='ocrx_word' id='word_1_199' title='bbox 664 1139 714 1175; x_wconf 91' lang='lat' dir='ltr'>Et</span> <span class='ocrx_word' id='word_1_200' title='bbox 739 1140 813 1175; x_wconf 94' lang='lat' dir='ltr'>hoc</span> <span class='ocrx_word' id='word_1_201' title='bbox 842 1146 897 1174; x_wconf 89' lang='lat' dir='ltr'>est</span> <span class='ocrx_word' id='word_1_202' title='bbox 925 1137 1029 1187; x_wconf 90' lang='lat' dir='ltr'>quod</span> <span class='ocrx_word' id='word_1_203' title='bbox 1058 1137 1165 1184; x_wconf 91' lang='lat' dir='ltr'>dicit,</span> <span class='ocrx_word' id='word_1_204' title='bbox 1201 1138 1304 1186; x_wconf 92' lang='lat' dir='ltr'>quod</span> <span class='ocrx_word' id='word_1_205' title='bbox 1333 1137 1386 1174; x_wconf 93' lang='lat' dir='ltr'>in-</span> 
     </span>
    </p>
   </div>
   <div class='ocr_carea' id='block_1_13' title="bbox 1437 559 2499 874">
    <p class='ocr_par' dir='ltr' id='par_1_13' title="bbox 1437 559 2499 874">
     <span class='ocr_line' id='line_1_36' title="bbox 1439 559 2495 610; baseline 0.004 -16"><span class='ocrx_word' id='word_1_206' title='bbox 1439 559 1527 607; x_wconf 91' lang='lat' dir='ltr'>quia</span> <span class='ocrx_word' id='word_1_207' title='bbox 1555 560 1680 607; x_wconf 88' lang='lat' dir='ltr'>aliqua</span> <span class='ocrx_word' id='word_1_208' title='bbox 1707 573 1794 608; x_wconf 89' lang='lat' dir='ltr'>pars</span> <span class='ocrx_word' id='word_1_209' title='bbox 1819 573 1940 610; x_wconf 90' lang='lat' dir='ltr'>aquae</span> <span class='ocrx_word' id='word_1_210' title='bbox 1957 560 1969 583; x_wconf 66' lang='lat'>³</span> <span class='ocrx_word' id='word_1_211' title='bbox 1987 570 2112 610; x_wconf 90' lang='lat' dir='ltr'>potest</span> <span class='ocrx_word' id='word_1_212' title='bbox 2131 562 2279 598; x_wconf 83' lang='lat' dir='ltr'>moveri</span> <span class='ocrx_word' id='word_1_213' title='bbox 2299 562 2337 598; x_wconf 91' lang='lat' dir='ltr'>in</span> <span class='ocrx_word' id='word_1_214' title='bbox 2357 561 2495 610; x_wconf 85' lang='lat' dir='ltr'>seipsa,</span> 
     </span>
     <span class='ocr_line' id='line_1_37' title="bbox 1438 611 2496 661; baseline 0.002 -14"><span class='ocrx_word' id='word_1_215' title='bbox 1438 611 1488 647; x_wconf 92' lang='lat' dir='ltr'>ita</span> <span class='ocrx_word' id='word_1_216' title='bbox 1516 612 1620 659; x_wconf 92' lang='lat' dir='ltr'>quod</span> <span class='ocrx_word' id='word_1_217' title='bbox 1648 624 1726 649; x_wconf 91' lang='lat' dir='ltr'>non</span> <span class='ocrx_word' id='word_1_218' title='bbox 1755 621 1955 651; x_wconf 88' lang='lat' dir='ltr'>moveatur</span> <span class='ocrx_word' id='word_1_219' title='bbox 1987 615 2036 651; x_wconf 83' lang='lat' dir='ltr'>a&#39;d</span> <span class='ocrx_word' id='word_1_220' title='bbox 2068 615 2195 651; x_wconf 90' lang='lat' dir='ltr'>locum</span> <span class='ocrx_word' id='word_1_221' title='bbox 2229 615 2496 661; x_wconf 83' lang='lat' dir='ltr'>extrinsecum,</span> 
     </span>
     <span class='ocr_line' id='line_1_38' title="bbox 1439 663 2497 714; baseline 0.003 -15"><span class='ocrx_word' id='word_1_222' title='bbox 1439 663 1506 700; x_wconf 91' lang='lat' dir='ltr'>sed</span> <span class='ocrx_word' id='word_1_223' title='bbox 1531 665 1742 701; x_wconf 88' lang='lat' dir='ltr'>secundum</span> <span class='ocrx_word' id='word_1_224' title='bbox 1772 667 2102 714; x_wconf 85' lang='lat' dir='ltr'>congregationem</span> <span class='ocrx_word' id='word_1_225' title='bbox 2123 674 2158 703; x_wconf 91' lang='lat' dir='ltr'>et</span> <span class='ocrx_word' id='word_1_226' title='bbox 2183 666 2497 714; x_wconf 87' lang='lat' dir='ltr'>disgregationem</span> 
     </span>
     <span class='ocr_line' id='line_1_39' title="bbox 1437 716 2498 768; baseline 0.004 -16"><span class='ocrx_word' id='word_1_227' title='bbox 1437 716 1623 765; x_wconf 89' lang='lat' dir='ltr'>partium;</span> <span class='ocrx_word' id='word_1_228' title='bbox 1653 725 1690 753; x_wconf 90' lang='lat' dir='ltr'>et</span> <span class='ocrx_word' id='word_1_229' title='bbox 1717 717 1903 765; x_wconf 89' lang='lat' dir='ltr'>similiter,</span> <span class='ocrx_word' id='word_1_230' title='bbox 1934 719 1964 756; x_wconf 92' lang='lat' dir='ltr'>si</span> <span class='ocrx_word' id='word_1_231' title='bbox 1992 727 2114 756; x_wconf 86' lang='lat' dir='ltr'>toturn</span> <span class='ocrx_word' id='word_1_232' title='bbox 2144 732 2280 768; x_wconf 92' lang='lat' dir='ltr'>corpus</span> <span class='ocrx_word' id='word_1_233' title='bbox 2308 720 2498 756; x_wconf 85' lang='lat' dir='ltr'>infinitum</span> 
     </span>
     <span class='ocr_line' id='line_1_40' title="bbox 1440 772 2499 820; baseline 0.003 -16"><span class='ocrx_word' id='word_1_234' title='bbox 1440 777 1537 805; x_wconf 90' lang='lat' dir='ltr'>esset</span> <span class='ocrx_word' id='word_1_235' title='bbox 1561 781 1674 818; x_wconf 89' lang='lat' dir='ltr'>aqua,</span> <span class='ocrx_word' id='word_1_236' title='bbox 1702 779 1799 807; x_wconf 90' lang='lat' dir='ltr'>esset</span> <span class='ocrx_word' id='word_1_237' title='bbox 1816 772 1994 820; x_wconf 89' lang='lat' dir='ltr'>possibile</span> <span class='ocrx_word' id='word_1_238' title='bbox 2023 772 2127 820; x_wconf 93' lang='lat' dir='ltr'>quod</span> <span class='ocrx_word' id='word_1_239' title='bbox 2155 780 2280 820; x_wconf 90' lang='lat' dir='ltr'>partes</span> <span class='ocrx_word' id='word_1_240' title='bbox 2309 772 2388 808; x_wconf 89' lang='lat' dir='ltr'>eius</span> <span class='ocrx_word' id='word_1_241' title='bbox 2417 784 2499 807; x_wconf 93' lang='lat' dir='ltr'>mo-</span> 
     </span>
     <span class='ocr_line' id='line_1_41' title="bbox 1438 822 2499 874; baseline 0.004 -17"><span class='ocrx_word' id='word_1_242' title='bbox 1438 829 1618 858; x_wconf 86' lang='lat' dir='ltr'>verentur</span> <span class='ocrx_word' id='word_1_243' title='bbox 1645 822 1740 859; x_wconf 90' lang='lat' dir='ltr'>infra</span> <span class='ocrx_word' id='word_1_244' title='bbox 1767 831 1910 871; x_wconf 90' lang='lat' dir='ltr'>totum,</span> <span class='ocrx_word' id='word_1_245' title='bbox 1941 832 1978 861; x_wconf 92' lang='lat' dir='ltr'>et</span> <span class='ocrx_word' id='word_1_246' title='bbox 2009 837 2087 861; x_wconf 92' lang='lat' dir='ltr'>non</span> <span class='ocrx_word' id='word_1_247' title='bbox 2114 825 2365 874; x_wconf 87' lang='lat' dir='ltr'>procederent</span> <span class='ocrx_word' id='word_1_248' title='bbox 2397 832 2499 860; x_wconf 83' lang='lat' dir='ltr'>extra</span> 
     </span>
    </p>
   </div>
   <div class='ocr_carea' id='block_1_14' title="bbox 1439 875 2740 926">
    <p class='ocr_par' dir='ltr' id='par_1_14' title="bbox 1439 875 2740 926">
     <span class='ocr_line' id='line_1_42' title="bbox 1439 875 2740 926; baseline 0.002 -17"><span class='ocrx_word' id='word_1_249' title='bbox 1439 875 1567 910; x_wconf 89' lang='lat' dir='ltr'>locum</span> <span class='ocrx_word' id='word_1_250' title='bbox 1595 875 1707 911; x_wconf 90' lang='lat' dir='ltr'>totius</span> <span class='ocrx_word' id='word_1_251' title='bbox 1737 878 1768 913; x_wconf 71' lang='lat'>²²².</span> <span class='ocrx_word' id='word_1_252' title='bbox 1799 878 1893 913; x_wconf 90' lang='lat' dir='ltr'>Item</span> <span class='ocrx_word' id='word_1_253' title='bbox 1922 877 2112 925; x_wconf 91' lang='lat' dir='ltr'>improbat</span> <span class='ocrx_word' id='word_1_254' title='bbox 2140 885 2323 926; x_wconf 88' lang='lat' dir='ltr'>quantum</span> <span class='ocrx_word' id='word_1_255' title='bbox 2349 877 2397 914; x_wconf 91' lang='lat' dir='ltr'>ad</span> <span class='ocrx_word' id='word_1_256' title='bbox 2416 889 2497 912; x_wconf 91' lang='lat' dir='ltr'>mo·</span> <span class='ocrx_word' id='word_1_257' title='bbox 2526 884 2535 895; x_wconf 73' lang='lat'>&#39;⁵</span> <span class='ocrx_word' id='word_1_258' title='bbox 2552 885 2740 907; x_wconf 72' lang='lat' dir='ltr'>totumlocumt&gt;</span> 
     </span>
    </p>
   </div>
   <div class='ocr_carea' id='block_1_15' title="bbox 2526 910 2596 931">
    <p class='ocr_par' dir='ltr' id='par_1_15' title="bbox 2526 910 2596 931">
     <span class='ocr_line' id='line_1_43' title="bbox 2526 910 2596 931; baseline 0.014 -1"><span class='ocrx_word' id='word_1_259' title='bbox 2526 910 2596 931; x_wconf 72' lang='lat' dir='ltr'>mab.</span> 
     </span>
    </p>
   </div>
   <div class='ocr_carea' id='block_1_16' title="bbox 1439 927 2536 1121">
    <p class='ocr_par' dir='ltr' id='par_1_16' title="bbox 1439 927 2536 1121">
     <span class='ocr_line' id='line_1_44' title="bbox 1439 927 2536 978; baseline 0.005 -17"><span class='ocrx_word' id='word_1_260' title='bbox 1439 934 1521 962; x_wconf 90' lang='lat' dir='ltr'>tum</span> <span class='ocrx_word' id='word_1_261' title='bbox 1559 927 1808 965; x_wconf 86' lang='lat' dir='ltr'>alterationis:</span> <span class='ocrx_word' id='word_1_262' title='bbox 1848 930 1936 978; x_wconf 90' lang='lat' dir='ltr'>quia</span> <span class='ocrx_word' id='word_1_263' title='bbox 1975 930 2064 966; x_wconf 88' lang='lat' dir='ltr'>nihil</span> <span class='ocrx_word' id='word_1_264' title='bbox 2103 930 2323 978; x_wconf 89' lang='lat' dir='ltr'>prohiberet</span> <span class='ocrx_word' id='word_1_265' title='bbox 2358 931 2378 951; x_wconf 74' lang='grc'><strong><em>*</em></strong></span> <span class='ocrx_word' id='word_1_266' title='bbox 2415 929 2497 966; x_wconf 88' lang='lat' dir='ltr'>infi-</span> <span class='ocrx_word' id='word_1_267' title='bbox 2525 937 2536 946; x_wconf 73' lang='lat'>⁴</span> 
     </span>
     <span class='ocr_line' id='line_1_45' title="bbox 1439 979 2498 1037; baseline 0.005 -23"><span class='ocrx_word' id='word_1_268' title='bbox 1439 979 1561 1037; x_wconf 81' lang='lat' dir='ltr'>nitum</span> <span class='ocrx_word' id='word_1_269' title='bbox 1590 980 1736 1017; x_wconf 88' lang='lat' dir='ltr'>alterari</span> <span class='ocrx_word' id='word_1_270' title='bbox 1772 982 1835 1017; x_wconf 90' lang='lat' dir='ltr'>vel</span> <span class='ocrx_word' id='word_1_271' title='bbox 1867 982 1904 1018; x_wconf 89' lang='lat' dir='ltr'>in</span> <span class='ocrx_word' id='word_1_272' title='bbox 1936 990 2016 1018; x_wconf 91' lang='lat' dir='ltr'>toto</span> <span class='ocrx_word' id='word_1_273' title='bbox 2049 984 2112 1019; x_wconf 82' lang='lat' dir='ltr'>vel</span> <span class='ocrx_word' id='word_1_274' title='bbox 2140 983 2178 1019; x_wconf 92' lang='lat' dir='ltr'>in</span> <span class='ocrx_word' id='word_1_275' title='bbox 2205 983 2390 1031; x_wconf 80' lang='lat' dir='ltr'>partibus3</span> <span class='ocrx_word' id='word_1_276' title='bbox 2420 995 2498 1018; x_wconf 90' lang='lat' dir='ltr'>non</span> 
     </span>
     <span class='ocr_line' id='line_1_46' title="bbox 1441 1034 2499 1120; baseline 0.005 -53"><span class='ocrx_word' id='word_1_277' title='bbox 1441 1041 1717 1120; x_wconf 54' lang='lat' dir='ltr'>ensiimtpropter</span> <span class='ocrx_word' id='word_1_278' title='bbox 1744 1034 1818 1069; x_wconf 91' lang='lat' dir='ltr'>hoc</span> <span class='ocrx_word' id='word_1_279' title='bbox 1838 1042 2029 1082; x_wconf 88' lang='lat' dir='ltr'>oporteret</span> <span class='ocrx_word' id='word_1_280' title='bbox 2054 1047 2198 1083; x_wconf 91' lang='lat' dir='ltr'>ponere</span> <span class='ocrx_word' id='word_1_281' title='bbox 2228 1036 2368 1084; x_wconf 89' lang='lat' dir='ltr'>aliquid</span> <span class='ocrx_word' id='word_1_282' title='bbox 2398 1043 2499 1072; x_wconf 84' lang='lat' dir='ltr'>extra</span> 
     </span>
     <span class='ocr_line' id='line_1_47' title="bbox 1439 1096 1642 1121; baseline 0.005 -1"><span class='ocrx_word' id='word_1_283' title='bbox 1439 1096 1478 1120; x_wconf 81' lang='lat' dir='ltr'>in</span> <span class='ocrx_word' id='word_1_284' title='bbox 1508 1096 1545 1120; x_wconf 80' lang='lat' dir='ltr'>ni</span> <span class='ocrx_word' id='word_1_285' title='bbox 1591 1097 1642 1121; x_wconf 92' lang='lat' dir='ltr'>m.</span> 
     </span>
    </p>
   </div>
   <div class='ocr_carea' id='block_1_17' title="bbox 1494 1138 2498 1189">
    <p class='ocr_par' dir='ltr' id='par_1_17' title="bbox 1494 1138 2498 1189">
     <span class='ocr_line' id='line_1_48' title="bbox 1494 1138 2498 1189; baseline 0.004 -16"><span class='ocrx_word' id='word_1_286' title='bbox 1494 1149 1530 1184; x_wconf 89' lang='lat'>7.</span> <span class='ocrx_word' id='word_1_287' title='bbox 1561 1138 1720 1185; x_wconf 85' lang='lat' dir='ltr'>Quarto,</span> <span class='ocrx_word' id='word_1_288' title='bbox 1750 1138 1819 1174; x_wconf 90' lang='lat' dir='ltr'>ibi:</span> <span class='ocrx_word' id='word_1_289' title='bbox 1848 1139 1901 1174; x_wconf 82' lang='lat' dir='ltr'>At</span> <span class='ocrx_word' id='word_1_290' title='bbox 1915 1150 2005 1175; x_wconf 74' lang='lat' dir='ltr'>vero</span> <span class='ocrx_word' id='word_1_291' title='bbox 2032 1152 2099 1176; x_wconf 89' lang='lat' dir='ltr'>nec</span> <span class='ocrx_word' id='word_1_292' title='bbox 2116 1141 2236 1188; x_wconf 84' lang='lat' dir='ltr'>specie</span> <span class='ocrx_word' id='word_1_293' title='bbox 2255 1148 2337 1187; x_wconf 90' lang='lat' dir='ltr'>etc.,</span> <span class='ocrx_word' id='word_1_294' title='bbox 2358 1140 2498 1189; x_wconf 90' lang='lat' dir='ltr'>impro-</span> 
     </span>
    </p>
   </div>
   <div class='ocr_carea' id='block_1_18' title="bbox 2526 936 2739 1011">
    <p class='ocr_par' dir='ltr' id='par_1_18' title="bbox 2526 936 2739 1011">
     <span class='ocr_line' id='line_1_49' title="bbox 2554 936 2739 963; baseline 0.016 -7"><span class='ocrx_word' id='word_1_295' title='bbox 2554 936 2665 963; x_wconf 76' lang='lat' dir='ltr'>prohibet</span> <span class='ocrx_word' id='word_1_296' title='bbox 2678 943 2739 959; x_wconf 72' lang='lat' dir='ltr'>,mm⁴</span> 
     </span>
     <span class='ocr_line' id='line_1_50' title="bbox 2526 963 2737 990; baseline 0.009 -8"><span class='ocrx_word' id='word_1_297' title='bbox 2526 968 2606 983; x_wconf 72' lang='lat' dir='ltr'>onsxz.</span> <span class='ocrx_word' id='word_1_298' title='bbox 2620 974 2629 979; x_wconf 91' lang='lat'>-</span> <span class='ocrx_word' id='word_1_299' title='bbox 2645 963 2737 990; x_wconf 83' lang='lat' dir='ltr'>infinita</span> 
     </span>
     <span class='ocr_line' id='line_1_51' title="bbox 2526 989 2739 1011; baseline 0.009 -2"><span class='ocrx_word' id='word_1_300' title='bbox 2526 989 2594 1010; x_wconf 87' lang='lat' dir='ltr'>codd.</span> <span class='ocrx_word' id='word_1_301' title='bbox 2614 995 2664 1011; x_wconf 84' lang='lat' dir='ltr'>exc.</span> <span class='ocrx_word' id='word_1_302' title='bbox 2681 996 2739 1011; x_wconf 61' lang='lat' dir='ltr'>sut?</span> 
     </span>
    </p>
   </div>
   <div class='ocr_carea' id='block_1_19' title="bbox 323 1188 1386 1398">
    <p class='ocr_par' dir='ltr' id='par_1_19' title="bbox 323 1188 1386 1398">
     <span class='ocr_line' id='line_1_52' title="bbox 330 1188 1385 1239; baseline -0.001 -12"><span class='ocrx_word' id='word_1_303' title='bbox 330 1191 562 1228; x_wconf 87' lang='lat' dir='ltr'>conveniens</span> <span class='ocrx_word' id='word_1_304' title='bbox 591 1199 647 1228; x_wconf 90' lang='lat' dir='ltr'>est</span> <span class='ocrx_word' id='word_1_305' title='bbox 674 1191 798 1228; x_wconf 89' lang='lat' dir='ltr'>dicere</span> <span class='ocrx_word' id='word_1_306' title='bbox 821 1188 834 1211; x_wconf 87' lang='lat'><strong><em>⁰</em></strong></span> <span class='ocrx_word' id='word_1_307' title='bbox 862 1191 966 1239; x_wconf 93' lang='lat' dir='ltr'>quod</span> <span class='ocrx_word' id='word_1_308' title='bbox 993 1190 1220 1239; x_wconf 90' lang='lat' dir='ltr'>principium</span> <span class='ocrx_word' id='word_1_309' title='bbox 1249 1191 1385 1236; x_wconf 89' lang='lat' dir='ltr'>omnis,</span> 
     </span>
     <span class='ocr_line' id='line_1_53' title="bbox 328 1243 1386 1292; baseline -0.002 -12"><span class='ocrx_word' id='word_1_310' title='bbox 328 1244 366 1280; x_wconf 88' lang='lat' dir='ltr'>id</span> <span class='ocrx_word' id='word_1_311' title='bbox 387 1251 442 1280; x_wconf 91' lang='lat' dir='ltr'>est</span> <span class='ocrx_word' id='word_1_312' title='bbox 461 1243 733 1292; x_wconf 89' lang='lat' dir='ltr'>cuiuscumque</span> <span class='ocrx_word' id='word_1_313' title='bbox 749 1244 921 1280; x_wconf 91' lang='lat' dir='ltr'>habentis</span> <span class='ocrx_word' id='word_1_314' title='bbox 936 1243 1175 1292; x_wconf 89' lang='lat' dir='ltr'>principium,</span> <span class='ocrx_word' id='word_1_315' title='bbox 1187 1243 1232 1279; x_wconf 87' lang='lat' dir='ltr'>sit</span> <span class='ocrx_word' id='word_1_316' title='bbox 1244 1243 1386 1290; x_wconf 85' lang='lat' dir='ltr'>princi-</span> 
     </span>
     <span class='ocr_line' id='line_1_54' title="bbox 323 1295 1385 1345; baseline -0.001 -13"><span class='ocrx_word' id='word_1_317' title='bbox 323 1296 431 1345; x_wconf 83' lang='lat' dir='ltr'>pium</span> <span class='ocrx_word' id='word_1_318' title='bbox 459 1297 529 1342; x_wconf 74' lang='lat' dir='ltr'>rei,</span> <span class='ocrx_word' id='word_1_319' title='bbox 557 1296 654 1333; x_wconf 90' lang='lat' dir='ltr'>idest</span> <span class='ocrx_word' id='word_1_320' title='bbox 672 1296 953 1343; x_wconf 89' lang='lat' dir='ltr'>magnitudinis;</span> <span class='ocrx_word' id='word_1_321' title='bbox 975 1303 1011 1332; x_wconf 91' lang='lat' dir='ltr'>et</span> <span class='ocrx_word' id='word_1_322' title='bbox 1029 1296 1132 1344; x_wconf 90' lang='lat' dir='ltr'>quod</span> <span class='ocrx_word' id='word_1_323' title='bbox 1151 1308 1230 1332; x_wconf 91' lang='lat' dir='ltr'>non</span> <span class='ocrx_word' id='word_1_324' title='bbox 1249 1295 1295 1332; x_wconf 90' lang='lat' dir='ltr'>sit</span> <span class='ocrx_word' id='word_1_325' title='bbox 1313 1295 1385 1331; x_wconf 88' lang='lat' dir='ltr'>alio</span> 
     </span>
     <span class='ocr_line' id='line_1_55' title="bbox 330 1348 1384 1398; baseline -0.001 -13"><span class='ocrx_word' id='word_1_326' title='bbox 330 1348 448 1385; x_wconf 90' lang='lat' dir='ltr'>modo</span> <span class='ocrx_word' id='word_1_327' title='bbox 469 1348 611 1385; x_wconf 88' lang='lat' dir='ltr'>dictum</span> <span class='ocrx_word' id='word_1_328' title='bbox 629 1349 857 1397; x_wconf 88' lang='lat' dir='ltr'>principium</span> <span class='ocrx_word' id='word_1_329' title='bbox 876 1348 1058 1398; x_wconf 90' lang='lat' dir='ltr'>temporis</span> <span class='ocrx_word' id='word_1_330' title='bbox 1073 1355 1110 1385; x_wconf 92' lang='lat' dir='ltr'>et</span> <span class='ocrx_word' id='word_1_331' title='bbox 1123 1348 1384 1396; x_wconf 86' lang='lat' dir='ltr'>generationis.</span> 
     </span>
    </p>
   </div>
   <div class='ocr_carea' id='block_1_20' title="bbox 1439 1189 2741 1357">
    <p class='ocr_par' dir='ltr' id='par_1_20' title="bbox 1439 1189 2741 1357">
     <span class='ocr_line' id='line_1_56' title="bbox 1441 1189 2738 1246; baseline 0.003 -21"><span class='ocrx_word' id='word_1_332' title='bbox 1441 1189 1504 1225; x_wconf 90' lang='lat' dir='ltr'>bat</span> <span class='ocrx_word' id='word_1_333' title='bbox 1516 1190 1750 1237; x_wconf 88' lang='lat' dir='ltr'>praedictam</span> <span class='ocrx_word' id='word_1_334' title='bbox 1766 1190 1951 1228; x_wconf 89' lang='lat' dir='ltr'>rationem</span> <span class='ocrx_word' id='word_1_335' title='bbox 1972 1193 1991 1211; x_wconf 73' lang='lat'>⁴⁹</span> <span class='ocrx_word' id='word_1_336' title='bbox 2007 1196 2190 1240; x_wconf 84' lang='lat' dir='ltr'>quantum</span> <span class='ocrx_word' id='word_1_337' title='bbox 2207 1193 2255 1230; x_wconf 90' lang='lat' dir='ltr'>ad</span> <span class='ocrx_word' id='word_1_338' title='bbox 2271 1201 2444 1241; x_wconf 90' lang='lat' dir='ltr'>quartam</span> <span class='ocrx_word' id='word_1_339' title='bbox 2459 1193 2498 1229; x_wconf 93' lang='lat' dir='ltr'>il-</span> <span class='ocrx_word' id='word_1_340' title='bbox 2527 1198 2738 1246; x_wconf 45' lang='lat' dir='ltr'>23⁰³13233332dd3</span> 
     </span>
     <span class='ocr_line' id='line_1_57' title="bbox 1440 1240 2741 1299; baseline 0.004 -22"><span class='ocrx_word' id='word_1_341' title='bbox 1440 1241 1640 1289; x_wconf 87' lang='lat' dir='ltr'>lationem,</span> <span class='ocrx_word' id='word_1_342' title='bbox 1674 1255 1749 1291; x_wconf 91' lang='lat' dir='ltr'>qua</span> <span class='ocrx_word' id='word_1_343' title='bbox 1782 1244 2077 1280; x_wconf 90' lang='lat' dir='ltr'>concludebatur</span> <span class='ocrx_word' id='word_1_344' title='bbox 2107 1246 2126 1266; x_wconf 67' lang='lat'>²³²</span> <span class='ocrx_word' id='word_1_345' title='bbox 2155 1246 2258 1293; x_wconf 91' lang='lat' dir='ltr'>quod</span> <span class='ocrx_word' id='word_1_346' title='bbox 2287 1246 2317 1281; x_wconf 92' lang='lat' dir='ltr'>si</span> <span class='ocrx_word' id='word_1_347' title='bbox 2346 1258 2412 1282; x_wconf 93' lang='lat' dir='ltr'>ens</span> <span class='ocrx_word' id='word_1_348' title='bbox 2446 1253 2500 1282; x_wconf 90' lang='lat' dir='ltr'>est</span> <span class='ocrx_word' id='word_1_349' title='bbox 2526 1240 2611 1298; x_wconf 52' lang='grc' dir='ltr'>ςνῇῗαζ</span> <span class='ocrx_word' id='word_1_350' title='bbox 2622 1241 2741 1299; x_wconf 51' lang='lat' dir='ltr'>{gssgffi</span> 
     </span>
     <span class='ocr_line' id='line_1_58' title="bbox 1439 1283 2738 1357; baseline 0.004 -27"><span class='ocrx_word' id='word_1_351' title='bbox 1439 1294 1645 1342; x_wconf 88' lang='lat' dir='ltr'>infinitum,</span> <span class='ocrx_word' id='word_1_352' title='bbox 1672 1297 1776 1344; x_wconf 89' lang='lat' dir='ltr'>quod</span> <span class='ocrx_word' id='word_1_353' title='bbox 1800 1296 1845 1332; x_wconf 94' lang='lat' dir='ltr'>sit</span> <span class='ocrx_word' id='word_1_354' title='bbox 1867 1309 2000 1333; x_wconf 91' lang='lat' dir='ltr'>unum.</span> <span class='ocrx_word' id='word_1_355' title='bbox 2032 1298 2123 1334; x_wconf 91' lang='lat' dir='ltr'>Non</span> <span class='ocrx_word' id='word_1_356' title='bbox 2143 1298 2244 1334; x_wconf 90' lang='lat' dir='ltr'>enim</span> <span class='ocrx_word' id='word_1_357' title='bbox 2274 1299 2500 1346; x_wconf 87' lang='lat' dir='ltr'>sequebatur</span> <span class='ocrx_word' id='word_1_358' title='bbox 2526 1283 2738 1357; x_wconf 49' lang='lat' dir='ltr'>¹510},54bg²;aeu22n3</span> 
     </span>
    </p>
   </div>
   <div class='ocr_carea' id='block_1_21' title="bbox 1441 1348 2739 1398">
    <p class='ocr_par' dir='ltr' id='par_1_21' title="bbox 1441 1348 2739 1398">
     <span class='ocr_line' id='line_1_59' title="bbox 1441 1348 2739 1398; baseline 0.003 -15"><span class='ocrx_word' id='word_1_359' title='bbox 1441 1348 1546 1396; x_wconf 93' lang='lat' dir='ltr'>quod</span> <span class='ocrx_word' id='word_1_360' title='bbox 1573 1348 1619 1384; x_wconf 91' lang='lat' dir='ltr'>sit</span> <span class='ocrx_word' id='word_1_361' title='bbox 1641 1361 1761 1384; x_wconf 90' lang='lat' dir='ltr'>unum</span> <span class='ocrx_word' id='word_1_362' title='bbox 1790 1350 2003 1386; x_wconf 89' lang='lat' dir='ltr'>secundum</span> <span class='ocrx_word' id='word_1_363' title='bbox 2033 1350 2215 1398; x_wconf 88' lang='lat' dir='ltr'>speciem,</span> <span class='ocrx_word' id='word_1_364' title='bbox 2241 1351 2308 1387; x_wconf 90' lang='lat' dir='ltr'>sed</span> <span class='ocrx_word' id='word_1_365' title='bbox 2328 1351 2421 1387; x_wconf 83' lang='lat' dir='ltr'>forte</span> <span class='ocrx_word' id='word_1_366' title='bbox 2442 1364 2501 1388; x_wconf 87' lang='lat' dir='ltr'>se·</span> <span class='ocrx_word' id='word_1_367' title='bbox 2543 1363 2589 1377; x_wconf 65' lang='lat' dir='ltr'>“ae</span> <span class='ocrx_word' id='word_1_368' title='bbox 2616 1356 2739 1378; x_wconf 70' lang='lat' dir='ltr'>conclude-</span> 
     </span>
    </p>
   </div>
   <div class='ocr_carea' id='block_1_22' title="bbox 0 349 33 1435">
    <p class='ocr_par' dir='ltr' id='par_1_22' title="bbox 0 349 33 1435">
     <span class='ocr_line' id='line_1_60' title="bbox 0 349 33 1435; baseline 0 0"><span class='ocrx_word' id='word_1_369' title='bbox 0 349 33 1435; x_wconf 95' lang='lat' dir='ltr'> </span> 
     </span>
    </p>
   </div>
   <div class='ocr_carea' id='block_1_23' title="bbox 2541 1385 2650 1404">
    <p class='ocr_par' dir='ltr' id='par_1_23' title="bbox 2541 1385 2650 1404">
     <span class='ocr_line' id='line_1_61' title="bbox 2541 1385 2650 1404; baseline 0 0"><span class='ocrx_word' id='word_1_370' title='bbox 2541 1385 2597 1404; x_wconf 82' lang='lat' dir='ltr'>atur</span> <span class='ocrx_word' id='word_1_371' title='bbox 2611 1389 2650 1404; x_wconf 78' lang='lat' dir='ltr'>mx.</span> 
     </span>
    </p>
   </div>
   <div class='ocr_carea' id='block_1_24' title="bbox 0 1808 30 2473">
    <p class='ocr_par' dir='ltr' id='par_1_24' title="bbox 0 1808 30 2473">
     <span class='ocr_line' id='line_1_62' title="bbox 0 1808 30 2473; baseline 0 1549"><span class='ocrx_word' id='word_1_372' title='bbox 0 1808 30 2473; x_wconf 95' lang='lat' dir='ltr'> </span> 
     </span>
    </p>
   </div>
   <div class='ocr_carea' id='block_1_25' title="bbox 191 1401 1386 1450">
    <p class='ocr_par' dir='ltr' id='par_1_25' title="bbox 191 1401 1386 1450">
     <span class='ocr_line' id='line_1_63' title="bbox 191 1401 1386 1450; baseline -0.001 -13"><span class='ocrx_word' id='word_1_373' title='bbox 191 1411 200 1427; x_wconf 75' lang='lat'>²</span> <span class='ocrx_word' id='word_1_374' title='bbox 329 1402 422 1438; x_wconf 91' lang='lat' dir='ltr'>Non</span> <span class='ocrx_word' id='word_1_375' title='bbox 449 1408 579 1438; x_wconf 88' lang='lat' dir='ltr'>tamen</span> <span class='ocrx_word' id='word_1_376' title='bbox 606 1401 656 1438; x_wconf 89' lang='lat' dir='ltr'>ita</span> <span class='ocrx_word' id='word_1_377' title='bbox 684 1401 788 1450; x_wconf 94' lang='lat' dir='ltr'>quod</span> <span class='ocrx_word' id='word_1_378' title='bbox 816 1402 975 1450; x_wconf 82' lang='lat' dir='ltr'>simplex</span> <span class='ocrx_word' id='word_1_379' title='bbox 1003 1401 1193 1448; x_wconf 88' lang='lat' dir='ltr'>generatio</span> <span class='ocrx_word' id='word_1_380' title='bbox 1213 1407 1221 1422; x_wconf 79' lang='lat'>⁸</span> <span class='ocrx_word' id='word_1_381' title='bbox 1241 1408 1277 1437; x_wconf 90' lang='lat' dir='ltr'>et</span> <span class='ocrx_word' id='word_1_382' title='bbox 1303 1413 1386 1437; x_wconf 92' lang='lat' dir='ltr'>mo-</span> 
     </span>
    </p>
   </div>
   <div class='ocr_carea' id='block_1_26' title="bbox 328 1453 1387 1764">
    <p class='ocr_par' dir='ltr' id='par_1_26' title="bbox 328 1453 1387 1764">
     <span class='ocr_line' id='line_1_64' title="bbox 330 1453 1385 1502; baseline -0.002 -11"><span class='ocrx_word' id='word_1_383' title='bbox 330 1461 550 1499; x_wconf 87' lang='lat' dir='ltr'>mentanea,</span> <span class='ocrx_word' id='word_1_384' title='bbox 571 1466 668 1502; x_wconf 91' lang='lat' dir='ltr'>quae</span> <span class='ocrx_word' id='word_1_385' title='bbox 690 1462 744 1490; x_wconf 91' lang='lat' dir='ltr'>est</span> <span class='ocrx_word' id='word_1_386' title='bbox 762 1454 929 1491; x_wconf 89' lang='lat' dir='ltr'>inductio</span> <span class='ocrx_word' id='word_1_387' title='bbox 950 1454 1094 1490; x_wconf 87' lang='lat' dir='ltr'>formae</span> <span class='ocrx_word' id='word_1_388' title='bbox 1114 1453 1152 1490; x_wconf 90' lang='lat' dir='ltr'>in</span> <span class='ocrx_word' id='word_1_389' title='bbox 1171 1453 1385 1500; x_wconf 88' lang='lat' dir='ltr'>materiam,</span> 
     </span>
     <span class='ocr_line' id='line_1_65' title="bbox 329 1506 1387 1554; baseline 0 -12"><span class='ocrx_word' id='word_1_390' title='bbox 329 1507 467 1543; x_wconf 88' lang='lat' dir='ltr'>habeat</span> <span class='ocrx_word' id='word_1_391' title='bbox 484 1506 724 1554; x_wconf 90' lang='lat' dir='ltr'>principium,</span> <span class='ocrx_word' id='word_1_392' title='bbox 741 1506 828 1554; x_wconf 91' lang='lat' dir='ltr'>quia</span> <span class='ocrx_word' id='word_1_393' title='bbox 843 1506 1021 1554; x_wconf 89' lang='lat' dir='ltr'>simplicis</span> <span class='ocrx_word' id='word_1_394' title='bbox 1040 1506 1289 1553; x_wconf 89' lang='lat' dir='ltr'>generationis</span> <span class='ocrx_word' id='word_1_395' title='bbox 1308 1518 1387 1542; x_wconf 93' lang='lat' dir='ltr'>non</span> 
     </span>
     <span class='ocr_line' id='line_1_66' title="bbox 331 1558 1384 1606; baseline 0 -12"><span class='ocrx_word' id='word_1_396' title='bbox 331 1564 386 1594; x_wconf 89' lang='lat' dir='ltr'>est</span> <span class='ocrx_word' id='word_1_397' title='bbox 413 1558 582 1606; x_wconf 90' lang='lat' dir='ltr'>accipere</span> <span class='ocrx_word' id='word_1_398' title='bbox 614 1558 865 1606; x_wconf 89' lang='lat' dir='ltr'>principium:</span> <span class='ocrx_word' id='word_1_399' title='bbox 895 1558 963 1595; x_wconf 90' lang='lat' dir='ltr'>sed</span> <span class='ocrx_word' id='word_1_400' title='bbox 994 1559 1107 1595; x_wconf 87' lang='lat' dir='ltr'>totius</span> <span class='ocrx_word' id='word_1_401' title='bbox 1141 1558 1384 1604; x_wconf 82' lang='lat' dir='ltr'>alterationis,</span> 
     </span>
     <span class='ocr_line' id='line_1_67' title="bbox 331 1610 1386 1659; baseline 0 -13"><span class='ocrx_word' id='word_1_402' title='bbox 331 1610 435 1647; x_wconf 90' lang='lat' dir='ltr'>cuius</span> <span class='ocrx_word' id='word_1_403' title='bbox 454 1610 635 1647; x_wconf 87' lang='lat' dir='ltr'>terminus</span> <span class='ocrx_word' id='word_1_404' title='bbox 664 1618 719 1647; x_wconf 88' lang='lat' dir='ltr'>est</span> <span class='ocrx_word' id='word_1_405' title='bbox 735 1611 938 1658; x_wconf 89' lang='lat' dir='ltr'>generatio,</span> <span class='ocrx_word' id='word_1_406' title='bbox 970 1618 1024 1647; x_wconf 91' lang='lat' dir='ltr'>est</span> <span class='ocrx_word' id='word_1_407' title='bbox 1052 1611 1221 1658; x_wconf 89' lang='lat' dir='ltr'>accipere</span> <span class='ocrx_word' id='word_1_408' title='bbox 1249 1610 1386 1659; x_wconf 88' lang='lat' dir='ltr'>princi-</span> 
     </span>
     <span class='ocr_line' id='line_1_68' title="bbox 328 1662 1386 1712; baseline -0.001 -13"><span class='ocrx_word' id='word_1_409' title='bbox 328 1662 436 1712; x_wconf 88' lang='lat' dir='ltr'>pium</span> <span class='ocrx_word' id='word_1_410' title='bbox 456 1669 480 1710; x_wconf 72' lang='lat'>²,</span> <span class='ocrx_word' id='word_1_411' title='bbox 502 1675 590 1699; x_wconf 90' lang='lat' dir='ltr'>eum</span> <span class='ocrx_word' id='word_1_412' title='bbox 610 1675 689 1700; x_wconf 92' lang='lat' dir='ltr'>non</span> <span class='ocrx_word' id='word_1_413' title='bbox 709 1663 754 1699; x_wconf 91' lang='lat' dir='ltr'>sit</span> <span class='ocrx_word' id='word_1_414' title='bbox 781 1670 1052 1700; x_wconf 90' lang='lat' dir='ltr'>momentanea</span> <span class='ocrx_word' id='word_1_415' title='bbox 1076 1662 1246 1709; x_wconf 86' lang='lat' dir='ltr'>mutatio,</span> <span class='ocrx_word' id='word_1_416' title='bbox 1268 1670 1303 1699; x_wconf 90' lang='lat' dir='ltr'>et</span> <span class='ocrx_word' id='word_1_417' title='bbox 1322 1663 1386 1699; x_wconf 90' lang='lat' dir='ltr'>ali-</span> 
     </span>
     <span class='ocr_line' id='line_1_69' title="bbox 330 1715 1383 1764; baseline -0.001 -12"><span class='ocrx_word' id='word_1_418' title='bbox 330 1715 482 1764; x_wconf 89' lang='lat' dir='ltr'>quando</span> <span class='ocrx_word' id='word_1_419' title='bbox 497 1715 689 1763; x_wconf 87' lang='lat' dir='ltr'>generatio</span> <span class='ocrx_word' id='word_1_420' title='bbox 707 1716 850 1753; x_wconf 89' lang='lat' dir='ltr'>dicatur</span> <span class='ocrx_word' id='word_1_421' title='bbox 862 1723 1017 1764; x_wconf 90' lang='lat' dir='ltr'>propter</span> <span class='ocrx_word' id='word_1_422' title='bbox 1036 1728 1148 1752; x_wconf 91' lang='lat' dir='ltr'>suum</span> <span class='ocrx_word' id='word_1_423' title='bbox 1167 1715 1383 1752; x_wconf 90' lang='lat' dir='ltr'>terminum.</span> 
     </span>
    </p>
   </div>
   <div class='ocr_carea' id='block_1_27' title="bbox 324 1870 1387 2291">
    <p class='ocr_par' dir='ltr' id='par_1_27' title="bbox 329 1870 1386 1969">
     <span class='ocr_line' id='line_1_70' title="bbox 381 1870 1386 1906; baseline -0.004 -7"><span class='ocrx_word' id='word_1_424' title='bbox 381 1873 406 1906; x_wconf 81' lang='grc' dir='ltr'>θ)</span> <span class='ocrx_word' id='word_1_425' title='bbox 425 1874 496 1906; x_wconf 84' lang='lat' dir='ltr'>quod</span> <span class='ocrx_word' id='word_1_426' title='bbox 514 1872 586 1902; x_wconf 84' lang='lat' dir='ltr'>dicit,</span> <span class='ocrx_word' id='word_1_427' title='bbox 599 1872 671 1905; x_wconf 86' lang='lat' dir='ltr'>quod</span> <span class='ocrx_word' id='word_1_428' title='bbox 689 1872 873 1897; x_wconf 80' lang='lat' dir='ltr'>inconveniens</span> <span class='ocrx_word' id='word_1_429' title='bbox 886 1874 926 1896; x_wconf 84' lang='lat' dir='ltr'>est</span> <span class='ocrx_word' id='word_1_430' title='bbox 940 1871 1035 1896; x_wconf 81' lang='lat' dir='ltr'>dicere.</span> <span class='ocrx_word' id='word_1_431' title='bbox 1047 1885 1067 1890; x_wconf 88' lang='lat'><em>-</em></span> <span class='ocrx_word' id='word_1_432' title='bbox 1079 1871 1150 1903; x_wconf 82' lang='lat' dir='ltr'>quod</span> <span class='ocrx_word' id='word_1_433' title='bbox 1164 1870 1229 1895; x_wconf 88' lang='lat' dir='ltr'>dicit</span> <span class='ocrx_word' id='word_1_434' title='bbox 1242 1878 1296 1896; x_wconf 88' lang='lat' dir='ltr'>om.</span> <span class='ocrx_word' id='word_1_435' title='bbox 1310 1871 1386 1903; x_wconf 79' lang='lat' dir='ltr'>pEG3</span> 
     </span>
     <span class='ocr_line' id='line_1_71' title="bbox 329 1906 1386 1942; baseline -0.004 -8"><span class='ocrx_word' id='word_1_436' title='bbox 329 1909 400 1942; x_wconf 78' lang='lat' dir='ltr'>quod</span> <span class='ocrx_word' id='word_1_437' title='bbox 412 1909 460 1934; x_wconf 84' lang='lat' dir='ltr'>hoc</span> <span class='ocrx_word' id='word_1_438' title='bbox 473 1908 656 1934; x_wconf 74' lang='lat' dir='ltr'>inconveniens</span> <span class='ocrx_word' id='word_1_439' title='bbox 669 1911 708 1933; x_wconf 86' lang='lat' dir='ltr'>est</span> <span class='ocrx_word' id='word_1_440' title='bbox 719 1906 1126 1938; x_wconf 69' lang='lat' dir='ltr'>ACtKMOQRSTVXYZpLsB;</span> <span class='ocrx_word' id='word_1_441' title='bbox 1144 1906 1231 1931; x_wconf 81' lang='lat' dir='ltr'>dicere</span> <span class='ocrx_word' id='word_1_442' title='bbox 1245 1913 1298 1930; x_wconf 78' lang='lat' dir='ltr'>om.</span> <span class='ocrx_word' id='word_1_443' title='bbox 1312 1906 1386 1930; x_wconf 88' lang='lat' dir='ltr'>codd.</span> 
     </span>
     <span class='ocr_line' id='line_1_72' title="bbox 329 1944 457 1969; baseline -0.008 0"><span class='ocrx_word' id='word_1_444' title='bbox 329 1952 382 1969; x_wconf 86' lang='lat' dir='ltr'>exc.</span> <span class='ocrx_word' id='word_1_445' title='bbox 401 1944 457 1969; x_wconf 91' lang='lat' dir='ltr'>EG.</span> 
     </span>
    </p>

    <p class='ocr_par' dir='ltr' id='par_1_28' title="bbox 324 1976 1387 2186">
     <span class='ocr_line' id='line_1_73' title="bbox 383 1976 1386 2012; baseline -0.003 -9"><span class='ocrx_word' id='word_1_446' title='bbox 383 1979 401 2012; x_wconf 93' lang='grc' dir='ltr'>ι)</span> <span class='ocrx_word' id='word_1_447' title='bbox 420 1979 537 2012; x_wconf 81' lang='lat' dir='ltr'>simplex</span> <span class='ocrx_word' id='word_1_448' title='bbox 554 1977 700 2011; x_wconf 81' lang='lat' dir='ltr'>generatio.</span> <span class='ocrx_word' id='word_1_449' title='bbox 718 1991 737 1996; x_wconf 83' lang='lat'>—</span> <span class='ocrx_word' id='word_1_450' title='bbox 749 1977 904 2009; x_wconf 83' lang='lat' dir='ltr'>simpliciter</span> <span class='ocrx_word' id='word_1_451' title='bbox 926 1976 1064 2009; x_wconf 82' lang='lat' dir='ltr'>generatio</span> <span class='ocrx_word' id='word_1_452' title='bbox 1084 1976 1241 2001; x_wconf 84' lang='lat' dir='ltr'>PFHLRST</span> <span class='ocrx_word' id='word_1_453' title='bbox 1250 1976 1316 2001; x_wconf 82' lang='lat' dir='ltr'>ab.—</span> <span class='ocrx_word' id='word_1_454' title='bbox 1329 1976 1386 2000; x_wconf 84' lang='lat' dir='ltr'>Lin.</span> 
     </span>
     <span class='ocr_line' id='line_1_74' title="bbox 329 2011 1385 2046; baseline -0.004 -7"><span class='ocrx_word' id='word_1_455' title='bbox 329 2021 386 2046; x_wconf 80' lang='lat' dir='ltr'>seq.</span> <span class='ocrx_word' id='word_1_456' title='bbox 393 2021 440 2046; x_wconf 85' lang='lat' dir='ltr'>pro</span> <span class='ocrx_word' id='word_1_457' title='bbox 455 2013 581 2042; x_wconf 79' lang='lat' dir='ltr'>inductio,</span> <span class='ocrx_word' id='word_1_458' title='bbox 597 2013 758 2038; x_wconf 81' lang='lat' dir='ltr'>introductio</span> <span class='ocrx_word' id='word_1_459' title='bbox 772 2012 846 2041; x_wconf 89' lang='lat' dir='ltr'>BFX,</span> <span class='ocrx_word' id='word_1_460' title='bbox 858 2012 884 2036; x_wconf 89' lang='lat' dir='ltr'>in</span> <span class='ocrx_word' id='word_1_461' title='bbox 899 2011 1094 2036; x_wconf 81' lang='lat' dir='ltr'>introductione</span> <span class='ocrx_word' id='word_1_462' title='bbox 1108 2012 1138 2042; x_wconf 84' lang='lat' dir='ltr'>D,</span> <span class='ocrx_word' id='word_1_463' title='bbox 1147 2011 1341 2036; x_wconf 81' lang='lat' dir='ltr'>introductione</span> <span class='ocrx_word' id='word_1_464' title='bbox 1354 2012 1385 2040; x_wconf 86' lang='lat' dir='ltr'>H,</span> 
     </span>
     <span class='ocr_line' id='line_1_75' title="bbox 329 2046 1385 2080; baseline -0.004 -6"><span class='ocrx_word' id='word_1_465' title='bbox 329 2049 466 2074; x_wconf 78' lang='lat' dir='ltr'>inductiva</span> <span class='ocrx_word' id='word_1_466' title='bbox 485 2050 515 2079; x_wconf 84' lang='lat' dir='ltr'>S;</span> <span class='ocrx_word' id='word_1_467' title='bbox 534 2056 589 2080; x_wconf 34' lang='lat' dir='ltr'>prod</span> <span class='ocrx_word' id='word_1_468' title='bbox 601 2049 627 2072; x_wconf 89' lang='lat' dir='ltr'>in</span> <span class='ocrx_word' id='word_1_469' title='bbox 647 2048 801 2076; x_wconf 77' lang='lat' dir='ltr'>materiam,</span> <span class='ocrx_word' id='word_1_470' title='bbox 822 2047 962 2071; x_wconf 83' lang='lat' dir='ltr'>materiam</span> <span class='ocrx_word' id='word_1_471' title='bbox 981 2047 1015 2077; x_wconf 82' lang='lat' dir='ltr'>P,</span> <span class='ocrx_word' id='word_1_472' title='bbox 1035 2046 1061 2071; x_wconf 84' lang='lat' dir='ltr'>in</span> <span class='ocrx_word' id='word_1_473' title='bbox 1081 2047 1195 2071; x_wconf 84' lang='lat' dir='ltr'>materia</span> <span class='ocrx_word' id='word_1_474' title='bbox 1213 2046 1385 2071; x_wconf 85' lang='lat' dir='ltr'>ACFIKLNO</span> 
     </span>
     <span class='ocr_line' id='line_1_76' title="bbox 330 2081 1387 2114; baseline -0.002 -6"><span class='ocrx_word' id='word_1_475' title='bbox 330 2084 453 2114; x_wconf 87' lang='lat' dir='ltr'>QSTVY.</span> <span class='ocrx_word' id='word_1_476' title='bbox 466 2098 484 2102; x_wconf 96' lang='lat'>—</span> <span class='ocrx_word' id='word_1_477' title='bbox 497 2084 586 2111; x_wconf 80' lang='lat' dir='ltr'>Altera</span> <span class='ocrx_word' id='word_1_478' title='bbox 598 2083 665 2107; x_wconf 85' lang='lat' dir='ltr'>linea</span> <span class='ocrx_word' id='word_1_479' title='bbox 678 2090 725 2114; x_wconf 88' lang='lat' dir='ltr'>pro</span> <span class='ocrx_word' id='word_1_480' title='bbox 743 2082 868 2114; x_wconf 76' lang='lat' dir='ltr'>simplicis</span> <span class='ocrx_word' id='word_1_481' title='bbox 887 2082 1075 2114; x_wconf 81' lang='lat' dir='ltr'>generationis,</span> <span class='ocrx_word' id='word_1_482' title='bbox 1089 2081 1273 2113; x_wconf 84' lang='lat' dir='ltr'>simplicitatis·</span> <span class='ocrx_word' id='word_1_483' title='bbox 1283 2082 1312 2111; x_wconf 91' lang='lat' dir='ltr'>L,</span> <span class='ocrx_word' id='word_1_484' title='bbox 1323 2082 1387 2106; x_wconf 91' lang='lat' dir='ltr'>sim-</span> 
     </span>
     <span class='ocr_line' id='line_1_77' title="bbox 324 2116 1386 2151; baseline -0.004 -7"><span class='ocrx_word' id='word_1_485' title='bbox 324 2119 444 2151; x_wconf 79' lang='lat' dir='ltr'>plicitati</span> <span class='ocrx_word' id='word_1_486' title='bbox 462 2119 487 2149; x_wconf 91' lang='lat' dir='ltr'>S,</span> <span class='ocrx_word' id='word_1_487' title='bbox 501 2118 627 2150; x_wconf 82' lang='lat' dir='ltr'>simplicis</span> <span class='ocrx_word' id='word_1_488' title='bbox 642 2119 690 2142; x_wconf 80' lang='lat' dir='ltr'>cet.</span> <span class='ocrx_word' id='word_1_489' title='bbox 704 2122 729 2141; x_wconf 85' lang='lat' dir='ltr'>et</span> <span class='ocrx_word' id='word_1_490' title='bbox 743 2124 775 2142; x_wconf 88' lang='lat' dir='ltr'>a.-</span> <span class='ocrx_word' id='word_1_491' title='bbox 793 2124 882 2141; x_wconf 81' lang='lat' dir='ltr'>revera</span> <span class='ocrx_word' id='word_1_492' title='bbox 899 2116 1079 2149; x_wconf 82' lang='lat' dir='ltr'>generationis</span> <span class='ocrx_word' id='word_1_493' title='bbox 1098 2121 1183 2148; x_wconf 87' lang='lat' dir='ltr'>potest</span> <span class='ocrx_word' id='word_1_494' title='bbox 1201 2116 1306 2147; x_wconf 76' lang='lat' dir='ltr'>abesse,</span> <span class='ocrx_word' id='word_1_495' title='bbox 1326 2117 1386 2148; x_wconf 81' lang='lat' dir='ltr'>quia</span> 
     </span>
     <span class='ocr_line' id='line_1_78' title="bbox 329 2151 1210 2186; baseline -0.003 -7"><span class='ocrx_word' id='word_1_496' title='bbox 329 2154 454 2186; x_wconf 81' lang='lat' dir='ltr'>simplicis</span> <span class='ocrx_word' id='word_1_497' title='bbox 473 2161 524 2178; x_wconf 88' lang='lat' dir='ltr'>non</span> <span class='ocrx_word' id='word_1_498' title='bbox 544 2160 599 2178; x_wconf 87' lang='lat' dir='ltr'>esse</span> <span class='ocrx_word' id='word_1_499' title='bbox 612 2152 775 2184; x_wconf 83' lang='lat' dir='ltr'>principium</span> <span class='ocrx_word' id='word_1_500' title='bbox 795 2152 820 2176; x_wconf 88' lang='lat' dir='ltr'>in</span> <span class='ocrx_word' id='word_1_501' title='bbox 838 2151 909 2175; x_wconf 79' lang='lat' dir='ltr'>omni</span> <span class='ocrx_word' id='word_1_502' title='bbox 929 2152 1034 2176; x_wconf 80' lang='lat' dir='ltr'>materia</span> <span class='ocrx_word' id='word_1_503' title='bbox 1053 2156 1093 2175; x_wconf 86' lang='lat' dir='ltr'>est</span> <span class='ocrx_word' id='word_1_504' title='bbox 1109 2159 1210 2176; x_wconf 88' lang='lat' dir='ltr'>verum.</span> 
     </span>
    </p>

    <p class='ocr_par' dir='ltr' id='par_1_29' title="bbox 328 2185 1385 2255">
     <span class='ocr_line' id='line_1_79' title="bbox 383 2185 1385 2222; baseline -0.004 -9"><span class='ocrx_word' id='word_1_505' title='bbox 383 2187 408 2222; x_wconf 78' lang='grc' dir='ltr'>κ)</span> <span class='ocrx_word' id='word_1_506' title='bbox 427 2189 474 2213; x_wconf 87' lang='lat' dir='ltr'>sed</span> <span class='ocrx_word' id='word_1_507' title='bbox 487 2188 594 2213; x_wconf 77' lang='lat' dir='ltr'>totius...</span> <span class='ocrx_word' id='word_1_508' title='bbox 613 2186 868 2218; x_wconf 72' lang='lat' dir='ltr'>principium-Hac</span> <span class='ocrx_word' id='word_1_509' title='bbox 885 2186 963 2210; x_wconf 81' lang='lat' dir='ltr'>verba</span> <span class='ocrx_word' id='word_1_510' title='bbox 981 2194 1034 2210; x_wconf 91' lang='lat' dir='ltr'>om.</span> <span class='ocrx_word' id='word_1_511' title='bbox 1047 2185 1385 2218; x_wconf 84' lang='lat' dir='ltr'>ALMNOQRSTVXYpC;</span> 
     </span>
     <span class='ocr_line' id='line_1_80' title="bbox 328 2221 1111 2255; baseline -0.005 -6"><span class='ocrx_word' id='word_1_512' title='bbox 328 2223 376 2249; x_wconf 81' lang='lat' dir='ltr'>sed</span> <span class='ocrx_word' id='word_1_513' title='bbox 394 2223 560 2248; x_wconf 83' lang='lat' dir='ltr'>alterationis</span> <span class='ocrx_word' id='word_1_514' title='bbox 579 2223 641 2247; x_wconf 82' lang='lat' dir='ltr'>bene</span> <span class='ocrx_word' id='word_1_515' title='bbox 648 2221 678 2255; x_wconf 73' lang='lat' dir='ltr'>(t)</span> <span class='ocrx_word' id='word_1_516' title='bbox 697 2225 737 2246; x_wconf 85' lang='lat' dir='ltr'>est</span> <span class='ocrx_word' id='word_1_517' title='bbox 754 2221 872 2253; x_wconf 81' lang='lat' dir='ltr'>accipere</span> <span class='ocrx_word' id='word_1_518' title='bbox 884 2221 1047 2253; x_wconf 77' lang='lat' dir='ltr'>principium</span> <span class='ocrx_word' id='word_1_519' title='bbox 1067 2221 1111 2245; x_wconf 82' lang='lat' dir='ltr'>sC.</span> 
     </span>
    </p>

    <p class='ocr_par' dir='ltr' id='par_1_30' title="bbox 383 2256 1386 2291">
     <span class='ocr_line' id='line_1_81' title="bbox 383 2256 1386 2291; baseline -0.004 -7"><span class='ocrx_word' id='word_1_520' title='bbox 383 2257 411 2291; x_wconf 83' lang='grc' dir='ltr'>λ)</span> <span class='ocrx_word' id='word_1_521' title='bbox 430 2259 520 2291; x_wconf 84' lang='lat' dir='ltr'>aliqua</span> <span class='ocrx_word' id='word_1_522' title='bbox 533 2265 602 2290; x_wconf 81' lang='lat' dir='ltr'>pars</span> <span class='ocrx_word' id='word_1_523' title='bbox 620 2263 713 2289; x_wconf 83' lang='lat' dir='ltr'>aquae.</span> <span class='ocrx_word' id='word_1_524' title='bbox 726 2257 794 2281; x_wconf 88' lang='lat' dir='ltr'>—Ita</span> <span class='ocrx_word' id='word_1_525' title='bbox 811 2258 899 2289; x_wconf 86' lang='lat' dir='ltr'>legunt</span> <span class='ocrx_word' id='word_1_526' title='bbox 918 2256 1030 2287; x_wconf 84' lang='lat' dir='ltr'>PEGab;</span> <span class='ocrx_word' id='word_1_527' title='bbox 1050 2256 1140 2288; x_wconf 79' lang='lat' dir='ltr'>aliqua</span> <span class='ocrx_word' id='word_1_528' title='bbox 1160 2263 1231 2288; x_wconf 83' lang='lat' dir='ltr'>aqua</span> <span class='ocrx_word' id='word_1_529' title='bbox 1250 2257 1275 2287; x_wconf 83' lang='grc' dir='ltr'>Ῑ;</span> <span class='ocrx_word' id='word_1_530' title='bbox 1295 2257 1386 2289; x_wconf 84' lang='lat' dir='ltr'>aliqua</span> 
     </span>
    </p>
   </div>
   <div class='ocr_carea' id='block_1_28' title="bbox 1440 1400 2501 1660">
    <p class='ocr_par' dir='ltr' id='par_1_31' title="bbox 1440 1400 2501 1660">
     <span class='ocr_line' id='line_1_82' title="bbox 1442 1400 2499 1453; baseline 0.005 -17"><span class='ocrx_word' id='word_1_531' title='bbox 1442 1400 1610 1436; x_wconf 89' lang='lat' dir='ltr'>cundum</span> <span class='ocrx_word' id='word_1_532' title='bbox 1639 1401 1854 1438; x_wconf 87' lang='lat' dir='ltr'>materiam:</span> <span class='ocrx_word' id='word_1_533' title='bbox 1885 1401 1979 1438; x_wconf 88' lang='lat' dir='ltr'>sicut</span> <span class='ocrx_word' id='word_1_534' title='bbox 2007 1403 2163 1451; x_wconf 87' lang='lat' dir='ltr'>quidam</span> <span class='ocrx_word' id='word_1_535' title='bbox 2182 1403 2499 1453; x_wconf 89' lang='lat' dir='ltr'>philosophorum</span> 
     </span>
     <span class='ocr_line' id='line_1_83' title="bbox 1440 1453 2500 1502; baseline 0.006 -14"><span class='ocrx_word' id='word_1_536' title='bbox 1440 1453 1667 1490; x_wconf 89' lang='lat' dir='ltr'>naturalium</span> <span class='ocrx_word' id='word_1_537' title='bbox 1700 1462 1910 1502; x_wconf 86' lang='lat' dir='ltr'>posuerunt</span> <span class='ocrx_word' id='word_1_538' title='bbox 1944 1455 2074 1491; x_wconf 90' lang='lat' dir='ltr'>omnia</span> <span class='ocrx_word' id='word_1_539' title='bbox 2103 1469 2184 1492; x_wconf 90' lang='lat' dir='ltr'>esse</span> <span class='ocrx_word' id='word_1_540' title='bbox 2213 1469 2333 1492; x_wconf 89' lang='lat' dir='ltr'>unum</span> <span class='ocrx_word' id='word_1_541' title='bbox 2368 1470 2500 1494; x_wconf 92' lang='lat' dir='ltr'>secun-</span> 
     </span>
     <span class='ocr_line' id='line_1_84' title="bbox 1441 1506 2498 1558; baseline 0.006 -17"><span class='ocrx_word' id='word_1_542' title='bbox 1441 1506 1534 1542; x_wconf 89' lang='lat' dir='ltr'>dum</span> <span class='ocrx_word' id='word_1_543' title='bbox 1562 1506 1778 1553; x_wconf 87' lang='lat' dir='ltr'>materiam,</span> <span class='ocrx_word' id='word_1_544' title='bbox 1814 1519 1893 1543; x_wconf 89' lang='lat' dir='ltr'>non</span> <span class='ocrx_word' id='word_1_545' title='bbox 1921 1515 2050 1544; x_wconf 89' lang='lat' dir='ltr'>autem</span> <span class='ocrx_word' id='word_1_546' title='bbox 2078 1509 2290 1545; x_wconf 91' lang='lat' dir='ltr'>secundum</span> <span class='ocrx_word' id='word_1_547' title='bbox 2320 1510 2498 1558; x_wconf 89' lang='lat' dir='ltr'>speciem.</span> 
     </span>
     <span class='ocr_line' id='line_1_85' title="bbox 1441 1558 2501 1611; baseline 0.006 -17"><span class='ocrx_word' id='word_1_548' title='bbox 1441 1558 1685 1595; x_wconf 88' lang='lat' dir='ltr'>Manifestum</span> <span class='ocrx_word' id='word_1_549' title='bbox 1716 1567 1770 1595; x_wconf 90' lang='lat' dir='ltr'>est</span> <span class='ocrx_word' id='word_1_550' title='bbox 1799 1559 1899 1596; x_wconf 88' lang='lat' dir='ltr'>enim</span> <span class='ocrx_word' id='word_1_551' title='bbox 1932 1560 2037 1608; x_wconf 91' lang='lat' dir='ltr'>quod</span> <span class='ocrx_word' id='word_1_552' title='bbox 2071 1561 2190 1597; x_wconf 92' lang='lat' dir='ltr'>homo</span> <span class='ocrx_word' id='word_1_553' title='bbox 2220 1569 2256 1598; x_wconf 92' lang='lat' dir='ltr'>et</span> <span class='ocrx_word' id='word_1_554' title='bbox 2284 1575 2404 1611; x_wconf 88' lang='lat' dir='ltr'>equus</span> <span class='ocrx_word' id='word_1_555' title='bbox 2433 1564 2501 1600; x_wconf 85' lang='lat' dir='ltr'>dif-</span> 
     </span>
     <span class='ocr_line' id='line_1_86' title="bbox 1442 1610 2499 1660; baseline 0.006 -14"><span class='ocrx_word' id='word_1_556' title='bbox 1442 1610 1563 1646; x_wconf 84' lang='lat' dir='ltr'>ferunt</span> <span class='ocrx_word' id='word_1_557' title='bbox 1600 1612 1811 1648; x_wconf 88' lang='lat' dir='ltr'>secundum</span> <span class='ocrx_word' id='word_1_558' title='bbox 1848 1613 2040 1660; x_wconf 80' lang='lat' dir='ltr'>speciem3</span> <span class='ocrx_word' id='word_1_559' title='bbox 2080 1621 2115 1650; x_wconf 90' lang='lat' dir='ltr'>et</span> <span class='ocrx_word' id='word_1_560' title='bbox 2152 1614 2319 1650; x_wconf 86' lang='lat' dir='ltr'>similiter</span> <span class='ocrx_word' id='word_1_561' title='bbox 2355 1624 2499 1652; x_wconf 90' lang='lat' dir='ltr'>contra-</span> 
     </span>
    </p>
   </div>
   <div class='ocr_carea' id='block_1_29' title="bbox 1441 1662 2500 1751">
    <p class='ocr_par' dir='ltr' id='par_1_32' title="bbox 1441 1662 2500 1751">
     <span class='ocr_line' id='line_1_87' title="bbox 1441 1662 2500 1721; baseline 0.007 -23"><span class='ocrx_word' id='word_1_562' title='bbox 1441 1662 1496 1721; x_wconf 75' lang='lat' dir='ltr'>ria</span> <span class='ocrx_word' id='word_1_563' title='bbox 1524 1671 1610 1699; x_wconf 90' lang='lat' dir='ltr'>sunt</span> <span class='ocrx_word' id='word_1_564' title='bbox 1627 1670 1647 1690; x_wconf 69' lang='grc' dir='ltr'>μ</span> <span class='ocrx_word' id='word_1_565' title='bbox 1673 1663 1882 1700; x_wconf 85' lang='lat' dir='ltr'>differentia</span> <span class='ocrx_word' id='word_1_566' title='bbox 1911 1665 1959 1702; x_wconf 89' lang='lat' dir='ltr'>ad</span> <span class='ocrx_word' id='word_1_567' title='bbox 1987 1665 2151 1703; x_wconf 89' lang='lat' dir='ltr'>invicem</span> <span class='ocrx_word' id='word_1_568' title='bbox 2181 1668 2392 1704; x_wconf 90' lang='lat' dir='ltr'>secundum</span> <span class='ocrx_word' id='word_1_569' title='bbox 2417 1681 2500 1717; x_wconf 89' lang='lat' dir='ltr'>spe-</span> 
     </span>
     <span class='ocr_line' id='line_1_88' title="bbox 1442 1727 2013 1751; baseline 0 0"><span class='ocrx_word' id='word_1_570' title='bbox 1442 1727 1551 1751; x_wconf 81' lang='lat' dir='ltr'>ciem.</span> <span class='ocrx_word' id='word_1_571' title='bbox 2010 1732 2013 1734; x_wconf 90' lang='lat'>·</span> 
     </span>
    </p>
   </div>
   <div class='ocr_carea' id='block_1_30' title="bbox 1435 1872 2501 2226">
    <p class='ocr_par' dir='ltr' id='par_1_33' title="bbox 1435 1872 2501 2083">
     <span class='ocr_line' id='line_1_89' title="bbox 1435 1872 2501 1906; baseline 0.008 -11"><span class='ocrx_word' id='word_1_572' title='bbox 1435 1872 1612 1903; x_wconf 82' lang='lat' dir='ltr'>particularis</span> <span class='ocrx_word' id='word_1_573' title='bbox 1629 1879 1700 1904; x_wconf 83' lang='lat' dir='ltr'>aqua</span> <span class='ocrx_word' id='word_1_574' title='bbox 1710 1878 1770 1904; x_wconf 65' lang='lat' dir='ltr'>cet„</span> <span class='ocrx_word' id='word_1_575' title='bbox 1785 1881 1897 1906; x_wconf 89' lang='lat' dir='ltr'>quorum</span> <span class='ocrx_word' id='word_1_576' title='bbox 1912 1875 1986 1898; x_wconf 88' lang='lat' dir='ltr'>lectio</span> <span class='ocrx_word' id='word_1_577' title='bbox 1999 1875 2100 1899; x_wconf 86' lang='lat' dir='ltr'>videtur</span> <span class='ocrx_word' id='word_1_578' title='bbox 2113 1877 2247 1900; x_wconf 83' lang='lat' dir='ltr'>convenire</span> <span class='ocrx_word' id='word_1_579' title='bbox 2262 1885 2321 1901; x_wconf 88' lang='lat' dir='ltr'>cum</span> <span class='ocrx_word' id='word_1_580' title='bbox 2334 1878 2419 1902; x_wconf 85' lang='lat' dir='ltr'>verbis</span> <span class='ocrx_word' id='word_1_581' title='bbox 2438 1879 2501 1904; x_wconf 87' lang='lat' dir='ltr'>infra</span> 
     </span>
     <span class='ocr_line' id='line_1_90' title="bbox 1440 1907 2500 1946; baseline 0.007 -15"><span class='ocrx_word' id='word_1_582' title='bbox 1440 1907 1539 1939; x_wconf 79' lang='lat' dir='ltr'>positis,</span> <span class='ocrx_word' id='word_1_583' title='bbox 1559 1910 1585 1932; x_wconf 85' lang='lat' dir='ltr'>et</span> <span class='ocrx_word' id='word_1_584' title='bbox 1597 1908 1720 1933; x_wconf 83' lang='lat' dir='ltr'>similiter</span> <span class='ocrx_word' id='word_1_585' title='bbox 1733 1909 1757 1933; x_wconf 93' lang='lat' dir='ltr'>si</span> <span class='ocrx_word' id='word_1_586' title='bbox 1775 1912 1858 1933; x_wconf 83' lang='lat' dir='ltr'>totum</span> <span class='ocrx_word' id='word_1_587' title='bbox 1878 1917 1974 1941; x_wconf 79' lang='lat' dir='ltr'>corpus</span> <span class='ocrx_word' id='word_1_588' title='bbox 1993 1910 2124 1942; x_wconf 87' lang='lat' dir='ltr'>infinitum</span> <span class='ocrx_word' id='word_1_589' title='bbox 2139 1915 2206 1935; x_wconf 83' lang='lat' dir='ltr'>esset</span> <span class='ocrx_word' id='word_1_590' title='bbox 2223 1919 2293 1943; x_wconf 86' lang='lat' dir='ltr'>aqua</span> <span class='ocrx_word' id='word_1_591' title='bbox 2313 1911 2371 1946; x_wconf 87' lang='lat' dir='ltr'>(pro</span> <span class='ocrx_word' id='word_1_592' title='bbox 2385 1916 2411 1937; x_wconf 87' lang='lat' dir='ltr'>et</span> <span class='ocrx_word' id='word_1_593' title='bbox 2427 1914 2500 1939; x_wconf 84' lang='lat' dir='ltr'>simi-</span> 
     </span>
     <span class='ocr_line' id='line_1_91' title="bbox 1441 1941 2500 1979; baseline 0.008 -13"><span class='ocrx_word' id='word_1_594' title='bbox 1441 1941 1502 1966; x_wconf 89' lang='lat' dir='ltr'>liter</span> <span class='ocrx_word' id='word_1_595' title='bbox 1522 1942 1623 1967; x_wconf 83' lang='lat' dir='ltr'>PEGab</span> <span class='ocrx_word' id='word_1_596' title='bbox 1644 1943 1733 1974; x_wconf 86' lang='lat' dir='ltr'>legunt</span> <span class='ocrx_word' id='word_1_597' title='bbox 1750 1944 1838 1976; x_wconf 84' lang='lat' dir='ltr'>sicut).</span> <span class='ocrx_word' id='word_1_598' title='bbox 1857 1957 1875 1964; x_wconf 76' lang='lat'><em>—</em></span> <span class='ocrx_word' id='word_1_599' title='bbox 1893 1945 1956 1969; x_wconf 87' lang='lat' dir='ltr'>Post</span> <span class='ocrx_word' id='word_1_600' title='bbox 1974 1946 2080 1969; x_wconf 76' lang='lat' dir='ltr'>alteram</span> <span class='ocrx_word' id='word_1_601' title='bbox 2099 1946 2192 1970; x_wconf 85' lang='lat' dir='ltr'>lineam</span> <span class='ocrx_word' id='word_1_602' title='bbox 2211 1954 2258 1979; x_wconf 90' lang='lat' dir='ltr'>pro</span> <span class='ocrx_word' id='word_1_603' title='bbox 2276 1948 2322 1972; x_wconf 83' lang='lat' dir='ltr'>sed</span> <span class='ocrx_word' id='word_1_604' title='bbox 2343 1949 2500 1979; x_wconf 84' lang='lat' dir='ltr'>secundum,</span> 
     </span>
     <span class='ocr_line' id='line_1_92' title="bbox 1439 1977 2499 2010; baseline 0.007 -9"><span class='ocrx_word' id='word_1_605' title='bbox 1439 1977 1487 2001; x_wconf 88' lang='lat' dir='ltr'>sed</span> <span class='ocrx_word' id='word_1_606' title='bbox 1504 1977 1541 2001; x_wconf 87' lang='lat' dir='ltr'>ad</span> <span class='ocrx_word' id='word_1_607' title='bbox 1560 1978 1596 2007; x_wconf 86' lang='lat' dir='ltr'>G,</span> <span class='ocrx_word' id='word_1_608' title='bbox 1617 1981 1744 2010; x_wconf 80' lang='lat' dir='ltr'>quantum</span> <span class='ocrx_word' id='word_1_609' title='bbox 1767 1979 1804 2003; x_wconf 84' lang='lat' dir='ltr'>ad</span> <span class='ocrx_word' id='word_1_610' title='bbox 1822 1979 1858 2009; x_wconf 85' lang='lat' dir='ltr'>N,</span> <span class='ocrx_word' id='word_1_611' title='bbox 1878 1978 1980 2010; x_wconf 62' lang='lat' dir='ltr'>sed‘K,</span> <span class='ocrx_word' id='word_1_612' title='bbox 2006 1981 2147 2005; x_wconf 88' lang='lat' dir='ltr'>secundum</span> <span class='ocrx_word' id='word_1_613' title='bbox 2167 1986 2214 2006; x_wconf 83' lang='lat' dir='ltr'>cet.</span> <span class='ocrx_word' id='word_1_614' title='bbox 2235 1990 2287 2007; x_wconf 86' lang='lat' dir='ltr'>exc.</span> <span class='ocrx_word' id='word_1_615' title='bbox 2307 1983 2362 2007; x_wconf 86' lang='lat' dir='ltr'>EH.</span> <span class='ocrx_word' id='word_1_616' title='bbox 2380 1983 2398 2002; x_wconf 84' lang='lat'>—&#39;</span> <span class='ocrx_word' id='word_1_617' title='bbox 2418 1984 2499 2009; x_wconf 88' lang='lat' dir='ltr'>Paulo</span> 
     </span>
     <span class='ocr_line' id='line_1_93' title="bbox 1440 2011 2501 2051; baseline 0.008 -15"><span class='ocrx_word' id='word_1_618' title='bbox 1440 2011 1505 2036; x_wconf 79' lang='lat' dir='ltr'>infra</span> <span class='ocrx_word' id='word_1_619' title='bbox 1527 2020 1575 2044; x_wconf 87' lang='lat' dir='ltr'>pro</span> <span class='ocrx_word' id='word_1_620' title='bbox 1595 2013 1660 2037; x_wconf 88' lang='lat' dir='ltr'>Item</span> <span class='ocrx_word' id='word_1_621' title='bbox 1686 2014 1830 2045; x_wconf 83' lang='lat' dir='ltr'>improbat,</span> <span class='ocrx_word' id='word_1_622' title='bbox 1851 2014 1957 2047; x_wconf 90' lang='lat' dir='ltr'>DEpGa</span> <span class='ocrx_word' id='word_1_623' title='bbox 1981 2016 2042 2039; x_wconf 89' lang='lat' dir='ltr'>item</span> <span class='ocrx_word' id='word_1_624' title='bbox 2062 2016 2175 2047; x_wconf 79' lang='lat' dir='ltr'>prohat,</span> <span class='ocrx_word' id='word_1_625' title='bbox 2197 2025 2265 2049; x_wconf 86' lang='lat' dir='ltr'>quae</span> <span class='ocrx_word' id='word_1_626' title='bbox 2289 2018 2364 2043; x_wconf 89' lang='lat' dir='ltr'>lectio</span> <span class='ocrx_word' id='word_1_627' title='bbox 2383 2020 2501 2051; x_wconf 81' lang='lat' dir='ltr'>congruit</span> 
     </span>
     <span class='ocr_line' id='line_1_94' title="bbox 1439 2048 2273 2083; baseline 0.007 -12"><span class='ocrx_word' id='word_1_628' title='bbox 1439 2054 1498 2071; x_wconf 88' lang='lat' dir='ltr'>curn</span> <span class='ocrx_word' id='word_1_629' title='bbox 1518 2048 1548 2071; x_wconf 78' lang='lat' dir='ltr'>iis</span> <span class='ocrx_word' id='word_1_630' title='bbox 1567 2055 1634 2080; x_wconf 88' lang='lat' dir='ltr'>quae</span> <span class='ocrx_word' id='word_1_631' title='bbox 1653 2056 1731 2080; x_wconf 82' lang='lat' dir='ltr'>supra</span> <span class='ocrx_word' id='word_1_632' title='bbox 1750 2049 1886 2080; x_wconf 79' lang='lat' dir='ltr'>habentur,</span> <span class='ocrx_word' id='word_1_633' title='bbox 1909 2050 1944 2074; x_wconf 87' lang='lat' dir='ltr'>Et</span> <span class='ocrx_word' id='word_1_634' title='bbox 1963 2051 2104 2075; x_wconf 84' lang='lat' dir='ltr'>ostendit...</span> <span class='ocrx_word' id='word_1_635' title='bbox 2124 2052 2273 2083; x_wconf 83' lang='lat' dir='ltr'>dupliciter.</span> 
     </span>
    </p>

    <p class='ocr_par' dir='ltr' id='par_1_34' title="bbox 1435 2082 2501 2226">
     <span class='ocr_line' id='line_1_95' title="bbox 1494 2082 2500 2116; baseline 0.007 -10"><span class='ocrx_word' id='word_1_636' title='bbox 1494 2082 1522 2116; x_wconf 83' lang='grc' dir='ltr'>μ)</span> <span class='ocrx_word' id='word_1_637' title='bbox 1546 2086 1572 2107; x_wconf 82' lang='lat' dir='ltr'>et</span> <span class='ocrx_word' id='word_1_638' title='bbox 1594 2083 1716 2108; x_wconf 82' lang='lat' dir='ltr'>similiter</span> <span class='ocrx_word' id='word_1_639' title='bbox 1740 2085 1877 2109; x_wconf 84' lang='lat' dir='ltr'>contraria</span> <span class='ocrx_word' id='word_1_640' title='bbox 1901 2089 1963 2110; x_wconf 85' lang='lat' dir='ltr'>sunt</span> <span class='ocrx_word' id='word_1_641' title='bbox 1986 2091 2034 2110; x_wconf 86' lang='lat' dir='ltr'>etc.</span> <span class='ocrx_word' id='word_1_642' title='bbox 2052 2100 2072 2104; x_wconf 92' lang='lat'><strong>—</strong></span> <span class='ocrx_word' id='word_1_643' title='bbox 2091 2089 2116 2111; x_wconf 84' lang='lat' dir='ltr'>et</span> <span class='ocrx_word' id='word_1_644' title='bbox 2134 2087 2255 2112; x_wconf 85' lang='lat' dir='ltr'>similiter</span> <span class='ocrx_word' id='word_1_645' title='bbox 2277 2091 2340 2112; x_wconf 87' lang='lat' dir='ltr'>sunt</span> <span class='ocrx_word' id='word_1_646' title='bbox 2362 2089 2500 2114; x_wconf 84' lang='lat' dir='ltr'>contraria</span> 
     </span>
     <span class='ocr_line' id='line_1_96' title="bbox 1439 2117 2501 2154; baseline 0.008 -13"><span class='ocrx_word' id='word_1_647' title='bbox 1439 2117 1498 2146; x_wconf 81' lang='lat' dir='ltr'>EG,</span> <span class='ocrx_word' id='word_1_648' title='bbox 1517 2121 1543 2142; x_wconf 87' lang='lat' dir='ltr'>et</span> <span class='ocrx_word' id='word_1_649' title='bbox 1560 2118 1598 2142; x_wconf 86' lang='lat' dir='ltr'>sic</span> <span class='ocrx_word' id='word_1_650' title='bbox 1615 2119 1752 2143; x_wconf 84' lang='lat' dir='ltr'>contraria</span> <span class='ocrx_word' id='word_1_651' title='bbox 1770 2122 1832 2143; x_wconf 85' lang='lat' dir='ltr'>sunt</span> <span class='ocrx_word' id='word_1_652' title='bbox 1849 2120 2189 2154; x_wconf 86' lang='lat' dir='ltr'>ACIKQNTVXY(MpS?),</span> <span class='ocrx_word' id='word_1_653' title='bbox 2209 2126 2235 2147; x_wconf 82' lang='lat' dir='ltr'>et</span> <span class='ocrx_word' id='word_1_654' title='bbox 2252 2130 2266 2147; x_wconf 92' lang='lat' dir='ltr'>e</span> <span class='ocrx_word' id='word_1_655' title='bbox 2283 2124 2419 2148; x_wconf 84' lang='lat' dir='ltr'>contrario</span> <span class='ocrx_word' id='word_1_656' title='bbox 2438 2128 2501 2149; x_wconf 85' lang='lat' dir='ltr'>sunt</span> 
     </span>
     <span class='ocr_line' id='line_1_97' title="bbox 1440 2153 2499 2193; baseline 0.008 -17"><span class='ocrx_word' id='word_1_657' title='bbox 1440 2153 1477 2183; x_wconf 87' lang='lat' dir='ltr'>R,</span> <span class='ocrx_word' id='word_1_658' title='bbox 1496 2155 1522 2177; x_wconf 90' lang='lat' dir='ltr'>et</span> <span class='ocrx_word' id='word_1_659' title='bbox 1540 2153 1619 2177; x_wconf 84' lang='lat' dir='ltr'>etiam</span> <span class='ocrx_word' id='word_1_660' title='bbox 1644 2154 1782 2178; x_wconf 84' lang='lat' dir='ltr'>contraria</span> <span class='ocrx_word' id='word_1_661' title='bbox 1801 2155 1854 2185; x_wconf 81' lang='lat' dir='ltr'>sO,</span> <span class='ocrx_word' id='word_1_662' title='bbox 1873 2158 1900 2179; x_wconf 89' lang='lat' dir='ltr'>et</span> <span class='ocrx_word' id='word_1_663' title='bbox 1918 2163 1985 2187; x_wconf 80' lang='lat' dir='ltr'>quae</span> <span class='ocrx_word' id='word_1_664' title='bbox 2008 2159 2070 2180; x_wconf 87' lang='lat' dir='ltr'>sunt</span> <span class='ocrx_word' id='word_1_665' title='bbox 2088 2158 2225 2182; x_wconf 87' lang='lat' dir='ltr'>contraria</span> <span class='ocrx_word' id='word_1_666' title='bbox 2249 2157 2355 2192; x_wconf 83' lang='lat' dir='ltr'>L(pS?).</span> <span class='ocrx_word' id='word_1_667' title='bbox 2377 2159 2428 2183; x_wconf 86' lang='lat' dir='ltr'>Pro</span> <span class='ocrx_word' id='word_1_668' title='bbox 2448 2160 2499 2193; x_wconf 74' lang='lat' dir='ltr'>dif-</span> 
     </span>
     <span class='ocr_line' id='line_1_98' title="bbox 1435 2187 2498 2226; baseline 0.008 -15"><span class='ocrx_word' id='word_1_669' title='bbox 1435 2187 1566 2220; x_wconf 84' lang='lat' dir='ltr'>ferentia,</span> <span class='ocrx_word' id='word_1_670' title='bbox 1586 2189 1715 2213; x_wconf 84' lang='lat' dir='ltr'>elementa</span> <span class='ocrx_word' id='word_1_671' title='bbox 1737 2189 1770 2220; x_wconf 85' lang='lat' dir='ltr'>B;</span> <span class='ocrx_word' id='word_1_672' title='bbox 1793 2190 1919 2214; x_wconf 85' lang='lat' dir='ltr'>elementa</span> <span class='ocrx_word' id='word_1_673' title='bbox 1940 2191 2089 2224; x_wconf 73' lang='lat' dir='ltr'>differentia</span> <span class='ocrx_word' id='word_1_674' title='bbox 2109 2193 2144 2222; x_wconf 82' lang='lat' dir='ltr'>H,</span> <span class='ocrx_word' id='word_1_675' title='bbox 2167 2193 2212 2217; x_wconf 85' lang='lat' dir='ltr'>sed</span> <span class='ocrx_word' id='word_1_676' title='bbox 2231 2194 2359 2218; x_wconf 86' lang='lat' dir='ltr'>elementa</span> <span class='ocrx_word' id='word_1_677' title='bbox 2378 2195 2498 2226; x_wconf 84' lang='lat' dir='ltr'>expungi-</span> 
     </span>
    </p>
   </div>
   <div class='ocr_carea' id='block_1_31' title="bbox 1439 2223 2499 2282">
    <p class='ocr_par' dir='ltr' id='par_1_35' title="bbox 1439 2223 2499 2282">
     <span class='ocr_line' id='line_1_99' title="bbox 1439 2223 2499 2282; baseline 0.008 -36"><span class='ocrx_word' id='word_1_678' title='bbox 1439 2227 1521 2282; x_wconf 47' lang='lat' dir='ltr'>{urii-</span> <span class='ocrx_word' id='word_1_679' title='bbox 1535 2223 1563 2262; x_wconf 32' lang='lat' dir='ltr'>&#39;O</span> <span class='ocrx_word' id='word_1_680' title='bbox 1587 2223 1669 2255; x_wconf 83' lang='lat' dir='ltr'>prima</span> <span class='ocrx_word' id='word_1_681' title='bbox 1688 2231 1766 2248; x_wconf 83' lang='lat' dir='ltr'>manu</span> <span class='ocrx_word' id='word_1_682' title='bbox 1785 2232 1838 2250; x_wconf 85' lang='lat' dir='ltr'>orn.</span> <span class='ocrx_word' id='word_1_683' title='bbox 1856 2225 2029 2258; x_wconf 83' lang='lat' dir='ltr'>Manifestum</span> <span class='ocrx_word' id='word_1_684' title='bbox 2049 2230 2088 2251; x_wconf 83' lang='lat' dir='ltr'>est</span> <span class='ocrx_word' id='word_1_685' title='bbox 2105 2228 2175 2252; x_wconf 86' lang='lat' dir='ltr'>enim</span> <span class='ocrx_word' id='word_1_686' title='bbox 2195 2233 2242 2253; x_wconf 89' lang='lat' dir='ltr'>etc.</span> <span class='ocrx_word' id='word_1_687' title='bbox 2267 2237 2352 2261; x_wconf 87' lang='lat' dir='ltr'>usque</span> <span class='ocrx_word' id='word_1_688' title='bbox 2371 2230 2402 2254; x_wconf 89' lang='lat' dir='ltr'>ad</span> <span class='ocrx_word' id='word_1_689' title='bbox 2420 2229 2499 2255; x_wconf 84' lang='lat' dir='ltr'>finem</span> 
     </span>
     <span class='ocr_line' id='line_1_100' title="bbox 1450 2265 1565 2282; baseline 0 0"><span class='ocrx_word' id='word_1_690' title='bbox 1450 2265 1478 2282; x_wconf 89' lang='lat' dir='ltr'>ec</span> <span class='ocrx_word' id='word_1_691' title='bbox 1498 2265 1565 2282; x_wconf 88' lang='lat' dir='ltr'>oms.</span> 
     </span>
    </p>
   </div>
   <div class='ocr_carea' id='block_1_32' title="bbox 1073 2741 1756 2954">
    <p class='ocr_par' dir='ltr' id='par_1_36' title="bbox 1073 2741 1756 2954">
     <span class='ocr_line' id='line_1_101' title="bbox 1073 2741 1756 2954; baseline 0 1068"><span class='ocrx_word' id='word_1_692' title='bbox 1073 2741 1756 2954; x_wconf 95' lang='lat' dir='ltr'> </span> 
     </span>
    </p>
   </div>
   <div class='ocr_carea' id='block_1_33' title="bbox 470 3529 814 3562">
    <p class='ocr_par' dir='ltr' id='par_1_37' title="bbox 470 3529 814 3562">
     <span class='ocr_line' id='line_1_102' title="bbox 470 3529 814 3562; baseline 0 -8"><span class='ocrx_word' id='word_1_693' title='bbox 470 3529 538 3562; x_wconf 87' lang='lat' dir='ltr'>Opp.</span> <span class='ocrx_word' id='word_1_694' title='bbox 558 3529 589 3554; x_wconf 90' lang='lat' dir='ltr'>D.</span> <span class='ocrx_word' id='word_1_695' title='bbox 604 3529 716 3554; x_wconf 72' lang='lat' dir='ltr'>Tuomm</span> <span class='ocrx_word' id='word_1_696' title='bbox 735 3529 766 3554; x_wconf 81' lang='lat' dir='ltr'>T.</span> <span class='ocrx_word' id='word_1_697' title='bbox 785 3530 814 3554; x_wconf 86' lang='lat'>11.</span> 
     </span>
    </p>
   </div>
  </div>
 </body>
</html>
