<?xml version="1.0" encoding="UTF-8"?>
<!DOCTYPE html PUBLIC "-//W3C//DTD XHTML 1.0 Transitional//EN"
    "http://www.w3.org/TR/xhtml1/DTD/xhtml1-transitional.dtd">
<html xmlns="http://www.w3.org/1999/xhtml" xml:lang="en" lang="en">
 <head>
  <title>
</title>
<meta http-equiv="Content-Type" content="text/html;charset=utf-8" />
  <meta name='ocr-system' content='tesseract 3.04.00' />
  <meta name='ocr-capabilities' content='ocr_page ocr_carea ocr_par ocr_line ocrx_word'/>
</head>
<body>
  <div class='ocr_page' id='page_1' title='image "./operaomniaiussui02thom/operaomniaiussui02thom_0423.png"; bbox 0 0 2898 3996; ppageno 0'>
   <div class='ocr_carea' id='block_1_1' title="bbox 0 1703 4 2569">
    <p class='ocr_par' dir='ltr' id='par_1_1' title="bbox 0 1703 4 2569">
     <span class='ocr_line' id='line_1_1' title="bbox 0 1703 4 2569; baseline 0 0"><span class='ocrx_word' id='word_1_1' title='bbox 0 1703 4 2569; x_wconf 95' lang='lat' dir='ltr'> </span> 
     </span>
    </p>
   </div>
   <div class='ocr_carea' id='block_1_2' title="bbox 14 438 46 753">
    <p class='ocr_par' dir='ltr' id='par_1_2' title="bbox 14 438 46 753">
     <span class='ocr_line' id='line_1_2' title="bbox 15 438 40 483; baseline 0.16 -4"><span class='ocrx_word' id='word_1_2' title='bbox 15 438 40 483; x_wconf 62' lang='lat'>54⁶2]</span> 
     </span>
     <span class='ocr_line' id='line_1_3' title="bbox 15 486 46 515; baseline -0.097 0"><span class='ocrx_word' id='word_1_3' title='bbox 15 486 38 515; x_wconf 53' lang='grc' dir='ltr'>’ἕλ’</span> <span class='ocrx_word' id='word_1_4' title='bbox 42 508 46 512; x_wconf 94' lang='grc'><em>.</em></span> 
     </span>
     <span class='ocr_line' id='line_1_4' title="bbox 14 692 40 753; baseline -0.077 0"><span class='ocrx_word' id='word_1_5' title='bbox 14 692 40 753; x_wconf 58' lang='grc' dir='ltr'>ἐξ</span> 
     </span>
    </p>
   </div>
   <div class='ocr_carea' id='block_1_3' title="bbox 6 903 60 1265">
    <p class='ocr_par' dir='ltr' id='par_1_3' title="bbox 6 903 60 1265">
     <span class='ocr_line' id='line_1_5' title="bbox 6 903 60 1265; baseline 0 2731"><span class='ocrx_word' id='word_1_6' title='bbox 6 903 60 1265; x_wconf 95' lang='lat' dir='ltr'> </span> 
     </span>
    </p>
   </div>
   <div class='ocr_carea' id='block_1_4' title="bbox 0 1540 78 3653">
    <p class='ocr_par' dir='ltr' id='par_1_4' title="bbox 0 1540 78 3653">
     <span class='ocr_line' id='line_1_6' title="bbox 0 1540 78 3653; baseline 0 0"><span class='ocrx_word' id='word_1_7' title='bbox 0 1540 78 3653; x_wconf 95' lang='lat' dir='ltr'> </span> 
     </span>
    </p>
   </div>
   <div class='ocr_carea' id='block_1_5' title="bbox 84 657 214 680">
    <p class='ocr_par' dir='ltr' id='par_1_5' title="bbox 84 657 214 680">
     <span class='ocr_line' id='line_1_7' title="bbox 84 657 214 680; baseline -0.015 0"><span class='ocrx_word' id='word_1_8' title='bbox 84 659 94 669; x_wconf 88' lang='grc'>·</span> <span class='ocrx_word' id='word_1_9' title='bbox 108 657 173 680; x_wconf 76' lang='lat' dir='ltr'>Lect.</span> <span class='ocrx_word' id='word_1_10' title='bbox 188 662 214 679; x_wconf 87' lang='grc'>11.</span> 
     </span>
    </p>
   </div>
   <div class='ocr_carea' id='block_1_6' title="bbox 86 816 271 844">
    <p class='ocr_par' dir='ltr' id='par_1_6' title="bbox 86 816 271 844">
     <span class='ocr_line' id='line_1_8' title="bbox 86 816 271 844; baseline -0.011 -5"><span class='ocrx_word' id='word_1_11' title='bbox 86 818 97 828; x_wconf 79' lang='grc'><em>·</em></span> <span class='ocrx_word' id='word_1_12' title='bbox 110 816 180 839; x_wconf 82' lang='lat' dir='ltr'>Num.</span> <span class='ocrx_word' id='word_1_13' title='bbox 195 821 271 844; x_wconf 74' lang='lat' dir='ltr'>praec.</span> 
     </span>
    </p>
   </div>
   <div class='ocr_carea' id='block_1_7' title="bbox 89 1700 248 1729">
    <p class='ocr_par' dir='ltr' id='par_1_7' title="bbox 89 1700 248 1729">
     <span class='ocr_line' id='line_1_9' title="bbox 89 1700 248 1729; baseline -0.006 -6"><span class='ocrx_word' id='word_1_14' title='bbox 89 1703 100 1712; x_wconf 85' lang='lat'><strong>·</strong></span> <span class='ocrx_word' id='word_1_15' title='bbox 113 1700 184 1724; x_wconf 81' lang='lat' dir='ltr'>Num.</span> <span class='ocrx_word' id='word_1_16' title='bbox 199 1706 248 1729; x_wconf 70' lang='lat' dir='ltr'>neq.</span> 
     </span>
    </p>
   </div>
   <div class='ocr_carea' id='block_1_8' title="bbox 88 1857 278 1886">
    <p class='ocr_par' dir='ltr' id='par_1_8' title="bbox 88 1857 278 1886">
     <span class='ocr_line' id='line_1_10' title="bbox 88 1857 278 1886; baseline -0.011 -6"><span class='ocrx_word' id='word_1_17' title='bbox 88 1859 100 1870; x_wconf 75' lang='lat'>‘¹</span> <span class='ocrx_word' id='word_1_18' title='bbox 115 1857 186 1880; x_wconf 84' lang='lat' dir='ltr'>Num.</span> <span class='ocrx_word' id='word_1_19' title='bbox 203 1862 278 1886; x_wconf 77' lang='lat' dir='ltr'>praec.</span> 
     </span>
    </p>
   </div>
   <div class='ocr_carea' id='block_1_9' title="bbox 90 2172 223 2196">
    <p class='ocr_par' dir='ltr' id='par_1_9' title="bbox 90 2172 223 2196">
     <span class='ocr_line' id='line_1_11' title="bbox 90 2172 223 2196; baseline -0.015 0"><span class='ocrx_word' id='word_1_20' title='bbox 90 2174 103 2184; x_wconf 74' lang='lat'>¹</span> <span class='ocrx_word' id='word_1_21' title='bbox 116 2172 188 2196; x_wconf 75' lang='lat' dir='ltr'>Num.</span> <span class='ocrx_word' id='word_1_22' title='bbox 202 2178 223 2195; x_wconf 81' lang='lat'>2.</span> 
     </span>
    </p>
   </div>
   <div class='ocr_carea' id='block_1_10' title="bbox 91 2325 266 2353">
    <p class='ocr_par' dir='ltr' id='par_1_10' title="bbox 91 2325 266 2353">
     <span class='ocr_line' id='line_1_12' title="bbox 91 2325 266 2353; baseline 0.006 -7"><span class='ocrx_word' id='word_1_23' title='bbox 91 2326 104 2336; x_wconf 78' lang='lat'><strong>·</strong></span> <span class='ocrx_word' id='word_1_24' title='bbox 115 2325 215 2353; x_wconf 77' lang='lat' dir='ltr'>primum</span> <span class='ocrx_word' id='word_1_25' title='bbox 227 2330 266 2347; x_wconf 79' lang='lat' dir='ltr'>nc.</span> 
     </span>
    </p>
   </div>
   <div class='ocr_carea' id='block_1_11' title="bbox 93 2741 222 2772">
    <p class='ocr_par' dir='ltr' id='par_1_11' title="bbox 93 2741 222 2772">
     <span class='ocr_line' id='line_1_13' title="bbox 93 2741 222 2772; baseline 0 -8"><span class='ocrx_word' id='word_1_26' title='bbox 93 2742 105 2753; x_wconf 70' lang='lat'>‘</span> <span class='ocrx_word' id='word_1_27' title='bbox 118 2741 187 2765; x_wconf 86' lang='lat' dir='ltr'>Num.</span> <span class='ocrx_word' id='word_1_28' title='bbox 202 2749 222 2772; x_wconf 87' lang='lat'>3.</span> 
     </span>
    </p>
   </div>
   <div class='ocr_carea' id='block_1_12' title="bbox 1178 251 1629 299">
    <p class='ocr_par' dir='ltr' id='par_1_12' title="bbox 1178 251 1629 299">
     <span class='ocr_line' id='line_1_14' title="bbox 1178 251 1629 299; baseline -0.002 -10"><span class='ocrx_word' id='word_1_29' title='bbox 1178 253 1288 289; x_wconf 84' lang='lat' dir='ltr'>CAP.</span> <span class='ocrx_word' id='word_1_30' title='bbox 1318 252 1367 299; x_wconf 91' lang='lat' dir='ltr'>v,</span> <span class='ocrx_word' id='word_1_31' title='bbox 1397 251 1547 289; x_wconf 87' lang='lat' dir='ltr'>LECT.</span> <span class='ocrx_word' id='word_1_32' title='bbox 1578 253 1629 288; x_wconf 79' lang='lat' dir='ltr'>JX</span> 
     </span>
    </p>
   </div>
   <div class='ocr_carea' id='block_1_13' title="bbox 320 329 1389 3205">
    <p class='ocr_par' dir='ltr' id='par_1_13' title="bbox 320 329 1384 1740">
     <span class='ocr_line' id='line_1_15' title="bbox 320 329 1378 380; baseline -0.005 -9"><span class='ocrx_word' id='word_1_33' title='bbox 320 334 408 379; x_wconf 89' lang='lat' dir='ltr'>alio;</span> <span class='ocrx_word' id='word_1_34' title='bbox 439 340 475 369; x_wconf 89' lang='lat' dir='ltr'>et</span> <span class='ocrx_word' id='word_1_35' title='bbox 501 332 587 370; x_wconf 90' lang='lat' dir='ltr'>ideo</span> <span class='ocrx_word' id='word_1_36' title='bbox 617 339 893 380; x_wconf 89' lang='lat' dir='ltr'>consequenter</span> <span class='ocrx_word' id='word_1_37' title='bbox 918 333 992 368; x_wconf 91' lang='lat' dir='ltr'>hoc</span> <span class='ocrx_word' id='word_1_38' title='bbox 1019 331 1156 380; x_wconf 87' lang='lat' dir='ltr'>probat</span> <span class='ocrx_word' id='word_1_39' title='bbox 1183 331 1246 367; x_wconf 91' lang='lat' dir='ltr'>sic.</span> <span class='ocrx_word' id='word_1_40' title='bbox 1277 329 1378 377; x_wconf 88' lang='lat' dir='ltr'><strong>Quia</strong></span> 
     </span>
     <span class='ocr_line' id='line_1_16' title="bbox 320 382 1376 434; baseline -0.005 -11"><span class='ocrx_word' id='word_1_41' title='bbox 320 386 351 424; x_wconf 92' lang='lat' dir='ltr'>si</span> <span class='ocrx_word' id='word_1_42' title='bbox 379 385 520 434; x_wconf 91' lang='lat' dir='ltr'>aliquid</span> <span class='ocrx_word' id='word_1_43' title='bbox 551 393 732 422; x_wconf 86' lang='lat' dir='ltr'>movetur-</span> <span class='ocrx_word' id='word_1_44' title='bbox 760 385 807 422; x_wconf 90' lang='lat' dir='ltr'>ab</span> <span class='ocrx_word' id='word_1_45' title='bbox 840 384 932 431; x_wconf 88' lang='lat' dir='ltr'>alio,</span> <span class='ocrx_word' id='word_1_46' title='bbox 969 391 1004 421; x_wconf 91' lang='lat' dir='ltr'>et</span> <span class='ocrx_word' id='word_1_47' title='bbox 1039 384 1175 420; x_wconf 89' lang='lat' dir='ltr'>iterum</span> <span class='ocrx_word' id='word_1_48' title='bbox 1212 383 1300 419; x_wconf 90' lang='lat' dir='ltr'>illud</span> <span class='ocrx_word' id='word_1_49' title='bbox 1328 382 1376 418; x_wconf 88' lang='lat' dir='ltr'>ab</span> 
     </span>
     <span class='ocr_line' id='line_1_17' title="bbox 320 434 1378 486; baseline -0.005 -11"><span class='ocrx_word' id='word_1_50' title='bbox 320 438 414 485; x_wconf 87' lang='lat' dir='ltr'>alio,</span> <span class='ocrx_word' id='word_1_51' title='bbox 445 446 482 475; x_wconf 89' lang='lat' dir='ltr'>et</span> <span class='ocrx_word' id='word_1_52' title='bbox 508 449 706 486; x_wconf 88' lang='lat' dir='ltr'>nunquam</span> <span class='ocrx_word' id='word_1_53' title='bbox 735 444 790 474; x_wconf 91' lang='lat' dir='ltr'>est</span> <span class='ocrx_word' id='word_1_54' title='bbox 818 436 998 474; x_wconf 88' lang='lat' dir='ltr'>devenire</span> <span class='ocrx_word' id='word_1_55' title='bbox 1027 436 1075 473; x_wconf 91' lang='lat' dir='ltr'>ad</span> <span class='ocrx_word' id='word_1_56' title='bbox 1103 435 1244 483; x_wconf 89' lang='lat' dir='ltr'>aliquid</span> <span class='ocrx_word' id='word_1_57' title='bbox 1272 434 1378 482; x_wconf 93' lang='lat' dir='ltr'>quod</span> 
     </span>
     <span class='ocr_line' id='line_1_18' title="bbox 320 487 1378 537; baseline -0.006 -9"><span class='ocrx_word' id='word_1_58' title='bbox 320 503 399 528; x_wconf 90' lang='lat' dir='ltr'>non</span> <span class='ocrx_word' id='word_1_59' title='bbox 427 498 628 528; x_wconf 90' lang='lat' dir='ltr'>moveatur</span> <span class='ocrx_word' id='word_1_60' title='bbox 655 491 703 527; x_wconf 86' lang='lat' dir='ltr'>ab</span> <span class='ocrx_word' id='word_1_61' title='bbox 731 490 816 536; x_wconf 87' lang='lat' dir='ltr'>alio,</span> <span class='ocrx_word' id='word_1_62' title='bbox 846 489 1014 536; x_wconf 90' lang='lat' dir='ltr'>sequitur</span> <span class='ocrx_word' id='word_1_63' title='bbox 1041 488 1146 537; x_wconf 92' lang='lat' dir='ltr'>quod</span> <span class='ocrx_word' id='word_1_64' title='bbox 1174 487 1219 524; x_wconf 91' lang='lat' dir='ltr'>sit</span> <span class='ocrx_word' id='word_1_65' title='bbox 1243 499 1378 535; x_wconf 89' lang='lat' dir='ltr'>proce—</span> 
     </span>
     <span class='ocr_line' id='line_1_19' title="bbox 321 539 1378 580; baseline -0.005 0"><span class='ocrx_word' id='word_1_66' title='bbox 321 543 410 580; x_wconf 89' lang='lat' dir='ltr'>dere</span> <span class='ocrx_word' id='word_1_67' title='bbox 437 543 476 580; x_wconf 92' lang='lat' dir='ltr'>in</span> <span class='ocrx_word' id='word_1_68' title='bbox 504 542 692 580; x_wconf 89' lang='lat' dir='ltr'>infinitum</span> <span class='ocrx_word' id='word_1_69' title='bbox 719 542 758 578; x_wconf 92' lang='lat' dir='ltr'>in</span> <span class='ocrx_word' id='word_1_70' title='bbox 777 541 1019 579; x_wconf 89' lang='lat' dir='ltr'>moventibus</span> <span class='ocrx_word' id='word_1_71' title='bbox 1039 548 1075 577; x_wconf 93' lang='lat' dir='ltr'>et</span> <span class='ocrx_word' id='word_1_72' title='bbox 1092 539 1214 576; x_wconf 89' lang='lat' dir='ltr'>motis.</span> <span class='ocrx_word' id='word_1_73' title='bbox 1235 540 1285 576; x_wconf 91' lang='lat' dir='ltr'>Et</span> <span class='ocrx_word' id='word_1_74' title='bbox 1303 539 1378 575; x_wconf 97' lang='grc'><strong>1106</strong></span> 
     </span>
     <span class='ocr_line' id='line_1_20' title="bbox 321 592 1377 644; baseline -0.006 -11"><span class='ocrx_word' id='word_1_75' title='bbox 321 595 476 644; x_wconf 90' lang='lat' dir='ltr'>quidem</span> <span class='ocrx_word' id='word_1_76' title='bbox 506 597 587 632; x_wconf 77' lang='lat' dir='ltr'>esse</span> <span class='ocrx_word' id='word_1_77' title='bbox 615 594 858 643; x_wconf 89' lang='lat' dir='ltr'>impossibile,</span> <span class='ocrx_word' id='word_1_78' title='bbox 885 605 999 642; x_wconf 89' lang='lat' dir='ltr'>supra</span> <span class='ocrx_word' id='word_1_79' title='bbox 1025 593 1228 641; x_wconf 88' lang='lat' dir='ltr'>probatum</span> <span class='ocrx_word' id='word_1_80' title='bbox 1257 599 1312 628; x_wconf 91' lang='lat' dir='ltr'>est</span> <span class='ocrx_word' id='word_1_81' title='bbox 1340 592 1377 628; x_wconf 90' lang='lat' dir='ltr'>in</span> 
     </span>
     <span class='ocr_line' id='line_1_21' title="bbox 322 644 1377 696; baseline -0.006 -11"><span class='ocrx_word' id='word_1_82' title='bbox 322 647 484 696; x_wconf 90' lang='lat' dir='ltr'>septimo</span> <span class='ocrx_word' id='word_1_83' title='bbox 504 649 541 684; x_wconf 72' lang='grc' dir='ltr'>*τ</span> <span class='ocrx_word' id='word_1_84' title='bbox 571 647 639 684; x_wconf 93' lang='lat' dir='ltr'>sed</span> <span class='ocrx_word' id='word_1_85' title='bbox 657 647 717 684; x_wconf 90' lang='lat' dir='ltr'>hic</span> <span class='ocrx_word' id='word_1_86' title='bbox 735 647 872 695; x_wconf 90' lang='lat' dir='ltr'>probat</span> <span class='ocrx_word' id='word_1_87' title='bbox 899 645 1046 682; x_wconf 88' lang='lat' dir='ltr'>certiori</span> <span class='ocrx_word' id='word_1_88' title='bbox 1063 644 1138 690; x_wconf 86' lang='lat' dir='ltr'>via,</span> <span class='ocrx_word' id='word_1_89' title='bbox 1159 644 1247 692; x_wconf 89' lang='lat' dir='ltr'>quia</span> <span class='ocrx_word' id='word_1_90' title='bbox 1266 644 1305 681; x_wconf 93' lang='lat' dir='ltr'>in</span> <span class='ocrx_word' id='word_1_91' title='bbox 1324 644 1377 680; x_wconf 93' lang='lat' dir='ltr'>in—</span> 
     </span>
     <span class='ocr_line' id='line_1_22' title="bbox 321 696 1378 746; baseline -0.005 -9"><span class='ocrx_word' id='word_1_92' title='bbox 321 699 435 737; x_wconf 88' lang='lat' dir='ltr'>finitis</span> <span class='ocrx_word' id='word_1_93' title='bbox 453 705 468 727; x_wconf 85' lang='lat'>⁷</span> <span class='ocrx_word' id='word_1_94' title='bbox 487 712 566 737; x_wconf 92' lang='lat' dir='ltr'>non</span> <span class='ocrx_word' id='word_1_95' title='bbox 586 706 642 736; x_wconf 89' lang='lat' dir='ltr'>est</span> <span class='ocrx_word' id='word_1_96' title='bbox 658 698 800 746; x_wconf 89' lang='lat' dir='ltr'>aliquid</span> <span class='ocrx_word' id='word_1_97' title='bbox 817 697 995 746; x_wconf 87' lang='lat' dir='ltr'>primum.</span> <span class='ocrx_word' id='word_1_98' title='bbox 1017 696 1056 733; x_wconf 89' lang='lat' dir='ltr'>Si</span> <span class='ocrx_word' id='word_1_99' title='bbox 1077 708 1165 744; x_wconf 90' lang='lat' dir='ltr'>ergo</span> <span class='ocrx_word' id='word_1_100' title='bbox 1184 697 1378 733; x_wconf 85' lang='lat' dir='ltr'>moventia</span> 
     </span>
     <span class='ocr_line' id='line_1_23' title="bbox 323 749 1378 801; baseline -0.005 -12"><span class='ocrx_word' id='word_1_101' title='bbox 323 760 360 789; x_wconf 92' lang='lat' dir='ltr'>et</span> <span class='ocrx_word' id='word_1_102' title='bbox 387 760 492 790; x_wconf 90' lang='lat' dir='ltr'>mota</span> <span class='ocrx_word' id='word_1_103' title='bbox 517 751 725 801; x_wconf 82' lang='lat' dir='ltr'>procedant</span> <span class='ocrx_word' id='word_1_104' title='bbox 751 750 790 787; x_wconf 89' lang='lat' dir='ltr'>in</span> <span class='ocrx_word' id='word_1_105' title='bbox 817 749 1015 796; x_wconf 89' lang='lat' dir='ltr'>infinitum,</span> <span class='ocrx_word' id='word_1_106' title='bbox 1036 761 1115 786; x_wconf 93' lang='lat' dir='ltr'>non</span> <span class='ocrx_word' id='word_1_107' title='bbox 1143 749 1211 785; x_wconf 91' lang='lat' dir='ltr'>erit</span> <span class='ocrx_word' id='word_1_108' title='bbox 1238 749 1378 797; x_wconf 91' lang='lat' dir='ltr'>aliquid</span> 
     </span>
     <span class='ocr_line' id='line_1_24' title="bbox 322 801 1379 854; baseline -0.005 -12"><span class='ocrx_word' id='word_1_109' title='bbox 322 805 489 854; x_wconf 90' lang='lat' dir='ltr'>primurn</span> <span class='ocrx_word' id='word_1_110' title='bbox 506 815 680 842; x_wconf 87' lang='lat' dir='ltr'>movens.</span> <span class='ocrx_word' id='word_1_111' title='bbox 697 804 778 839; x_wconf 91' lang='lat' dir='ltr'>Iam</span> <span class='ocrx_word' id='word_1_112' title='bbox 797 809 922 838; x_wconf 89' lang='lat' dir='ltr'>autem</span> <span class='ocrx_word' id='word_1_113' title='bbox 947 802 1088 839; x_wconf 88' lang='lat' dir='ltr'>dictum</span> <span class='ocrx_word' id='word_1_114' title='bbox 1110 809 1164 838; x_wconf 92' lang='lat' dir='ltr'>est</span> <span class='ocrx_word' id='word_1_115' title='bbox 1177 802 1207 847; x_wconf 68' lang='lat'>³³²,</span> <span class='ocrx_word' id='word_1_116' title='bbox 1225 802 1329 849; x_wconf 90' lang='lat' dir='ltr'>quod</span> <span class='ocrx_word' id='word_1_117' title='bbox 1349 801 1379 838; x_wconf 91' lang='lat' dir='ltr'>si</span> 
     </span>
     <span class='ocr_line' id='line_1_25' title="bbox 323 854 1378 906; baseline -0.004 -12"><span class='ocrx_word' id='word_1_118' title='bbox 323 857 490 906; x_wconf 90' lang='lat' dir='ltr'>primum</span> <span class='ocrx_word' id='word_1_119' title='bbox 518 867 679 892; x_wconf 89' lang='lat' dir='ltr'>movens</span> <span class='ocrx_word' id='word_1_120' title='bbox 707 866 786 891; x_wconf 92' lang='lat' dir='ltr'>non</span> <span class='ocrx_word' id='word_1_121' title='bbox 818 861 965 901; x_wconf 87' lang='lat' dir='ltr'>movet,</span> <span class='ocrx_word' id='word_1_122' title='bbox 994 866 1065 890; x_wconf 90' lang='lat' dir='ltr'>nec</span> <span class='ocrx_word' id='word_1_123' title='bbox 1091 854 1268 890; x_wconf 90' lang='lat' dir='ltr'>ultimum</span> <span class='ocrx_word' id='word_1_124' title='bbox 1297 866 1378 891; x_wconf 94' lang='lat' dir='ltr'>mo-</span> 
     </span>
     <span class='ocr_line' id='line_1_26' title="bbox 322 906 1380 954; baseline -0.003 -9"><span class='ocrx_word' id='word_1_125' title='bbox 322 915 407 946; x_wconf 87' lang='lat' dir='ltr'>vet:</span> <span class='ocrx_word' id='word_1_126' title='bbox 440 920 519 945; x_wconf 92' lang='lat' dir='ltr'>non</span> <span class='ocrx_word' id='word_1_127' title='bbox 551 919 640 954; x_wconf 84' lang='lat' dir='ltr'>ergo</span> <span class='ocrx_word' id='word_1_128' title='bbox 679 906 745 943; x_wconf 87' lang='lat' dir='ltr'>erit</span> <span class='ocrx_word' id='word_1_129' title='bbox 777 906 932 954; x_wconf 84' lang='lat' dir='ltr'>aliquod</span> <span class='ocrx_word' id='word_1_130' title='bbox 964 918 1147 943; x_wconf 91' lang='lat' dir='ltr'>movens:</span> <span class='ocrx_word' id='word_1_131' title='bbox 1187 906 1292 954; x_wconf 93' lang='lat' dir='ltr'>quod</span> <span class='ocrx_word' id='word_1_132' title='bbox 1326 913 1380 942; x_wconf 92' lang='lat' dir='ltr'>est</span> 
     </span>
     <span class='ocr_line' id='line_1_27' title="bbox 324 958 1379 1007; baseline -0.003 -10"><span class='ocrx_word' id='word_1_133' title='bbox 324 959 519 998; x_wconf 87' lang='lat' dir='ltr'>manifeste</span> <span class='ocrx_word' id='word_1_134' title='bbox 547 959 695 996; x_wconf 87' lang='lat' dir='ltr'>falsum.</span> <span class='ocrx_word' id='word_1_135' title='bbox 725 959 816 996; x_wconf 93' lang='lat' dir='ltr'>Non</span> <span class='ocrx_word' id='word_1_136' title='bbox 846 966 901 995; x_wconf 91' lang='lat' dir='ltr'>est</span> <span class='ocrx_word' id='word_1_137' title='bbox 929 970 1017 1006; x_wconf 90' lang='lat' dir='ltr'>ergo</span> <span class='ocrx_word' id='word_1_138' title='bbox 1036 959 1243 1007; x_wconf 89' lang='lat' dir='ltr'>procedere</span> <span class='ocrx_word' id='word_1_139' title='bbox 1268 958 1306 994; x_wconf 94' lang='lat' dir='ltr'>in</span> <span class='ocrx_word' id='word_1_140' title='bbox 1325 958 1379 994; x_wconf 89' lang='lat' dir='ltr'>in-</span> 
     </span>
     <span class='ocr_line' id='line_1_28' title="bbox 323 1010 1377 1059; baseline -0.004 -9"><span class='ocrx_word' id='word_1_141' title='bbox 323 1012 473 1050; x_wconf 90' lang='lat' dir='ltr'>finitum</span> <span class='ocrx_word' id='word_1_142' title='bbox 500 1012 540 1049; x_wconf 90' lang='lat' dir='ltr'>in</span> <span class='ocrx_word' id='word_1_143' title='bbox 566 1012 642 1048; x_wconf 91' lang='lat' dir='ltr'>hoc</span> <span class='ocrx_word' id='word_1_144' title='bbox 668 1012 774 1059; x_wconf 93' lang='lat' dir='ltr'>quod</span> <span class='ocrx_word' id='word_1_145' title='bbox 809 1011 950 1059; x_wconf 85' lang='lat' dir='ltr'>aliquid</span> <span class='ocrx_word' id='word_1_146' title='bbox 983 1018 1184 1048; x_wconf 88' lang='lat' dir='ltr'>moveatur</span> <span class='ocrx_word' id='word_1_147' title='bbox 1215 1011 1263 1047; x_wconf 87' lang='lat' dir='ltr'>ab</span> <span class='ocrx_word' id='word_1_148' title='bbox 1292 1010 1377 1047; x_wconf 90' lang='lat' dir='ltr'>alio.</span> 
     </span>
     <span class='ocr_line' id='line_1_29' title="bbox 326 1061 1378 1112; baseline -0.004 -10"><span class='ocrx_word' id='word_1_149' title='bbox 326 1065 366 1102; x_wconf 91' lang='lat' dir='ltr'>Si</span> <span class='ocrx_word' id='word_1_150' title='bbox 395 1077 484 1112; x_wconf 88' lang='lat' dir='ltr'>ergo</span> <span class='ocrx_word' id='word_1_151' title='bbox 518 1064 627 1102; x_wconf 91' lang='lat' dir='ltr'>detur</span> <span class='ocrx_word' id='word_1_152' title='bbox 654 1061 667 1085; x_wconf 75' lang='lat'><em>⁸</em></span> <span class='ocrx_word' id='word_1_153' title='bbox 695 1064 800 1111; x_wconf 93' lang='lat' dir='ltr'>quod</span> <span class='ocrx_word' id='word_1_154' title='bbox 837 1075 950 1100; x_wconf 89' lang='lat' dir='ltr'>omne</span> <span class='ocrx_word' id='word_1_155' title='bbox 983 1062 1089 1111; x_wconf 91' lang='lat' dir='ltr'>quod</span> <span class='ocrx_word' id='word_1_156' title='bbox 1121 1070 1298 1099; x_wconf 89' lang='lat' dir='ltr'>movetur</span> <span class='ocrx_word' id='word_1_157' title='bbox 1331 1063 1378 1098; x_wconf 90' lang='lat' dir='ltr'>ab</span> 
     </span>
     <span class='ocr_line' id='line_1_30' title="bbox 325 1115 1379 1165; baseline -0.003 -11"><span class='ocrx_word' id='word_1_158' title='bbox 325 1118 452 1165; x_wconf 86' lang='lat' dir='ltr'>aliquo</span> <span class='ocrx_word' id='word_1_159' title='bbox 467 1123 654 1163; x_wconf 88' lang='lat' dir='ltr'>movetur,</span> <span class='ocrx_word' id='word_1_160' title='bbox 666 1123 708 1153; x_wconf 87' lang='lat' dir='ltr'>ut</span> <span class='ocrx_word' id='word_1_161' title='bbox 725 1124 919 1153; x_wconf 87' lang='lat' dir='ltr'>ostensum</span> <span class='ocrx_word' id='word_1_162' title='bbox 939 1124 1009 1161; x_wconf 82' lang='lat' dir='ltr'>est3</span> <span class='ocrx_word' id='word_1_163' title='bbox 1030 1122 1067 1152; x_wconf 91' lang='lat' dir='ltr'>et</span> <span class='ocrx_word' id='word_1_164' title='bbox 1084 1115 1220 1152; x_wconf 90' lang='lat' dir='ltr'>iterum</span> <span class='ocrx_word' id='word_1_165' title='bbox 1240 1116 1379 1163; x_wconf 87' lang='lat' dir='ltr'>suppo-</span> 
     </span>
     <span class='ocr_line' id='line_1_31' title="bbox 326 1169 1380 1218; baseline -0.004 -11"><span class='ocrx_word' id='word_1_166' title='bbox 326 1177 436 1207; x_wconf 88' lang='lat' dir='ltr'>natur</span> <span class='ocrx_word' id='word_1_167' title='bbox 463 1169 568 1218; x_wconf 89' lang='lat' dir='ltr'>quod</span> <span class='ocrx_word' id='word_1_168' title='bbox 593 1169 760 1217; x_wconf 89' lang='lat' dir='ltr'>primum</span> <span class='ocrx_word' id='word_1_169' title='bbox 781 1181 943 1206; x_wconf 88' lang='lat' dir='ltr'>movens</span> <span class='ocrx_word' id='word_1_170' title='bbox 972 1174 1165 1205; x_wconf 87' lang='lat' dir='ltr'>movetur:</span> <span class='ocrx_word' id='word_1_171' title='bbox 1187 1180 1275 1204; x_wconf 92' lang='lat' dir='ltr'>cum</span> <span class='ocrx_word' id='word_1_172' title='bbox 1293 1179 1380 1216; x_wconf 90' lang='lat' dir='ltr'>pro—</span> 
     </span>
     <span class='ocr_line' id='line_1_32' title="bbox 326 1220 1380 1269; baseline -0.003 -10"><span class='ocrx_word' id='word_1_173' title='bbox 326 1223 457 1259; x_wconf 86' lang='lat' dir='ltr'>batum</span> <span class='ocrx_word' id='word_1_174' title='bbox 489 1221 534 1258; x_wconf 91' lang='lat' dir='ltr'>sit</span> <span class='ocrx_word' id='word_1_175' title='bbox 561 1221 666 1269; x_wconf 89' lang='lat' dir='ltr'>quod</span> <span class='ocrx_word' id='word_1_176' title='bbox 694 1233 772 1258; x_wconf 92' lang='lat' dir='ltr'>non</span> <span class='ocrx_word' id='word_1_177' title='bbox 809 1227 1010 1258; x_wconf 88' lang='lat' dir='ltr'>moveatur</span> <span class='ocrx_word' id='word_1_178' title='bbox 1037 1221 1084 1257; x_wconf 89' lang='lat' dir='ltr'>ab</span> <span class='ocrx_word' id='word_1_179' title='bbox 1113 1220 1198 1267; x_wconf 90' lang='lat' dir='ltr'>alio,</span> <span class='ocrx_word' id='word_1_180' title='bbox 1227 1232 1380 1256; x_wconf 90' lang='lat' dir='ltr'>necesse</span> 
     </span>
     <span class='ocr_line' id='line_1_33' title="bbox 327 1272 1382 1322; baseline -0.003 -11"><span class='ocrx_word' id='word_1_181' title='bbox 327 1282 383 1311; x_wconf 90' lang='lat' dir='ltr'>est</span> <span class='ocrx_word' id='word_1_182' title='bbox 410 1274 515 1322; x_wconf 91' lang='lat' dir='ltr'>quod</span> <span class='ocrx_word' id='word_1_183' title='bbox 546 1280 745 1310; x_wconf 88' lang='lat' dir='ltr'>moveatur</span> <span class='ocrx_word' id='word_1_184' title='bbox 763 1285 786 1310; x_wconf 91' lang='lat' dir='ltr'>a</span> <span class='ocrx_word' id='word_1_185' title='bbox 805 1273 975 1322; x_wconf 91' lang='lat' dir='ltr'>seipso.-</span> <span class='ocrx_word' id='word_1_186' title='bbox 992 1274 1059 1309; x_wconf 88' lang='lat' dir='ltr'>Est</span> <span class='ocrx_word' id='word_1_187' title='bbox 1087 1280 1213 1309; x_wconf 87' lang='lat' dir='ltr'>autem</span> <span class='ocrx_word' id='word_1_188' title='bbox 1246 1272 1283 1308; x_wconf 91' lang='lat' dir='ltr'>in</span> <span class='ocrx_word' id='word_1_189' title='bbox 1310 1272 1382 1308; x_wconf 92' lang='lat' dir='ltr'>hac</span> 
     </span>
     <span class='ocr_line' id='line_1_34' title="bbox 327 1325 1382 1374; baseline -0.004 -10"><span class='ocrx_word' id='word_1_190' title='bbox 327 1326 471 1364; x_wconf 84' lang='lat' dir='ltr'>ratione</span> <span class='ocrx_word' id='word_1_191' title='bbox 499 1325 782 1373; x_wconf 88' lang='lat' dir='ltr'>attendendum,</span> <span class='ocrx_word' id='word_1_192' title='bbox 803 1326 907 1373; x_wconf 93' lang='lat' dir='ltr'>quod</span> <span class='ocrx_word' id='word_1_193' title='bbox 929 1326 1095 1374; x_wconf 90' lang='lat' dir='ltr'>primum</span> <span class='ocrx_word' id='word_1_194' title='bbox 1119 1337 1281 1362; x_wconf 88' lang='lat' dir='ltr'>movens</span> <span class='ocrx_word' id='word_1_195' title='bbox 1300 1336 1382 1360; x_wconf 92' lang='lat' dir='ltr'>mo-</span> 
     </span>
     <span class='ocr_line' id='line_1_35' title="bbox 326 1377 1382 1427; baseline -0.003 -11"><span class='ocrx_word' id='word_1_196' title='bbox 326 1379 407 1417; x_wconf 91' lang='lat' dir='ltr'>veri</span> <span class='ocrx_word' id='word_1_197' title='bbox 436 1391 515 1416; x_wconf 91' lang='lat' dir='ltr'>non</span> <span class='ocrx_word' id='word_1_198' title='bbox 543 1386 598 1416; x_wconf 92' lang='lat' dir='ltr'>est</span> <span class='ocrx_word' id='word_1_199' title='bbox 623 1379 687 1415; x_wconf 89' lang='lat' dir='ltr'>hic</span> <span class='ocrx_word' id='word_1_200' title='bbox 712 1379 936 1427; x_wconf 89' lang='lat' dir='ltr'>probatum;</span> <span class='ocrx_word' id='word_1_201' title='bbox 966 1377 1145 1426; x_wconf 89' lang='lat' dir='ltr'>supponit</span> <span class='ocrx_word' id='word_1_202' title='bbox 1163 1384 1290 1414; x_wconf 89' lang='lat' dir='ltr'>autem</span> <span class='ocrx_word' id='word_1_203' title='bbox 1308 1377 1382 1413; x_wconf 92' lang='lat' dir='ltr'>hoc</span> 
     </span>
     <span class='ocr_line' id='line_1_36' title="bbox 328 1430 1380 1479; baseline -0.003 -11"><span class='ocrx_word' id='word_1_204' title='bbox 328 1431 537 1468; x_wconf 90' lang='lat' dir='ltr'>secundum</span> <span class='ocrx_word' id='word_1_205' title='bbox 566 1443 811 1468; x_wconf 89' lang='lat' dir='ltr'>communem</span> <span class='ocrx_word' id='word_1_206' title='bbox 839 1430 1060 1479; x_wconf 87' lang='lat' dir='ltr'>opinionem</span> <span class='ocrx_word' id='word_1_207' title='bbox 1088 1430 1380 1466; x_wconf 86' lang='lat' dir='ltr'>Platonicorum.</span> 
     </span>
     <span class='ocr_line' id='line_1_37' title="bbox 329 1481 1383 1530; baseline -0.001 -11"><span class='ocrx_word' id='word_1_208' title='bbox 329 1484 520 1530; x_wconf 84' lang='lat' dir='ltr'>Quantum</span> <span class='ocrx_word' id='word_1_209' title='bbox 550 1491 673 1519; x_wconf 88' lang='lat' dir='ltr'>autern</span> <span class='ocrx_word' id='word_1_210' title='bbox 703 1483 751 1519; x_wconf 90' lang='lat' dir='ltr'>ad</span> <span class='ocrx_word' id='word_1_211' title='bbox 778 1482 954 1519; x_wconf 89' lang='lat' dir='ltr'>virtutem</span> <span class='ocrx_word' id='word_1_212' title='bbox 983 1482 1146 1529; x_wconf 84' lang='lat' dir='ltr'>rationis,</span> <span class='ocrx_word' id='word_1_213' title='bbox 1162 1495 1241 1519; x_wconf 90' lang='lat' dir='ltr'>non</span> <span class='ocrx_word' id='word_1_214' title='bbox 1264 1481 1383 1529; x_wconf 86' lang='lat' dir='ltr'>magis</span> 
     </span>
     <span class='ocr_line' id='line_1_38' title="bbox 329 1534 1384 1583; baseline 0 -12"><span class='ocrx_word' id='word_1_215' title='bbox 329 1535 561 1572; x_wconf 89' lang='lat' dir='ltr'>concluditur</span> <span class='ocrx_word' id='word_1_216' title='bbox 596 1535 702 1582; x_wconf 93' lang='lat' dir='ltr'>quod</span> <span class='ocrx_word' id='word_1_217' title='bbox 737 1534 903 1583; x_wconf 90' lang='lat' dir='ltr'>primum</span> <span class='ocrx_word' id='word_1_218' title='bbox 940 1547 1101 1571; x_wconf 89' lang='lat' dir='ltr'>movens</span> <span class='ocrx_word' id='word_1_219' title='bbox 1137 1541 1292 1571; x_wconf 88' lang='lat' dir='ltr'>moveat</span> <span class='ocrx_word' id='word_1_220' title='bbox 1328 1546 1384 1571; x_wconf 90' lang='lat' dir='ltr'>se-</span> 
     </span>
     <span class='ocr_line' id='line_1_39' title="bbox 327 1586 1383 1636; baseline -0.001 -12"><span class='ocrx_word' id='word_1_221' title='bbox 327 1587 474 1636; x_wconf 87' lang='lat' dir='ltr'>ipsum,</span> <span class='ocrx_word' id='word_1_222' title='bbox 513 1599 629 1635; x_wconf 89' lang='lat' dir='ltr'>quam</span> <span class='ocrx_word' id='word_1_223' title='bbox 667 1587 772 1635; x_wconf 91' lang='lat' dir='ltr'>quod</span> <span class='ocrx_word' id='word_1_224' title='bbox 800 1587 845 1623; x_wconf 93' lang='lat' dir='ltr'>sit</span> <span class='ocrx_word' id='word_1_225' title='bbox 880 1587 1096 1624; x_wconf 87' lang='lat' dir='ltr'>immobile:</span> <span class='ocrx_word' id='word_1_226' title='bbox 1130 1587 1232 1624; x_wconf 90' lang='lat' dir='ltr'>unde</span> <span class='ocrx_word' id='word_1_227' title='bbox 1261 1586 1299 1623; x_wconf 91' lang='lat' dir='ltr'>in</span> <span class='ocrx_word' id='word_1_228' title='bbox 1328 1599 1383 1623; x_wconf 92' lang='lat' dir='ltr'>se-</span> 
     </span>
     <span class='ocr_line' id='line_1_40' title="bbox 329 1639 1383 1687; baseline -0.001 -11"><span class='ocrx_word' id='word_1_229' title='bbox 329 1639 528 1687; x_wconf 90' lang='lat' dir='ltr'>quentibus</span> <span class='ocrx_word' id='word_1_230' title='bbox 551 1640 649 1676; x_wconf 90' lang='lat' dir='ltr'>hanc</span> <span class='ocrx_word' id='word_1_231' title='bbox 671 1639 832 1676; x_wconf 86' lang='lat' dir='ltr'>eandem</span> <span class='ocrx_word' id='word_1_232' title='bbox 853 1639 1135 1676; x_wconf 88' lang='lat' dir='ltr'>conclusionem</span> <span class='ocrx_word' id='word_1_233' title='bbox 1155 1640 1224 1676; x_wconf 93' lang='lat' dir='ltr'>sub</span> <span class='ocrx_word' id='word_1_234' title='bbox 1245 1639 1383 1676; x_wconf 91' lang='lat' dir='ltr'>disiun-</span> 
     </span>
     <span class='ocr_line' id='line_1_41' title="bbox 329 1691 1034 1740; baseline 0 -12"><span class='ocrx_word' id='word_1_235' title='bbox 329 1692 451 1728; x_wconf 89' lang='lat' dir='ltr'>ctione</span> <span class='ocrx_word' id='word_1_236' title='bbox 479 1691 632 1739; x_wconf 77' lang='lat' dir='ltr'>inducit,</span> <span class='ocrx_word' id='word_1_237' title='bbox 661 1699 702 1728; x_wconf 87' lang='lat' dir='ltr'>ut</span> <span class='ocrx_word' id='word_1_238' title='bbox 728 1692 824 1728; x_wconf 85' lang='lat' dir='ltr'>infra</span> <span class='ocrx_word' id='word_1_239' title='bbox 844 1693 862 1712; x_wconf 64' lang='lat'>⁹⁵</span> <span class='ocrx_word' id='word_1_240' title='bbox 881 1691 1034 1740; x_wconf 88' lang='lat' dir='ltr'>patebit.</span> 
     </span>
    </p>

    <p class='ocr_par' dir='ltr' id='par_1_14' title="bbox 327 1743 1389 3205">
     <span class='ocr_line' id='line_1_42' title="bbox 386 1743 1385 1792; baseline -0.003 -11"><span class='ocrx_word' id='word_1_241' title='bbox 386 1745 418 1781; x_wconf 88' lang='lat'>5.</span> <span class='ocrx_word' id='word_1_242' title='bbox 448 1744 597 1781; x_wconf 90' lang='lat' dir='ltr'>Deinde</span> <span class='ocrx_word' id='word_1_243' title='bbox 635 1756 723 1780; x_wconf 89' lang='lat' dir='ltr'>cum</span> <span class='ocrx_word' id='word_1_244' title='bbox 761 1743 867 1781; x_wconf 89' lang='lat' dir='ltr'>dicit:</span> <span class='ocrx_word' id='word_1_245' title='bbox 904 1744 1075 1792; x_wconf 81' lang='lat' dir='ltr'>Amplius</span> <span class='ocrx_word' id='word_1_246' title='bbox 1111 1749 1234 1779; x_wconf 86' lang='lat' dir='ltr'>autem</span> <span class='ocrx_word' id='word_1_247' title='bbox 1268 1749 1304 1779; x_wconf 87' lang='lat' dir='ltr'>et</span> <span class='ocrx_word' id='word_1_248' title='bbox 1332 1743 1385 1779; x_wconf 85' lang='lat' dir='ltr'>sic</span> 
     </span>
     <span class='ocr_line' id='line_1_43' title="bbox 327 1796 1384 1845; baseline -0.002 -12"><span class='ocrx_word' id='word_1_249' title='bbox 327 1797 447 1845; x_wconf 82' lang='lat' dir='ltr'>ipsam</span> <span class='ocrx_word' id='word_1_250' title='bbox 475 1803 558 1843; x_wconf 90' lang='lat' dir='ltr'>etc.,</span> <span class='ocrx_word' id='word_1_251' title='bbox 586 1797 723 1845; x_wconf 89' lang='lat' dir='ltr'>probat</span> <span class='ocrx_word' id='word_1_252' title='bbox 745 1796 847 1833; x_wconf 92' lang='lat' dir='ltr'>idem</span> <span class='ocrx_word' id='word_1_253' title='bbox 872 1796 1151 1832; x_wconf 89' lang='lat' dir='ltr'>descendendo.</span> <span class='ocrx_word' id='word_1_254' title='bbox 1181 1796 1230 1831; x_wconf 91' lang='lat' dir='ltr'>Et</span> <span class='ocrx_word' id='word_1_255' title='bbox 1250 1802 1305 1831; x_wconf 92' lang='lat' dir='ltr'>est</span> <span class='ocrx_word' id='word_1_256' title='bbox 1324 1807 1384 1831; x_wconf 90' lang='lat' dir='ltr'>ea-</span> 
     </span>
     <span class='ocr_line' id='line_1_44' title="bbox 329 1847 1383 1897; baseline -0.002 -12"><span class='ocrx_word' id='word_1_257' title='bbox 329 1849 418 1886; x_wconf 90' lang='lat' dir='ltr'>dem</span> <span class='ocrx_word' id='word_1_258' title='bbox 438 1849 532 1884; x_wconf 91' lang='lat' dir='ltr'>ratio</span> <span class='ocrx_word' id='word_1_259' title='bbox 554 1861 640 1885; x_wconf 93' lang='lat' dir='ltr'>cum</span> <span class='ocrx_word' id='word_1_260' title='bbox 659 1848 868 1897; x_wconf 89' lang='lat' dir='ltr'>praemissa</span> <span class='ocrx_word' id='word_1_261' title='bbox 882 1849 902 1868; x_wconf 60' lang='lat'>*⁴</span> <span class='ocrx_word' id='word_1_262' title='bbox 917 1855 1101 1895; x_wconf 91' lang='lat' dir='ltr'>quantum</span> <span class='ocrx_word' id='word_1_263' title='bbox 1130 1847 1179 1884; x_wconf 88' lang='lat' dir='ltr'>ad</span> <span class='ocrx_word' id='word_1_264' title='bbox 1206 1847 1383 1884; x_wconf 87' lang='lat' dir='ltr'>virtutem</span> 
     </span>
     <span class='ocr_line' id='line_1_45' title="bbox 327 1900 1384 1948; baseline -0.002 -10"><span class='ocrx_word' id='word_1_265' title='bbox 327 1900 521 1946; x_wconf 88' lang='lat' dir='ltr'>inferendi,</span> <span class='ocrx_word' id='word_1_266' title='bbox 534 1900 712 1937; x_wconf 86' lang='lat' dir='ltr'>differens</span> <span class='ocrx_word' id='word_1_267' title='bbox 732 1908 858 1938; x_wconf 88' lang='lat' dir='ltr'>autem</span> <span class='ocrx_word' id='word_1_268' title='bbox 877 1900 1088 1937; x_wconf 88' lang='lat' dir='ltr'>secundum</span> <span class='ocrx_word' id='word_1_269' title='bbox 1108 1900 1283 1936; x_wconf 92' lang='lat' dir='ltr'>ordinem</span> <span class='ocrx_word' id='word_1_270' title='bbox 1297 1912 1384 1948; x_wconf 91' lang='lat' dir='ltr'>pro-</span> 
     </span>
     <span class='ocr_line' id='line_1_46' title="bbox 329 1952 1383 1990; baseline -0.001 -1"><span class='ocrx_word' id='word_1_271' title='bbox 329 1965 476 1990; x_wconf 86' lang='lat' dir='ltr'>cessus:</span> <span class='ocrx_word' id='word_1_272' title='bbox 505 1953 611 1990; x_wconf 85' lang='lat' dir='ltr'>iterat</span> <span class='ocrx_word' id='word_1_273' title='bbox 647 1960 774 1990; x_wconf 86' lang='lat' dir='ltr'>autem</span> <span class='ocrx_word' id='word_1_274' title='bbox 809 1965 895 1990; x_wconf 90' lang='lat' dir='ltr'>earn</span> <span class='ocrx_word' id='word_1_275' title='bbox 928 1954 975 1990; x_wconf 87' lang='lat' dir='ltr'>ad</span> <span class='ocrx_word' id='word_1_276' title='bbox 1008 1952 1192 1989; x_wconf 88' lang='lat' dir='ltr'>maiorem</span> <span class='ocrx_word' id='word_1_277' title='bbox 1227 1952 1383 1989; x_wconf 88' lang='lat' dir='ltr'>manife-</span> 
     </span>
     <span class='ocr_line' id='line_1_47' title="bbox 329 2005 1384 2054; baseline -0.001 -12"><span class='ocrx_word' id='word_1_278' title='bbox 329 2005 538 2043; x_wconf 88' lang='lat' dir='ltr'>stationem.</span> <span class='ocrx_word' id='word_1_279' title='bbox 568 2005 668 2042; x_wconf 89' lang='lat' dir='ltr'>Dicit</span> <span class='ocrx_word' id='word_1_280' title='bbox 695 2017 783 2053; x_wconf 86' lang='lat' dir='ltr'>ergo</span> <span class='ocrx_word' id='word_1_281' title='bbox 812 2006 917 2054; x_wconf 90' lang='lat' dir='ltr'>quod</span> <span class='ocrx_word' id='word_1_282' title='bbox 940 2005 1172 2054; x_wconf 88' lang='lat' dir='ltr'>praedictam</span> <span class='ocrx_word' id='word_1_283' title='bbox 1200 2005 1384 2041; x_wconf 90' lang='lat' dir='ltr'>rationem</span> 
     </span>
     <span class='ocr_line' id='line_1_48' title="bbox 331 2057 1384 2106; baseline -0.001 -12"><span class='ocrx_word' id='word_1_284' title='bbox 331 2057 508 2105; x_wconf 90' lang='lat' dir='ltr'>contingit</span> <span class='ocrx_word' id='word_1_285' title='bbox 535 2058 607 2094; x_wconf 89' lang='lat' dir='ltr'>alio</span> <span class='ocrx_word' id='word_1_286' title='bbox 637 2057 755 2094; x_wconf 92' lang='lat' dir='ltr'>modo</span> <span class='ocrx_word' id='word_1_287' title='bbox 783 2057 973 2106; x_wconf 87' lang='lat' dir='ltr'>prosequi.</span> <span class='ocrx_word' id='word_1_288' title='bbox 1003 2059 1053 2094; x_wconf 84' lang='lat' dir='ltr'>Et</span> <span class='ocrx_word' id='word_1_289' title='bbox 1078 2057 1280 2106; x_wconf 89' lang='lat' dir='ltr'>praemittit</span> <span class='ocrx_word' id='word_1_290' title='bbox 1298 2070 1384 2105; x_wconf 88' lang='lat' dir='ltr'>pro-</span> 
     </span>
     <span class='ocr_line' id='line_1_49' title="bbox 328 2109 1385 2159; baseline 0 -13"><span class='ocrx_word' id='word_1_291' title='bbox 328 2110 536 2159; x_wconf 89' lang='lat' dir='ltr'>positiones</span> <span class='ocrx_word' id='word_1_292' title='bbox 569 2110 751 2147; x_wconf 89' lang='lat' dir='ltr'>habentes</span> <span class='ocrx_word' id='word_1_293' title='bbox 794 2110 955 2147; x_wconf 90' lang='lat' dir='ltr'>eandem</span> <span class='ocrx_word' id='word_1_294' title='bbox 993 2109 1178 2146; x_wconf 88' lang='lat' dir='ltr'>rationem</span> <span class='ocrx_word' id='word_1_295' title='bbox 1220 2110 1385 2146; x_wconf 89' lang='lat' dir='ltr'>veritatis</span> 
     </span>
     <span class='ocr_line' id='line_1_50' title="bbox 331 2162 1384 2211; baseline -0.002 -12"><span class='ocrx_word' id='word_1_296' title='bbox 331 2175 418 2199; x_wconf 92' lang='lat' dir='ltr'>cum</span> <span class='ocrx_word' id='word_1_297' title='bbox 445 2175 558 2211; x_wconf 89' lang='lat' dir='ltr'>supra</span> <span class='ocrx_word' id='word_1_298' title='bbox 585 2162 919 2210; x_wconf 84' lang='lat' dir='ltr'>praemissis,·sed</span> <span class='ocrx_word' id='word_1_299' title='bbox 947 2162 1018 2198; x_wconf 92' lang='lat' dir='ltr'>alio</span> <span class='ocrx_word' id='word_1_300' title='bbox 1048 2162 1190 2198; x_wconf 88' lang='lat' dir='ltr'>ordine.</span> <span class='ocrx_word' id='word_1_301' title='bbox 1222 2163 1344 2209; x_wconf 91' lang='lat' dir='ltr'>Supra</span> <span class='ocrx_word' id='word_1_302' title='bbox 1365 2163 1384 2183; x_wconf 67' lang='lat'>³⁵</span> 
     </span>
     <span class='ocr_line' id='line_1_51' title="bbox 331 2210 1385 2263; baseline -0.001 -12"><span class='ocrx_word' id='word_1_303' title='bbox 331 2215 432 2252; x_wconf 91' lang='lat' dir='ltr'>enim</span> <span class='ocrx_word' id='word_1_304' title='bbox 459 2215 650 2263; x_wconf 86' lang='lat' dir='ltr'>praemisit</span> <span class='ocrx_word' id='word_1_305' title='bbox 668 2215 773 2262; x_wconf 92' lang='lat' dir='ltr'>quod</span> <span class='ocrx_word' id='word_1_306' title='bbox 792 2227 907 2251; x_wconf 91' lang='lat' dir='ltr'>omne</span> <span class='ocrx_word' id='word_1_307' title='bbox 927 2214 1030 2262; x_wconf 92' lang='lat' dir='ltr'>quod</span> <span class='ocrx_word' id='word_1_308' title='bbox 1050 2221 1226 2251; x_wconf 89' lang='lat' dir='ltr'>movetur</span> <span class='ocrx_word' id='word_1_309' title='bbox 1245 2215 1292 2250; x_wconf 88' lang='lat' dir='ltr'>ab</span> <span class='ocrx_word' id='word_1_310' title='bbox 1313 2210 1385 2250; x_wconf 87' lang='lat' dir='ltr'>alio</span> 
     </span>
     <span class='ocr_line' id='line_1_52' title="bbox 331 2267 1388 2314; baseline -0.002 -10"><span class='ocrx_word' id='word_1_311' title='bbox 331 2275 528 2314; x_wconf 90' lang='lat' dir='ltr'>movetur,</span> <span class='ocrx_word' id='word_1_312' title='bbox 558 2275 595 2304; x_wconf 89' lang='lat' dir='ltr'>et</span> <span class='ocrx_word' id='word_1_313' title='bbox 622 2267 726 2314; x_wconf 93' lang='lat' dir='ltr'>quod</span> <span class='ocrx_word' id='word_1_314' title='bbox 754 2267 844 2304; x_wconf 93' lang='lat' dir='ltr'>illud</span> <span class='ocrx_word' id='word_1_315' title='bbox 872 2279 894 2303; x_wconf 92' lang='lat' dir='ltr'>a</span> <span class='ocrx_word' id='word_1_316' title='bbox 922 2278 998 2314; x_wconf 94' lang='lat' dir='ltr'>quo</span> <span class='ocrx_word' id='word_1_317' title='bbox 1026 2274 1222 2313; x_wconf 90' lang='lat' dir='ltr'>movetur,</span> <span class='ocrx_word' id='word_1_318' title='bbox 1256 2274 1388 2303; x_wconf 88' lang='lat' dir='ltr'>movet</span> 
     </span>
     <span class='ocr_line' id='line_1_53' title="bbox 329 2319 1386 2369; baseline -0.001 -13"><span class='ocrx_word' id='word_1_319' title='bbox 329 2321 392 2357; x_wconf 91' lang='lat' dir='ltr'>vel</span> <span class='ocrx_word' id='word_1_320' title='bbox 410 2327 565 2369; x_wconf 90' lang='lat' dir='ltr'>propter</span> <span class='ocrx_word' id='word_1_321' title='bbox 584 2320 762 2368; x_wconf 91' lang='lat' dir='ltr'>seipsum,</span> <span class='ocrx_word' id='word_1_322' title='bbox 777 2320 839 2356; x_wconf 91' lang='lat' dir='ltr'>vel</span> <span class='ocrx_word' id='word_1_323' title='bbox 858 2326 1012 2368; x_wconf 91' lang='lat' dir='ltr'>propter</span> <span class='ocrx_word' id='word_1_324' title='bbox 1032 2319 1132 2356; x_wconf 88' lang='lat' dir='ltr'>aliud</span> <span class='ocrx_word' id='word_1_325' title='bbox 1150 2319 1253 2367; x_wconf 92' lang='lat' dir='ltr'>prius</span> <span class='ocrx_word' id='word_1_326' title='bbox 1305 2332 1386 2355; x_wconf 93' lang='lat' dir='ltr'>mo-</span> 
     </span>
     <span class='ocr_line' id='line_1_54' title="bbox 329 2371 1386 2421; baseline -0.002 -11"><span class='ocrx_word' id='word_1_327' title='bbox 329 2385 446 2419; x_wconf 88' lang='lat' dir='ltr'>vens;</span> <span class='ocrx_word' id='word_1_328' title='bbox 476 2372 582 2420; x_wconf 88' lang='lat' dir='ltr'>quod</span> <span class='ocrx_word' id='word_1_329' title='bbox 611 2380 688 2409; x_wconf 88' lang='lat' dir='ltr'>erat</span> <span class='ocrx_word' id='word_1_330' title='bbox 714 2372 921 2421; x_wconf 90' lang='lat' dir='ltr'>procedere</span> <span class='ocrx_word' id='word_1_331' title='bbox 950 2372 1200 2408; x_wconf 90' lang='lat' dir='ltr'>ascendendo.</span> <span class='ocrx_word' id='word_1_332' title='bbox 1231 2371 1303 2408; x_wconf 91' lang='lat' dir='ltr'>Hic</span> <span class='ocrx_word' id='word_1_333' title='bbox 1323 2384 1386 2408; x_wconf 89' lang='lat' dir='ltr'>au-</span> 
     </span>
     <span class='ocr_line' id='line_1_55' title="bbox 330 2424 1387 2473; baseline -0.002 -11"><span class='ocrx_word' id='word_1_334' title='bbox 330 2432 408 2462; x_wconf 92' lang='lat' dir='ltr'>tem</span> <span class='ocrx_word' id='word_1_335' title='bbox 447 2437 466 2461; x_wconf 91' lang='lat' dir='ltr'>e</span> <span class='ocrx_word' id='word_1_336' title='bbox 500 2437 686 2462; x_wconf 89' lang='lat' dir='ltr'>converso</span> <span class='ocrx_word' id='word_1_337' title='bbox 724 2425 990 2462; x_wconf 86' lang='lat' dir='ltr'>descendendo</span> <span class='ocrx_word' id='word_1_338' title='bbox 1027 2424 1217 2473; x_wconf 82' lang='lat' dir='ltr'>procedit,</span> <span class='ocrx_word' id='word_1_339' title='bbox 1258 2425 1387 2461; x_wconf 90' lang='lat' dir='ltr'>dicens</span> 
     </span>
     <span class='ocr_line' id='line_1_56' title="bbox 332 2476 1386 2525; baseline -0.002 -11"><span class='ocrx_word' id='word_1_340' title='bbox 332 2478 437 2525; x_wconf 93' lang='lat' dir='ltr'>quod</span> <span class='ocrx_word' id='word_1_341' title='bbox 466 2489 578 2514; x_wconf 91' lang='lat' dir='ltr'>omne</span> <span class='ocrx_word' id='word_1_342' title='bbox 600 2489 761 2514; x_wconf 88' lang='lat' dir='ltr'>movens</span> <span class='ocrx_word' id='word_1_343' title='bbox 790 2484 920 2513; x_wconf 90' lang='lat' dir='ltr'>movet</span> <span class='ocrx_word' id='word_1_344' title='bbox 948 2477 1087 2524; x_wconf 91' lang='lat' dir='ltr'>aliquid</span> <span class='ocrx_word' id='word_1_345' title='bbox 1114 2485 1149 2513; x_wconf 87' lang='lat' dir='ltr'>et</span> <span class='ocrx_word' id='word_1_346' title='bbox 1173 2485 1304 2513; x_wconf 90' lang='lat' dir='ltr'>movet</span> <span class='ocrx_word' id='word_1_347' title='bbox 1324 2476 1386 2512; x_wconf 88' lang='lat' dir='ltr'>ali-</span> 
     </span>
     <span class='ocr_line' id='line_1_57' title="bbox 332 2529 1389 2578; baseline -0.002 -11"><span class='ocrx_word' id='word_1_348' title='bbox 332 2542 422 2578; x_wconf 90' lang='lat' dir='ltr'>quo,</span> <span class='ocrx_word' id='word_1_349' title='bbox 451 2531 513 2567; x_wconf 93' lang='lat' dir='ltr'>vel</span> <span class='ocrx_word' id='word_1_350' title='bbox 543 2529 668 2578; x_wconf 90' lang='lat' dir='ltr'>seipso</span> <span class='ocrx_word' id='word_1_351' title='bbox 696 2531 758 2567; x_wconf 93' lang='lat' dir='ltr'>vel</span> <span class='ocrx_word' id='word_1_352' title='bbox 778 2530 850 2566; x_wconf 89' lang='lat' dir='ltr'>alio</span> <span class='ocrx_word' id='word_1_353' title='bbox 879 2529 1044 2567; x_wconf 91' lang='lat' dir='ltr'>inferiori</span> <span class='ocrx_word' id='word_1_354' title='bbox 1064 2537 1266 2574; x_wconf 88' lang='lat' dir='ltr'>movente;</span> <span class='ocrx_word' id='word_1_355' title='bbox 1296 2529 1389 2566; x_wconf 91' lang='lat' dir='ltr'>sicut</span> 
     </span>
     <span class='ocr_line' id='line_1_58' title="bbox 331 2582 1388 2630; baseline 0 -12"><span class='ocrx_word' id='word_1_356' title='bbox 331 2583 451 2619; x_wconf 91' lang='lat' dir='ltr'>homo</span> <span class='ocrx_word' id='word_1_357' title='bbox 480 2590 612 2618; x_wconf 90' lang='lat' dir='ltr'>movet</span> <span class='ocrx_word' id='word_1_358' title='bbox 638 2582 804 2630; x_wconf 89' lang='lat' dir='ltr'>lapidem</span> <span class='ocrx_word' id='word_1_359' title='bbox 830 2584 892 2619; x_wconf 89' lang='lat' dir='ltr'>vel</span> <span class='ocrx_word' id='word_1_360' title='bbox 925 2582 1003 2630; x_wconf 90' lang='lat' dir='ltr'>ipse</span> <span class='ocrx_word' id='word_1_361' title='bbox 1031 2595 1100 2630; x_wconf 91' lang='lat' dir='ltr'>per</span> <span class='ocrx_word' id='word_1_362' title='bbox 1132 2582 1299 2630; x_wconf 89' lang='lat' dir='ltr'>seipsum</span> <span class='ocrx_word' id='word_1_363' title='bbox 1327 2582 1388 2618; x_wconf 91' lang='lat' dir='ltr'>vel</span> 
     </span>
     <span class='ocr_line' id='line_1_59' title="bbox 331 2634 1388 2685; baseline 0 -14"><span class='ocrx_word' id='word_1_364' title='bbox 331 2646 400 2683; x_wconf 90' lang='lat' dir='ltr'>per</span> <span class='ocrx_word' id='word_1_365' title='bbox 418 2635 614 2681; x_wconf 88' lang='lat' dir='ltr'>baculum,</span> <span class='ocrx_word' id='word_1_366' title='bbox 635 2641 671 2670; x_wconf 91' lang='lat' dir='ltr'>et</span> <span class='ocrx_word' id='word_1_367' title='bbox 688 2641 824 2671; x_wconf 88' lang='lat' dir='ltr'>ventus</span> <span class='ocrx_word' id='word_1_368' title='bbox 842 2634 989 2683; x_wconf 91' lang='lat' dir='ltr'>proiicit</span> <span class='ocrx_word' id='word_1_369' title='bbox 1008 2635 1056 2671; x_wconf 90' lang='lat' dir='ltr'>ad</span> <span class='ocrx_word' id='word_1_370' title='bbox 1075 2642 1213 2671; x_wconf 88' lang='lat' dir='ltr'>terram</span> <span class='ocrx_word' id='word_1_371' title='bbox 1234 2634 1388 2685; x_wconf 84' lang='lat' dir='ltr'>aliqua‘</span> 
     </span>
     <span class='ocr_line' id='line_1_60' title="bbox 332 2683 1386 2735; baseline 0 -12"><span class='ocrx_word' id='word_1_372' title='bbox 332 2694 397 2723; x_wconf 93' lang='lat' dir='ltr'>aut</span> <span class='ocrx_word' id='word_1_373' title='bbox 424 2683 494 2723; x_wconf 85' lang='lat' dir='ltr'>suo</span> <span class='ocrx_word' id='word_1_374' title='bbox 521 2686 686 2734; x_wconf 91' lang='lat' dir='ltr'>impulsu</span> <span class='ocrx_word' id='word_1_375' title='bbox 715 2694 779 2723; x_wconf 91' lang='lat' dir='ltr'>aut</span> <span class='ocrx_word' id='word_1_376' title='bbox 813 2699 882 2735; x_wconf 91' lang='lat' dir='ltr'>per</span> <span class='ocrx_word' id='word_1_377' title='bbox 909 2687 1074 2735; x_wconf 91' lang='lat' dir='ltr'>lapidem</span> <span class='ocrx_word' id='word_1_378' title='bbox 1111 2699 1226 2734; x_wconf 90' lang='lat' dir='ltr'>quem</span> <span class='ocrx_word' id='word_1_379' title='bbox 1254 2686 1386 2723; x_wconf 86' lang='lat' dir='ltr'>movit.</span> 
     </span>
     <span class='ocr_line' id='line_1_61' title="bbox 332 2739 1386 2787; baseline 0 -12"><span class='ocrx_word' id='word_1_380' title='bbox 332 2740 472 2776; x_wconf 92' lang='lat' dir='ltr'>Iterum</span> <span class='ocrx_word' id='word_1_381' title='bbox 488 2751 600 2787; x_wconf 90' lang='lat' dir='ltr'>supra</span> <span class='ocrx_word' id='word_1_382' title='bbox 611 2741 629 2758; x_wconf 73' lang='lat'>⁴*</span> <span class='ocrx_word' id='word_1_383' title='bbox 641 2739 886 2787; x_wconf 88' lang='lat' dir='ltr'>praemiserat</span> <span class='ocrx_word' id='word_1_384' title='bbox 911 2740 1016 2786; x_wconf 92' lang='lat' dir='ltr'>quod</span> <span class='ocrx_word' id='word_1_385' title='bbox 1034 2739 1208 2775; x_wconf 89' lang='lat' dir='ltr'>ultimum</span> <span class='ocrx_word' id='word_1_386' title='bbox 1225 2751 1386 2775; x_wconf 90' lang='lat' dir='ltr'>movens</span> 
     </span>
     <span class='ocr_line' id='line_1_62' title="bbox 332 2791 1387 2839; baseline -0.001 -11"><span class='ocrx_word' id='word_1_387' title='bbox 332 2803 410 2828; x_wconf 92' lang='lat' dir='ltr'>non</span> <span class='ocrx_word' id='word_1_388' title='bbox 438 2798 570 2828; x_wconf 91' lang='lat' dir='ltr'>movet</span> <span class='ocrx_word' id='word_1_389' title='bbox 597 2791 676 2827; x_wconf 92' lang='lat' dir='ltr'>sine</span> <span class='ocrx_word' id='word_1_390' title='bbox 704 2791 828 2839; x_wconf 91' lang='lat' dir='ltr'>primo</span> <span class='ocrx_word' id='word_1_391' title='bbox 858 2791 890 2836; x_wconf 65' lang='grc' dir='ltr'>ς,</span> <span class='ocrx_word' id='word_1_392' title='bbox 921 2791 987 2828; x_wconf 91' lang='lat' dir='ltr'>sed</span> <span class='ocrx_word' id='word_1_393' title='bbox 1016 2803 1036 2827; x_wconf 94' lang='lat' dir='ltr'>e</span> <span class='ocrx_word' id='word_1_394' title='bbox 1066 2803 1272 2828; x_wconf 89' lang='lat' dir='ltr'>converso:</span> <span class='ocrx_word' id='word_1_395' title='bbox 1302 2792 1387 2828; x_wconf 89' lang='lat' dir='ltr'>loeo</span> 
     </span>
     <span class='ocr_line' id='line_1_63' title="bbox 332 2843 1388 2891; baseline -0.001 -11"><span class='ocrx_word' id='word_1_396' title='bbox 332 2844 439 2880; x_wconf 90' lang='lat' dir='ltr'>cuius</span> <span class='ocrx_word' id='word_1_397' title='bbox 465 2843 526 2880; x_wconf 89' lang='lat' dir='ltr'>hic</span> <span class='ocrx_word' id='word_1_398' title='bbox 555 2843 652 2889; x_wconf 91' lang='lat' dir='ltr'>dicit,</span> <span class='ocrx_word' id='word_1_399' title='bbox 683 2843 786 2891; x_wconf 92' lang='lat' dir='ltr'>quod</span> <span class='ocrx_word' id='word_1_400' title='bbox 810 2843 846 2880; x_wconf 94' lang='lat' dir='ltr'>id</span> <span class='ocrx_word' id='word_1_401' title='bbox 867 2855 944 2891; x_wconf 93' lang='lat' dir='ltr'>quo</span> <span class='ocrx_word' id='word_1_402' title='bbox 973 2843 1111 2891; x_wconf 90' lang='lat' dir='ltr'>aliquid</span> <span class='ocrx_word' id='word_1_403' title='bbox 1137 2851 1267 2880; x_wconf 87' lang='lat' dir='ltr'>movet</span> <span class='ocrx_word' id='word_1_404' title='bbox 1295 2844 1388 2880; x_wconf 86' lang='lat' dir='ltr'>sicut</span> 
     </span>
     <span class='ocr_line' id='line_1_64' title="bbox 331 2895 1388 2944; baseline -0.001 -11"><span class='ocrx_word' id='word_1_405' title='bbox 331 2896 590 2942; x_wconf 89' lang='lat' dir='ltr'>instrumento,</span> <span class='ocrx_word' id='word_1_406' title='bbox 606 2895 837 2944; x_wconf 91' lang='lat' dir='ltr'>impossibile</span> <span class='ocrx_word' id='word_1_407' title='bbox 859 2903 914 2932; x_wconf 91' lang='lat' dir='ltr'>est</span> <span class='ocrx_word' id='word_1_408' title='bbox 933 2896 1038 2943; x_wconf 93' lang='lat' dir='ltr'>quod</span> <span class='ocrx_word' id='word_1_409' title='bbox 1067 2895 1205 2943; x_wconf 89' lang='lat' dir='ltr'>aliquid</span> <span class='ocrx_word' id='word_1_410' title='bbox 1233 2904 1388 2933; x_wconf 90' lang='lat' dir='ltr'>moveat</span> 
     </span>
     <span class='ocr_line' id='line_1_65' title="bbox 331 2948 1385 2997; baseline 0 -12"><span class='ocrx_word' id='word_1_411' title='bbox 331 2949 411 2985; x_wconf 93' lang='lat' dir='ltr'>sine</span> <span class='ocrx_word' id='word_1_412' title='bbox 438 2948 632 2997; x_wconf 82' lang='lat' dir='ltr'>principali</span> <span class='ocrx_word' id='word_1_413' title='bbox 670 2956 848 2984; x_wconf 87' lang='lat' dir='ltr'>movente</span> <span class='ocrx_word' id='word_1_414' title='bbox 887 2948 991 2996; x_wconf 91' lang='lat' dir='ltr'>quod</span> <span class='ocrx_word' id='word_1_415' title='bbox 1029 2949 1210 2985; x_wconf 90' lang='lat' dir='ltr'>movebat</span> <span class='ocrx_word' id='word_1_416' title='bbox 1243 2949 1385 2997; x_wconf 87' lang='lat' dir='ltr'>ipsum,</span> 
     </span>
     <span class='ocr_line' id='line_1_66' title="bbox 331 3000 1387 3049; baseline 0.001 -12"><span class='ocrx_word' id='word_1_417' title='bbox 331 3001 425 3037; x_wconf 90' lang='lat' dir='ltr'>sicut</span> <span class='ocrx_word' id='word_1_418' title='bbox 443 3001 598 3037; x_wconf 87' lang='lat' dir='ltr'>baculus</span> <span class='ocrx_word' id='word_1_419' title='bbox 617 3001 695 3037; x_wconf 91' lang='lat' dir='ltr'>sine</span> <span class='ocrx_word' id='word_1_420' title='bbox 716 3012 849 3047; x_wconf 91' lang='lat' dir='ltr'>manu;</span> <span class='ocrx_word' id='word_1_421' title='bbox 871 3000 937 3037; x_wconf 92' lang='lat' dir='ltr'>sed</span> <span class='ocrx_word' id='word_1_422' title='bbox 957 3001 986 3037; x_wconf 94' lang='lat' dir='ltr'>si</span> <span class='ocrx_word' id='word_1_423' title='bbox 1006 3000 1147 3048; x_wconf 90' lang='lat' dir='ltr'>aliquid</span> <span class='ocrx_word' id='word_1_424' title='bbox 1170 3009 1302 3038; x_wconf 89' lang='lat' dir='ltr'>movet</span> <span class='ocrx_word' id='word_1_425' title='bbox 1319 3013 1387 3049; x_wconf 91' lang='lat' dir='ltr'>per</span> 
     </span>
     <span class='ocr_line' id='line_1_67' title="bbox 331 3053 1386 3101; baseline 0.001 -12"><span class='ocrx_word' id='word_1_426' title='bbox 331 3053 497 3101; x_wconf 89' lang='lat' dir='ltr'>seipsum</span> <span class='ocrx_word' id='word_1_427' title='bbox 520 3053 613 3089; x_wconf 91' lang='lat' dir='ltr'>sicut</span> <span class='ocrx_word' id='word_1_428' title='bbox 635 3053 838 3101; x_wconf 89' lang='lat' dir='ltr'>principale</span> <span class='ocrx_word' id='word_1_429' title='bbox 864 3065 1036 3100; x_wconf 91' lang='lat' dir='ltr'>movens,</span> <span class='ocrx_word' id='word_1_430' title='bbox 1057 3065 1135 3090; x_wconf 90' lang='lat' dir='ltr'>non</span> <span class='ocrx_word' id='word_1_431' title='bbox 1159 3061 1214 3090; x_wconf 87' lang='lat' dir='ltr'>est</span> <span class='ocrx_word' id='word_1_432' title='bbox 1232 3066 1386 3090; x_wconf 91' lang='lat' dir='ltr'>necesse</span> 
     </span>
     <span class='ocr_line' id='line_1_68' title="bbox 332 3105 1385 3153; baseline 0 -11"><span class='ocrx_word' id='word_1_433' title='bbox 332 3117 414 3142; x_wconf 91' lang='lat' dir='ltr'>esse</span> <span class='ocrx_word' id='word_1_434' title='bbox 429 3105 529 3141; x_wconf 86' lang='lat' dir='ltr'>aliud</span> <span class='ocrx_word' id='word_1_435' title='bbox 544 3105 832 3142; x_wconf 90' lang='lat' dir='ltr'>instrumentum</span> <span class='ocrx_word' id='word_1_436' title='bbox 848 3118 924 3153; x_wconf 93' lang='lat' dir='ltr'>quo</span> <span class='ocrx_word' id='word_1_437' title='bbox 941 3113 1105 3143; x_wconf 87' lang='lat' dir='ltr'>moveat.</span> <span class='ocrx_word' id='word_1_438' title='bbox 1117 3106 1166 3142; x_wconf 92' lang='lat' dir='ltr'>Et</span> <span class='ocrx_word' id='word_1_439' title='bbox 1180 3107 1254 3142; x_wconf 91' lang='lat' dir='ltr'>hoc</span> <span class='ocrx_word' id='word_1_440' title='bbox 1267 3106 1385 3153; x_wconf 87' lang='lat' dir='ltr'>magis</span> 
     </span>
     <span class='ocr_line' id='line_1_69' title="bbox 332 3157 1386 3205; baseline 0 -11"><span class='ocrx_word' id='word_1_441' title='bbox 332 3157 573 3194; x_wconf 82' lang='lat' dir='ltr'>manifestum</span> <span class='ocrx_word' id='word_1_442' title='bbox 603 3165 657 3194; x_wconf 91' lang='lat' dir='ltr'>est</span> <span class='ocrx_word' id='word_1_443' title='bbox 684 3158 723 3194; x_wconf 92' lang='lat' dir='ltr'>in</span> <span class='ocrx_word' id='word_1_444' title='bbox 750 3157 1004 3194; x_wconf 84' lang='lat' dir='ltr'>instrumentis</span> <span class='ocrx_word' id='word_1_445' title='bbox 1038 3170 1153 3205; x_wconf 89' lang='lat' dir='ltr'>quam</span> <span class='ocrx_word' id='word_1_446' title='bbox 1182 3158 1219 3194; x_wconf 94' lang='lat' dir='ltr'>in</span> <span class='ocrx_word' id='word_1_447' title='bbox 1239 3158 1386 3194; x_wconf 91' lang='lat' dir='ltr'>mobili-</span> 
     </span>
    </p>
   </div>
   <div class='ocr_carea' id='block_1_14' title="bbox 330 3277 1386 3589">
    <p class='ocr_par' dir='ltr' id='par_1_15' title="bbox 333 3277 1386 3345">
     <span class='ocr_line' id='line_1_70' title="bbox 384 3277 1386 3312; baseline 0.002 -10"><span class='ocrx_word' id='word_1_448' title='bbox 384 3278 409 3311; x_wconf 94' lang='grc' dir='ltr'>γ)</span> <span class='ocrx_word' id='word_1_449' title='bbox 430 3278 456 3302; x_wconf 81' lang='lat' dir='ltr'>in</span> <span class='ocrx_word' id='word_1_450' title='bbox 476 3277 593 3310; x_wconf 76' lang='lat' dir='ltr'>infinitis.</span> <span class='ocrx_word' id='word_1_451' title='bbox 608 3291 626 3296; x_wconf 95' lang='lat'><em>-</em></span> <span class='ocrx_word' id='word_1_452' title='bbox 645 3278 769 3311; x_wconf 79' lang='lat' dir='ltr'>infinities</span> <span class='ocrx_word' id='word_1_453' title='bbox 787 3278 922 3307; x_wconf 84' lang='lat' dir='ltr'>AIKXYa,</span> <span class='ocrx_word' id='word_1_454' title='bbox 949 3278 974 3303; x_wconf 83' lang='lat' dir='ltr'>in</span> <span class='ocrx_word' id='word_1_455' title='bbox 1001 3279 1125 3311; x_wconf 82' lang='lat' dir='ltr'>infinities</span> <span class='ocrx_word' id='word_1_456' title='bbox 1150 3279 1247 3311; x_wconf 83' lang='lat' dir='ltr'>QpCL,</span> <span class='ocrx_word' id='word_1_457' title='bbox 1274 3279 1386 3312; x_wconf 80' lang='lat' dir='ltr'>infinito-</span> 
     </span>
     <span class='ocr_line' id='line_1_71' title="bbox 333 3312 1188 3345; baseline 0.001 -8"><span class='ocrx_word' id='word_1_458' title='bbox 333 3320 391 3337; x_wconf 88' lang='lat' dir='ltr'>rum</span> <span class='ocrx_word' id='word_1_459' title='bbox 410 3313 443 3342; x_wconf 87' lang='grc' dir='ltr'>Β,</span> <span class='ocrx_word' id='word_1_460' title='bbox 462 3313 531 3337; x_wconf 79' lang='lat' dir='ltr'>enim</span> <span class='ocrx_word' id='word_1_461' title='bbox 550 3313 576 3337; x_wconf 82' lang='lat' dir='ltr'>in</span> <span class='ocrx_word' id='word_1_462' title='bbox 596 3312 727 3345; x_wconf 77' lang='lat' dir='ltr'>infinitum</span> <span class='ocrx_word' id='word_1_463' title='bbox 746 3313 776 3342; x_wconf 94' lang='lat' dir='ltr'>V,</span> <span class='ocrx_word' id='word_1_464' title='bbox 796 3313 920 3345; x_wconf 82' lang='lat' dir='ltr'>infinities</span> <span class='ocrx_word' id='word_1_465' title='bbox 938 3314 974 3337; x_wconf 87' lang='lat' dir='ltr'>al&#39;</span> <span class='ocrx_word' id='word_1_466' title='bbox 988 3313 1014 3337; x_wconf 86' lang='lat' dir='ltr'>in</span> <span class='ocrx_word' id='word_1_467' title='bbox 1034 3313 1144 3345; x_wconf 84' lang='lat' dir='ltr'>infinitis</span> <span class='ocrx_word' id='word_1_468' title='bbox 1163 3315 1188 3338; x_wconf 90' lang='lat' dir='ltr'>S.</span> 
     </span>
    </p>

    <p class='ocr_par' dir='ltr' id='par_1_16' title="bbox 331 3346 1386 3483">
     <span class='ocr_line' id='line_1_72' title="bbox 385 3346 1386 3381; baseline 0.001 -10"><span class='ocrx_word' id='word_1_469' title='bbox 385 3346 409 3381; x_wconf 85' lang='grc' dir='ltr'>δ)</span> <span class='ocrx_word' id='word_1_470' title='bbox 431 3347 461 3372; x_wconf 84' lang='lat' dir='ltr'>Si</span> <span class='ocrx_word' id='word_1_471' title='bbox 480 3355 544 3380; x_wconf 79' lang='lat' dir='ltr'>ergo</span> <span class='ocrx_word' id='word_1_472' title='bbox 568 3347 655 3372; x_wconf 76' lang='lat' dir='ltr'>detur.</span> <span class='ocrx_word' id='word_1_473' title='bbox 670 3361 689 3366; x_wconf 92' lang='lat'>·-</span> <span class='ocrx_word' id='word_1_474' title='bbox 709 3347 740 3372; x_wconf 89' lang='lat' dir='ltr'>Si</span> <span class='ocrx_word' id='word_1_475' title='bbox 754 3355 818 3380; x_wconf 86' lang='lat' dir='ltr'>ergo</span> <span class='ocrx_word' id='word_1_476' title='bbox 832 3355 882 3372; x_wconf 82' lang='lat' dir='ltr'>non</span> <span class='ocrx_word' id='word_1_477' title='bbox 898 3348 976 3372; x_wconf 83' lang='lat' dir='ltr'>detur</span> <span class='ocrx_word' id='word_1_478' title='bbox 994 3348 1045 3376; x_wconf 61' lang='lat' dir='ltr'>Plu</span> <span class='ocrx_word' id='word_1_479' title='bbox 1064 3348 1110 3372; x_wconf 81' lang='lat' dir='ltr'>sed</span> <span class='ocrx_word' id='word_1_480' title='bbox 1129 3348 1252 3380; x_wconf 81' lang='lat' dir='ltr'>particula</span> <span class='ocrx_word' id='word_1_481' title='bbox 1270 3348 1386 3381; x_wconf 83' lang='lat' dir='ltr'>negativa</span> 
     </span>
     <span class='ocr_line' id='line_1_73' title="bbox 331 3382 1386 3414; baseline 0.001 -8"><span class='ocrx_word' id='word_1_482' title='bbox 331 3382 397 3407; x_wconf 89' lang='lat' dir='ltr'>tollit</span> <span class='ocrx_word' id='word_1_483' title='bbox 411 3390 530 3412; x_wconf 84' lang='lat' dir='ltr'>sensum;</span> <span class='ocrx_word' id='word_1_484' title='bbox 550 3382 581 3406; x_wconf 81' lang='lat' dir='ltr'>cf.</span> <span class='ocrx_word' id='word_1_485' title='bbox 595 3387 683 3407; x_wconf 85' lang='lat' dir='ltr'>text.-</span> <span class='ocrx_word' id='word_1_486' title='bbox 698 3382 748 3406; x_wconf 85' lang='lat' dir='ltr'>Pro</span> <span class='ocrx_word' id='word_1_487' title='bbox 766 3383 799 3407; x_wconf 84' lang='lat' dir='ltr'>ab</span> <span class='ocrx_word' id='word_1_488' title='bbox 821 3382 910 3414; x_wconf 85' lang='lat' dir='ltr'>aliquo</span> <span class='ocrx_word' id='word_1_489' title='bbox 929 3385 1061 3411; x_wconf 79' lang='lat' dir='ltr'>mouetur,</span> <span class='ocrx_word' id='word_1_490' title='bbox 1087 3382 1119 3406; x_wconf 80' lang='lat' dir='ltr'>ab</span> <span class='ocrx_word' id='word_1_491' title='bbox 1142 3383 1230 3414; x_wconf 81' lang='lat' dir='ltr'>aliquo</span> <span class='ocrx_word' id='word_1_492' title='bbox 1249 3386 1386 3407; x_wconf 80' lang='lat' dir='ltr'>moveatur</span> 
     </span>
     <span class='ocr_line' id='line_1_74' title="bbox 333 3416 1385 3449; baseline 0.001 -8"><span class='ocrx_word' id='word_1_493' title='bbox 333 3417 352 3441; x_wconf 89' lang='lat' dir='ltr'>P</span> <span class='ocrx_word' id='word_1_494' title='bbox 372 3421 398 3441; x_wconf 87' lang='lat' dir='ltr'>et</span> <span class='ocrx_word' id='word_1_495' title='bbox 415 3417 505 3442; x_wconf 83' lang='lat' dir='ltr'>Venet.</span> <span class='ocrx_word' id='word_1_496' title='bbox 526 3416 604 3448; x_wconf 86' lang='lat'>1545,</span> <span class='ocrx_word' id='word_1_497' title='bbox 623 3418 656 3442; x_wconf 81' lang='lat' dir='ltr'>ab</span> <span class='ocrx_word' id='word_1_498' title='bbox 679 3417 732 3442; x_wconf 87' lang='lat' dir='ltr'>alio</span> <span class='ocrx_word' id='word_1_499' title='bbox 752 3420 871 3442; x_wconf 80' lang='lat' dir='ltr'>movetur</span> <span class='ocrx_word' id='word_1_500' title='bbox 889 3417 1054 3442; x_wconf 86' lang='lat' dir='ltr'>FGINOR.—-</span> <span class='ocrx_word' id='word_1_501' title='bbox 1068 3417 1117 3441; x_wconf 80' lang='lat' dir='ltr'>Pro</span> <span class='ocrx_word' id='word_1_502' title='bbox 1136 3417 1255 3449; x_wconf 82' lang='lat' dir='ltr'>primum</span> <span class='ocrx_word' id='word_1_503' title='bbox 1281 3425 1385 3443; x_wconf 80' lang='lat' dir='ltr'>mouens</span> 
     </span>
     <span class='ocr_line' id='line_1_75' title="bbox 332 3451 1111 3483; baseline 0 -7"><span class='ocrx_word' id='word_1_504' title='bbox 332 3455 460 3481; x_wconf 80' lang='lat' dir='ltr'>movetur,</span> <span class='ocrx_word' id='word_1_505' title='bbox 475 3452 594 3483; x_wconf 80' lang='lat' dir='ltr'>primum</span> <span class='ocrx_word' id='word_1_506' title='bbox 614 3459 719 3476; x_wconf 81' lang='lat' dir='ltr'>movens</span> <span class='ocrx_word' id='word_1_507' title='bbox 738 3455 824 3477; x_wconf 84' lang='lat' dir='ltr'>movet</span> <span class='ocrx_word' id='word_1_508' title='bbox 842 3452 861 3476; x_wconf 90' lang='lat' dir='ltr'>P</span> <span class='ocrx_word' id='word_1_509' title='bbox 881 3457 905 3476; x_wconf 87' lang='lat' dir='ltr'>et</span> <span class='ocrx_word' id='word_1_510' title='bbox 923 3452 1014 3476; x_wconf 87' lang='lat' dir='ltr'>Venet.</span> <span class='ocrx_word' id='word_1_511' title='bbox 1037 3451 1111 3482; x_wconf 85' lang='lat'>1504.</span> 
     </span>
    </p>

    <p class='ocr_par' dir='ltr' id='par_1_17' title="bbox 330 3486 1386 3589">
     <span class='ocr_line' id='line_1_76' title="bbox 386 3486 1386 3518; baseline -0.001 -7"><span class='ocrx_word' id='word_1_512' title='bbox 386 3487 407 3518; x_wconf 87' lang='grc' dir='ltr'>ε)</span> <span class='ocrx_word' id='word_1_513' title='bbox 423 3487 533 3518; x_wconf 80' lang='lat' dir='ltr'>proiicit</span> <span class='ocrx_word' id='word_1_514' title='bbox 550 3487 587 3511; x_wconf 82' lang='lat' dir='ltr'>ad</span> <span class='ocrx_word' id='word_1_515' title='bbox 611 3490 710 3511; x_wconf 85' lang='lat' dir='ltr'>terram</span> <span class='ocrx_word' id='word_1_516' title='bbox 730 3487 828 3518; x_wconf 82' lang='lat' dir='ltr'>aliqua.</span> <span class='ocrx_word' id='word_1_517' title='bbox 845 3501 864 3506; x_wconf 92' lang='lat'><em>-</em></span> <span class='ocrx_word' id='word_1_518' title='bbox 885 3487 934 3511; x_wconf 89' lang='lat' dir='ltr'>Pro</span> <span class='ocrx_word' id='word_1_519' title='bbox 949 3487 1072 3518; x_wconf 81' lang='lat' dir='ltr'>proiicit,</span> <span class='ocrx_word' id='word_1_520' title='bbox 1093 3486 1207 3518; x_wconf 80' lang='lat' dir='ltr'>proiecit</span> <span class='ocrx_word' id='word_1_521' title='bbox 1226 3486 1341 3511; x_wconf 85' lang='lat' dir='ltr'>PHORZ</span> <span class='ocrx_word' id='word_1_522' title='bbox 1361 3492 1386 3511; x_wconf 84' lang='lat' dir='ltr'>et</span> 
     </span>
     <span class='ocr_line' id='line_1_77' title="bbox 331 3521 1384 3554; baseline 0 -8"><span class='ocrx_word' id='word_1_523' title='bbox 331 3522 422 3547; x_wconf 86' lang='lat' dir='ltr'>Venet.</span> <span class='ocrx_word' id='word_1_524' title='bbox 447 3521 525 3552; x_wconf 83' lang='lat'>1551;</span> <span class='ocrx_word' id='word_1_525' title='bbox 549 3529 596 3553; x_wconf 86' lang='lat' dir='ltr'>pro</span> <span class='ocrx_word' id='word_1_526' title='bbox 619 3522 721 3554; x_wconf 83' lang='lat' dir='ltr'>aliqua,</span> <span class='ocrx_word' id='word_1_527' title='bbox 748 3522 848 3554; x_wconf 82' lang='lat' dir='ltr'>aliquid</span> <span class='ocrx_word' id='word_1_528' title='bbox 866 3522 946 3551; x_wconf 79' lang='lat' dir='ltr'><strong>BGL.</strong></span> <span class='ocrx_word' id='word_1_529' title='bbox 971 3522 1087 3554; x_wconf 80' lang='lat' dir='ltr'>aliquam</span> <span class='ocrx_word' id='word_1_530' title='bbox 1111 3521 1171 3551; x_wconf 83' lang='lat' dir='ltr'>DR,</span> <span class='ocrx_word' id='word_1_531' title='bbox 1191 3521 1312 3546; x_wconf 82' lang='lat' dir='ltr'>arborem</span> <span class='ocrx_word' id='word_1_532' title='bbox 1336 3522 1384 3546; x_wconf 81' lang='lat' dir='ltr'>ali-</span> 
     </span>
     <span class='ocr_line' id='line_1_78' title="bbox 330 3557 656 3589; baseline 0 -8"><span class='ocrx_word' id='word_1_533' title='bbox 330 3563 410 3589; x_wconf 80' lang='lat' dir='ltr'>quam</span> <span class='ocrx_word' id='word_1_534' title='bbox 430 3557 460 3586; x_wconf 84' lang='lat' dir='ltr'>N,</span> <span class='ocrx_word' id='word_1_535' title='bbox 478 3557 590 3589; x_wconf 81' lang='lat' dir='ltr'>aliquem</span> <span class='ocrx_word' id='word_1_536' title='bbox 610 3561 656 3581; x_wconf 85' lang='lat' dir='ltr'>cet.</span> 
     </span>
    </p>
   </div>
   <div class='ocr_carea' id='block_1_15' title="bbox 2416 253 2490 301">
    <p class='ocr_par' dir='ltr' id='par_1_18' title="bbox 2416 253 2490 301">
     <span class='ocr_line' id='line_1_79' title="bbox 2416 253 2490 301; baseline 0.014 -1"><span class='ocrx_word' id='word_1_537' title='bbox 2416 253 2490 301; x_wconf 81' lang='lat'>397</span> 
     </span>
    </p>
   </div>
   <div class='ocr_carea' id='block_1_16' title="bbox 1431 330 2496 1583">
    <p class='ocr_par' dir='ltr' id='par_1_19' title="bbox 1431 330 2496 1583">
     <span class='ocr_line' id='line_1_80' title="bbox 1432 330 2489 378; baseline 0.002 -13"><span class='ocrx_word' id='word_1_538' title='bbox 1432 330 1502 366; x_wconf 92' lang='lat' dir='ltr'>bus</span> <span class='ocrx_word' id='word_1_539' title='bbox 1518 330 1707 377; x_wconf 88' lang='lat' dir='ltr'>ordinatis,</span> <span class='ocrx_word' id='word_1_540' title='bbox 1724 330 1808 367; x_wconf 88' lang='lat' dir='ltr'>licet</span> <span class='ocrx_word' id='word_1_541' title='bbox 1825 331 1962 367; x_wconf 88' lang='lat' dir='ltr'>habeat</span> <span class='ocrx_word' id='word_1_542' title='bbox 1982 331 2144 367; x_wconf 88' lang='lat' dir='ltr'>eandem</span> <span class='ocrx_word' id='word_1_543' title='bbox 2164 330 2378 376; x_wconf 90' lang='lat' dir='ltr'>veritatem;</span> <span class='ocrx_word' id='word_1_544' title='bbox 2400 330 2489 378; x_wconf 89' lang='lat' dir='ltr'>quia</span> 
     </span>
     <span class='ocr_line' id='line_1_81' title="bbox 1432 382 2488 429; baseline 0.001 -11"><span class='ocrx_word' id='word_1_545' title='bbox 1432 394 1510 418; x_wconf 93' lang='lat' dir='ltr'>non</span> <span class='ocrx_word' id='word_1_546' title='bbox 1539 382 1693 429; x_wconf 91' lang='lat' dir='ltr'>quilibet</span> <span class='ocrx_word' id='word_1_547' title='bbox 1721 383 1974 420; x_wconf 89' lang='lat' dir='ltr'>consideraret</span> <span class='ocrx_word' id='word_1_548' title='bbox 1994 384 2204 421; x_wconf 89' lang='lat' dir='ltr'>secundum</span> <span class='ocrx_word' id='word_1_549' title='bbox 2224 395 2386 420; x_wconf 89' lang='lat' dir='ltr'>movens</span> <span class='ocrx_word' id='word_1_550' title='bbox 2408 395 2488 420; x_wconf 91' lang='lat' dir='ltr'>esse</span> 
     </span>
     <span class='ocr_line' id='line_1_82' title="bbox 1431 433 2491 484; baseline 0.002 -14"><span class='ocrx_word' id='word_1_551' title='bbox 1431 433 1722 471; x_wconf 88' lang='lat' dir='ltr'>instrumentum</span> <span class='ocrx_word' id='word_1_552' title='bbox 1750 435 1873 483; x_wconf 89' lang='lat' dir='ltr'>primi.</span> <span class='ocrx_word' id='word_1_553' title='bbox 1904 436 2007 472; x_wconf 89' lang='lat' dir='ltr'>Sicut</span> <span class='ocrx_word' id='word_1_554' title='bbox 2036 436 2148 473; x_wconf 89' lang='lat' dir='ltr'>etiam</span> <span class='ocrx_word' id='word_1_555' title='bbox 2174 448 2287 484; x_wconf 88' lang='lat' dir='ltr'>supra</span> <span class='ocrx_word' id='word_1_556' title='bbox 2306 436 2326 456; x_wconf 66' lang='lat'>&#39;¹‘</span> <span class='ocrx_word' id='word_1_557' title='bbox 2348 435 2491 472; x_wconf 85' lang='lat' dir='ltr'>dixerat</span> 
     </span>
     <span class='ocr_line' id='line_1_83' title="bbox 1433 486 2488 536; baseline 0.001 -13"><span class='ocrx_word' id='word_1_558' title='bbox 1433 486 1674 533; x_wconf 84' lang='lat' dir='ltr'>deducendo,</span> <span class='ocrx_word' id='word_1_559' title='bbox 1704 488 1809 535; x_wconf 91' lang='lat' dir='ltr'>quod</span> <span class='ocrx_word' id='word_1_560' title='bbox 1829 488 1858 524; x_wconf 90' lang='lat' dir='ltr'>si</span> <span class='ocrx_word' id='word_1_561' title='bbox 1887 488 1931 524; x_wconf 90' lang='lat' dir='ltr'>sit</span> <span class='ocrx_word' id='word_1_562' title='bbox 1959 488 2100 536; x_wconf 88' lang='lat' dir='ltr'>aliquid</span> <span class='ocrx_word' id='word_1_563' title='bbox 2120 489 2224 536; x_wconf 92' lang='lat' dir='ltr'>quod</span> <span class='ocrx_word' id='word_1_564' title='bbox 2245 495 2422 525; x_wconf 89' lang='lat' dir='ltr'>movetur</span> <span class='ocrx_word' id='word_1_565' title='bbox 2441 488 2488 524; x_wconf 91' lang='lat' dir='ltr'>ab</span> 
     </span>
     <span class='ocr_line' id='line_1_84' title="bbox 1432 539 2488 588; baseline 0.001 -13"><span class='ocrx_word' id='word_1_566' title='bbox 1432 539 1516 586; x_wconf 84' lang='lat' dir='ltr'>alio,</span> <span class='ocrx_word' id='word_1_567' title='bbox 1546 551 1700 576; x_wconf 90' lang='lat' dir='ltr'>necesse</span> <span class='ocrx_word' id='word_1_568' title='bbox 1730 547 1784 576; x_wconf 90' lang='lat' dir='ltr'>est</span> <span class='ocrx_word' id='word_1_569' title='bbox 1813 553 1893 577; x_wconf 90' lang='lat' dir='ltr'>esse</span> <span class='ocrx_word' id='word_1_570' title='bbox 1913 540 2051 588; x_wconf 89' lang='lat' dir='ltr'>aliquid</span> <span class='ocrx_word' id='word_1_571' title='bbox 2071 541 2175 588; x_wconf 91' lang='lat' dir='ltr'>quod</span> <span class='ocrx_word' id='word_1_572' title='bbox 2204 553 2282 577; x_wconf 92' lang='lat' dir='ltr'>non</span> <span class='ocrx_word' id='word_1_573' title='bbox 2301 547 2488 587; x_wconf 90' lang='lat' dir='ltr'>movetur,</span> 
     </span>
     <span class='ocr_line' id='line_1_85' title="bbox 1433 592 2488 639; baseline 0 -11"><span class='ocrx_word' id='word_1_574' title='bbox 1433 592 1500 628; x_wconf 91' lang='lat' dir='ltr'>sed</span> <span class='ocrx_word' id='word_1_575' title='bbox 1528 604 1606 628; x_wconf 91' lang='lat' dir='ltr'>non</span> <span class='ocrx_word' id='word_1_576' title='bbox 1635 604 1655 628; x_wconf 93' lang='lat' dir='ltr'>e</span> <span class='ocrx_word' id='word_1_577' title='bbox 1685 604 1888 629; x_wconf 88' lang='lat' dir='ltr'>converso:</span> <span class='ocrx_word' id='word_1_578' title='bbox 1919 593 1967 629; x_wconf 89' lang='lat' dir='ltr'>ita</span> <span class='ocrx_word' id='word_1_579' title='bbox 1996 593 2056 629; x_wconf 91' lang='lat' dir='ltr'>hic</span> <span class='ocrx_word' id='word_1_580' title='bbox 2090 593 2177 630; x_wconf 91' lang='lat' dir='ltr'>dicit</span> <span class='ocrx_word' id='word_1_581' title='bbox 2205 593 2488 639; x_wconf 85' lang='lat' dir='ltr'>descendendo,</span> 
     </span>
     <span class='ocr_line' id='line_1_86' title="bbox 1433 644 2488 693; baseline 0.002 -13"><span class='ocrx_word' id='word_1_582' title='bbox 1433 644 1537 691; x_wconf 94' lang='lat' dir='ltr'>quod</span> <span class='ocrx_word' id='word_1_583' title='bbox 1557 644 1587 680; x_wconf 93' lang='lat' dir='ltr'>si</span> <span class='ocrx_word' id='word_1_584' title='bbox 1606 644 1816 681; x_wconf 89' lang='lat' dir='ltr'>inveniatur</span> <span class='ocrx_word' id='word_1_585' title='bbox 1836 646 1939 693; x_wconf 93' lang='lat' dir='ltr'>quod</span> <span class='ocrx_word' id='word_1_586' title='bbox 1958 645 2048 682; x_wconf 93' lang='lat' dir='ltr'>illud</span> <span class='ocrx_word' id='word_1_587' title='bbox 2068 658 2143 693; x_wconf 94' lang='lat' dir='ltr'>quo</span> <span class='ocrx_word' id='word_1_588' title='bbox 2165 658 2327 682; x_wconf 85' lang='lat' dir='ltr'>movens</span> <span class='ocrx_word' id='word_1_589' title='bbox 2346 652 2488 691; x_wconf 86' lang='lat' dir='ltr'>movet,</span> 
     </span>
     <span class='ocr_line' id='line_1_87' title="bbox 1433 696 2490 744; baseline 0.001 -12"><span class='ocrx_word' id='word_1_590' title='bbox 1433 696 1478 732; x_wconf 91' lang='lat' dir='ltr'>sit</span> <span class='ocrx_word' id='word_1_591' title='bbox 1505 697 1675 743; x_wconf 87' lang='lat' dir='ltr'>alterum,</span> <span class='ocrx_word' id='word_1_592' title='bbox 1705 697 1799 733; x_wconf 92' lang='lat' dir='ltr'>sicut</span> <span class='ocrx_word' id='word_1_593' title='bbox 1826 697 2128 744; x_wconf 85' lang='lat' dir='ltr'>instrumentum,</span> <span class='ocrx_word' id='word_1_594' title='bbox 2150 710 2304 734; x_wconf 88' lang='lat' dir='ltr'>necesse</span> <span class='ocrx_word' id='word_1_595' title='bbox 2334 704 2388 734; x_wconf 89' lang='lat' dir='ltr'>est</span> <span class='ocrx_word' id='word_1_596' title='bbox 2408 709 2490 733; x_wconf 92' lang='lat' dir='ltr'>esse</span> 
     </span>
     <span class='ocr_line' id='line_1_88' title="bbox 1434 748 2490 798; baseline 0.002 -14"><span class='ocrx_word' id='word_1_597' title='bbox 1434 748 1575 796; x_wconf 91' lang='lat' dir='ltr'>aliquid</span> <span class='ocrx_word' id='word_1_598' title='bbox 1595 750 1699 796; x_wconf 92' lang='lat' dir='ltr'>quod</span> <span class='ocrx_word' id='word_1_599' title='bbox 1718 750 1889 786; x_wconf 92' lang='lat' dir='ltr'>movebit</span> <span class='ocrx_word' id='word_1_600' title='bbox 1902 762 1980 786; x_wconf 92' lang='lat' dir='ltr'>non</span> <span class='ocrx_word' id='word_1_601' title='bbox 1999 750 2125 798; x_wconf 91' lang='lat' dir='ltr'>aliquo</span> <span class='ocrx_word' id='word_1_602' title='bbox 2146 750 2407 796; x_wconf 91' lang='lat' dir='ltr'>instrumento,</span> <span class='ocrx_word' id='word_1_603' title='bbox 2423 749 2490 786; x_wconf 90' lang='lat' dir='ltr'>sed</span> 
     </span>
     <span class='ocr_line' id='line_1_89' title="bbox 1433 801 2490 850; baseline 0.001 -13"><span class='ocrx_word' id='word_1_604' title='bbox 1433 813 1502 849; x_wconf 90' lang='lat' dir='ltr'>per</span> <span class='ocrx_word' id='word_1_605' title='bbox 1515 801 1694 850; x_wconf 86' lang='lat' dir='ltr'>seipsum,</span> <span class='ocrx_word' id='word_1_606' title='bbox 1708 809 1771 838; x_wconf 89' lang='lat' dir='ltr'>aut</span> <span class='ocrx_word' id='word_1_607' title='bbox 1785 803 2010 850; x_wconf 89' lang='lat' dir='ltr'>procedetur</span> <span class='ocrx_word' id='word_1_608' title='bbox 2019 803 2039 823; x_wconf 70' lang='lat'>&#39;²‘</span> <span class='ocrx_word' id='word_1_609' title='bbox 2050 803 2087 839; x_wconf 93' lang='lat' dir='ltr'>in</span> <span class='ocrx_word' id='word_1_610' title='bbox 2102 802 2290 839; x_wconf 90' lang='lat' dir='ltr'>infinitum</span> <span class='ocrx_word' id='word_1_611' title='bbox 2306 802 2343 838; x_wconf 90' lang='lat' dir='ltr'>in</span> <span class='ocrx_word' id='word_1_612' title='bbox 2358 802 2490 838; x_wconf 90' lang='lat' dir='ltr'>instru-</span> 
     </span>
     <span class='ocr_line' id='line_1_90' title="bbox 1434 853 2491 904; baseline 0.002 -15"><span class='ocrx_word' id='word_1_613' title='bbox 1434 853 1587 900; x_wconf 88' lang='lat' dir='ltr'>mentis;</span> <span class='ocrx_word' id='word_1_614' title='bbox 1617 855 1721 902; x_wconf 90' lang='lat' dir='ltr'>quod</span> <span class='ocrx_word' id='word_1_615' title='bbox 1742 862 1795 891; x_wconf 90' lang='lat' dir='ltr'>est</span> <span class='ocrx_word' id='word_1_616' title='bbox 1818 855 1920 891; x_wconf 91' lang='lat' dir='ltr'>idem</span> <span class='ocrx_word' id='word_1_617' title='bbox 1941 867 1984 891; x_wconf 90' lang='grc'>36</span> <span class='ocrx_word' id='word_1_618' title='bbox 2004 855 2033 891; x_wconf 88' lang='grc'>51</span> <span class='ocrx_word' id='word_1_619' title='bbox 2054 855 2322 904; x_wconf 89' lang='lat' dir='ltr'>procederetur</span> <span class='ocrx_word' id='word_1_620' title='bbox 2350 855 2388 891; x_wconf 91' lang='lat' dir='ltr'>in</span> <span class='ocrx_word' id='word_1_621' title='bbox 2408 854 2491 891; x_wconf 89' lang='lat' dir='ltr'>infi-</span> 
     </span>
     <span class='ocr_line' id='line_1_91' title="bbox 1434 906 2492 955; baseline 0.001 -13"><span class='ocrx_word' id='word_1_622' title='bbox 1434 906 1554 942; x_wconf 89' lang='lat' dir='ltr'>nitum</span> <span class='ocrx_word' id='word_1_623' title='bbox 1589 906 1627 943; x_wconf 91' lang='lat' dir='ltr'>in</span> <span class='ocrx_word' id='word_1_624' title='bbox 1657 907 1917 953; x_wconf 85' lang='lat' dir='ltr'>moventibus,</span> <span class='ocrx_word' id='word_1_625' title='bbox 1948 908 2053 955; x_wconf 93' lang='lat' dir='ltr'>quod</span> <span class='ocrx_word' id='word_1_626' title='bbox 2086 915 2141 944; x_wconf 85' lang='lat' dir='ltr'>est</span> <span class='ocrx_word' id='word_1_627' title='bbox 2172 907 2416 955; x_wconf 90' lang='lat' dir='ltr'>impossibile,</span> <span class='ocrx_word' id='word_1_628' title='bbox 2450 913 2492 943; x_wconf 91' lang='lat' dir='ltr'>ut</span> 
     </span>
     <span class='ocr_line' id='line_1_92' title="bbox 1435 959 2491 1009; baseline 0.002 -16"><span class='ocrx_word' id='word_1_629' title='bbox 1435 970 1548 1006; x_wconf 92' lang='lat' dir='ltr'>supra</span> <span class='ocrx_word' id='word_1_630' title='bbox 1564 959 1583 979; x_wconf 55' lang='lat'>&#39;³</span> <span class='ocrx_word' id='word_1_631' title='bbox 1599 966 1794 995; x_wconf 92' lang='lat' dir='ltr'>ostensum</span> <span class='ocrx_word' id='word_1_632' title='bbox 1815 968 1880 997; x_wconf 85' lang='lat' dir='ltr'>est.</span> <span class='ocrx_word' id='word_1_633' title='bbox 1912 959 1951 996; x_wconf 91' lang='lat' dir='ltr'>Si</span> <span class='ocrx_word' id='word_1_634' title='bbox 1980 972 2069 1007; x_wconf 86' lang='lat' dir='ltr'>ergo</span> <span class='ocrx_word' id='word_1_635' title='bbox 2092 967 2146 996; x_wconf 90' lang='lat' dir='ltr'>est</span> <span class='ocrx_word' id='word_1_636' title='bbox 2165 959 2305 1007; x_wconf 92' lang='lat' dir='ltr'>aliquid</span> <span class='ocrx_word' id='word_1_637' title='bbox 2325 971 2491 1009; x_wconf 22' lang='lat' dir='ltr'>*movens</span> 
     </span>
     <span class='ocr_line' id='line_1_93' title="bbox 1434 1009 2491 1058; baseline 0.001 -12"><span class='ocrx_word' id='word_1_638' title='bbox 1434 1009 1473 1046; x_wconf 92' lang='lat' dir='ltr'>id</span> <span class='ocrx_word' id='word_1_639' title='bbox 1492 1011 1596 1057; x_wconf 92' lang='lat' dir='ltr'>quod</span> <span class='ocrx_word' id='word_1_640' title='bbox 1616 1019 1804 1058; x_wconf 89' lang='lat' dir='ltr'>movetur,</span> <span class='ocrx_word' id='word_1_641' title='bbox 1825 1024 1979 1048; x_wconf 89' lang='lat' dir='ltr'>necesse</span> <span class='ocrx_word' id='word_1_642' title='bbox 2001 1020 2054 1049; x_wconf 90' lang='lat' dir='ltr'>est</span> <span class='ocrx_word' id='word_1_643' title='bbox 2073 1020 2169 1049; x_wconf 89' lang='lat' dir='ltr'>stare</span> <span class='ocrx_word' id='word_1_644' title='bbox 2196 1019 2231 1048; x_wconf 92' lang='lat' dir='ltr'>et</span> <span class='ocrx_word' id='word_1_645' title='bbox 2254 1024 2332 1048; x_wconf 92' lang='lat' dir='ltr'>non</span> <span class='ocrx_word' id='word_1_646' title='bbox 2350 1012 2389 1048; x_wconf 92' lang='lat' dir='ltr'>in</span> <span class='ocrx_word' id='word_1_647' title='bbox 2408 1011 2491 1047; x_wconf 89' lang='lat' dir='ltr'>infi-</span> 
     </span>
     <span class='ocr_line' id='line_1_94' title="bbox 1435 1061 2492 1112; baseline 0.002 -15"><span class='ocrx_word' id='word_1_648' title='bbox 1435 1061 1555 1098; x_wconf 91' lang='lat' dir='ltr'>nitum</span> <span class='ocrx_word' id='word_1_649' title='bbox 1583 1062 1647 1099; x_wconf 87' lang='lat' dir='ltr'>ire.</span> <span class='ocrx_word' id='word_1_650' title='bbox 1678 1063 1777 1109; x_wconf 85' lang='lat' dir='ltr'>Quia</span> <span class='ocrx_word' id='word_1_651' title='bbox 1802 1063 1831 1100; x_wconf 91' lang='lat' dir='ltr'>si</span> <span class='ocrx_word' id='word_1_652' title='bbox 1859 1064 2013 1100; x_wconf 90' lang='lat' dir='ltr'>baculus</span> <span class='ocrx_word' id='word_1_653' title='bbox 2042 1072 2174 1101; x_wconf 91' lang='lat' dir='ltr'>movet</span> <span class='ocrx_word' id='word_1_654' title='bbox 2202 1077 2247 1100; x_wconf 90' lang='lat' dir='ltr'>eo</span> <span class='ocrx_word' id='word_1_655' title='bbox 2277 1064 2382 1112; x_wconf 91' lang='lat' dir='ltr'>quod</span> <span class='ocrx_word' id='word_1_656' title='bbox 2410 1075 2492 1100; x_wconf 94' lang='lat' dir='ltr'>mo-</span> 
     </span>
     <span class='ocr_line' id='line_1_95' title="bbox 1434 1116 2492 1164; baseline 0.003 -14"><span class='ocrx_word' id='word_1_657' title='bbox 1434 1120 1543 1150; x_wconf 87' lang='lat' dir='ltr'>vetur</span> <span class='ocrx_word' id='word_1_658' title='bbox 1570 1127 1592 1151; x_wconf 87' lang='lat' dir='ltr'>a</span> <span class='ocrx_word' id='word_1_659' title='bbox 1622 1127 1750 1161; x_wconf 88' lang='lat' dir='ltr'>manu,</span> <span class='ocrx_word' id='word_1_660' title='bbox 1769 1116 1938 1163; x_wconf 75' lang='lat' dir='ltr'>‚sequitur</span> <span class='ocrx_word' id='word_1_661' title='bbox 1966 1117 2070 1164; x_wconf 92' lang='lat' dir='ltr'>quod</span> <span class='ocrx_word' id='word_1_662' title='bbox 2098 1129 2233 1153; x_wconf 90' lang='lat' dir='ltr'>manus</span> <span class='ocrx_word' id='word_1_663' title='bbox 2253 1123 2408 1153; x_wconf 88' lang='lat' dir='ltr'>moveat</span> <span class='ocrx_word' id='word_1_664' title='bbox 2428 1116 2492 1153; x_wconf 87' lang='lat' dir='ltr'>ba-</span> 
     </span>
     <span class='ocr_line' id='line_1_96' title="bbox 1436 1167 2492 1216; baseline 0.003 -14"><span class='ocrx_word' id='word_1_665' title='bbox 1436 1167 1580 1212; x_wconf 67' lang='lat' dir='ltr'>culum3</span> <span class='ocrx_word' id='word_1_666' title='bbox 1611 1167 1641 1203; x_wconf 90' lang='lat' dir='ltr'>si</span> <span class='ocrx_word' id='word_1_667' title='bbox 1669 1174 1796 1204; x_wconf 90' lang='lat' dir='ltr'>autem</span> <span class='ocrx_word' id='word_1_668' title='bbox 1816 1175 1852 1204; x_wconf 91' lang='lat' dir='ltr'>et</span> <span class='ocrx_word' id='word_1_669' title='bbox 1879 1180 2038 1205; x_wconf 88' lang='lat' dir='ltr'>manum</span> <span class='ocrx_word' id='word_1_670' title='bbox 2059 1169 2198 1216; x_wconf 88' lang='lat' dir='ltr'>aliquid</span> <span class='ocrx_word' id='word_1_671' title='bbox 2227 1169 2326 1205; x_wconf 90' lang='lat' dir='ltr'>aliud</span> <span class='ocrx_word' id='word_1_672' title='bbox 2350 1176 2492 1215; x_wconf 89' lang='lat' dir='ltr'>movet,</span> 
     </span>
     <span class='ocr_line' id='line_1_97' title="bbox 1437 1218 2494 1268; baseline 0.003 -13"><span class='ocrx_word' id='word_1_673' title='bbox 1437 1218 1549 1255; x_wconf 87' lang='lat' dir='ltr'>etiam</span> <span class='ocrx_word' id='word_1_674' title='bbox 1577 1219 1745 1267; x_wconf 91' lang='lat' dir='ltr'>sequitur</span> <span class='ocrx_word' id='word_1_675' title='bbox 1774 1232 1793 1256; x_wconf 93' lang='lat' dir='ltr'>e</span> <span class='ocrx_word' id='word_1_676' title='bbox 1823 1233 2007 1257; x_wconf 89' lang='lat' dir='ltr'>converso</span> <span class='ocrx_word' id='word_1_677' title='bbox 2028 1222 2131 1268; x_wconf 89' lang='lat' dir='ltr'>quod</span> <span class='ocrx_word' id='word_1_678' title='bbox 2159 1221 2311 1268; x_wconf 87' lang='lat' dir='ltr'>aliquod</span> <span class='ocrx_word' id='word_1_679' title='bbox 2331 1233 2494 1258; x_wconf 89' lang='lat' dir='ltr'>movens</span> 
     </span>
     <span class='ocr_line' id='line_1_98' title="bbox 1436 1273 2494 1322; baseline 0.003 -15"><span class='ocrx_word' id='word_1_680' title='bbox 1436 1278 1591 1308; x_wconf 88' lang='lat' dir='ltr'>moveat</span> <span class='ocrx_word' id='word_1_681' title='bbox 1622 1284 1798 1318; x_wconf 89' lang='lat' dir='ltr'>manum;</span> <span class='ocrx_word' id='word_1_682' title='bbox 1829 1279 1865 1309; x_wconf 90' lang='lat' dir='ltr'>et</span> <span class='ocrx_word' id='word_1_683' title='bbox 1892 1273 1941 1309; x_wconf 92' lang='lat' dir='ltr'>ita</span> <span class='ocrx_word' id='word_1_684' title='bbox 1970 1281 2118 1321; x_wconf 91' lang='lat' dir='ltr'>oportet</span> <span class='ocrx_word' id='word_1_685' title='bbox 2146 1274 2249 1321; x_wconf 92' lang='lat' dir='ltr'>quod</span> <span class='ocrx_word' id='word_1_686' title='bbox 2287 1274 2380 1310; x_wconf 89' lang='lat' dir='ltr'>sicut</span> <span class='ocrx_word' id='word_1_687' title='bbox 2407 1286 2494 1322; x_wconf 92' lang='lat' dir='ltr'>pro-</span> 
     </span>
     <span class='ocr_line' id='line_1_99' title="bbox 1438 1323 2495 1374; baseline 0.003 -15"><span class='ocrx_word' id='word_1_688' title='bbox 1438 1323 1579 1360; x_wconf 89' lang='lat' dir='ltr'>ceditur</span> <span class='ocrx_word' id='word_1_689' title='bbox 1606 1324 1644 1360; x_wconf 91' lang='lat' dir='ltr'>in</span> <span class='ocrx_word' id='word_1_690' title='bbox 1676 1324 1930 1362; x_wconf 91' lang='lat' dir='ltr'>instrumentis</span> <span class='ocrx_word' id='word_1_691' title='bbox 1963 1325 2091 1372; x_wconf 87' lang='lat' dir='ltr'>motis,</span> <span class='ocrx_word' id='word_1_692' title='bbox 2126 1325 2175 1362; x_wconf 90' lang='lat' dir='ltr'>ita</span> <span class='ocrx_word' id='word_1_693' title='bbox 2200 1326 2426 1374; x_wconf 88' lang='lat' dir='ltr'>procedatur</span> <span class='ocrx_word' id='word_1_694' title='bbox 2456 1326 2495 1362; x_wconf 93' lang='lat' dir='ltr'>in</span> 
     </span>
     <span class='ocr_line' id='line_1_100' title="bbox 1437 1376 2496 1426; baseline 0.002 -14"><span class='ocrx_word' id='word_1_695' title='bbox 1437 1376 1680 1413; x_wconf 86' lang='lat' dir='ltr'>moventibus</span> <span class='ocrx_word' id='word_1_696' title='bbox 1709 1389 1806 1426; x_wconf 90' lang='lat' dir='ltr'>quae</span> <span class='ocrx_word' id='word_1_697' title='bbox 1841 1385 1999 1415; x_wconf 87' lang='lat' dir='ltr'>movent</span> <span class='ocrx_word' id='word_1_698' title='bbox 2031 1378 2289 1415; x_wconf 88' lang='lat' dir='ltr'>instrumenta.</span> <span class='ocrx_word' id='word_1_699' title='bbox 2320 1379 2412 1414; x_wconf 92' lang='lat' dir='ltr'>Non</span> <span class='ocrx_word' id='word_1_700' title='bbox 2440 1385 2496 1414; x_wconf 90' lang='lat' dir='ltr'>est</span> 
     </span>
     <span class='ocr_line' id='line_1_101' title="bbox 1437 1429 2496 1481; baseline 0.003 -17"><span class='ocrx_word' id='word_1_701' title='bbox 1437 1435 1564 1465; x_wconf 88' lang='lat' dir='ltr'>autem</span> <span class='ocrx_word' id='word_1_702' title='bbox 1592 1429 1799 1481; x_wconf 71' lang='lat' dir='ltr'>procedere</span> <span class='ocrx_word' id='word_1_703' title='bbox 1827 1430 1866 1466; x_wconf 93' lang='lat' dir='ltr'>in</span> <span class='ocrx_word' id='word_1_704' title='bbox 1895 1430 2082 1467; x_wconf 87' lang='lat' dir='ltr'>infinitum</span> <span class='ocrx_word' id='word_1_705' title='bbox 2111 1430 2149 1468; x_wconf 91' lang='lat' dir='ltr'>in</span> <span class='ocrx_word' id='word_1_706' title='bbox 2176 1431 2429 1477; x_wconf 90' lang='lat' dir='ltr'>moventibus,</span> <span class='ocrx_word' id='word_1_707' title='bbox 2454 1438 2496 1467; x_wconf 90' lang='lat' dir='ltr'>ut</span> 
     </span>
     <span class='ocr_line' id='line_1_102' title="bbox 1438 1483 2493 1531; baseline 0.003 -14"><span class='ocrx_word' id='word_1_708' title='bbox 1438 1493 1551 1529; x_wconf 86' lang='lat' dir='ltr'>supra</span> <span class='ocrx_word' id='word_1_709' title='bbox 1567 1483 1586 1502; x_wconf 63' lang='lat' dir='ltr'>ss</span> <span class='ocrx_word' id='word_1_710' title='bbox 1602 1490 1796 1518; x_wconf 88' lang='lat' dir='ltr'>ostensum</span> <span class='ocrx_word' id='word_1_711' title='bbox 1817 1490 1887 1527; x_wconf 81' lang='lat' dir='ltr'>est3</span> <span class='ocrx_word' id='word_1_712' title='bbox 1909 1495 1997 1530; x_wconf 88' lang='lat' dir='ltr'>ergo</span> <span class='ocrx_word' id='word_1_713' title='bbox 2018 1495 2142 1531; x_wconf 91' lang='lat' dir='ltr'>neque</span> <span class='ocrx_word' id='word_1_714' title='bbox 2168 1483 2206 1520; x_wconf 93' lang='lat' dir='ltr'>in</span> <span class='ocrx_word' id='word_1_715' title='bbox 2225 1483 2493 1520; x_wconf 83' lang='lat' dir='ltr'>instrumentis.</span> 
     </span>
     <span class='ocr_line' id='line_1_103' title="bbox 1440 1534 2494 1583; baseline 0.002 -13"><span class='ocrx_word' id='word_1_716' title='bbox 1440 1534 1538 1570; x_wconf 92' lang='lat' dir='ltr'>Cum</span> <span class='ocrx_word' id='word_1_717' title='bbox 1567 1545 1655 1581; x_wconf 88' lang='lat' dir='ltr'>ergo</span> <span class='ocrx_word' id='word_1_718' title='bbox 1685 1546 1836 1583; x_wconf 89' lang='lat' dir='ltr'>semper</span> <span class='ocrx_word' id='word_1_719' title='bbox 1867 1536 2026 1572; x_wconf 87' lang='lat' dir='ltr'>alterurn</span> <span class='ocrx_word' id='word_1_720' title='bbox 2055 1536 2159 1583; x_wconf 93' lang='lat' dir='ltr'>quod</span> <span class='ocrx_word' id='word_1_721' title='bbox 2187 1543 2383 1582; x_wconf 85' lang='lat' dir='ltr'>movetur,</span> <span class='ocrx_word' id='word_1_722' title='bbox 2412 1548 2494 1572; x_wconf 91' lang='lat' dir='ltr'>mo-</span> 
     </span>
    </p>
   </div>
   <div class='ocr_carea' id='block_1_17' title="bbox 1437 1586 2531 1637">
    <p class='ocr_par' dir='ltr' id='par_1_20' title="bbox 1437 1586 2531 1637">
     <span class='ocr_line' id='line_1_104' title="bbox 1437 1586 2531 1637; baseline 0.002 -15"><span class='ocrx_word' id='word_1_723' title='bbox 1437 1594 1571 1623; x_wconf 89' lang='lat' dir='ltr'>veatur</span> <span class='ocrx_word' id='word_1_724' title='bbox 1585 1587 1603 1607; x_wconf 84' lang='grc'><strong>*</strong></span> <span class='ocrx_word' id='word_1_725' title='bbox 1623 1586 1695 1623; x_wconf 84' lang='grc'><strong>3110</strong></span> <span class='ocrx_word' id='word_1_726' title='bbox 1724 1595 1918 1634; x_wconf 88' lang='lat' dir='ltr'>movente,</span> <span class='ocrx_word' id='word_1_727' title='bbox 1940 1595 1976 1624; x_wconf 92' lang='lat' dir='ltr'>et</span> <span class='ocrx_word' id='word_1_728' title='bbox 1994 1600 2072 1624; x_wconf 93' lang='lat' dir='ltr'>non</span> <span class='ocrx_word' id='word_1_729' title='bbox 2091 1588 2138 1624; x_wconf 91' lang='lat' dir='ltr'>sit</span> <span class='ocrx_word' id='word_1_730' title='bbox 2155 1588 2363 1637; x_wconf 90' lang='lat' dir='ltr'>procedere</span> <span class='ocrx_word' id='word_1_731' title='bbox 2382 1588 2421 1624; x_wconf 92' lang='lat' dir='ltr'>in</span> <span class='ocrx_word' id='word_1_732' title='bbox 2441 1588 2494 1624; x_wconf 92' lang='lat' dir='ltr'>in·</span> <span class='ocrx_word' id='word_1_733' title='bbox 2522 1599 2531 1608; x_wconf 87' lang='lat'><strong>·</strong></span> 
     </span>
    </p>
   </div>
   <div class='ocr_carea' id='block_1_18' title="bbox 1437 1638 2497 2054">
    <p class='ocr_par' dir='ltr' id='par_1_21' title="bbox 1437 1638 2497 2054">
     <span class='ocr_line' id='line_1_105' title="bbox 1438 1638 2494 1689; baseline 0.002 -14"><span class='ocrx_word' id='word_1_734' title='bbox 1438 1638 1606 1685; x_wconf 75' lang='lat' dir='ltr'>finitum,</span> <span class='ocrx_word' id='word_1_735' title='bbox 1630 1651 1784 1676; x_wconf 90' lang='lat' dir='ltr'>necesse</span> <span class='ocrx_word' id='word_1_736' title='bbox 1806 1647 1860 1676; x_wconf 92' lang='lat' dir='ltr'>est</span> <span class='ocrx_word' id='word_1_737' title='bbox 1879 1652 1960 1676; x_wconf 90' lang='lat' dir='ltr'>esse</span> <span class='ocrx_word' id='word_1_738' title='bbox 1980 1640 2134 1688; x_wconf 91' lang='lat' dir='ltr'>aliquod</span> <span class='ocrx_word' id='word_1_739' title='bbox 2151 1641 2316 1689; x_wconf 89' lang='lat' dir='ltr'>primurn</span> <span class='ocrx_word' id='word_1_740' title='bbox 2332 1653 2494 1677; x_wconf 89' lang='lat' dir='ltr'>movens</span> 
     </span>
     <span class='ocr_line' id='line_1_106' title="bbox 1439 1691 2495 1741; baseline 0.003 -14"><span class='ocrx_word' id='word_1_741' title='bbox 1439 1691 1543 1738; x_wconf 92' lang='lat' dir='ltr'>quod</span> <span class='ocrx_word' id='word_1_742' title='bbox 1571 1699 1726 1728; x_wconf 86' lang='lat' dir='ltr'>moveat</span> <span class='ocrx_word' id='word_1_743' title='bbox 1761 1704 1830 1740; x_wconf 91' lang='lat' dir='ltr'>per</span> <span class='ocrx_word' id='word_1_744' title='bbox 1858 1692 2045 1741; x_wconf 84' lang='lat' dir='ltr'>seipsum,</span> <span class='ocrx_word' id='word_1_745' title='bbox 2077 1700 2113 1729; x_wconf 91' lang='lat' dir='ltr'>et</span> <span class='ocrx_word' id='word_1_746' title='bbox 2140 1705 2218 1730; x_wconf 89' lang='lat' dir='ltr'>non</span> <span class='ocrx_word' id='word_1_747' title='bbox 2245 1705 2313 1741; x_wconf 91' lang='lat' dir='ltr'>per</span> <span class='ocrx_word' id='word_1_748' title='bbox 2341 1692 2495 1740; x_wconf 89' lang='lat' dir='ltr'>aliquod</span> 
     </span>
     <span class='ocr_line' id='line_1_107' title="bbox 1438 1743 2495 1794; baseline 0.003 -15"><span class='ocrx_word' id='word_1_749' title='bbox 1438 1743 1738 1780; x_wconf 90' lang='lat' dir='ltr'>instrumentum.</span> <span class='ocrx_word' id='word_1_750' title='bbox 1770 1745 1809 1780; x_wconf 89' lang='lat' dir='ltr'>Si</span> <span class='ocrx_word' id='word_1_751' title='bbox 1839 1756 1925 1792; x_wconf 87' lang='lat' dir='ltr'>ergo</span> <span class='ocrx_word' id='word_1_752' title='bbox 1955 1745 2062 1781; x_wconf 87' lang='lat' dir='ltr'>detur</span> <span class='ocrx_word' id='word_1_753' title='bbox 2089 1746 2194 1793; x_wconf 91' lang='lat' dir='ltr'>quod</span> <span class='ocrx_word' id='word_1_754' title='bbox 2221 1746 2295 1782; x_wconf 91' lang='lat' dir='ltr'>hoc</span> <span class='ocrx_word' id='word_1_755' title='bbox 2328 1745 2495 1794; x_wconf 88' lang='lat' dir='ltr'>primum</span> 
     </span>
     <span class='ocr_line' id='line_1_108' title="bbox 1438 1796 2496 1845; baseline 0.003 -14"><span class='ocrx_word' id='word_1_756' title='bbox 1438 1796 1543 1842; x_wconf 90' lang='lat' dir='ltr'>quod</span> <span class='ocrx_word' id='word_1_757' title='bbox 1571 1803 1701 1832; x_wconf 89' lang='lat' dir='ltr'>movet</span> <span class='ocrx_word' id='word_1_758' title='bbox 1728 1808 1796 1844; x_wconf 92' lang='lat' dir='ltr'>per</span> <span class='ocrx_word' id='word_1_759' title='bbox 1824 1797 2002 1845; x_wconf 90' lang='lat' dir='ltr'>seipsum,</span> <span class='ocrx_word' id='word_1_760' title='bbox 2023 1805 2201 1834; x_wconf 86' lang='lat' dir='ltr'>movetur</span> <span class='ocrx_word' id='word_1_761' title='bbox 2227 1798 2398 1845; x_wconf 90' lang='lat' dir='ltr'>quidem,</span> <span class='ocrx_word' id='word_1_762' title='bbox 2430 1798 2496 1834; x_wconf 91' lang='lat' dir='ltr'>sed</span> 
     </span>
     <span class='ocr_line' id='line_1_109' title="bbox 1438 1848 2496 1898; baseline 0.003 -15"><span class='ocrx_word' id='word_1_763' title='bbox 1438 1859 1517 1884; x_wconf 92' lang='lat' dir='ltr'>non</span> <span class='ocrx_word' id='word_1_764' title='bbox 1546 1855 1601 1884; x_wconf 92' lang='lat' dir='ltr'>est</span> <span class='ocrx_word' id='word_1_765' title='bbox 1629 1848 1767 1896; x_wconf 90' lang='lat' dir='ltr'>aliquid</span> <span class='ocrx_word' id='word_1_766' title='bbox 1797 1849 1895 1886; x_wconf 89' lang='lat' dir='ltr'>aliud</span> <span class='ocrx_word' id='word_1_767' title='bbox 1924 1861 2085 1886; x_wconf 87' lang='lat' dir='ltr'>movens</span> <span class='ocrx_word' id='word_1_768' title='bbox 2105 1850 2230 1898; x_wconf 90' lang='lat' dir='ltr'>ipsum</span> <span class='ocrx_word' id='word_1_769' title='bbox 2251 1850 2359 1898; x_wconf 87' lang='lat' dir='ltr'>(quia</span> <span class='ocrx_word' id='word_1_770' title='bbox 2388 1850 2440 1886; x_wconf 93' lang='lat' dir='ltr'>sic</span> <span class='ocrx_word' id='word_1_771' title='bbox 2460 1858 2496 1886; x_wconf 89' lang='lat' dir='ltr'>et</span> 
     </span>
     <span class='ocr_line' id='line_1_110' title="bbox 1437 1900 2496 1950; baseline 0.002 -14"><span class='ocrx_word' id='word_1_772' title='bbox 1437 1900 1562 1949; x_wconf 90' lang='lat' dir='ltr'>ipsum</span> <span class='ocrx_word' id='word_1_773' title='bbox 1590 1908 1687 1937; x_wconf 90' lang='lat' dir='ltr'>esset</span> <span class='ocrx_word' id='word_1_774' title='bbox 1714 1901 2036 1948; x_wconf 86' lang='lat' dir='ltr'>instrumentum);</span> <span class='ocrx_word' id='word_1_775' title='bbox 2067 1903 2235 1950; x_wconf 90' lang='lat' dir='ltr'>sequitur</span> <span class='ocrx_word' id='word_1_776' title='bbox 2263 1915 2307 1939; x_wconf 88' lang='lat' dir='ltr'>ex</span> <span class='ocrx_word' id='word_1_777' title='bbox 2336 1902 2496 1939; x_wconf 90' lang='lat' dir='ltr'>necessi-</span> 
     </span>
     <span class='ocr_line' id='line_1_111' title="bbox 1437 1953 2496 2003; baseline 0.003 -14"><span class='ocrx_word' id='word_1_778' title='bbox 1437 1960 1510 1989; x_wconf 91' lang='lat' dir='ltr'>tate</span> <span class='ocrx_word' id='word_1_779' title='bbox 1540 1953 1643 2000; x_wconf 90' lang='lat' dir='ltr'>quod</span> <span class='ocrx_word' id='word_1_780' title='bbox 1672 1953 1796 2001; x_wconf 90' lang='lat' dir='ltr'>ipsum</span> <span class='ocrx_word' id='word_1_781' title='bbox 1817 1954 1982 2003; x_wconf 90' lang='lat' dir='ltr'>seipsum</span> <span class='ocrx_word' id='word_1_782' title='bbox 2011 1962 2183 1992; x_wconf 90' lang='lat' dir='ltr'>moveat:</span> <span class='ocrx_word' id='word_1_783' title='bbox 2210 1956 2418 2003; x_wconf 86' lang='lat' dir='ltr'>supposito,</span> <span class='ocrx_word' id='word_1_784' title='bbox 2440 1967 2496 1992; x_wconf 89' lang='lat' dir='ltr'>se-</span> 
     </span>
     <span class='ocr_line' id='line_1_112' title="bbox 1439 2005 2497 2054; baseline 0.003 -13"><span class='ocrx_word' id='word_1_785' title='bbox 1439 2005 1606 2042; x_wconf 92' lang='lat' dir='ltr'>cundum</span> <span class='ocrx_word' id='word_1_786' title='bbox 1635 2006 1868 2053; x_wconf 89' lang='lat' dir='ltr'>Platonicos,</span> <span class='ocrx_word' id='word_1_787' title='bbox 1898 2007 2004 2054; x_wconf 92' lang='lat' dir='ltr'>quod</span> <span class='ocrx_word' id='word_1_788' title='bbox 2032 2019 2145 2044; x_wconf 92' lang='lat' dir='ltr'>omne</span> <span class='ocrx_word' id='word_1_789' title='bbox 2173 2019 2334 2044; x_wconf 91' lang='lat' dir='ltr'>movens</span> <span class='ocrx_word' id='word_1_790' title='bbox 2366 2019 2497 2044; x_wconf 90' lang='lat' dir='ltr'>move-</span> 
     </span>
    </p>
   </div>
   <div class='ocr_carea' id='block_1_19' title="bbox 1438 2058 2533 2108">
    <p class='ocr_par' dir='ltr' id='par_1_22' title="bbox 1438 2058 2533 2108">
     <span class='ocr_line' id='line_1_113' title="bbox 1438 2058 2533 2108; baseline 0.002 -14"><span class='ocrx_word' id='word_1_791' title='bbox 1438 2066 1497 2094; x_wconf 93' lang='lat' dir='ltr'>tur</span> <span class='ocrx_word' id='word_1_792' title='bbox 1513 2059 1543 2094; x_wconf 64' lang='lat'>²⁸.</span> <span class='ocrx_word' id='word_1_793' title='bbox 1561 2058 1671 2095; x_wconf 92' lang='lat' dir='ltr'>Unde</span> <span class='ocrx_word' id='word_1_794' title='bbox 1687 2066 1723 2095; x_wconf 94' lang='lat' dir='ltr'>et</span> <span class='ocrx_word' id='word_1_795' title='bbox 1741 2059 1952 2095; x_wconf 89' lang='lat' dir='ltr'>secundum</span> <span class='ocrx_word' id='word_1_796' title='bbox 1967 2059 2076 2096; x_wconf 87' lang='lat' dir='ltr'>istam</span> <span class='ocrx_word' id='word_1_797' title='bbox 2091 2060 2274 2096; x_wconf 90' lang='lat' dir='ltr'>rationem</span> <span class='ocrx_word' id='word_1_798' title='bbox 2289 2060 2379 2097; x_wconf 92' lang='lat' dir='ltr'>illud</span> <span class='ocrx_word' id='word_1_799' title='bbox 2393 2060 2498 2108; x_wconf 93' lang='lat' dir='ltr'>quod</span> <span class='ocrx_word' id='word_1_800' title='bbox 2525 2068 2533 2077; x_wconf 88' lang='lat'><em>·</em></span> 
     </span>
    </p>
   </div>
   <div class='ocr_carea' id='block_1_20' title="bbox 1439 2111 2498 2839">
    <p class='ocr_par' dir='ltr' id='par_1_23' title="bbox 1439 2111 2497 2265">
     <span class='ocr_line' id='line_1_114' title="bbox 1439 2111 2497 2160; baseline 0.003 -14"><span class='ocrx_word' id='word_1_801' title='bbox 1439 2118 1625 2156; x_wconf 90' lang='lat' dir='ltr'>movetur,</span> <span class='ocrx_word' id='word_1_802' title='bbox 1656 2118 1718 2147; x_wconf 90' lang='lat' dir='ltr'>aut</span> <span class='ocrx_word' id='word_1_803' title='bbox 1746 2111 1869 2148; x_wconf 88' lang='lat' dir='ltr'>statim</span> <span class='ocrx_word' id='word_1_804' title='bbox 1897 2112 2114 2148; x_wconf 90' lang='lat' dir='ltr'>movebitur</span> <span class='ocrx_word' id='word_1_805' title='bbox 2139 2125 2160 2148; x_wconf 90' lang='lat' dir='ltr'>a</span> <span class='ocrx_word' id='word_1_806' title='bbox 2179 2120 2359 2149; x_wconf 88' lang='lat' dir='ltr'>movente</span> <span class='ocrx_word' id='word_1_807' title='bbox 2394 2113 2497 2160; x_wconf 91' lang='lat' dir='ltr'>quod</span> 
     </span>
     <span class='ocr_line' id='line_1_115' title="bbox 1439 2162 2497 2211; baseline 0.004 -13"><span class='ocrx_word' id='word_1_808' title='bbox 1439 2170 1571 2199; x_wconf 86' lang='lat' dir='ltr'>movet</span> <span class='ocrx_word' id='word_1_809' title='bbox 1599 2162 1787 2210; x_wconf 88' lang='lat' dir='ltr'>seipsum,</span> <span class='ocrx_word' id='word_1_810' title='bbox 1826 2171 1890 2200; x_wconf 89' lang='lat' dir='ltr'>aut</span> <span class='ocrx_word' id='word_1_811' title='bbox 1917 2164 2121 2211; x_wconf 91' lang='lat' dir='ltr'>aliquando</span> <span class='ocrx_word' id='word_1_812' title='bbox 2156 2165 2224 2202; x_wconf 90' lang='lat' dir='ltr'>erit</span> <span class='ocrx_word' id='word_1_813' title='bbox 2252 2165 2431 2202; x_wconf 88' lang='lat' dir='ltr'>devenire</span> <span class='ocrx_word' id='word_1_814' title='bbox 2459 2165 2497 2202; x_wconf 94' lang='lat' dir='ltr'>in</span> 
     </span>
     <span class='ocr_line' id='line_1_116' title="bbox 1441 2214 2427 2265; baseline 0.004 -15"><span class='ocrx_word' id='word_1_815' title='bbox 1441 2214 1594 2262; x_wconf 91' lang='lat' dir='ltr'>aliquod</span> <span class='ocrx_word' id='word_1_816' title='bbox 1622 2216 1693 2251; x_wconf 86' lang='lat' dir='ltr'>tale</span> <span class='ocrx_word' id='word_1_817' title='bbox 1722 2227 1884 2252; x_wconf 90' lang='lat' dir='ltr'>movens</span> <span class='ocrx_word' id='word_1_818' title='bbox 1913 2217 2019 2263; x_wconf 92' lang='lat' dir='ltr'>quod</span> <span class='ocrx_word' id='word_1_819' title='bbox 2047 2217 2213 2265; x_wconf 91' lang='lat' dir='ltr'>seipsum</span> <span class='ocrx_word' id='word_1_820' title='bbox 2242 2225 2427 2254; x_wconf 69' lang='lat' dir='ltr'>moveat.⁴</span> 
     </span>
    </p>

    <p class='ocr_par' dir='ltr' id='par_1_24' title="bbox 1441 2267 2498 2839">
     <span class='ocr_line' id='line_1_117' title="bbox 1494 2267 2497 2317; baseline 0.003 -14"><span class='ocrx_word' id='word_1_821' title='bbox 1494 2268 1529 2303; x_wconf 88' lang='grc'>6.</span> <span class='ocrx_word' id='word_1_822' title='bbox 1568 2267 1716 2304; x_wconf 90' lang='lat' dir='ltr'>Deinde</span> <span class='ocrx_word' id='word_1_823' title='bbox 1755 2280 1843 2304; x_wconf 92' lang='lat' dir='ltr'>cum</span> <span class='ocrx_word' id='word_1_824' title='bbox 1881 2268 1986 2305; x_wconf 88' lang='lat' dir='ltr'>dicit:</span> <span class='ocrx_word' id='word_1_825' title='bbox 2025 2270 2088 2305; x_wconf 86' lang='lat' dir='ltr'>Ad</span> <span class='ocrx_word' id='word_1_826' title='bbox 2123 2270 2219 2306; x_wconf 86' lang='lat' dir='ltr'>dicta</span> <span class='ocrx_word' id='word_1_827' title='bbox 2253 2275 2376 2306; x_wconf 85' lang='lat' dir='ltr'>autem</span> <span class='ocrx_word' id='word_1_828' title='bbox 2411 2278 2497 2317; x_wconf 73' lang='lat' dir='ltr'>etc,</span> 
     </span>
     <span class='ocr_line' id='line_1_118' title="bbox 1441 2319 2498 2368; baseline 0.003 -13"><span class='ocrx_word' id='word_1_829' title='bbox 1441 2319 1603 2356; x_wconf 90' lang='lat' dir='ltr'>ostendit</span> <span class='ocrx_word' id='word_1_830' title='bbox 1630 2320 1735 2367; x_wconf 92' lang='lat' dir='ltr'>quod</span> <span class='ocrx_word' id='word_1_831' title='bbox 1763 2332 1841 2356; x_wconf 91' lang='lat' dir='ltr'>non</span> <span class='ocrx_word' id='word_1_832' title='bbox 1870 2333 1984 2357; x_wconf 87' lang='lat' dir='ltr'>omne</span> <span class='ocrx_word' id='word_1_833' title='bbox 2013 2333 2175 2358; x_wconf 87' lang='lat' dir='ltr'>movens</span> <span class='ocrx_word' id='word_1_834' title='bbox 2194 2330 2381 2368; x_wconf 89' lang='lat' dir='ltr'>movetur,</span> <span class='ocrx_word' id='word_1_835' title='bbox 2402 2330 2442 2358; x_wconf 90' lang='lat' dir='ltr'>ut</span> <span class='ocrx_word' id='word_1_836' title='bbox 2460 2322 2498 2359; x_wconf 91' lang='lat' dir='ltr'>in</span> 
     </span>
     <span class='ocr_line' id='line_1_119' title="bbox 1441 2372 2498 2422; baseline 0.003 -14"><span class='ocrx_word' id='word_1_837' title='bbox 1441 2372 1628 2420; x_wconf 92' lang='lat' dir='ltr'>prioribus</span> <span class='ocrx_word' id='word_1_838' title='bbox 1657 2372 1864 2409; x_wconf 91' lang='lat' dir='ltr'>rationibus</span> <span class='ocrx_word' id='word_1_839' title='bbox 1892 2374 2187 2422; x_wconf 87' lang='lat' dir='ltr'>supponebatur.</span> <span class='ocrx_word' id='word_1_840' title='bbox 2218 2375 2267 2411; x_wconf 92' lang='lat' dir='ltr'>Et</span> <span class='ocrx_word' id='word_1_841' title='bbox 2295 2375 2392 2411; x_wconf 91' lang='lat' dir='ltr'>circa</span> <span class='ocrx_word' id='word_1_842' title='bbox 2424 2376 2498 2411; x_wconf 89' lang='lat' dir='ltr'>hoc</span> 
     </span>
     <span class='ocr_line' id='line_1_120' title="bbox 1442 2424 2498 2474; baseline 0.003 -13"><span class='ocrx_word' id='word_1_843' title='bbox 1442 2424 1517 2461; x_wconf 87' lang='lat' dir='ltr'>duo</span> <span class='ocrx_word' id='word_1_844' title='bbox 1547 2424 1648 2461; x_wconf 85' lang='lat' dir='ltr'>facit:</span> <span class='ocrx_word' id='word_1_845' title='bbox 1678 2425 1801 2473; x_wconf 90' lang='lat' dir='ltr'>primo</span> <span class='ocrx_word' id='word_1_846' title='bbox 1825 2426 1962 2474; x_wconf 90' lang='lat' dir='ltr'>probat</span> <span class='ocrx_word' id='word_1_847' title='bbox 1981 2426 2086 2474; x_wconf 92' lang='lat' dir='ltr'>quod</span> <span class='ocrx_word' id='word_1_848' title='bbox 2105 2439 2184 2463; x_wconf 91' lang='lat' dir='ltr'>non</span> <span class='ocrx_word' id='word_1_849' title='bbox 2203 2439 2316 2463; x_wconf 91' lang='lat' dir='ltr'>omne</span> <span class='ocrx_word' id='word_1_850' title='bbox 2336 2439 2498 2464; x_wconf 90' lang='lat' dir='ltr'>movens</span> 
     </span>
     <span class='ocr_line' id='line_1_121' title="bbox 1442 2478 2498 2527; baseline 0.003 -14"><span class='ocrx_word' id='word_1_851' title='bbox 1442 2484 1635 2522; x_wconf 87' lang='lat' dir='ltr'>movetur;</span> <span class='ocrx_word' id='word_1_852' title='bbox 1665 2478 1833 2514; x_wconf 91' lang='lat' dir='ltr'>secundo</span> <span class='ocrx_word' id='word_1_853' title='bbox 1862 2485 1938 2514; x_wconf 91' lang='lat' dir='ltr'>tam</span> <span class='ocrx_word' id='word_1_854' title='bbox 1963 2490 2007 2514; x_wconf 87' lang='lat' dir='ltr'>ex</span> <span class='ocrx_word' id='word_1_855' title='bbox 2027 2479 2101 2514; x_wconf 94' lang='lat' dir='ltr'>hoc</span> <span class='ocrx_word' id='word_1_856' title='bbox 2120 2491 2236 2526; x_wconf 91' lang='lat' dir='ltr'>quam</span> <span class='ocrx_word' id='word_1_857' title='bbox 2266 2491 2310 2515; x_wconf 84' lang='lat' dir='ltr'>ex</span> <span class='ocrx_word' id='word_1_858' title='bbox 2330 2480 2498 2527; x_wconf 91' lang='lat' dir='ltr'>superio-</span> 
     </span>
     <span class='ocr_line' id='line_1_122' title="bbox 1441 2529 2494 2580; baseline 0.003 -15"><span class='ocrx_word' id='word_1_859' title='bbox 1441 2529 1543 2566; x_wconf 89' lang='lat' dir='ltr'>ribus</span> <span class='ocrx_word' id='word_1_860' title='bbox 1572 2529 1776 2566; x_wconf 86' lang='lat' dir='ltr'>rationibus</span> <span class='ocrx_word' id='word_1_861' title='bbox 1805 2530 1994 2567; x_wconf 91' lang='lat' dir='ltr'>concludit</span> <span class='ocrx_word' id='word_1_862' title='bbox 2017 2531 2220 2580; x_wconf 91' lang='lat' dir='ltr'>principale</span> <span class='ocrx_word' id='word_1_863' title='bbox 2244 2532 2494 2580; x_wconf 90' lang='lat' dir='ltr'>propositum,</span> 
     </span>
     <span class='ocr_line' id='line_1_123' title="bbox 1443 2581 2498 2631; baseline 0.002 -13"><span class='ocrx_word' id='word_1_864' title='bbox 1443 2581 1512 2618; x_wconf 91' lang='lat' dir='ltr'>ibi:</span> <span class='ocrx_word' id='word_1_865' title='bbox 1542 2583 1632 2619; x_wconf 89' lang='lat' dir='ltr'>Non</span> <span class='ocrx_word' id='word_1_866' title='bbox 1653 2594 1745 2631; x_wconf 79' lang='lat' dir='ltr'>ergo</span> <span class='ocrx_word' id='word_1_867' title='bbox 1766 2594 1911 2619; x_wconf 85' lang='lat' dir='ltr'>necesse</span> <span class='ocrx_word' id='word_1_868' title='bbox 1937 2595 2083 2631; x_wconf 83' lang='lat' dir='ltr'>semper</span> <span class='ocrx_word' id='word_1_869' title='bbox 2101 2584 2246 2620; x_wconf 78' lang='lat' dir='ltr'>moveri</span> <span class='ocrx_word' id='word_1_870' title='bbox 2265 2585 2284 2605; x_wconf 79' lang='lat'>*</span> <span class='ocrx_word' id='word_1_871' title='bbox 2306 2591 2373 2620; x_wconf 89' lang='lat' dir='ltr'>etc.</span> <span class='ocrx_word' id='word_1_872' title='bbox 2399 2584 2498 2621; x_wconf 92' lang='lat' dir='ltr'>Dicit</span> 
     </span>
     <span class='ocr_line' id='line_1_124' title="bbox 1442 2635 2496 2684; baseline 0.003 -14"><span class='ocrx_word' id='word_1_873' title='bbox 1442 2647 1531 2681; x_wconf 86' lang='lat' dir='ltr'>ergo</span> <span class='ocrx_word' id='word_1_874' title='bbox 1551 2635 1694 2683; x_wconf 88' lang='lat' dir='ltr'>primo,</span> <span class='ocrx_word' id='word_1_875' title='bbox 1724 2635 1829 2682; x_wconf 92' lang='lat' dir='ltr'>quod</span> <span class='ocrx_word' id='word_1_876' title='bbox 1849 2647 1961 2683; x_wconf 88' lang='lat' dir='ltr'>supra</span> <span class='ocrx_word' id='word_1_877' title='bbox 1987 2636 2178 2684; x_wconf 90' lang='lat' dir='ltr'>praedicta</span> <span class='ocrx_word' id='word_1_878' title='bbox 2201 2643 2368 2684; x_wconf 56' lang='lat' dir='ltr'>possunt*</span> <span class='ocrx_word' id='word_1_879' title='bbox 2384 2636 2496 2673; x_wconf 89' lang='lat' dir='ltr'>etiam</span> 
     </span>
     <span class='ocr_line' id='line_1_125' title="bbox 1442 2687 2496 2737; baseline 0.002 -14"><span class='ocrx_word' id='word_1_880' title='bbox 1442 2687 1530 2724; x_wconf 89' lang='lat' dir='ltr'>addi</span> <span class='ocrx_word' id='word_1_881' title='bbox 1567 2688 1661 2723; x_wconf 90' lang='lat' dir='ltr'>haec</span> <span class='ocrx_word' id='word_1_882' title='bbox 1688 2692 1701 2710; x_wconf 77' lang='lat'>&#39;¹</span> <span class='ocrx_word' id='word_1_883' title='bbox 1730 2687 1777 2724; x_wconf 91' lang='lat' dir='ltr'>ad</span> <span class='ocrx_word' id='word_1_884' title='bbox 1815 2696 1984 2724; x_wconf 89' lang='lat' dir='ltr'>nostrum</span> <span class='ocrx_word' id='word_1_885' title='bbox 2021 2689 2258 2737; x_wconf 90' lang='lat' dir='ltr'>propositum</span> <span class='ocrx_word' id='word_1_886' title='bbox 2297 2690 2496 2726; x_wconf 90' lang='lat' dir='ltr'>ostenden-</span> 
     </span>
     <span class='ocr_line' id='line_1_126' title="bbox 1443 2740 2497 2790; baseline 0.003 -15"><span class='ocrx_word' id='word_1_887' title='bbox 1443 2740 1547 2776; x_wconf 92' lang='lat' dir='ltr'>dum.</span> <span class='ocrx_word' id='word_1_888' title='bbox 1582 2740 1630 2776; x_wconf 91' lang='lat' dir='ltr'>Et</span> <span class='ocrx_word' id='word_1_889' title='bbox 1663 2740 1760 2776; x_wconf 87' lang='lat' dir='ltr'>circa</span> <span class='ocrx_word' id='word_1_890' title='bbox 1793 2741 1867 2776; x_wconf 91' lang='lat' dir='ltr'>hoc</span> <span class='ocrx_word' id='word_1_891' title='bbox 1898 2741 1967 2777; x_wconf 91' lang='lat' dir='ltr'>tria</span> <span class='ocrx_word' id='word_1_892' title='bbox 2001 2741 2106 2777; x_wconf 87' lang='lat' dir='ltr'>facit:</span> <span class='ocrx_word' id='word_1_893' title='bbox 2140 2741 2263 2790; x_wconf 91' lang='lat' dir='ltr'>primo</span> <span class='ocrx_word' id='word_1_894' title='bbox 2297 2742 2497 2790; x_wconf 89' lang='lat' dir='ltr'>praemittit</span> 
     </span>
     <span class='ocr_line' id='line_1_127' title="bbox 1442 2792 2495 2839; baseline 0.003 -11"><span class='ocrx_word' id='word_1_895' title='bbox 1442 2792 1635 2839; x_wconf 88' lang='lat' dir='ltr'>quandam</span> <span class='ocrx_word' id='word_1_896' title='bbox 1678 2792 1927 2838; x_wconf 87' lang='lat' dir='ltr'>divisionem;</span> <span class='ocrx_word' id='word_1_897' title='bbox 1971 2794 2138 2831; x_wconf 91' lang='lat' dir='ltr'>secundo</span> <span class='ocrx_word' id='word_1_898' title='bbox 2185 2794 2339 2830; x_wconf 87' lang='lat' dir='ltr'>destruit</span> <span class='ocrx_word' id='word_1_899' title='bbox 2378 2807 2495 2831; x_wconf 90' lang='lat' dir='ltr'>unam</span> 
     </span>
    </p>
   </div>
   <div class='ocr_carea' id='block_1_21' title="bbox 1439 2844 2532 2895">
    <p class='ocr_par' dir='ltr' id='par_1_25' title="bbox 1439 2844 2532 2895">
     <span class='ocr_line' id='line_1_128' title="bbox 1439 2844 2532 2895; baseline 0.004 -15"><span class='ocrx_word' id='word_1_900' title='bbox 1439 2851 1602 2893; x_wconf 90' lang='lat' dir='ltr'>partem,</span> <span class='ocrx_word' id='word_1_901' title='bbox 1633 2844 1703 2883; x_wconf 71' lang='lat' dir='ltr'>ibi:</span> <span class='ocrx_word' id='word_1_902' title='bbox 1732 2846 1901 2882; x_wconf 80' lang='lat' dir='ltr'>Primum</span> <span class='ocrx_word' id='word_1_903' title='bbox 1931 2846 2077 2893; x_wconf 85' lang='lat' dir='ltr'>quidem</span> <span class='ocrx_word' id='word_1_904' title='bbox 2098 2846 2213 2895; x_wconf 81' lang='lat' dir='ltr'>igitur</span> <span class='ocrx_word' id='word_1_905' title='bbox 2233 2847 2358 2892; x_wconf 51' lang='lat' dir='ltr'>⁹“‘etc.;</span> <span class='ocrx_word' id='word_1_906' title='bbox 2387 2847 2494 2884; x_wconf 91' lang='lat' dir='ltr'>tertio</span> <span class='ocrx_word' id='word_1_907' title='bbox 2524 2861 2532 2869; x_wconf 93' lang='lat'>·</span> 
     </span>
    </p>
   </div>
   <div class='ocr_carea' id='block_1_22' title="bbox 1441 2897 2495 2945">
    <p class='ocr_par' dir='ltr' id='par_1_26' title="bbox 1441 2897 2495 2945">
     <span class='ocr_line' id='line_1_129' title="bbox 1441 2897 2495 2945; baseline 0.003 -12"><span class='ocrx_word' id='word_1_908' title='bbox 1441 2897 1595 2933; x_wconf 90' lang='lat' dir='ltr'>destruit</span> <span class='ocrx_word' id='word_1_909' title='bbox 1610 2897 1720 2933; x_wconf 87' lang='lat' dir='ltr'>aliam</span> <span class='ocrx_word' id='word_1_910' title='bbox 1735 2905 1893 2945; x_wconf 86' lang='lat' dir='ltr'>partem,</span> <span class='ocrx_word' id='word_1_911' title='bbox 1909 2898 1977 2934; x_wconf 90' lang='lat' dir='ltr'>ibi:</span> <span class='ocrx_word' id='word_1_912' title='bbox 1993 2899 2045 2934; x_wconf 82' lang='lat' dir='ltr'>At</span> <span class='ocrx_word' id='word_1_913' title='bbox 2055 2910 2144 2938; x_wconf 69' lang='lat' dir='ltr'>vero</span> <span class='ocrx_word' id='word_1_914' title='bbox 2158 2899 2192 2935; x_wconf 84' lang='lat' dir='ltr'>si</span> <span class='ocrx_word' id='word_1_915' title='bbox 2204 2911 2278 2935; x_wconf 90' lang='lat' dir='ltr'>non</span> <span class='ocrx_word' id='word_1_916' title='bbox 2293 2900 2495 2936; x_wconf 81' lang='lat' dir='ltr'>secundum</span> 
     </span>
    </p>
   </div>
   <div class='ocr_carea' id='block_1_23' title="bbox 1440 2950 2531 2999">
    <p class='ocr_par' dir='ltr' id='par_1_27' title="bbox 1440 2950 2531 2999">
     <span class='ocr_line' id='line_1_130' title="bbox 1440 2950 2531 2999; baseline 0.003 -14"><span class='ocrx_word' id='word_1_917' title='bbox 1440 2950 1610 2986; x_wconf 85' lang='lat' dir='ltr'>accidens</span> <span class='ocrx_word' id='word_1_918' title='bbox 1632 2951 1651 2970; x_wconf 83' lang='grc'><strong>*</strong></span> <span class='ocrx_word' id='word_1_919' title='bbox 1674 2957 1742 2986; x_wconf 87' lang='lat' dir='ltr'>etc.</span> <span class='ocrx_word' id='word_1_920' title='bbox 1772 2950 1870 2986; x_wconf 89' lang='lat' dir='ltr'>Dicit</span> <span class='ocrx_word' id='word_1_921' title='bbox 1899 2963 1986 2998; x_wconf 89' lang='lat' dir='ltr'>ergo</span> <span class='ocrx_word' id='word_1_922' title='bbox 2016 2951 2159 2999; x_wconf 91' lang='lat' dir='ltr'>primo,</span> <span class='ocrx_word' id='word_1_923' title='bbox 2189 2951 2292 2998; x_wconf 92' lang='lat' dir='ltr'>quod</span> <span class='ocrx_word' id='word_1_924' title='bbox 2322 2951 2350 2987; x_wconf 92' lang='lat' dir='ltr'>si</span> <span class='ocrx_word' id='word_1_925' title='bbox 2380 2964 2494 2988; x_wconf 88' lang='lat' dir='ltr'>omne</span> <span class='ocrx_word' id='word_1_926' title='bbox 2522 2961 2531 2968; x_wconf 87' lang='grc'>·</span> 
     </span>
    </p>
   </div>
   <div class='ocr_carea' id='block_1_24' title="bbox 1439 3002 2494 3207">
    <p class='ocr_par' dir='ltr' id='par_1_28' title="bbox 1439 3002 2494 3207">
     <span class='ocr_line' id='line_1_131' title="bbox 1441 3002 2492 3052; baseline 0.003 -14"><span class='ocrx_word' id='word_1_927' title='bbox 1441 3002 1544 3050; x_wconf 92' lang='lat' dir='ltr'>quod</span> <span class='ocrx_word' id='word_1_928' title='bbox 1572 3010 1765 3049; x_wconf 89' lang='lat' dir='ltr'>movetur,</span> <span class='ocrx_word' id='word_1_929' title='bbox 1802 3010 1979 3040; x_wconf 90' lang='lat' dir='ltr'>movetur</span> <span class='ocrx_word' id='word_1_930' title='bbox 2013 3004 2060 3039; x_wconf 93' lang='lat' dir='ltr'>ab</span> <span class='ocrx_word' id='word_1_931' title='bbox 2090 3015 2136 3039; x_wconf 93' lang='lat' dir='ltr'>eo</span> <span class='ocrx_word' id='word_1_932' title='bbox 2166 3004 2270 3051; x_wconf 91' lang='lat' dir='ltr'>quod</span> <span class='ocrx_word' id='word_1_933' title='bbox 2298 3012 2492 3052; x_wconf 88' lang='lat' dir='ltr'>movetur,</span> 
     </span>
     <span class='ocr_line' id='line_1_132' title="bbox 1440 3054 2492 3103; baseline 0.002 -13"><span class='ocrx_word' id='word_1_934' title='bbox 1440 3054 1545 3102; x_wconf 94' lang='lat' dir='ltr'>quod</span> <span class='ocrx_word' id='word_1_935' title='bbox 1574 3062 1629 3091; x_wconf 88' lang='lat' dir='ltr'>est</span> <span class='ocrx_word' id='word_1_936' title='bbox 1657 3067 1772 3091; x_wconf 90' lang='lat' dir='ltr'>omne</span> <span class='ocrx_word' id='word_1_937' title='bbox 1801 3067 1961 3092; x_wconf 87' lang='lat' dir='ltr'>movens</span> <span class='ocrx_word' id='word_1_938' title='bbox 1982 3056 2140 3102; x_wconf 89' lang='lat' dir='ltr'>moveri,</span> <span class='ocrx_word' id='word_1_939' title='bbox 2160 3057 2234 3092; x_wconf 93' lang='lat' dir='ltr'>hoc</span> <span class='ocrx_word' id='word_1_940' title='bbox 2261 3064 2384 3103; x_wconf 89' lang='lat' dir='ltr'>potest</span> <span class='ocrx_word' id='word_1_941' title='bbox 2413 3069 2492 3093; x_wconf 90' lang='lat' dir='ltr'>esse</span> 
     </span>
     <span class='ocr_line' id='line_1_133' title="bbox 1439 3107 2494 3156; baseline 0.001 -14"><span class='ocrx_word' id='word_1_942' title='bbox 1439 3107 1654 3154; x_wconf 89' lang='lat' dir='ltr'>dupliciter:</span> <span class='ocrx_word' id='word_1_943' title='bbox 1683 3119 1760 3143; x_wconf 92' lang='lat' dir='ltr'>uno</span> <span class='ocrx_word' id='word_1_944' title='bbox 1798 3108 1916 3144; x_wconf 87' lang='lat' dir='ltr'>modo</span> <span class='ocrx_word' id='word_1_945' title='bbox 1952 3108 2057 3154; x_wconf 93' lang='lat' dir='ltr'>quod</span> <span class='ocrx_word' id='word_1_946' title='bbox 2087 3109 2161 3144; x_wconf 92' lang='grc'><strong>1106</strong></span> <span class='ocrx_word' id='word_1_947' title='bbox 2189 3108 2399 3144; x_wconf 87' lang='lat' dir='ltr'>inveniatur</span> <span class='ocrx_word' id='word_1_948' title='bbox 2425 3120 2494 3156; x_wconf 88' lang='lat' dir='ltr'>per</span> 
     </span>
     <span class='ocr_line' id='line_1_134' title="bbox 1441 3159 2492 3207; baseline 0.001 -13"><span class='ocrx_word' id='word_1_949' title='bbox 1441 3159 1614 3196; x_wconf 87' lang='lat' dir='ltr'>accidens</span> <span class='ocrx_word' id='word_1_950' title='bbox 1634 3159 1671 3195; x_wconf 93' lang='lat' dir='ltr'>in</span> <span class='ocrx_word' id='word_1_951' title='bbox 1691 3160 1802 3196; x_wconf 92' lang='lat' dir='ltr'>rebus</span> <span class='ocrx_word' id='word_1_952' title='bbox 1830 3167 1870 3196; x_wconf 90' lang='lat' dir='ltr'>ut</span> <span class='ocrx_word' id='word_1_953' title='bbox 1898 3171 2058 3196; x_wconf 89' lang='lat' dir='ltr'>movens</span> <span class='ocrx_word' id='word_1_954' title='bbox 2082 3167 2282 3196; x_wconf 86' lang='lat' dir='ltr'>moveatur</span> <span class='ocrx_word' id='word_1_955' title='bbox 2304 3161 2334 3207; x_wconf 57' lang='lat'>³⁸,</span> <span class='ocrx_word' id='word_1_956' title='bbox 2356 3160 2405 3195; x_wconf 92' lang='lat' dir='ltr'>ita</span> <span class='ocrx_word' id='word_1_957' title='bbox 2424 3160 2492 3196; x_wconf 91' lang='lat' dir='ltr'>sci-</span> 
     </span>
    </p>
   </div>
   <div class='ocr_carea' id='block_1_25' title="bbox 1430 3279 2494 3592">
    <p class='ocr_par' dir='ltr' id='par_1_29' title="bbox 1439 3279 2492 3374">
     <span class='ocr_line' id='line_1_135' title="bbox 1492 3279 2492 3312; baseline 0.003 -8"><span class='ocrx_word' id='word_1_958' title='bbox 1492 3279 1517 3311; x_wconf 85' lang='grc' dir='ltr'>ζ)</span> <span class='ocrx_word' id='word_1_959' title='bbox 1536 3281 1591 3305; x_wconf 79' lang='lat' dir='ltr'>sine</span> <span class='ocrx_word' id='word_1_960' title='bbox 1605 3281 1704 3312; x_wconf 84' lang='lat' dir='ltr'>primo.</span> <span class='ocrx_word' id='word_1_961' title='bbox 1719 3294 1737 3299; x_wconf 91' lang='lat'>-</span> <span class='ocrx_word' id='word_1_962' title='bbox 1750 3280 1894 3310; x_wconf 84' lang='lat' dir='ltr'>DFGOsL;</span> <span class='ocrx_word' id='word_1_963' title='bbox 1913 3287 1940 3304; x_wconf 85' lang='lat' dir='ltr'>se</span> <span class='ocrx_word' id='word_1_964' title='bbox 1958 3280 2013 3304; x_wconf 80' lang='lat' dir='ltr'>sine</span> <span class='ocrx_word' id='word_1_965' title='bbox 2028 3280 2116 3311; x_wconf 79' lang='lat' dir='ltr'>primo</span> <span class='ocrx_word' id='word_1_966' title='bbox 2136 3280 2192 3304; x_wconf 87' lang='lat' dir='ltr'>PsC</span> <span class='ocrx_word' id='word_1_967' title='bbox 2211 3285 2236 3304; x_wconf 91' lang='lat' dir='ltr'>et</span> <span class='ocrx_word' id='word_1_968' title='bbox 2255 3280 2280 3309; x_wconf 81' lang='lat' dir='ltr'>b,</span> <span class='ocrx_word' id='word_1_969' title='bbox 2301 3280 2384 3311; x_wconf 79' lang='lat' dir='ltr'>seipso</span> <span class='ocrx_word' id='word_1_970' title='bbox 2404 3282 2433 3311; x_wconf 87' lang='lat' dir='ltr'>S,</span> <span class='ocrx_word' id='word_1_971' title='bbox 2452 3288 2492 3307; x_wconf 79' lang='lat' dir='ltr'>se-</span> 
     </span>
     <span class='ocr_line' id='line_1_136' title="bbox 1440 3314 2490 3347; baseline 0.002 -8"><span class='ocrx_word' id='word_1_972' title='bbox 1440 3314 1496 3345; x_wconf 81' lang='lat' dir='ltr'>ipso</span> <span class='ocrx_word' id='word_1_973' title='bbox 1504 3315 1594 3346; x_wconf 78' lang='lat' dir='ltr'>primo</span> <span class='ocrx_word' id='word_1_974' title='bbox 1609 3316 1661 3347; x_wconf 87' lang='lat' dir='ltr'>pR,</span> <span class='ocrx_word' id='word_1_975' title='bbox 1677 3315 1767 3346; x_wconf 83' lang='lat' dir='ltr'>primo</span> <span class='ocrx_word' id='word_1_976' title='bbox 1781 3315 1865 3346; x_wconf 81' lang='lat' dir='ltr'>seipso</span> <span class='ocrx_word' id='word_1_977' title='bbox 1884 3315 1935 3346; x_wconf 89' lang='lat' dir='ltr'>pL,</span> <span class='ocrx_word' id='word_1_978' title='bbox 1955 3322 1982 3339; x_wconf 84' lang='lat' dir='ltr'>se</span> <span class='ocrx_word' id='word_1_979' title='bbox 1996 3315 2085 3345; x_wconf 81' lang='lat' dir='ltr'>primo</span> <span class='ocrx_word' id='word_1_980' title='bbox 2105 3319 2153 3340; x_wconf 88' lang='lat' dir='ltr'>cet.</span> <span class='ocrx_word' id='word_1_981' title='bbox 2168 3320 2194 3339; x_wconf 83' lang='lat' dir='ltr'>et</span> <span class='ocrx_word' id='word_1_982' title='bbox 2206 3322 2231 3339; x_wconf 84' lang='lat' dir='ltr'>a.</span> <span class='ocrx_word' id='word_1_983' title='bbox 2242 3328 2261 3333; x_wconf 85' lang='lat'><em>-</em></span> <span class='ocrx_word' id='word_1_984' title='bbox 2275 3315 2324 3339; x_wconf 87' lang='lat' dir='ltr'>Pro</span> <span class='ocrx_word' id='word_1_985' title='bbox 2337 3316 2394 3340; x_wconf 84' lang='lat' dir='ltr'>Ioco</span> <span class='ocrx_word' id='word_1_986' title='bbox 2407 3316 2490 3346; x_wconf 79' lang='lat' dir='ltr'>cuius,</span> 
     </span>
     <span class='ocr_line' id='line_1_137' title="bbox 1439 3349 1647 3374; baseline 0.005 -1"><span class='ocrx_word' id='word_1_987' title='bbox 1439 3349 1495 3374; x_wconf 88' lang='lat' dir='ltr'>Ioco</span> <span class='ocrx_word' id='word_1_988' title='bbox 1513 3350 1568 3374; x_wconf 82' lang='lat' dir='ltr'>eius</span> <span class='ocrx_word' id='word_1_989' title='bbox 1586 3350 1647 3374; x_wconf 83' lang='lat' dir='ltr'>Pab.</span> 
     </span>
    </p>

    <p class='ocr_par' dir='ltr' id='par_1_30' title="bbox 1430 3383 2494 3592">
     <span class='ocr_line' id='line_1_138' title="bbox 1491 3383 2494 3418; baseline 0.002 -10"><span class='ocrx_word' id='word_1_990' title='bbox 1491 3383 1518 3418; x_wconf 92' lang='grc' dir='ltr'>η)</span> <span class='ocrx_word' id='word_1_991' title='bbox 1534 3391 1615 3416; x_wconf 81' lang='lat' dir='ltr'>supra</span> <span class='ocrx_word' id='word_1_992' title='bbox 1626 3384 1766 3416; x_wconf 79' lang='lat' dir='ltr'>praedicta</span> <span class='ocrx_word' id='word_1_993' title='bbox 1776 3387 1889 3416; x_wconf 83' lang='lat' dir='ltr'>possunt</span> <span class='ocrx_word' id='word_1_994' title='bbox 1901 3385 1980 3409; x_wconf 83' lang='lat' dir='ltr'>etiam</span> <span class='ocrx_word' id='word_1_995' title='bbox 1995 3383 2061 3408; x_wconf 83' lang='lat' dir='ltr'>addi</span> <span class='ocrx_word' id='word_1_996' title='bbox 2074 3384 2145 3409; x_wconf 83' lang='lat' dir='ltr'>haec.</span> <span class='ocrx_word' id='word_1_997' title='bbox 2154 3397 2172 3403; x_wconf 77' lang='lat'><em>—</em></span> <span class='ocrx_word' id='word_1_998' title='bbox 2183 3384 2232 3408; x_wconf 85' lang='lat' dir='ltr'>Pro</span> <span class='ocrx_word' id='word_1_999' title='bbox 2241 3392 2323 3417; x_wconf 81' lang='lat' dir='ltr'>supra</span> <span class='ocrx_word' id='word_1_1000' title='bbox 2337 3385 2494 3416; x_wconf 78' lang='lat' dir='ltr'>praedicta,</span> 
     </span>
     <span class='ocr_line' id='line_1_139' title="bbox 1434 3418 2490 3451; baseline 0.002 -8"><span class='ocrx_word' id='word_1_1001' title='bbox 1434 3421 1544 3450; x_wconf 78' lang='lat' dir='ltr'>praeter</span> <span class='ocrx_word' id='word_1_1002' title='bbox 1561 3426 1644 3451; x_wconf 80' lang='lat' dir='ltr'>supra</span> <span class='ocrx_word' id='word_1_1003' title='bbox 1663 3419 1734 3444; x_wconf 85' lang='lat' dir='ltr'>dicta</span> <span class='ocrx_word' id='word_1_1004' title='bbox 1752 3419 1770 3442; x_wconf 88' lang='lat' dir='ltr'>P</span> <span class='ocrx_word' id='word_1_1005' title='bbox 1786 3424 1810 3443; x_wconf 90' lang='lat' dir='ltr'>et</span> <span class='ocrx_word' id='word_1_1006' title='bbox 1820 3419 1911 3442; x_wconf 87' lang='lat' dir='ltr'>Venet.</span> <span class='ocrx_word' id='word_1_1007' title='bbox 1929 3418 2006 3448; x_wconf 84' lang='lat'>1551,</span> <span class='ocrx_word' id='word_1_1008' title='bbox 2027 3426 2108 3450; x_wconf 84' lang='lat' dir='ltr'>supra</span> <span class='ocrx_word' id='word_1_1009' title='bbox 2129 3419 2200 3444; x_wconf 82' lang='lat' dir='ltr'>dicta</span> <span class='ocrx_word' id='word_1_1010' title='bbox 2220 3419 2280 3451; x_wconf 84' lang='lat' dir='ltr'>RpF</span> <span class='ocrx_word' id='word_1_1011' title='bbox 2300 3427 2359 3444; x_wconf 85' lang='lat' dir='ltr'>cum</span> <span class='ocrx_word' id='word_1_1012' title='bbox 2374 3421 2430 3445; x_wconf 88' lang='lat' dir='ltr'>edd.</span> <span class='ocrx_word' id='word_1_1013' title='bbox 2449 3421 2490 3445; x_wconf 82' lang='lat' dir='ltr'>ab</span> 
     </span>
     <span class='ocr_line' id='line_1_140' title="bbox 1438 3453 2491 3488; baseline 0.003 -11"><span class='ocrx_word' id='word_1_1014' title='bbox 1438 3458 1463 3477; x_wconf 91' lang='lat' dir='ltr'>et</span> <span class='ocrx_word' id='word_1_1015' title='bbox 1475 3453 1566 3478; x_wconf 85' lang='lat' dir='ltr'>Venet.</span> <span class='ocrx_word' id='word_1_1016' title='bbox 1584 3453 1656 3485; x_wconf 83' lang='lat'>¹504,</span> <span class='ocrx_word' id='word_1_1017' title='bbox 1672 3453 1750 3484; x_wconf 70' lang='lat'>1545,</span> <span class='ocrx_word' id='word_1_1018' title='bbox 1769 3453 1806 3477; x_wconf 84' lang='lat' dir='ltr'>ad</span> <span class='ocrx_word' id='word_1_1019' title='bbox 1823 3460 1904 3484; x_wconf 82' lang='lat' dir='ltr'>supra</span> <span class='ocrx_word' id='word_1_1020' title='bbox 1923 3453 1994 3478; x_wconf 83' lang='lat' dir='ltr'>dicta</span> <span class='ocrx_word' id='word_1_1021' title='bbox 2013 3454 2059 3483; x_wconf 86' lang='lat' dir='ltr'>sF,</span> <span class='ocrx_word' id='word_1_1022' title='bbox 2079 3453 2115 3478; x_wconf 81' lang='lat' dir='ltr'>ad</span> <span class='ocrx_word' id='word_1_1023' title='bbox 2133 3460 2214 3485; x_wconf 78' lang='lat' dir='ltr'>supra</span> <span class='ocrx_word' id='word_1_1024' title='bbox 2230 3455 2370 3486; x_wconf 81' lang='lat' dir='ltr'>praedicta</span> <span class='ocrx_word' id='word_1_1025' title='bbox 2389 3456 2423 3486; x_wconf 84' lang='lat' dir='ltr'>B;</span> <span class='ocrx_word' id='word_1_1026' title='bbox 2443 3463 2491 3488; x_wconf 87' lang='lat' dir='ltr'>pro</span> 
     </span>
     <span class='ocr_line' id='line_1_141' title="bbox 1438 3487 2491 3522; baseline 0.003 -10"><span class='ocrx_word' id='word_1_1027' title='bbox 1438 3488 1508 3517; x_wconf 86' lang='lat' dir='ltr'>haec,</span> <span class='ocrx_word' id='word_1_1028' title='bbox 1528 3488 1570 3513; x_wconf 79' lang='lat' dir='ltr'>hic</span> <span class='ocrx_word' id='word_1_1029' title='bbox 1587 3489 1643 3512; x_wconf 82' lang='lat' dir='ltr'>Vab</span> <span class='ocrx_word' id='word_1_1030' title='bbox 1663 3494 1687 3512; x_wconf 88' lang='lat' dir='ltr'>et</span> <span class='ocrx_word' id='word_1_1031' title='bbox 1705 3488 1795 3512; x_wconf 78' lang='lat' dir='ltr'>Vener.</span> <span class='ocrx_word' id='word_1_1032' title='bbox 1818 3487 1918 3518; x_wconf 85' lang='lat'>1504.—</span> <span class='ocrx_word' id='word_1_1033' title='bbox 1930 3488 1980 3512; x_wconf 84' lang='lat' dir='ltr'>Pro</span> <span class='ocrx_word' id='word_1_1034' title='bbox 2000 3488 2035 3512; x_wconf 78' lang='lat' dir='ltr'>Et</span> <span class='ocrx_word' id='word_1_1035' title='bbox 2053 3488 2123 3513; x_wconf 82' lang='lat' dir='ltr'>circa</span> <span class='ocrx_word' id='word_1_1036' title='bbox 2142 3489 2190 3513; x_wconf 84' lang='lat' dir='ltr'>hoc</span> <span class='ocrx_word' id='word_1_1037' title='bbox 2208 3489 2262 3513; x_wconf 86' lang='lat' dir='ltr'>tria</span> <span class='ocrx_word' id='word_1_1038' title='bbox 2278 3490 2362 3522; x_wconf 83' lang='lat' dir='ltr'>facit,</span> <span class='ocrx_word' id='word_1_1039' title='bbox 2384 3490 2419 3514; x_wconf 80' lang='lat' dir='ltr'>Et</span> <span class='ocrx_word' id='word_1_1040' title='bbox 2438 3491 2491 3515; x_wconf 77' lang='lat' dir='ltr'>tria</span> 
     </span>
     <span class='ocr_line' id='line_1_142' title="bbox 1430 3522 2491 3557; baseline 0.004 -11"><span class='ocrx_word' id='word_1_1041' title='bbox 1430 3522 1504 3554; x_wconf 79' lang='lat' dir='ltr'>facit</span> <span class='ocrx_word' id='word_1_1042' title='bbox 1523 3523 1562 3547; x_wconf 88' lang='lat' dir='ltr'>ed.</span> <span class='ocrx_word' id='word_1_1043' title='bbox 1581 3530 1597 3547; x_wconf 87' lang='lat' dir='ltr'>a</span> <span class='ocrx_word' id='word_1_1044' title='bbox 1617 3528 1641 3547; x_wconf 88' lang='lat' dir='ltr'>et</span> <span class='ocrx_word' id='word_1_1045' title='bbox 1659 3523 1733 3547; x_wconf 90' lang='lat' dir='ltr'>codd.</span> <span class='ocrx_word' id='word_1_1046' title='bbox 1752 3530 1804 3547; x_wconf 87' lang='lat' dir='ltr'>exc.</span> <span class='ocrx_word' id='word_1_1047' title='bbox 1823 3522 1982 3547; x_wconf 84' lang='lat' dir='ltr'>BGLSsC-·-</span> <span class='ocrx_word' id='word_1_1048' title='bbox 1996 3523 2046 3547; x_wconf 83' lang='lat' dir='ltr'>Pro</span> <span class='ocrx_word' id='word_1_1049' title='bbox 2066 3523 2144 3548; x_wconf 80' lang='lat' dir='ltr'>tertio</span> <span class='ocrx_word' id='word_1_1050' title='bbox 2164 3524 2283 3553; x_wconf 81' lang='lat' dir='ltr'>destruit,</span> <span class='ocrx_word' id='word_1_1051' title='bbox 2303 3525 2381 3549; x_wconf 82' lang='lat' dir='ltr'>tertio</span> <span class='ocrx_word' id='word_1_1052' title='bbox 2396 3533 2491 3557; x_wconf 79' lang='lat' dir='ltr'>prose-</span> 
     </span>
     <span class='ocr_line' id='line_1_143' title="bbox 1438 3557 2365 3592; baseline 0.003 -11"><span class='ocrx_word' id='word_1_1053' title='bbox 1438 3557 1528 3588; x_wconf 82' lang='lat' dir='ltr'>quitur</span> <span class='ocrx_word' id='word_1_1054' title='bbox 1546 3558 1704 3588; x_wconf 78' lang='lat' dir='ltr'>DLSZsFH,</span> <span class='ocrx_word' id='word_1_1055' title='bbox 1725 3557 1802 3582; x_wconf 80' lang='lat' dir='ltr'>tertio</span> <span class='ocrx_word' id='word_1_1056' title='bbox 1821 3557 1966 3587; x_wconf 85' lang='lat' dir='ltr'>MQFsKX,</span> <span class='ocrx_word' id='word_1_1057' title='bbox 1987 3565 2035 3582; x_wconf 83' lang='lat' dir='ltr'>ras.</span> <span class='ocrx_word' id='word_1_1058' title='bbox 2050 3558 2102 3590; x_wconf 79' lang='lat' dir='ltr'>pF,</span> <span class='ocrx_word' id='word_1_1059' title='bbox 2122 3559 2167 3583; x_wconf 85' lang='lat' dir='ltr'>lac.</span> <span class='ocrx_word' id='word_1_1060' title='bbox 2181 3558 2365 3592; x_wconf 82' lang='lat' dir='ltr'>AlNOVpHK.</span> 
     </span>
    </p>
   </div>
   <div class='ocr_carea' id='block_1_26' title="bbox 2517 442 2703 470">
    <p class='ocr_par' dir='ltr' id='par_1_31' title="bbox 2517 442 2703 470">
     <span class='ocr_line' id='line_1_144' title="bbox 2517 442 2703 470; baseline 0 -7"><span class='ocrx_word' id='word_1_1061' title='bbox 2517 443 2525 451; x_wconf 89' lang='grc'>·</span> <span class='ocrx_word' id='word_1_1062' title='bbox 2541 442 2612 464; x_wconf 89' lang='lat' dir='ltr'>Num.</span> <span class='ocrx_word' id='word_1_1063' title='bbox 2626 448 2703 470; x_wconf 87' lang='lat' dir='ltr'>praec.</span> 
     </span>
    </p>
   </div>
   <div class='ocr_carea' id='block_1_27' title="bbox 2517 808 2728 837">
    <p class='ocr_par' dir='ltr' id='par_1_32' title="bbox 2517 808 2728 837">
     <span class='ocr_line' id='line_1_145' title="bbox 2517 808 2728 837; baseline 0 -7"><span class='ocrx_word' id='word_1_1064' title='bbox 2517 810 2527 819; x_wconf 86' lang='grc'>·</span> <span class='ocrx_word' id='word_1_1065' title='bbox 2532 808 2728 837; x_wconf 74' lang='lat' dir='ltr'>procedereturo.</span> 
     </span>
    </p>
   </div>
   <div class='ocr_carea' id='block_1_28' title="bbox 2519 970 2601 991">
    <p class='ocr_par' dir='ltr' id='par_1_33' title="bbox 2519 970 2601 991">
     <span class='ocr_line' id='line_1_146' title="bbox 2519 970 2601 991; baseline -0.012 0"><span class='ocrx_word' id='word_1_1066' title='bbox 2519 972 2527 980; x_wconf 91' lang='grc'>·</span> <span class='ocrx_word' id='word_1_1067' title='bbox 2543 970 2601 991; x_wconf 86' lang='lat' dir='ltr'>Ibid.</span> 
     </span>
    </p>
   </div>
   <div class='ocr_carea' id='block_1_29' title="bbox 2522 1494 2604 1515">
    <p class='ocr_par' dir='ltr' id='par_1_34' title="bbox 2522 1494 2604 1515">
     <span class='ocr_line' id='line_1_147' title="bbox 2522 1494 2604 1515; baseline -0.012 0"><span class='ocrx_word' id='word_1_1068' title='bbox 2522 1494 2533 1505; x_wconf 73' lang='lat'>⁸</span> <span class='ocrx_word' id='word_1_1069' title='bbox 2547 1494 2604 1515; x_wconf 88' lang='lat' dir='ltr'>Ibid.</span> 
     </span>
    </p>
   </div>
   <div class='ocr_carea' id='block_1_30' title="bbox 2546 1597 2723 1620">
    <p class='ocr_par' dir='ltr' id='par_1_35' title="bbox 2546 1597 2723 1620">
     <span class='ocr_line' id='line_1_148' title="bbox 2546 1597 2723 1620; baseline 0 -1"><span class='ocrx_word' id='word_1_1070' title='bbox 2546 1598 2576 1619; x_wconf 86' lang='lat' dir='ltr'>ab</span> <span class='ocrx_word' id='word_1_1071' title='bbox 2590 1597 2642 1620; x_wconf 79' lang='lat' dir='ltr'>add.</span> <span class='ocrx_word' id='word_1_1072' title='bbox 2657 1603 2723 1619; x_wconf 77' lang='lat' dir='ltr'>nrm..</span> 
     </span>
    </p>
   </div>
   <div class='ocr_carea' id='block_1_31' title="bbox 2549 2066 2717 2087">
    <p class='ocr_par' dir='ltr' id='par_1_36' title="bbox 2549 2066 2717 2087">
     <span class='ocr_line' id='line_1_149' title="bbox 2549 2066 2717 2087; baseline 0 0"><span class='ocrx_word' id='word_1_1073' title='bbox 2549 2068 2668 2087; x_wconf 83' lang='lat' dir='ltr'>moveatur</span> <span class='ocrx_word' id='word_1_1074' title='bbox 2683 2066 2717 2087; x_wconf 68' lang='lat' dir='ltr'>pb.</span> 
     </span>
    </p>
   </div>
   <div class='ocr_carea' id='block_1_32' title="bbox 2525 2594 2661 2623">
    <p class='ocr_par' dir='ltr' id='par_1_37' title="bbox 2525 2594 2661 2623">
     <span class='ocr_line' id='line_1_150' title="bbox 2525 2594 2661 2623; baseline 0 -7"><span class='ocrx_word' id='word_1_1075' title='bbox 2525 2596 2534 2603; x_wconf 90' lang='grc'><em>·</em></span> <span class='ocrx_word' id='word_1_1076' title='bbox 2548 2594 2618 2616; x_wconf 87' lang='lat' dir='ltr'>Num.</span> <span class='ocrx_word' id='word_1_1077' title='bbox 2633 2601 2661 2623; x_wconf 87' lang='lat'>¹3·</span> 
     </span>
    </p>
   </div>
   <div class='ocr_carea' id='block_1_33' title="bbox 2547 2859 2679 2888">
    <p class='ocr_par' dir='ltr' id='par_1_38' title="bbox 2547 2859 2679 2888">
     <span class='ocr_line' id='line_1_151' title="bbox 2547 2859 2679 2888; baseline 0 -7"><span class='ocrx_word' id='word_1_1078' title='bbox 2547 2859 2616 2881; x_wconf 82' lang='lat' dir='ltr'>Num.</span> <span class='ocrx_word' id='word_1_1079' title='bbox 2631 2866 2679 2888; x_wconf 79' lang='lat' dir='ltr'>seq.</span> 
     </span>
    </p>
   </div>
   <div class='ocr_carea' id='block_1_34' title="bbox 2547 2959 2663 2982">
    <p class='ocr_par' dir='ltr' id='par_1_39' title="bbox 2547 2959 2663 2982">
     <span class='ocr_line' id='line_1_152' title="bbox 2547 2959 2663 2982; baseline 0 -1"><span class='ocrx_word' id='word_1_1080' title='bbox 2547 2959 2616 2981; x_wconf 83' lang='lat' dir='ltr'>Num.</span> <span class='ocrx_word' id='word_1_1081' title='bbox 2631 2966 2663 2982; x_wconf 80' lang='grc' dir='ltr'>ιο.</span> 
     </span>
    </p>
   </div>
   <div class='ocr_carea' id='block_1_35' title="bbox 2518 3147 2731 3193">
    <p class='ocr_par' dir='ltr' id='par_1_40' title="bbox 2518 3147 2731 3193">
     <span class='ocr_line' id='line_1_153' title="bbox 2520 3147 2731 3192; baseline 0.014 -26"><span class='ocrx_word' id='word_1_1082' title='bbox 2520 3147 2529 3155; x_wconf 78' lang='grc'><strong>’</strong></span> <span class='ocrx_word' id='word_1_1083' title='bbox 2542 3148 2635 3192; x_wconf 42' lang='lat' dir='ltr'>{navent</span> <span class='ocrx_word' id='word_1_1084' title='bbox 2648 3153 2672 3174; x_wconf 66' lang='grc' dir='ltr'>ις</span> <span class='ocrx_word' id='word_1_1085' title='bbox 2687 3147 2731 3169; x_wconf 76' lang='lat' dir='ltr'>lac.</span> 
     </span>
     <span class='ocr_line' id='line_1_154' title="bbox 2518 3178 2562 3193; baseline 0 0"><span class='ocrx_word' id='word_1_1086' title='bbox 2518 3178 2533 3193; x_wconf 83' lang='lat' dir='ltr'>a</span> <span class='ocrx_word' id='word_1_1087' title='bbox 2557 3188 2562 3193; x_wconf 91' lang='lat'>.</span> 
     </span>
    </p>
   </div>
  </div>
 </body>
</html>
