2898 3996
630 394 1379 483 PHYSICORUM

1448 373 2170 523 ARISTOTELIS

1201 559 1473 624 LIBER
1515 559 1608 623 VI

1104 811 1403 911 LEcTIO
1447 856 1707 911 PRIMA

696 980 973 1012 OSTENDITUR
994 981 1176 1011 NULLUM
1199 980 1460 1011 CONTINUUM
1482 981 1539 1010 EX
1562 980 1891 1011 INDIVISIBILIBUS
1915 979 2107 1011 COMPONI

318 1077 358 1108 Εἰ
381 1071 409 1107 δ’
431 1076 504 1109 ἐστὶ
528 1076 662 1121 συνεχὲς
686 1077 743 1106 καὶ
770 1075 962 1118 ἀπτόμενον
984 1077 1042 1106 καὶ
1060 1074 1189 1119 ἑφεξῆς,
1208 1075 1249 1112 ὠς
1269 1069 1378 1116 διώρι-

385 1132 467 1152 σται
492 1119 666 1164 πρότερον,
685 1120 807 1164 συνεχῆ
826 1120 884 1163 μὲν
910 1119 952 1150 ὧν
978 1118 1026 1152 τοὶ
1047 1118 1181 1163 ἔσχατα
1199 1117 1246 1158 ἐ’ν,
1268 1117 1378 1150 ἁπτό-

386 1176 470 1208 μενα
493 1159 522 1196 δ’
551 1164 594 1196 ὦν
622 1163 712 1208 ἅμα,
741 1163 857 1207 ἑφεξῆς
881 1159 909 1195 δ’
938 1163 980 1195 ὧν
1002 1158 1108 1219 μηδὲν
1139 1162 1270 1207 μεταξύ
1299 1174 1377 1207 συγ-

386 1207 490 1254 γενές,
511 1205 681 1241 ἀξύνατον
703 1207 737 1249 ἐξ
759 1204 958 1250 ἀδιαιρέτων
986 1210 1070 1240 εινοιί
1089 1219 1122 1240 τι
1139 1205 1286 1250 συνεχές,
1307 1206 1374 1237 οἷον

386 1252 545 1298 γραμμήν
571 1252 607 1285 ἐκ.
632 1253 793 1298 στιγμῶν,
818 1254 908 1297 εἴπερ
933 1252 953 1288 ’ἡ
979 1251 1117 1298 γραμμή
1142 1250 1200 1292 μὲν
1225 1248 1375 1294 συνεχές,

387 1297 409 1333 ἡ
433 1296 561 1342 στιγμή
586 1292 624 1328 δὲ
651 1292 855 1341 ἀδιαίρετον.

320 1377 407 1410 Οὔτε
431 1378 495 1423 γοὶρ
521 1378 554 1409 ἓν
580 1377 627 1410 τοὶ
651 1377 786 1423 ἔσχατα
810 1378 876 1411 τῶν
898 1378 1060 1423 στιγμῶν·
1087 1375 1125 1409 οὐ
1151 1376 1198 1423 γοί
1242 1375 1314 1410 ἐστι
1335 1377 1376 1409 τὸ

387 1421 446 1466 μὲν
473 1422 619 1467 ἔσχατον
645 1421 686 1454 τὸ
711 1417 738 1453 δ’
769 1422 850 1454 ἄλλο
876 1433 909 1454 τι
935 1422 1048 1466 μόριον
1073 1422 1135 1454 τοῦ
1169 1422 1190 1454 ά
1214 1421 1374 1465 ιαιρέτου·

388 1465 455 1497 οὔθ’
478 1465 549 1510 ἅμα
566 1466 614 1498 τοὶ
631 1466 777 1510 ἔσχατα·
805 1466 842 1498 οὗ
859 1465 924 1512 γοίρ
942 1466 1033 1498 ἐστιν
1051 1465 1198 1511 ἔσχατον
1217 1467 1278 1498 τοῦ
1299 1465 1378 1510 ἀμε-

388 1511 462 1554 ροῦς
489 1504 597 1541 οὐδέν·
625 1509 737 1554 ἕτερον
762 1510 892 1556 γοὶρ-τὸ
914 1510 1061 1555 ἔσχατον
1081 1512 1138 1542 καὶ
1158 1510 1194 1541 οὖ
1213 1510 1373 1555 ἔσχατον.

319 1594 392 1626 ‘Eva
415 1587 443 1623 δ’
466 1591 596 1637 ἀνάγκη
615 1592 694 1629 ’ἤτοι
717 1596 864 1638 συνεχεῖς
883 1590 967 1625 εἶναι
985 1594 1047 1631 τοὶς
1064 1594 1209 1639 στιγμοίς
1228 1593 1248 1630 ἦ
1269 1595 1376 1625 ἀπτο-

387 1635 488 1680 μένας
516 1635 683 1677 ἀλλήλων,
704 1635 740 1677 ἐξ
765 1635 808 1668 ὦν
834 1637 907 1669 ἐστι
931 1637 972 1669 τὸ
997 1637 1143 1682 συνεχές.
1169 1639 1206 1668 ‘O
1222 1633 1250 1668 δ’
1273 1636 1376 1674 αὐτὸς

386 1679 486 1726 λόγος
510 1682 567 1712 καὶ
593 1681 648 1713 ἐπὶ
669 1679 806 1712 πάντων
825 1681 890 1713 τῶν
911 1678 1123 1724 ἀὲικιρέτων.
1149 1683 1299 1726 Συνεχεῖς
1318 1681 1376 1724 μέν

388 1719 431 1760 δή
457 1723 517 1756 οὐκ
544 1723 582 1757 ἂν
601 1721 664 1756 εἶεν
681 1720 740 1756 διᾶ.
760 1724 820 1757 τὸν
846 1725 1014 1768 εἰρημένον
1037 1725 1153 1772 λόγον·
1177 1726 1328 1758 ἅπτεται
1345 1721 1377 1756 δ’

390 1767 482 1800 ἅπαν
507 1767 528 1805 ἦ
554 1767 629 1800 ὅλον
659 1767 757 1809 ὅλου,
784 1767 805 1805 ἦ
831 1768 926 1812 μέρος
957 1768 1092 1813 μέρους,
1118 1768 1139 1806 ἦ
1165 1769 1242 1801 ὅλου
1267 1769 1375 1813 μέρος.

383 1810 480 1844 Ἐπεὶ
503 1808 532 1844 ’δ’
563 1813 679 1856 ἀμερὲς
710 1812 751 1844 τὸ
785 1807 997 1856 ἀδιαίρετον,
1031 1813 1160 1860 ἀνάγκη
1196 1812 1271 1844 ὅλον
1301 1812 1378 1844 ὅλου

391 1855 572 1888 ἅπτεσθαι·
601 1855 676 1888 ὅλον
701 1851 730 1887 δ’
762 1855 838 1887 ὅλου
872 1856 1062 1901 ἀπτόμενον
1092 1859 1151 1890 οὐκ
1178 1857 1276 1889 ἔσται
1307 1868 1381 1888 συν-

388 1899 476 1955 εχές·
503 1900 544 1932 τὸ
569 1900 632 1946 γάρ
658 1900 790 1945 συνεχὲς
817 1899 886 1944 ἔχει
910 1900 951 1932 τό
977 1901 1035 1945 μὲν
1063 1902 1146 1934 ἄλλο
1171 1901 1212 1934 τὰ
1236 1896 1264 1932 δ’
1296 1902 1378 1933 ἄλλο

388 1956 498 1989 μερος,
522 1947 580 1975 καὶ
605 1940 788 1989 διαιρεῖται
813 1946 857 1981 εἰς
884 1943 990 1983 οὕτως
1015 1944 1114 1990 ἔτερα,
1137 1947 1195 1977 καὶ
1212 1945 1306 1986 τόπῳ
1326 1957 1379 1976 κε-

388 1987 590 2034 χωρισμένα.
857 1998 860 2000 ·

315 2033 424 2065 Ἀλλοὶ
447 2032 512 2076 μήν
539 2028 608 2064 οὐδ’
634 2032 750 2076 ἑφεξῆς
776 2032 873 2064 ἔσται
897 2032 1024 2079 στιγμή
1042 2034 1187 2080 στιγμῆς
1212 2031 1232 2070 ἦ
1259 2034 1299 2066 τό
1324 2034 1379 2065 νῦν

389 2077 452 2109 τοῦ
477 2077 546 2117 νῦν,
565 2076 644 2108 ὥστ’
666 2074 702 2107 ἐκ
726 2076 858 2109 τούτων
883 2074 967 2108 εἶναι
991 2077 1032 2109 τὸ
1057 2079 1161 2121 μῆκος
1179 2077 1199 2114 ἦ
1218 2079 1278 2110 τὸν
1303 2078 1380 2123 χρό-

390 2132 458 2152 νον·
491 2119 609 2163 ἐφεξῆς
641 2120 698 2163 μὲν
723 2119 787 2165 γοίρ
813 2121 903 2152 ἐστιν
938 2120 980 2151 ὧν
1009 2121 1110 2164 μηθέν
1145 2123 1217 2154 ἐστι
1249 2122 1380 2166 μεταξύ

390 2163 566 2210 συγγενές,
599 2165 748 2208 στιγμῶν
780 2159 810 2194 δ’
841 2164 891 2196 ἀεὶ
920 2164 961 2196 τὸ
990 2165 1122 2208 μεταξύ
1153 2165 1292 2211 γραμμή
1323 2169 1380 2198 καὶ

391 2209 455 2240 τῶν
481 2208 536 2238 νῦν
560 2206 689 2252 χρόνος.
1351 2226 1352 2231 =

317 2252 394 2284 Ἔτι
418 2247 573 2294 διαιροῗτ’
598 2250 635 2283 ἂν
660 2251 704 2287 εἰς
731 2246 924 2294 ἀδιαίρετα,
949 2254 1038 2294 εἴπερ
1060 2251 1094 2293 ἐξ
1120 2252 1161 2284 ὧν
1188 2253 1278 2285 ἐστὶν
1304 2253 1382 2285 ε’κοί-

392 2306 508 2339 τερον,
545 2296 589 2332 εἰς
620 2296 737 2328 ταῦτα
770 2290 963 2339 διαιρεῖται.
993 2297 1083 2328 Ἀλλ’
1113 2296 1207 2329 οὗθέν
1241 2295 1280 2334 ἦν
1314 2299 1379 2329 τῶν

392 2339 535 2393 συνεχῶν
561 2341 606 2377 εἰς
633 2339 737 2383 ἀμερῆ
762 2334 944 2383 διαιρετόν.

318 2383 420 2415 'Ano
445 2378 483 2414 δε
506 2384 599 2428 γένος
631 2384 694 2427 οὐχ
726 2382 827 2415 οἷόντ’
856 2380 940 2415 εἶναι
972 2384 1103 2427 μεταξῦ
1135 2386 1200 2418 τῶν
1231 2397 1308 2432 στιγ
1337 2387 1380 2416 ῶν

391 2428 450 2459 καὶ
474 2429 539 2459 τῶν
571 2429 626 2459 νῦν
659 2426 768 2460 οὐθέν·
794 2428 822 2458 εἰ
846 2427 910 2472 γοὶρ
945 2427 1062 2469 ἔσται,
1094 2424 1196 2465 δῆλον
1229 2431 1269 2467 ὠς
1302 2441 1381 2466 ητοι

394 2467 487 2504 &Siai
510 2484 585 2504 ετον
619 2472 716 2505 ἔσται
741 2471 762 2508 ἦ
786 2466 857 2503 Stoa
879 2471 977 2512 ετόν,
1006 2474 1065 2504 καὶ
1090 2473 1117 2504 εἰ
1142 2468 1333 2517 διαιρετόν,
1360 2472 1380 2510 ἦ

391 2516 435 2554 εἰς
463 2483 642 2560 &gimpa-ot
667 2516 688 2553 ἦ
713 2517 756 2554 εἷς
784 2515 834 2548 ἀεὶ
858 2483 1025 2559 §tuipsa-oi·
1054 2518 1159 2550 τοῦτο
1176 2512 1213 2549 δὲ
1231 2517 1379 2563 συνεχές.

325 2603 471 2646 Φανερόν
496 2598 534 2635 δὲ
556 2605 614 2635 καὶ
641 2602 694 2635 ὅτι
720 2604 787 2635 πᾶν
812 2603 946 2648 συνεχὲς
971 2597 1139 2647 διαιρετὸν
1164 2603 1208 2640 εἰς
1228 2603 1278 2635 ἀεὶ
1296 2598 1382 2634 διαι-

392 2646 487 2691 ρετά·
515 2648 542 2678 εἰ
566 2647 630 2693 γοὶρ
655 2648 699 2684 εἰς
726 2642 919 2691 ἀδιαίρετα,
939 2647 1037 2679 ἔσται
1057 2647 1247 2690 ἀδιαίρετον
1274 2643 1384 2679 ἀδιαι-

393 2691 490 2734 ρέτου
517 2690 724 2733 ἀπτόμενον·
751 2692 784 2723 ἓν
808 2691 871 2737 γάρ
898 2691 938 2723 τὸ
965 2690 1124 2736 ἔσχατον,
1149 2694 1206 2723 καὶ
1232 2690 1384 2724 ἅπτεται

393 2736 460 2767 τῶν
485 2737 642 2779 συνεχῶν.

382 2833 530 2860 SYNoPsts.
548 2848 582 2852 -—
600 2840 623 2859 1.
645 2832 855 2868 Argumentum
870 2837 897 2859 et
911 2830 1012 2859 divisio
1026 2838 1117 2859 textus
1132 2838 1159 2860 et
1170 2831 1242 2859 libri.
1257 2848 1275 2852 -
1291 2839 1318 2859 2.
1341 2833 1384 2860 Ex

330 2871 543 2900 definitionibus
557 2870 637 2907 prius
650 2871 723 2899 datis
745 2870 879 2904 continui,
901 2871 1024 2898 contacti
1044 2877 1072 2899 et
1086 2871 1146 2899 eius
1161 2872 1240 2908 quod
1259 2877 1301 2899 est
1318 2880 1386 2899 con-

330 2916 490 2948 sequenter,
512 2910 639 2947 sequitur
655 2910 831 2946 impossibile
852 2919 913 2938 esse
934 2910 1103 2938 continuum
1122 2920 1155 2939 ex
1169 2910 1386 2939 indivisibilibus

330 2950 483 2987 componi,
504 2959 531 2978 v.
553 2959 579 2987 g.
601 2950 707 2978 lineam
731 2959 764 2978 ex
786 2949 907 2986 punctis.
924 2966 943 2971 -
959 2950 985 2977 3.
1007 2950 1168 2978 Subdivisio
1196 2956 1296 2978 textus.
1318 2950 1386 2978 Pri-

329 2999 378 3018 ma
392 2990 466 3018 ratio
487 2990 524 3017 ad
539 2989 749 3017 ostendendum
770 2989 959 3025 propositum.
974 2990 1011 3016 Et
1027 2990 1125 3027 primo
1146 2990 1284 3026 probatur
1305 2990 1384 3026 quod

331 3038 365 3058 ex
385 3028 604 3057 indivisibilibus
620 3038 680 3057 non
695 3029 879 3064 componitur
900 3029 1069 3056 continuum
1083 3038 1177 3066 neque
1190 3038 1242 3065 per
1263 3030 1385 3057 modum

332 3068 564 3103 continuationis,
579 3077 673 3105 neque
687 3077 737 3104 per
751 3069 872 3096 modum
889 3074 1045 3096 contactus.
1067 3070 1094 3104 a)
1110 3070 1219 3096 Eorum
1234 3078 1267 3096 ex
1282 3069 1385 3105 quibus

333 3107 517 3144 componitur
538 3107 646 3144 aliquid
666 3117 757 3135 unum
771 3107 815 3135 vel
829 3117 880 3144 per
900 3108 1021 3135 modum
1035 3108 1170 3142 continui,
1192 3109 1236 3136 vel
1250 3117 1301 3144 per
1322 3118 1385 3136 mo-

333 3147 402 3174 dum
425 3147 562 3185 contigui,
585 3153 699 3183 oportet
719 3155 780 3174 esse
801 3147 896 3183 aliqua
916 3147 1026 3182 ultima,
1049 3157 1122 3184 quae
1142 3147 1198 3175 sint
1219 3157 1319 3183 unum,
1341 3147 1386 3175 vel

333 3195 406 3223 quae
430 3185 487 3213 sint
514 3185 614 3221 simu13
643 3187 693 3214 sed
716 3186 746 3214 in
769 3186 931 3214 indivisibili
956 3196 1018 3214 non
1043 3193 1085 3214 est
1110 3187 1237 3223 accipere
1258 3187 1338 3215 aliud
1359 3192 1386 3215 et

332 3225 428 3260 aliud3
443 3234 511 3262 ergo
526 3225 556 3253 in
571 3225 734 3254 indivisibili
754 3235 815 3254 non
830 3232 872 3254 est
885 3226 1012 3262 accipere
1033 3226 1174 3260 ultimum,
1191 3227 1270 3263 quod
1284 3226 1387 3254 dicitur

332 3270 463 3301 respectu
483 3263 601 3292 alicuius
627 3264 728 3301 partis3
750 3274 818 3301 ergo
840 3271 893 3293 etc.
915 3281 934 3286 —
955 3274 983 3300 4.
1005 3265 1033 3300 b)
1061 3266 1202 3293 Probatur
1229 3265 1386 3301 specialiter

333 3304 431 3340 quoad
452 3309 623 3332 contactum.
649 3305 724 3332 Cum
750 3304 826 3331 enim
852 3303 979 3340 partibus
1000 3311 1114 3332 careant
1134 3304 1330 3340 indivisibilia,
1355 3314 1385 3332 se

333 3342 454 3371 invicem
477 3348 592 3379 tangere
606 3349 721 3379 oportet
734 3343 893 3371 secundum
907 3351 937 3370 se
950 3349 1027 3378 tota;
1048 3343 1099 3371 sed
1113 3352 1147 3371 ex
1161 3344 1289 3379 duobus,
1312 3353 1385 3380 quo-

333 3392 398 3410 rum
418 3391 510 3409 unum
530 3388 623 3409 toturn
644 3381 733 3418 tangit
746 3388 839 3409 totum
861 3381 947 3416 aliud,
970 3391 1030 3409 non
1050 3388 1144 3418 potest
1165 3382 1301 3419 componi
1316 3392 1385 3410 con-

333 3422 461 3450 tinuum:
484 3430 552 3449 nam
569 3430 656 3448 omne
670 3421 839 3448 continuum
860 3421 945 3448 habet
965 3427 1074 3457 partem
1096 3427 1173 3449 extra
1193 3428 1302 3457 partem
1324 3428 1385 3449 tum

333 3461 363 3489 in
384 3470 414 3489 se
435 3460 508 3496 ipso,
529 3466 591 3488 tum
610 3460 694 3488 etiam
716 3459 745 3487 in
760 3460 860 3488 ordine
881 3460 918 3487 ad
939 3460 1037 3488 locum
1057 3459 1087 3487 in
1107 3459 1151 3488 his
1172 3469 1246 3497 quae
1266 3460 1385 3496 positio-

333 3510 401 3528 nem
422 3500 542 3534 habent;
558 3508 626 3536 ergo
648 3505 699 3527 etc.
722 3516 741 3521 -
763 3499 788 3527 5.
804 3500 944 3527 Probatur
965 3499 1088 3527 secundo
1110 3506 1248 3536 quantum
1270 3500 1307 3528 ad
1322 3509 1384 3528 mo-

334 3540 404 3567 dum
425 3539 486 3567 eius
507 3539 587 3576 quod
607 3545 650 3566 est
670 3544 883 3575 consequenter.
910 3539 984 3566 Inter
1005 3539 1063 3566 duo
1085 3545 1190 3574 puncta
1210 3545 1253 3566 est
1273 3548 1386 3575 semper

334 3579 410 3607 linea
431 3578 541 3613 media,
563 3584 590 3606 et
611 3578 684 3606 inter
705 3578 763 3606 duo
784 3587 861 3606 nunc
879 3583 993 3614 tempus
1013 3578 1156 3613 medium;
1180 3583 1399 3614 consequenter.

334 3625 431 3647 autem
445 3625 487 3646 est
500 3627 592 3646 unum
606 3617 694 3652 alteri,
710 3626 834 3654 quorum
849 3626 909 3645 non
923 3623 965 3645 est
978 3617 1106 3646 medium
1121 3617 1247 3646 eiusdem
1264 3617 1384 3654 generis3

1429 1075 1448 1093 '³‘
1471 1075 1503 1106 Si
1527 1082 1632 1106 autem
1648 1083 1694 1106 est
1709 1076 1906 1114 continuum,
1927 1083 1957 1107 et
1971 1076 2060 1116 quod
2077 1075 2185 1115 tangit,
2203 1082 2233 1106 et
2252 1082 2486 1116 consequenter,

1498 1119 1578 1150 sicut
1607 1119 1770 1150 definitum
1798 1127 1843 1150 est
1871 1121 1956 1160 prius
1992 1119 2165 1162 (continua
2194 1119 2322 1160 quidem
2349 1129 2488 1159 quorum

1497 1163 1610 1194 ultima
1627 1173 1744 1201 unum,
1761 1173 1842 1203 quae
1856 1174 1930 1194 vero
1947 1171 2116 1203 tanguntur
2132 1173 2270 1203 quorum
2287 1163 2397 1201 simul,
2414 1173 2487 1193 con-

1498 1213 1662 1247 sequenter
1685 1214 1791 1237 autem
1807 1217 1945 1247 quorum
1964 1207 2041 1237 nihil
2057 1214 2101 1237 est
2119 1207 2261 1236 medium
2280 1206 2327 1236 sui
2342 1205 2487 1248 generis),

1497 1250 1692 1291 impossibile
1708 1257 1754 1281 est
1768 1261 1805 1280 ex
1818 1250 2056 1281 indivisibilibus
2073 1261 2138 1280 esse
2154 1250 2271 1291 aliquid
2284 1250 2486 1288 continuum,

1498 1301 1534 1325 ut
1557 1294 1672 1325 lineam
1691 1304 1757 1324 esse
1781 1304 1817 1324 ex
1839 1294 1978 1334 punctis;
2002 1295 2027 1324 si
2042 1304 2112 1324 vere
2136 1294 2217 1324 linea
2242 1294 2370 1334 quidem
2389 1293 2488 1324 conti-

1498 1347 1601 1368 nuum
1624 1344 1680 1376 est,
1704 1345 1859 1378 punctum
1883 1345 1989 1368 autem
2011 1337 2205 1368 indivisibile.

1431 1382 1543 1422 Neque
1559 1382 1645 1412 enim
1669 1392 1771 1412 unum
1793 1388 1868 1412 sunt
1890 1382 2000 1412 ultima
2015 1388 2223 1421 punctorum:
2248 1391 2313 1411 non
2337 1387 2382 1411 est
2405 1380 2489 1410 enirn

1497 1426 1559 1456 hoc
1575 1425 1705 1466 quidem
1725 1425 1885 1464 ultimum,
1904 1426 1983 1456 illud
2006 1432 2112 1456 autem
2134 1425 2238 1465 aliqua
2260 1435 2330 1464 pars
2353 1423 2488 1454 indivisi-

1497 1469 1577 1500 bilis.
1602 1470 1714 1511 Neque
1737 1469 1831 1500 simul
1847 1477 1920 1500 sunt
1942 1469 2067 1500 ultima:
2092 1479 2156 1499 non
2176 1468 2259 1498 enim
2276 1475 2320 1499 est
2342 1467 2490 1498 ultimum

1498 1513 1602 1543 ullum
1615 1512 1828 1553 impartibilis3
1855 1513 1988 1544 alterum
2005 1513 2089 1544 enim
2108 1519 2153 1543 est
2176 1512 2325 1542 ultimum
2348 1518 2378 1542 et
2401 1511 2489 1541 cuius

1499 1563 1544 1587 est
1566 1556 1725 1587 ultimum.

1431 1600 1450 1618 ’Ἀ
1465 1600 1623 1640 Amplius,
1641 1610 1765 1631 necesse
1780 1607 1825 1631 est
1840 1607 1895 1631 aut
1909 1601 2058 1631 continua
2072 1610 2138 1630 esse
2150 1606 2276 1640 puncta,
2296 1606 2350 1630 aut
2363 1605 2490 1638 tangen-

1498 1644 1541 1675 tia
1570 1654 1602 1674 se
1626 1645 1665 1674 ad
1694 1644 1843 1682 invicem,
1868 1654 1905 1675 ex
1927 1645 2043 1685 quibus
2072 1650 2117 1674 est
2146 1643 2349 1674 continuum:
2380 1643 2490 1673 eadem

1499 1694 1606 1718 autem
1629 1698 1676 1718 res
1703 1694 1748 1718 est
1772 1695 1802 1718 et
1824 1688 1856 1718 in
1881 1689 2029 1718 omnibus
2056 1687 2304 1717 indivisibilibus.
2330 1686 2490 1717 Continua

1500 1732 1594 1771 igitur
1617 1741 1684 1761 non
1703 1738 1794 1762 erunt
1811 1739 1939 1771 propter
1963 1731 2151 1772 praedictam
2181 1731 2344 1761 rationem.
2375 1730 2491 1770 Tangit

1500 1782 1604 1805 autem
1629 1785 1735 1812 omne,
1760 1782 1814 1805 aut
1837 1782 1941 1806 totum
1959 1782 2074 1813 totum,
2106 1781 2159 1805 aut
2182 1785 2252 1814 pars
2275 1781 2405 1814 partem,
2437 1780 2492 1804 aut

1496 1825 1601 1850 totum
1619 1829 1700 1858 pars.
1718 1818 1880 1855 Quoniam
1899 1826 2005 1849 autem
2020 1818 2207 1858 impartibile
2230 1825 2276 1848 est
2293 1817 2489 1855 indivisibile,

1501 1872 1625 1893 necesse
1649 1869 1694 1892 est
1716 1868 1821 1892 totum
1835 1869 1960 1902 tangere
1983 1869 2096 1893 totum.
2121 1863 2243 1892 Totum
2258 1868 2364 1892 autem
2386 1867 2491 1891 toturn

1496 1913 1637 1945 tangens,
1653 1916 1719 1936 non
1736 1913 1781 1936 est
1796 1906 2001 1937 continuum:
2025 1906 2212 1936 continuum
2227 1906 2311 1935 enim
2327 1905 2419 1934 habet
2429 1905 2491 1935 hoc

1502 1950 1632 1990 quidem
1655 1949 1763 1988 aliam,
1787 1950 1865 1980 illud
1883 1960 1957 1980 vero
1974 1950 2067 1980 aliam
2090 1956 2225 1990 partem3
2245 1956 2275 1980 et
2289 1948 2436 1979 dividitur
2458 1948 2491 1978 in

1502 1993 1546 2024 sic
1570 1993 1703 2024 diversas
1729 2000 1759 2024 et
1781 1994 1853 2024 loco
1873 2001 2038 2034 separatas.

1435 2040 1478 2069 At
1500 2047 1575 2068 vero
1604 2047 1706 2078 neque
1735 2045 1961 2078 consequenter
1992 2038 2048 2068 erit
2077 2043 2231 2078 punctum
2254 2036 2293 2066 ad
2320 2042 2490 2076 punctum,

1503 2088 1558 2112 aut
1578 2081 1684 2121 ipsum
1699 2091 1784 2112 nunc
1807 2082 1846 2111 ad
1865 2082 1970 2122 ipsum
1987 2092 2083 2120 nunc,
2099 2088 2134 2111 ut
2151 2091 2186 2111 ex
2201 2080 2249 2110 his
2266 2080 2304 2110 sit
2324 2079 2489 2118 longitudo

1499 2132 1553 2156 aut
1575 2132 1711 2164 tempus.
1737 2125 1975 2166 Consequenter
1995 2126 2080 2156 enim
2099 2132 2182 2162 sunt,
2205 2134 2344 2164 quorum
2367 2123 2492 2152 nullum

1503 2176 1548 2199 est
1573 2169 1714 2200 medium
1737 2169 1935 2209 proximum:
1962 2176 2154 2209 punctorum
2173 2175 2279 2198 autem
2301 2176 2423 2206 semper
2447 2172 2492 2196 est

1497 2213 1640 2243 medium
1661 2213 1753 2250 linea,
1778 2220 1809 2243 et
1831 2213 1974 2253 ipsorum
1998 2223 2082 2244 nunc
2105 2219 2240 2252 tempus.

1435 2255 1617 2295 *Amplius‚
1630 2256 1838 2287 dividerentur
1849 2257 1882 2287 in
1890 2257 2095 2295 indivisibilia,
2103 2257 2128 2287 si
2139 2267 2175 2286 ex
2186 2255 2300 2296 quibus
2315 2261 2360 2285 est
2371 2260 2491 2284 utrum-

1502 2309 1581 2340 que,
1606 2299 1638 2329 in
1661 2299 1728 2338 ipsa
1745 2300 1899 2331 dividitur.
1923 2301 1984 2331 Sed
2007 2301 2133 2331 nullum
2152 2307 2197 2330 est
2221 2299 2444 2329 continuorum
2458 2297 2490 2327 in

1502 2343 1701 2383 impartibilia
1725 2343 1885 2374 divisibile.

1435 2386 1569 2417 Nullum
1585 2393 1691 2417 autem
1709 2387 1794 2417 aliud
1810 2397 1908 2427 genus
1931 2394 2035 2426 potest
2054 2397 2119 2418 esse
2135 2387 2276 2417 medium
2299 2392 2491 2426 punctorum

1503 2437 1533 2461 et
1554 2430 1698 2470 ipsorum
1714 2441 1807 2461 nunc.
1828 2431 1860 2461 Si
1876 2441 2015 2473 namque
2034 2431 2105 2470 erit,
2122 2431 2326 2461 manifestum
2342 2436 2387 2460 est
2402 2429 2490 2469 quod

1503 2481 1557 2504 aut
1580 2474 1731 2504 divisibile
1754 2481 1808 2505 aut
1838 2474 2025 2505 indivisibile
2044 2475 2113 2505 erit:
2138 2482 2168 2505 et
2191 2474 2215 2504 si
2240 2473 2406 2511 divisibile,
2436 2479 2490 2503 aut

1503 2518 1536 2547 in
1567 2517 1765 2548 indivisibilia
1795 2525 1848 2549 aut
1870 2518 1903 2548 in
1936 2528 2058 2559 semper
2081 2517 2258 2548 divisibilia.v
2284 2518 2356 2547 Hoc
2385 2523 2490 2546 autem

1504 2569 1550 2592 est
1573 2562 1770 2592 continuum.

1437 2605 1640 2636 Manifestum
1657 2613 1762 2636 autem
1786 2613 1831 2636 est
1846 2605 1934 2646 quod
1950 2616 2045 2636 omne
2067 2605 2252 2636 continuum
2271 2611 2316 2635 est
2339 2604 2490 2634 divisibile

1503 2649 1536 2679 in
1560 2659 1683 2689 semper
1699 2649 1872 2680 divisibilia.
1890 2649 1921 2680 Si
1937 2650 2021 2680 enim
2043 2649 2076 2679 in
2091 2649 2288 2679 indivisibilia
2304 2648 2489 2679 divideretur

1505 2693 1703 2731 continuum,
1721 2701 1800 2724 esset
1822 2693 2008 2723 indivisibile
2021 2693 2206 2723 indivisibile
2229 2699 2371 2732 tangens:
2389 2701 2491 2722 unum

1506 2737 1590 2767 enim
1614 2744 1660 2768 est
1682 2737 1831 2768 ultimum
1855 2737 2079 2768 continuorum
2095 2744 2124 2768 et
2147 2747 2227 2777 quae
2251 2743 2429 2776 tanguntur.

1439 2841 1500 2863 non
1514 2841 1582 2869 ergo
1597 2832 1672 2861 linea
1685 2832 1870 2869 componitur
1883 2842 1916 2861 ex
1930 2832 2057 2869 punctis,
2080 2839 2127 2860 aut
2142 2838 2253 2868 tempus
2268 2841 2300 2863 ex
2314 2840 2400 2866 nune,
2419 2831 2491 2859 sicut

1440 2878 1649 2908 consequenter
1670 2881 1699 2900 se
1720 2872 1899 2900 habentibus.
1922 2888 1941 2893 —
1963 2873 1990 2900 6.
2015 2873 2146 2900 Secunda
2167 2872 2240 2899 ratio
2258 2870 2438 2909 principalis.
2461 2870 2491 2898 Si

1439 2920 1472 2939 ex
1493 2911 1710 2939 indivisibilibus
1725 2918 1947 2948 componeretur
1967 2911 2145 2946 continuum,
2161 2911 2190 2939 in
2205 2920 2239 2939 ea
2253 2910 2389 2938 divisibile
2404 2915 2490 2945 esset3

1438 2950 1617 2987 proindeque
1638 2960 1699 2979 non
1715 2958 1788 2979 esset
1802 2951 1940 2979 divisibile
1954 2951 1984 2979 in
1994 2951 2145 2986 infinitum,
2161 2957 2260 2979 contra
2274 2950 2334 2978 eius
2349 2949 2490 2978 definitio-

1439 2999 1515 3018 nem.
1531 3006 1550 3011 -
1565 3000 1591 3026 7.
1616 2990 1832 3018 Manifestantur
1852 2991 1911 3018 duo
1932 2990 2080 3027 supposita
2100 2990 2129 3018 in
2150 2989 2383 3026 praecedentibus
2404 2988 2490 3016 ratio-

1440 3029 1539 3057 nibus:
1562 3035 1590 3057 et
1605 3030 1703 3067 primo
1725 3031 1804 3067 quod
1818 3030 1891 3058 inter
1905 3031 1963 3058 duo
1985 3036 2090 3066 puncta
2110 3029 2145 3057 sit
2165 3029 2240 3057 linea
2260 3029 2363 3063 media,
2379 3035 2405 3056 et
2420 3028 2492 3056 inter

1440 3069 1499 3097 duo
1521 3078 1597 3097 nunc
1618 3075 1739 3106 tempus.
1763 3069 1792 3097 Si
1807 3076 1873 3098 sunt
1894 3070 1953 3097 duo
1975 3076 2096 3106 puncta,
2118 3075 2231 3106 oportet
2246 3078 2280 3096 ea
2300 3068 2355 3096 situ
2369 3067 2490 3102 differre,

1439 3108 1568 3145 alioquin
1588 3118 1649 3137 non
1664 3115 1758 3136 essent
1771 3110 1830 3137 duo
1852 3110 1902 3137 sed
1923 3119 2029 3144 unum3
2052 3115 2159 3137 etcum
2180 3118 2240 3136 non
2254 3107 2364 3144 possint
2384 3116 2413 3134 se
2428 3113 2491 3134 tan-

1439 3157 1514 3184 gere,
1536 3157 1652 3176 necesse
1673 3155 1715 3176 est
1730 3149 1810 3185 quod
1831 3148 1935 3176 distent
1956 3149 1991 3176 ab
2013 3148 2133 3176 invicem
2149 3154 2175 3176 et
2189 3147 2224 3175 sit
2242 3146 2348 3183 aliquid
2363 3145 2489 3173 medium

1439 3187 1512 3215 inter
1533 3187 1603 3223 ipsa.
1625 3189 1691 3215 Non
1712 3194 1807 3215 autem
1823 3187 1950 3216 medium
1972 3187 2153 3215 indivisibile:
2176 3186 2243 3223 quia
2261 3195 2326 3213 cum
2341 3186 2441 3212 debeat
2462 3190 2490 3211 et

1439 3226 1534 3262 ipsum
1558 3227 1614 3254 situ
1634 3227 1747 3255 differre
1770 3234 1797 3255 et
1820 3227 1924 3255 distare
1947 3228 1982 3255 ab
2006 3226 2067 3255 aliis
2090 3225 2314 3259 indivisibilibus,
2336 3223 2490 3260 requireret

1440 3265 1517 3294 aliud
1530 3266 1667 3301 medium,
1690 3273 1717 3294 et
1732 3266 1771 3294 sic
1785 3267 1815 3294 in
1835 3266 1986 3294 infinitum.
2008 3265 2135 3293 Medium
2156 3274 2223 3301 ergo
2238 3269 2351 3300 oportet
2372 3271 2432 3290 esse
2447 3261 2488 3290 di-

1439 3305 1563 3333 visibile:
1585 3315 1645 3333 non
1672 3311 1769 3333 tamen
1793 3306 1822 3333 in
1846 3305 2044 3341 impartibilia,
2073 3304 2140 3340 quia
2164 3304 2193 3331 in
2217 3304 2272 3331 hoc
2299 3311 2365 3330 casu
2388 3301 2490 3329 redibit

1440 3344 1570 3380 quaestio
1594 3346 1744 3381 quomodo
1769 3354 1802 3372 ex
1823 3344 2038 3372 indivisibilibus
2062 3343 2152 3379 possit
2179 3341 2315 3378 componi
2339 3340 2486 3368 divisibile.

1440 3383 1500 3411 Erit
1515 3393 1582 3420 ergo
1599 3384 1725 3412 medium
1747 3383 1884 3411 divisibile
1905 3383 1934 3410 in
1956 3382 2120 3417 divisibilia;
2142 3387 2349 3418 consequenter
2370 3380 2421 3408 erit
2439 3379 2489 3407 ali-

1440 3422 1509 3459 quid
1531 3423 1709 3458 confinuum,
1731 3429 1762 3450 ut
1783 3429 1851 3458 puta
1871 3422 1946 3449 linea
1970 3421 2042 3449 inter
2061 3422 2119 3449 duo
2144 3427 2257 3457 puncta,
2281 3427 2393 3456 tempus
2417 3419 2490 3446 inter

1440 3462 1498 3490 duo
1514 3471 1599 3498 nunc,
1615 3469 1642 3490 et
1657 3462 1784 3490 similiter
1797 3461 1826 3489 in
1841 3461 1902 3489 aliis
1918 3460 2068 3488 continuis.
2083 3476 2101 3481 —
2117 3461 2144 3488 8.
2164 3460 2294 3488 Secundo
2309 3459 2387 3496 quod
2402 3467 2489 3486 omne

1440 3501 1608 3529 continuum
1630 3501 1664 3529 sit
1686 3500 1822 3529 divisibile
1836 3500 1865 3528 in
1881 3499 2039 3527 divisibilia.
2062 3500 2149 3527 Secus
2164 3499 2239 3527 enim
2255 3498 2443 3533 indivisibilia,
2458 3504 2490 3525 ut

1440 3540 1609 3568 continuum
1624 3541 1842 3575 constituerent,
1864 3549 1893 3567 se
1907 3539 2027 3567 Invicem
2041 3545 2156 3575 tangere
2178 3539 2328 3574 deberent;
2342 3547 2410 3566 nam
2425 3536 2489 3565 ulti-

1439 3588 1487 3607 ma
1501 3579 1705 3607 continuorum
1720 3588 1810 3607 unum
1825 3585 1899 3613 sunt,
1915 3585 1942 3606 et
1956 3588 2055 3606 eorum
2071 3585 2165 3614 partes
2180 3578 2301 3606 invicem
2314 3587 2344 3606 se
2354 3583 2488 3614 tangunt:

1440 3618 1496 3646 iam
1510 3628 1578 3647 vero
1599 3619 1753 3655 probatum
1768 3625 1809 3646 est
1823 3615 1881 3646 duo
1900 3617 2079 3646 indivisibilia
2093 3627 2122 3646 se
2137 3617 2301 3654 contingere
2322 3626 2382 3645 non
2395 3625 2488 3653 posse.

2512 1082 2524 1094 ⁴⁸
2538 1082 2594 1110 Cap.
2608 1088 2616 1104 1
2629 1082 2696 1104 Text.
2706 1088 2722 1104 1.

2516 1608 2527 1619 ⁴
2541 1608 2607 1630 Text.
2622 1613 2642 1629 2.

2517 2264 2526 2275 “
2541 2263 2608 2285 Text.
2622 2269 2643 2291 3.
