2950 4004
36 1600 41 1606 „
73 1577 141 1599 codd.

32 2330 50 2346 ”
66 2347 114 2370 pro
133 2341 253 2373 grinftpio

30 2374 254 2422 ,’;“έ.”ἕ.”“”’“”“

69 2757 139 2780 Num.
152 2764 174 2786 7.

41 2813 108 2836 :dm
122 2819 205 2835 nomen
215 2819 257 2834 να-

40 2841 61 2858 ¹÷
72 2852 75 2855 ι
87 2852 103 2857 .,
123 2840 175 2862 rab.

43 2909 140 2949 [Num.
153 2925 173 2947 5.

54 2961 58 2964 ”
71 2971 141 3002 Eum.
155 2970 177 2992 6.

56 3039 58 3043 ,
98 3036 101 3041 r
126 3036 138 3042 -v
155 3033 161 3043 ι
250 3039 256 3044 .

0 3064 1 3071 η
67 3056 176 3073 ·'=·21C·
189 3056 257 3072 Aemo

1106 300 1230 343 ‚CAR
1259 299 1345 345 VII,
1376 299 1525 336 LECT.
1555 301 1590 336 X

279 410 282 415 ,
325 380 465 407 Smopsrs
487 394 522 399 —
550 386 573 405 1.
594 378 804 415 Argumentum
832 383 860 405 et
880 377 981 406 divisio
1007 383 1108 405 textus.
1130 393 1148 398 -
1169 384 1196 404 2.
1218 377 1255 404 Ut
1281 385 1330 404 co-

272 427 445 456 gnoscamus
466 426 503 445 an
524 426 646 445 vacuum
667 417 711 452 sit,
726 422 840 453 oportet
861 426 913 453 pro
936 416 1032 444 medio
1054 415 1181 456 accipere
1203 414 1272 452 quid
1293 415 1330 442 si-

272 457 386 495 gnificet
406 466 515 485 nomen
535 456 626 484 vacui.
642 472 662 478 -
677 457 702 484 3.
725 456 888 484 Subdivisio
908 462 1009 484 textus.
1025 471 1044 477 -
1061 464 1088 490 4.
1104 454 1220 490 Triplex
1240 454 1330 490 accipi

271 503 367 534 potest
394 496 478 524 huius
505 496 631 524 nominis
658 495 842 533 significatio:
869 504 929 523 una
958 494 1090 531 propria,
1119 493 1224 521 scilicet
1251 494 1332 521 locus

273 537 302 564 in
324 545 378 574 quo
400 545 456 564 non
478 541 521 564 est
541 544 664 573 corpus‚·
684 535 755 563 aliae
777 536 850 563 duae
871 535 1029 563 secundum
1051 533 1220 569 opinionem
1237 532 1331 560 horni-

273 585 358 611 num,
387 584 438 612 per
464 575 610 612 quandam
638 574 840 612 syllogisticam
869 573 1089 608 deductionem3
1114 581 1173 599 una
1200 581 1331 600 commu-

273 614 347 650 nior,
370 614 475 643 scilicet
496 614 576 642 Iocus
590 614 618 642 in
633 622 688 650 quo
702 613 775 641 nihil
789 618 839 647 est,
854 613 942 640 altera
956 611 1046 648 magis
1061 617 1213 646 coarctata,
1227 620 1332 647 nempe

232 652 234 654 ’
273 652 360 683 Ιοειιέ
375 654 403 682 in
425 663 480 691 quo
502 663 557 681 non
579 659 622 681 est
641 662 747 690 corpus
766 661 861 690 grave
883 652 930 679 vel
949 652 1022 679 leve.
1038 668 1057 672 -
1074 651 1098 678 5.
1114 651 1151 678 Ut
1171 659 1294 678 vacuum
1316 659 1333 678 a

273 699 382 731 puncto
403 693 608 730 distinguatur,
636 692 673 720 ad
693 690 928 728 significationem
951 691 1047 718 datam
1075 690 1180 718 addere
1202 696 1331 727 oportet,

275 733 355 770 quod
364 741 486 760 vacuum
501 731 537 759 sit
551 731 674 768 spatium
689 730 880 767 susceptivum
896 730 1028 767 corporis
1042 729 1200 767 tangibilis.
1210 746 1228 750 —
1239 730 1265 757 6.
1278 731 1332 757 Re-

273 778 407 800 movetur
426 771 583 799 dubitatio:
605 769 729 806 spatium
747 769 778 797 in
792 778 852 805 quo
866 777 927 796 non
941 775 983 796 est
1003 768 1057 796 nisi
1079 778 1168 796 sonus
1182 769 1226 796 vel
1241 769 1332 804 color,

274 811 298 840 si
323 811 359 840 sit
379 810 570 847 susceptivum
592 808 720 845 corporis
741 808 899 845 tangibilis,
928 814 970 836 est
990 817 1128 842 vacuum;
1155 817 1238 836 secus
1261 817 1332 836 non.

274 852 375 887 Neque
395 849 473 878 enim
493 855 608 886 oportet
633 848 815 885 quorundam
838 847 1035 875 definitionem
1063 847 1205 884 accipere,
1228 847 1334 875 scilicet

275 890 355 918 locus
370 889 398 917 in
413 897 467 925 quo
489 888 563 916 nihil
583 892 633 915 est.
649 903 668 907 —
684 896 710 923 7.
727 887 892 914 Secundum
913 886 1077 915 Platonicos
1097 896 1220 914 vacuum
1240 893 1282 914 est
1303 887 1331 914 in

274 936 330 966 quo
344 937 399 956 non
414 932 457 955 est
470 927 524 955 hoc
538 927 647 964 aliquid
661 935 751 963 neque
766 926 862 963 aliqua
876 926 1032 954 substantia
1047 935 1198 963 corporea.
1218 928 1260 954 Ex
1276 935 1334 962 qua

274 966 441 996 definitione
461 966 579 1003 quidam
601 965 760 1000 materiam,
781 972 868 1002 prout
888 972 931 993 est
953 966 1061 1002 absque
1082 966 1188 1000 forma,
1210 974 1333 993 vacuum

275 1015 336 1035 esse
357 1006 495 1041 inferunt3
516 1006 567 1034 sed
587 1015 648 1033 non
669 1005 758 1040 bene;
779 1014 840 1032 non
861 1004 939 1032 enim
953 1014 970 1032 a
985 1006 1070 1032 rebus
1092 1005 1258 1041 separabilis
1279 1011 1331 1039 est,

274 1045 347 1074 sicut
366 1054 490 1073 vacuum
510 1054 572 1072 esse
593 1044 772 1081 supponitur.
788 1060 806 1064 -
821 1045 848 1072 8.
872 1045 946 1072 Cum
965 1053 1088 1072 vacuum
1110 1043 1180 1071 nihil
1200 1044 1278 1071 aliud
1299 1043 1334 1071 sit

275 1094 364 1122 quarn
383 1085 464 1112 locus
485 1093 606 1120 corpore
634 1083 775 1120 privatus,
797 1090 825 1111 et
842 1083 923 1111 locus
944 1092 1005 1111 non
1026 1083 1061 1111 sit
1082 1083 1222 1119 spatium,
1250 1082 1335 1110 relin-

275 1124 373 1162 quitur
386 1124 466 1161 quod
479 1133 602 1152 vacuum
623 1132 718 1160 neque
739 1123 775 1151 sit
794 1122 918 1159 spatium
933 1129 1096 1159 separatum
1117 1132 1135 1151 a
1155 1122 1334 1159 corporibus,

274 1173 369 1201 neque
396 1163 451 1192 illis
481 1163 676 1191 intrinsecum.
706 1163 782 1191 Cum
806 1169 903 1191 autem
931 1163 966 1190 de
986 1162 1047 1190 eius
1077 1161 1188 1190 ratione
1215 1161 1251 1189 sit
1273 1171 1334 1190 esse

524 1335 594 1371 bus
620 1346 701 1370 esse
721 1333 995 1382 incipiendum:
1014 1340 1218 1382 postquam
1244 1345 1332 1381 ergo

354 1417 362 1430 ,
396 1385 486 1438 ''4114'‘
523 1393 745 1435 prosecutus
769 1394 825 1423 est
848 1386 868 1407 ³¹*
893 1387 969 1423 duo
998 1398 1152 1432 eorum,
1185 1398 1333 1434 ponens

276 1490 463 1528 mantium
485 1503 651 1528 vacuum
680 1503 780 1538 esse,
809 1491 870 1527 hic
896 1492 1136 1540 prosequitur
1162 1492 1332 1538 tertium,

277 1555 503 1581 communes
522 1544 660 1580 scilicet
680 1545 699 1565 *²
715 1543 913 1592 opiniones
932 1544 1132 1580 hominum
1148 1544 1195 1581 de
1208 1557 1333 1581 vacuo

277 1596 551 1633 demonstrans.
582 1596 692 1633 Circa
723 1597 798 1633 hoc
829 1596 938 1643 igitur
969 1597 1037 1633 tria
1070 1597 1175 1633 facit:
1209 1597 1333 1645 primo

277 1647 440 1686 ostendit
467 1649 556 1696 quid
575 1649 804 1696 significetur
831 1649 984 1685 nomine
1004 1649 1136 1695 vacui;
1166 1649 1334 1686 secundo

277 1700 439 1738 ostendit
461 1702 658 1749 quomodo
677 1713 844 1738 vacuum
869 1701 982 1749 aliqui
1010 1714 1092 1738 esse
1114 1709 1333 1750 posuerunt,

275 1753 342 1790 ibi:
369 1753 555 1795 Quoniam
580 1759 707 1790 autem
735 1754 780 1790 de
811 1754 892 1790 loco
913 1755 933 1774 ‘³‘
953 1761 1043 1799 ete.;
1073 1754 1180 1790 tertio
1214 1755 1336 1790 exclu-

278 1805 330 1843 dit
363 1805 526 1843 rationes
553 1806 777 1855 ponentium
795 1819 961 1843 vacuum
987 1819 1081 1853 esse,
1101 1806 1172 1843 ibi:
1202 1807 1337 1855 Neque

277 1870 352 1895 una
378 1864 502 1896 autem
523 1860 542 1880 *
563 1867 630 1895 etc.
653 1859 762 1895 Circa
788 1859 955 1907 primurn
980 1859 1057 1896 duo
1086 1859 1191 1896 facit:
1211 1859 1335 1908 primo

237 1932 244 1938 ·
277 1910 364 1948 dicit
380 1912 400 1932 ’¹‘
414 1911 461 1948 de
482 1924 558 1960 quo
580 1919 636 1948 est
653 1911 824 1957 intentio;
845 1912 1013 1949 secundo
1035 1912 1230 1960 exequitur
1247 1925 1336 1961 pro-

276 1963 456 2012 positum,
485 1964 554 2001 ibi:
590 1965 740 2002 Videtur
767 1970 891 2001 autem
921 1966 940 1986 ’ᾖ
970 1972 1038 2001 etc.

331 2028 366 2054 2.
379 2016 478 2054 Dicit
496 2029 585 2065 ergo
604 2017 727 2066 primo
744 2018 859 2067 quod,
873 2029 960 2054 cum
981 2017 1122 2054 dictum
1137 2018 1182 2054 sit
1198 2019 1217 2039 t
1232 2017 1337 2067 quod

278 2069 434 2118 quidam
469 2078 678 2118 posuerunt
713 2078 880 2107 vacuum
914 2069 1020 2117 esse,
1051 2070 1206 2118 quidam
1243 2083 1337 2107 vero

277 2130 531 2169 negaverunt;
561 2122 610 2159 ad
629 2123 938 2170 cognoscendum
959 2123 1115 2171 qualiter
1142 2136 1182 2159 se
1202 2124 1340 2160 habeat

279 2174 442 2220 veritas,
481 2182 631 2223 oportet
664 2175 833 2223 accipere
870 2182 1052 2223 tanquam
1088 2175 1337 2224 principium,

280 2227 371 2275 quid
407 2227 591 2274 significet
625 2239 769 2264 nomen
805 2227 927 2264 vacui.
968 2228 1071 2264 Sicut
1109 2227 1210 2264 enim
1250 2224 1338 2264 cum¹

280 2279 470 2316 dubitatur
506 2292 554 2316 an
582 2280 706 2328 aliqua
732 2280 858 2328 passio
895 2280 981 2317 insit
1007 2280 1117 2316 alicui
1154 2280 1338 2326 subiecto,

281 2339 430 2380 oportet
457 2332 625 2381 accipere
653 2345 723 2381 pro
751 2332 933 2381 principio
958 2334 977 2354 Ψ
1005 2332 1096 2380 quid
1120 2332 1164 2369 sit
1192 2345 1268 2379 res,
1291 2333 1340 2370 ita

282 2397 369 2422 cum
399 2385 588 2422 dubitatur
616 2385 663 2422 de
692 2385 817 2434 aliquo
842 2398 890 2422 an
910 2385 965 2432 sit,
995 2393 1143 2434 oportet
1171 2386 1340 2434 accipere

279 2450 350 2486 pro
369 2437 499 2474 medio
529 2437 620 2486 quid
646 2438 831 2485 significet
855 2450 1009 2475 nomen.
1036 2438 1217 2485 Quaestio
1238 2438 1340 2475 enim

281 2490 372 2539 quid
389 2496 441 2526 est
468 2490 635 2538 sequitur
662 2491 922 2539 quaestionem
949 2503 999 2527 an
1025 2497 1087 2527 est.

335 2544 370 2580 3.
387 2543 535 2580 Deinde
551 2555 638 2580 cum
651 2543 758 2580 dicit:
781 2544 932 2581 Videtur
944 2549 1068 2580 autem
1081 2555 1244 2580 vacuum
1257 2550 1338 2589 etc.,

281 2596 443 2632 ostendit
478 2596 570 2644 quid
606 2596 789 2643 significet
815 2608 959 2633 nomen
986 2596 1118 2633 vacui:
1149 2603 1185 2632 et
1216 2595 1341 2644 primo

281 2647 388 2696 ponit
415 2648 728 2696 significationem
758 2649 1079 2694 communiorem;
1107 2648 1275 2685 secundo
1297 2649 1357 2684 si-.

282 2700 566 2748 gnificationem
586 2701 798 2738 secundum
816 2714 930 2738 usum
950 2701 1231 2738 Platonicorum
1244 2730 1252 2746 ,
1274 2701 1342 2737 ibi:

282 2753 368 2789 Alio
401 2759 525 2790 autem
553 2754 663 2790 modo
682 2754 702 2775 ’¹‘
721 2761 790 2790 etc.
821 2754 930 2790 Circa
957 2754 1124 2802 primum
1143 2754 1211 2790 tria
1236 2754 1340 2790 facit:

282 2805 407 2854 primo
437 2805 600 2842 ostendit
618 2805 709 2854 quid
728 2805 911 2853 significet
929 2818 1071 2842 nomen
1090 2806 1202 2842 vacui
1222 2807 1262 2851 ²¹⁴3
1286 2818 1342 2842 se-

286 2858 412 2895 cundo
433 2858 525 2907 quid
554 2865 702 2906 oportet
729 2858 868 2895 addere
898 2858 946 2895 ad
974 2858 1076 2894 illam
1104 2858 1342 2905 significatio-

284 2923 385 2957 nem,
407 2911 477 2948 ibi:
499 2911 573 2948 Sed
592 2911 853 2948 inconveniens
875 2917 928 2947 est
946 2911 966 2931 ²¹²
982 2918 1069 2956 ete.;
1091 2911 1198 2947 tertio
1220 2923 1342 2947 remo-

283 2971 350 3001 vet
367 2963 560 3013 quandam
591 2963 875 3013 dubitationem,
896 2963 964 3000 ibi:
998 2964 1104 3001 Unde
1131 2969 1167 2999 et
1182 2964 1215 3000 si
1233 2965 1252 2985 '¹‘
1273 2970 1341 3000 etc.

337 3028 374 3063 4.
395 3016 494 3053 Dicit
513 3028 601 3063 ergo
622 3016 641 3037 *
662 3015 766 3064 quod
794 3016 1004 3053 secundum
1033 3015 1253 3064 opinionem
1273 3017 1341 3052 ho-

239 3108 242 3111 *
285 3068 453 3115 minum,
486 3066 638 3106 'videtur
669 3081 835 3105 vacuum
872 3069 963 3105 nihil
996 3068 1097 3105 aliud
1133 3069 1343 3116 significare

285 3133 402 3169 quam
422 3121 549 3158 locum
573 3121 612 3158 in
643 3133 720 3169 quo
739 3121 830 3158 nihil
849 3121 905 3158 sit.
931 3122 979 3158 Et
1002 3121 1114 3158 huius
1143 3134 1256 3158 causa
1276 3129 1341 3169 est,

285 3173 373 3222 quia
408 3174 560 3222 proprie
597 3185 763 3211 vacuum
792 3174 926 3211 dicitur
954 3186 1055 3221 esse,
1084 3174 1123 3210 in
1151 3186 1227 3222 quo
1264 3186 1343 3211 non

285 3233 341 3262 est
377 3225 531 3274 aliquod
559 3239 713 3274 corpus:
747 3226 835 3274 quia
872 3226 941 3262 soli
979 3227 1128 3274 corpori
1166 3226 1343 3272 convenit

284 3278 389 3326 quod
417 3277 464 3314 sit
495 3278 534 3315 in
567 3279 669 3324 loco;
699 3285 735 3315 et
761 3290 928 3315 vacuum
966 3276 1056 3315 nihil
1083 3278 1183 3315 aliud
1219 3286 1343 3327 potest

285 3330 494 3378 significare
522 3343 638 3378 quam
665 3331 791 3367 locum
814 3331 956 3378 absque
984 3331 1118 3367 locato.
1150 3331 1225 3367 Sed
1254 3331 1342 3380 quia

284 3382 460 3419 homines
499 3382 700 3430 opinantur
728 3382 831 3430 quod
865 3394 979 3418 omne
1009 3394 1075 3418 ens
1109 3382 1154 3418 sit
1182 3395 1339 3431 corpus,

285 3435 452 3484 sequitur
485 3435 696 3475 secundum
725 3446 860 3470 eorum
889 3434 1108 3482 opinionem
1140 3434 1245 3483 quod
1276 3435 1342 3471 ubi

284 3500 363 3525 non
397 3494 452 3524 est
480 3499 636 3535 corpus,
670 3486 760 3523 nihil
794 3486 850 3523 sit.

2368 313 2437 350 177

1385 375 1508 411 spatium
1529 376 1658 412 corporis
1686 383 1796 412 praeter
1817 386 1954 413 corpora,
1983 377 2110 414 sequitur
2133 378 2212 413 quod
2233 386 2357 406 vacuum
2380 387 2441 406 non

1386 414 1428 442 sit.
1443 430 1462 435 —
1478 424 1504 450 9.
1519 416 1659 450 Vacuum,
1675 415 1746 444 sicut
1767 422 1794 443 et
1814 417 1908 444 locum
1919 438 1926 451 ,
1948 423 2106 452 posuerunt
2120 417 2206 453 aliqui
2221 418 2257 445 ad
2273 417 2441 445 salvandum

1386 460 1514 488 motum,
1535 454 1565 482 in
1586 464 1621 482 eo
1643 461 1754 483 motum
1782 464 1843 483 esse
1868 456 2003 483 dicentes.
2018 471 2037 476 -
2057 465 2099 483 10.
2121 455 2283 484 Subdivisio
2304 463 2404 484 textus.
2423 473 2441 478 -

1386 493 1582 521 Excluduntur
1602 503 1653 530 per
1673 494 1830 528 instantias,
1853 504 1912 523 non
1934 501 2030 523 autem
2050 504 2117 523 vera
2138 495 2294 531 solutione,
2317 496 2441 524 rationes

1386 532 1555 568 ponentium
1576 542 1697 561 vacuum
1726 540 1896 570 separatum.
1918 551 1937 555 -
1962 544 2006 562 11.
2026 536 2054 570 a)
2076 536 2142 562 Non
2163 541 2205 563 est
2226 544 2340 563 necesse
2362 535 2442 571 quod

1386 580 1508 599 vacuum
1530 571 1564 599 sit
1585 572 1607 599 si
1629 579 1725 600 motus
1746 573 1796 607 sit3
1818 573 1887 600 nihil
1916 573 1991 601 enim
2020 574 2152 610 prohibet
2179 574 2295 610 plenum
2319 574 2441 602 alterari.

1387 611 1414 646 b)
1429 612 1465 638 Et
1479 611 1534 638 hoc
1548 611 1707 639 verificatur
1721 612 1807 639 etiam
1822 613 1919 648 quoad
1934 620 2045 640 motum
2065 613 2201 648 localem;
2223 622 2345 650 corpora
2360 623 2444 641 nam-

1387 659 1443 686 que
1463 657 1584 686 possunt
1605 660 1634 678 se
1656 650 1777 678 invicem
1799 652 1973 687 subintrare,
1999 652 2109 680 etiamsi
2130 662 2189 680 non
2218 653 2300 680 detur
2319 662 2442 681 vacuum

1386 695 1498 726 praeter
1525 698 1661 726 corpora:
1685 691 1763 727 quod
1785 692 1915 727 exemplo
1938 691 2141 719 manifestatur.
2157 708 2176 713 -
2194 699 2237 719 12.
2261 693 2369 720 Contra
2389 701 2443 728 po-

1386 735 1487 756 nentes
1508 738 1629 756 vacuum
1651 729 1680 756 in
1701 730 1879 765 corporibus.
1895 732 1923 766 a)
1938 731 1984 758 Ad
2005 730 2146 758 rationem
2165 738 2308 767 sumptam
2324 741 2357 759 ex
2372 741 2442 759 con-

1388 767 1564 796 densatione.
1591 769 1722 805 Corpora
1742 770 1970 805 condensantur,
1999 779 2059 797 non
2080 771 2159 806 quod
2187 779 2252 806 pars
2280 770 2443 799 subintrans

1386 808 1472 835 vadat
1493 807 1522 835 in
1543 808 1640 835 locum
1661 817 1798 843 vacuum,
1821 809 1871 836 sed
1892 809 1959 845 quia
1986 809 2015 836 in
2037 809 2076 837 eis
2098 815 2163 836 sunt
2190 809 2331 837 foramina
2358 810 2444 845 plena

1388 856 1509 882 corpore
1524 847 1674 882 subtiliori,
1691 848 1770 884 quod
1783 848 1856 876 facta
1873 848 2097 876 condensatione
2111 848 2240 876 elabitur.
2257 866 2276 870 -
2295 850 2338 876 13.
2355 850 2382 884 b)
2397 849 2443 876 In-

1388 886 1491 914 stantia
1512 893 1612 914 contra
1639 893 1840 924 argumentum
1868 896 1901 915 ex
1922 894 2085 924 augmento.
2115 889 2309 923 Augmentum
2332 888 2362 916 fit
2383 897 2444 915 non

1388 925 1482 953 solum
1503 935 1555 961 per
1574 926 1733 962 ingressum
1753 925 1866 954 alterius
1894 926 2031 963 corporis,
2053 927 2102 954 sed
2124 927 2209 954 etiarn
2230 936 2280 963 per
2301 927 2444 955 alteratio-

1388 974 1465 992 nem.
1482 981 1501 984 -
1515 966 1591 992 Vera
1605 965 1709 993 solutio
1728 965 1847 993 habetur
1861 965 1890 993 in
1905 966 1978 993 libro
1993 967 2028 994 de
2046 966 2248 994 Generatione.
2265 983 2283 987 -
2302 976 2343 1001 14.
2360 967 2385 1001 c)
2400 965 2444 993 Si-

1389 1003 1449 1031 mul
1464 1004 1651 1032 excluduntur
1671 1004 1742 1032 ratio
1765 1005 1800 1032 de
1821 1011 1974 1041 augmento
1996 1012 2023 1033 et
2043 1005 2116 1033 ratio
2137 1006 2173 1033 de
2187 1014 2262 1042 aqua
2277 1005 2306 1033 in
2320 1005 2444 1033 cinerem

1389 1043 1488 1070 effusa.
1509 1059 1528 1063 -
1550 1043 1624 1070 Cum
1645 1050 1738 1070 totum
1759 1051 1911 1080 augeatur,
1940 1051 2105 1081 sequeretur
2125 1051 2218 1072 totum
2240 1054 2301 1072 esse
2322 1054 2444 1072 vacuum

1389 1081 1413 1109 si
1433 1088 1619 1118 augmentum
1641 1082 1676 1110 sit
1696 1089 1814 1118 propter
1830 1093 1962 1111 vacuum.
1978 1085 2089 1111 -Idem
2111 1083 2264 1112 dicendum
2285 1085 2321 1112 de
2342 1084 2444 1111 cinere.

1389 1122 1455 1149 Non
1476 1128 1593 1157 propter
1612 1131 1734 1149 vacuum
1756 1131 1841 1159 ergo,
1870 1123 1921 1150 sed
1943 1130 2059 1159 propter
2085 1123 2319 1151 commixtionem
2347 1122 2446 1159 recipit

1390 1170 1505 1197 aquam.
1521 1177 1540 1181 -
1555 1161 1719 1188 Conclusio.

1443 1281 1492 1316 Et
1522 1280 1675 1316 ulterius
1709 1280 1910 1328 opinantur
1943 1281 2047 1328 quod
2082 1293 2196 1316 omne
2232 1293 2367 1328 corpus
2403 1279 2448 1316 sit

1390 1333 1584 1382 tangibile,
1613 1332 1652 1369 id
1681 1340 1735 1369 est
1762 1333 1906 1369 habens
1935 1333 2128 1380 tangibiles
2161 1333 2367 1381 qualitates.
2399 1333 2447 1368 Et

1389 1385 1608 1422 huiusmodi
1637 1398 1774 1434 corpus
1794 1386 1813 1406 ’¹⁴
1833 1393 1888 1421 est
1911 1386 2015 1433 quod
2045 1392 2099 1421 est
2126 1397 2239 1432 grave
2262 1386 2322 1421 vel
2342 1386 2447 1421 leve:

1390 1437 1563 1474 nondum
1602 1438 1702 1475 enim
1741 1446 1819 1474 erat
1855 1446 1988 1474 notum
2025 1439 2129 1486 quod
2163 1450 2298 1486 corpus
2332 1438 2448 1473 caele-

1391 1498 1445 1527 ste
1474 1498 1571 1527 esset
1596 1498 1743 1539 praeter
1769 1498 1942 1527 naturam
1975 1498 2136 1538 quatuor
2163 1491 2447 1526 elementorum.

1389 1543 1500 1580 Unde
1521 1555 1608 1579 cum
1635 1543 1787 1591 proprie
1816 1544 1862 1580 de
1892 1543 2034 1579 ratione
2062 1543 2172 1580 vacui
2200 1543 2246 1579 sit
2273 1542 2377 1591 quod
2405 1542 2450 1578 sit

1391 1596 1496 1632 locus
1525 1595 1562 1632 in
1596 1608 1672 1644 quo
1701 1608 1779 1632 non
1817 1603 1872 1632 est
1900 1595 2054 1644 aliquod
2091 1600 2248 1644 corpus,
2284 1594 2450 1643 sequitur

1391 1648 1496 1695 quod
1523 1660 1689 1685 vacuum
1723 1648 1768 1684 sit
1795 1648 1833 1684 in
1861 1660 1936 1696 quo
1972 1661 2049 1684 non
2078 1655 2132 1684 est
2165 1660 2301 1696 corpus
2334 1659 2448 1694 grave

1390 1702 1452 1737 vel
1480 1701 1584 1737 leve:
1618 1713 1697 1737 non
1725 1700 1880 1749 quidem
1914 1701 2017 1749 quod
2049 1701 2123 1736 hoc
2152 1700 2197 1736 sit
2226 1700 2272 1737 de
2306 1700 2448 1736 ratione

1390 1753 1501 1789 vacui
1530 1753 1739 1789 secundum
1767 1753 1930 1801 primam
1954 1753 2234 1801 impositionem
2265 1752 2447 1798 nominis,

1393 1805 1460 1841 sed
1489 1806 1699 1842 secundum
1732 1806 1924 1854 quandam
1963 1805 2225 1853 syllogisticam
2259 1805 2449 1841 deductio-

1393 1870 1483 1894 nem
1504 1870 1548 1894 ex
1568 1858 1763 1894 communi
1784 1858 1961 1906 opinione
1981 1858 2192 1903 hominum,
2214 1857 2448 1905 opinantium

1394 1923 1509 1946 omne
1530 1923 1666 1959 corpus
1686 1923 1766 1947 esse
1786 1923 1900 1958 grave
1919 1912 1979 1947 vel
2003 1911 2106 1947 leve:
2137 1910 2230 1946 sicut
2259 1910 2370 1946 etiam
2394 1922 2450 1945 se-

1394 1963 1561 2000 cundum
1582 1963 1803 2011 opinionem
1825 1975 2069 2000 communem
2102 1962 2302 1999 hominurn
2331 1962 2451 1998 existi-

1394 2016 1580 2052 mantium
1601 2028 1715 2052 omne
1736 2028 1802 2052 ens
1822 2028 1903 2052 esse
1925 2028 2079 2065 corpus,
2101 2015 2266 2064 sequitur
2284 2027 2450 2051 vacuum

1395 2081 1476 2105 esse
1505 2068 1541 2105 in
1570 2081 1646 2117 quo
1675 2068 1765 2105 nihil
1794 2076 1860 2105 est.

1449 2121 1512 2157 Sic
1538 2121 1648 2168 igitur
1678 2121 1796 2158 tribus
1820 2121 1944 2158 modis
1972 2129 2096 2170 potest
2115 2120 2232 2168 accipi
2255 2120 2365 2156 huius
2385 2131 2451 2156 no-

1395 2173 1507 2210 minis
1526 2174 1763 2221 significatio:
1784 2181 1861 2210 una
1881 2182 1935 2210 est
1954 2174 2117 2222 propria,
2134 2173 2272 2210 scilicet
2290 2184 2452 2209 vacuum

1395 2232 1450 2263 est
1466 2226 1567 2262 locus
1586 2227 1623 2262 in
1643 2238 1716 2274 quo
1745 2239 1818 2263 non
1839 2232 1892 2263 est
1909 2239 2062 2275 corpus:
2082 2226 2174 2262 aliae
2195 2226 2292 2262 duae
2321 2237 2452 2262 secun—

1397 2280 1489 2316 dum
1510 2278 1730 2327 opinionem
1754 2279 1972 2325 hominum;
1999 2291 2159 2328 quarum
2178 2291 2254 2315 una
2274 2286 2329 2314 est
2349 2290 2453 2314 com-

1397 2331 1567 2377 munior,
1597 2331 1735 2367 scilicet
1770 2343 1932 2368 vacuum
1965 2338 2019 2368 est
2043 2332 2145 2368 locus
2182 2332 2218 2367 in
2253 2342 2325 2378 quo
2363 2329 2454 2366 nihil

1396 2389 1469 2428 est‚·
1497 2383 1567 2420 alia
1585 2395 1678 2420 vero
1700 2391 1755 2420 est
1773 2384 1892 2431 magis
1913 2391 2111 2430 coarctata,
2132 2383 2269 2420 seilicet
2290 2394 2453 2420 vacuum

1397 2442 1450 2473 est
1476 2436 1576 2480 locus
1604 2437 1641 2472 in
1670 2448 1742 2484 quo
1767 2448 1840 2472 non
1861 2442 1915 2472 est
1931 2448 2065 2485 corpus
2091 2448 2212 2486 grave
2232 2436 2291 2472 vel
2309 2436 2397 2472 leve.

1454 2490 1486 2525 5.
1516 2488 1663 2526 Deinde
1684 2501 1772 2525 cum
1793 2489 1899 2525 dicit:
1929 2490 2002 2525 Sed
2020 2489 2280 2526 inconveniens
2298 2494 2352 2524 est
2369 2496 2451 2535 etc.,

1397 2541 1558 2578 ostendit
1577 2541 1668 2589 quid
1692 2541 1910 2578 addendum
1940 2542 1986 2578 sit
2013 2543 2062 2579 ad
2089 2543 2187 2578 hanc
2215 2541 2451 2588 significatio-

1396 2607 1486 2631 nem
1502 2595 1533 2630 *.
1550 2594 1648 2630 Dicit
1667 2594 1767 2630 enim
1783 2594 1886 2642 quod
1901 2594 2171 2631 inconveniens
2187 2601 2242 2629 est
2261 2593 2290 2629 si
2311 2593 2453 2630 dicatur
2481 2605 2490 2613 ·

1397 2647 1501 2695 quod
1519 2653 1703 2695 punctum
1723 2646 1768 2683 sit
1785 2659 1967 2694 vacuum,
1990 2659 2077 2683 cum
2097 2654 2224 2683 tamen
2245 2647 2291 2682 de
2309 2654 2450 2694 puncto

1397 2700 1470 2737 dici
1497 2699 1615 2748 possit
1647 2699 1750 2747 quod
1783 2699 1821 2736 in
1851 2707 1992 2747 puncto
2021 2712 2098 2736 non
2131 2699 2176 2735 sit
2209 2710 2345 2746 corpus
2373 2706 2451 2735 tan-

1396 2753 1519 2800 gibile.
1550 2753 1712 2800 Oportet
1739 2764 1828 2799 ergo
1858 2752 1997 2788 addere
2026 2752 2130 2801 quod
2147 2763 2313 2788 vacuum
2335 2751 2380 2787 sit
2398 2752 2450 2787 lo-

1398 2817 1463 2841 cus
1491 2805 1530 2842 in
1557 2817 1634 2853 quo
1663 2816 1741 2841 non
1770 2805 1815 2841 sit
1844 2817 1980 2853 corpus
2008 2804 2202 2852 tangibile,
2233 2804 2299 2840 sed
2328 2803 2373 2840 sit
2400 2804 2451 2840 ibi

1397 2857 1560 2906 spatium
1576 2857 1833 2905 susceptivum
1854 2857 2022 2906 corporis
2041 2857 2240 2905 tangibilis:
2258 2856 2354 2893 'sicut
2369 2869 2450 2893 cae-

1398 2922 1485 2946 cum
1515 2910 1648 2947 dicitur
1675 2910 1779 2958 quod
1809 2917 1909 2946 caret
1934 2910 2038 2956 visu,
2073 2918 2202 2946 natum
2232 2916 2357 2946 autern
2386 2910 2450 2946 ha-

1397 2963 1499 3000 bere.
1529 2963 1578 2999 Et
1605 2963 1657 2999 sic
1686 2963 1909 2999 concludit*
1930 2963 2034 3011 quod
2061 2975 2138 3000 uno
2173 2962 2290 2998 modo
2320 2962 2452 3000 dicitur

1395 3027 1576 3061 vacuum,
1598 3015 1760 3064 spatium
1786 3015 1890 3063 quod
1918 3028 1996 3052 non
2024 3023 2079 3052 est
2105 3016 2261 3064 plenum
2292 3027 2449 3064 corpore

1397 3068 1561 3104 sensibili
1581 3068 1791 3104 secundum
1811 3075 1962 3115 tactum,
1984 3068 2087 3116 quod
2107 3068 2243 3104 scilicet
2262 3076 2316 3105 est
2336 3080 2449 3115 grave

1396 3121 1458 3158 vel
1486 3122 1581 3157 leve.

1451 3174 1486 3209 6.
1509 3173 1655 3209 Deinde
1685 3185 1772 3209 cum
1792 3172 1895 3210 dicit:
1930 3173 2035 3210 Unde
2062 3178 2098 3209 et
2121 3173 2156 3208 si
2180 3172 2358 3208 dubitabit
2382 3171 2448 3207 ali-

1397 3226 1477 3273 quis
1507 3233 1591 3271 etc.,
1621 3233 1794 3263 removet
1821 3225 2012 3273 quandam
2040 3224 2319 3269 dubitationem,
2351 3235 2447 3270 quae

1398 3285 1467 3314 est:
1495 3285 1622 3314 utrum
1643 3278 1672 3314 si
1691 3277 1729 3314 in
1749 3278 1873 3325 aliquo
1899 3277 2017 3325 spatio
2047 3277 2091 3313 sit
2119 3277 2223 3312 color
2237 3276 2297 3312 vel
2317 3287 2445 3321 sonus,

1397 3330 1599 3367 dicendum
1632 3330 1676 3366 sit
1702 3342 1868 3366 vacuum
1896 3330 1957 3365 vel
1989 3341 2087 3365 non:
2118 3336 2154 3364 et
2186 3329 2259 3364 hoc
2293 3335 2447 3376 propter

1396 3383 1658 3419 definitionem
1685 3382 1808 3430 primo
1829 3381 1966 3426 datam,
1988 3381 2123 3417 scilicet
2141 3392 2306 3416 vacuum
2336 3387 2391 3416 est
2409 3379 2446 3416 in

1378 3447 1472 3482 ⁴quo
1501 3435 1589 3471 nihil
1619 3441 1683 3470 est.
1714 3435 1762 3469 Et
1789 3433 1898 3469 solvit
1926 3433 2030 3480 quod
2058 3433 2087 3469 si
2115 3432 2275 3481 spatium
2303 3432 2341 3469 in
2368 3445 2445 3481 quo

1396 3494 1451 3523 est
1477 3494 1622 3524 tantum
1643 3498 1757 3522 sonus
1775 3485 1836 3522 vel
1857 3486 1970 3532 color,
1991 3485 2036 3521 sit
2051 3487 2069 3504 ᾗ
2089 3485 2345 3534 susceptivum
2365 3497 2445 3521 cor·
2474 3495 2482 3504 ’
2498 3497 2533 3517 est
2545 3502 2567 3517 1>-

338 3609 364 3642 α)
379 3616 482 3641 ponens
500 3609 599 3634 scilicet
610 3607 827 3640 opiniones.-1>b
845 3615 898 3632 om.
907 3614 1018 3640 ponens,
1033 3607 1102 3640 quod
1116 3607 1158 3631 NZ
1173 3612 1340 3639 corrumpunt
1358 3607 1384 3631 in
1397 3607 1552 3639 positiones.

427 3663 496 3696 Opp.
515 3663 546 3687 D.
561 3662 674 3687 'ramma
692 3662 724 3686 T.
743 3662 772 3687 ΙΙ.

2236 3661 2267 3685 23

2475 1396 2486 1406 ⁸
2499 1401 2583 1423 corpus
2599 1401 2646 1416 om.
2657 1401 2686 1416 m

2522 2603 2678 2630 definitionem

2480 2630 2548 2652 codd.
2563 2633 2585 2651 et
2594 2636 2609 2651 α
2618 2630 2638 2651 b.
2653 2629 2689 2651 cf.

2480 2663 2543 2678 num.
2557 2662 2577 2684 3.

2479 2973 2632 2995 'concluditur
2637 2973 2689 2995 rab.
