2950 4004
254 2610 263 2619 “
271 2609 330 2630 illud
337 2609 404 2631 codd.
415 2615 464 2631 cxc.

252 2642 340 2656 nanno.

252 2667 262 2677 ⁸
277 2666 340 2687 omni
352 2673 399 2688 om.
414 2673 451 2688 tc.

253 2771 262 2781 ⁸
274 2770 333 2791 Infra
349 2770 392 2792 hoc
401 2777 463 2793 num.

254 3086 263 3096 ⁸
280 3088 358 3107 natum
373 3085 442 3107 codd.

251 3115 273 3133 et
287 3117 302 3133 a
311 3112 331 3133 b.

254 3192 261 3199 ·
278 3190 348 3212 Num.
363 3197 395 3212 lo.

255 3250 262 3258 ·
278 3247 347 3268 Num.
362 3247 387 3268 n.

255 3300 264 3309 ⁸
279 3299 348 3320 Num.
364 3305 392 3320 ιτ.

254 3404 263 3413 ⁸
279 3409 366 3424 omnem
381 3403 432 3424 add.
451 3409 464 3423 ι

254 3435 275 3451 G.

256 3508 264 3516 ⁸
280 3507 348 3528 Num.
364 3514 383 3535 3.

254 3560 263 3569 ⁸
279 3559 349 3580 Num.
363 3565 383 3586 7.

509 300 580 336 128

1132 298 1476 335 PHYSICORUM
1503 299 1850 336 ARISTOTELIS
1881 300 1974 336 LIB.
2004 300 2053 336 111

497 378 603 413 ’Όλως
639 375 675 407 δέ
709 375 847 429 φανερρν
882 375 935 407 ὅτι
971 371 1140 408 ἀδύνατον
1180 374 1251 418 ἅμα
1285 374 1420 416 ἄπειρον
1452 374 1563 427 λέγε-ἒν
1619 377 1785 408 *Omnino
1802 383 1908 408 autem
1925 377 2128 408 manifestum
2148 385 2194 409 est
2207 379 2296 419 quod
2311 379 2505 420 impossibile
2521 387 2567 412 est
2583 381 2678 412 simul
2703 387 2714 398 ⁶
2728 386 2795 409 Text·
2809 393 2842 416 53·

569 420 667 463 σῶμα
695 422 752 451 καὶ
779 431 885 452 τοπυν
917 420 996 452 τινα
1026 417 1112 451 εἶναι
1145 423 1215 455 τοῖς
1245 418 1416 462 σώμασιν,
1442 419 1469 450 εἰ
1495 430 1562 451 παν

569 465 666 507 σῶμα
692 463 853 500 αἰσθητὸν
880 462 900 499 ’ἢ
928 463 1027 517 βαρος
1061 463 1128 508 ἔχει
1154 461 1174 499 ἦ
1199 463 1420 506 κουφότητα,
1451 464 1509 494 καὶ
1535 463 1562 501 εἰ

568 507 626 551 μὲν
653 507 751 550 βαρύ,
779 508 834 540 ἐπὶ
861 506 1026 559 τόιμεσον
1053 508 1122 552 ἔχει
1148 506 1212 543 τήν
1231 507 1334 551 φοράν
1355 506 1463 551 φύσει·
1481 507 1508 538 εἰ
1526 507 1571 538 δὲ*

837 550 843 560 ,
1042 551 1048 560 ,

567 553 703 595 κοῦφον,
725 552 803 584 ἅνω.
851 553 986 596 Αναγκη
1005 563 1068 597 γαρ
1085 552 1143 583 καὶ
1162 551 1202 584 τὸ
1220 552 1369 594 ἄπειρον,
1391 545 1561 583 ἀδύνατον

568 591 605 626 δὲ
630 594 650 631 ἦ
679 595 770 627 ἅπαν
803 596 1025 639 ὁποτερονοῦν
1057 593 1077 631 ἦ
1103 594 1144 628 τὸ
1174 594 1275 639 ἥμισυ
1311 594 1471 637 ἑκάτερον
1505 606 1561 626 πε-

930 635 1069 679 διελεῖς;
1096 637 1117 676 ἦ
1139 640 1208 677 πῶς
1226 640 1288 671 τοῦ
1308 637 1445 683 ἀπείρου
1463 638 1561 671 ἔσται

569 638 739 671 πονθέναι·
759 640 827 677 πῶς
847 639 894 685 γα

865 683 871 694 “
895 650 933 715 ge*
957 682 1066 724 κάτω,
1093 682 1114 719 ἦ
1141 683 1289 727 ἔσχατον
1315 682 1335 720 ἦ
1361 682 1482 726 μέσον;

569 684 610 715 τὸ
635 683 693 728 μὲν
721 683 801 723 ἄνω,
831 695 871 716 το

493 770 570 803 Ἔτι
595 771 662 802 πᾶν
687 771 784 814 σῶμα
811 770 972 808 αἰσθητὸν
998 771 1033 802 ἐν
1059 769 1173 811 τόπῳ,
1207 770 1315 802 τόπου
1340 765 1378 802 δὲ
1402 765 1472 807 εἴδη
1503 772 1560 802 καὶ

566 809 730 859 διαφοραὶ
750 815 792 847 τὸ
819 815 885 847 ἄνω
909 816 967 847 καὶ
991 814 1099 856 κοίτω,
1125 816 1184 846 καὶ
1210 813 1392 858 ἔμπροσθεν
1412 815 1470 846 καὶ
1488 813 1560 846 ὄπι-

566 857 654 900 σθεν,
672 860 731 890 καὶ
750 854 859 900 δεξιὸν
883 861 941 891 καὶ
969 858 1153 903 ἀριστερόν·
1180 860 1238 890 καὶ
1264 859 1382 891 ταῦτα
1404 859 1442 890 οὗ
1460 857 1573 901 μόνον’

567 903 646 946 πρὸς
672 903 761 946 ἡμᾶς
789 906 846 935 καὶ
877 902 985 944 θέσει,
1021 901 1112 935 ἀλλοὶ
1139 903 1197 934 καὶ
1229 903 1263 934 ἐν
1294 903 1388 944 αὐτῷ
1413 903 1460 943 τῷ
1496 901 1559 943 ὅλῳ

565 941 752 991 διώρισται.
785 943 973 981 Ἀδύνατον
998 943 1029 979 ’δ’
1052 948 1085 979 ἑν
1110 947 1156 988 τῷ
1177 947 1299 991 ἀπείρῳ
1319 944 1405 979 εἶναι
1426 947 1556 979 ταῦτα.

495 991 624 1028 Ἀπλῶς
649 986 677 1022 δ’
706 991 733 1022 εὶ
760 987 929 1024 ἀδύνατον
964 993 1071 1024 τόπον
1098 991 1233 1035 ἄπειρον
1265 978 1372 1032 εἶναι,
1405 988 1438 1022 ἐν
1462 989 1558 1032 τόπῳ

565 1035 603 1066 δὲ
634 1035 701 1067 πᾶν
733 1035 854 1080 σῶμα,
889 1032 1059 1069 ἀδύνατον
1095 1034 1230 1080 ἄπειρόν
1263 1047 1296 1068 τι
1330 1032 1415 1067 εἶναι
1446 1035 1555 1079 σῶμα.

560 1079 668 1111 ’Anci
697 1078 762 1121 μὴν
788 1079 829 1112 τό
853 1092 891 1125 γε
924 1081 989 1113 ποῦ
1016 1078 1048 1112 ἑν
1074 1079 1190 1121 τόπῳ,
1221 1081 1280 1111 καὶ
1305 1079 1346 1111 τὸ
1371 1079 1404 1111 ἐν
1437 1077 1556 1120 τόπῳ,

565 1124 642 1154 ποῦ.
670 1123 708 1154 Ei
725 1122 780 1154 οὖν
799 1120 884 1167 μηδὲ
903 1123 1020 1165 ποσόν,
1042 1119 1151 1170 [οὐδ’]
1172 1122 1274 1156 οἶόντ’
1295 1120 1380 1155 εἶναι
1401 1122 1442 1155 τὸ
1465 1123 1559 1155 α”πει-

565 1178 632 1210 ρον·
660 1166 764 1199 πόσον
795 1167 859 1215 γάρ
886 1180 919 1202 τι
945 1169 1064 1210 ἔσται,
1099 1168 1167 1200 οἷον
1197 1162 1323 1213 δίπηχυ
1349 1167 1369 1204 ἦ
1395 1169 1554 1212 τρίπηχυ·

564 1211 681 1243 ταῦτα
705 1212 770 1256 γοὶρ
795 1215 949 1258 σημαίνει
974 1213 1015 1245 τὸ
1040 1211 1159 1245 ποσόν·
1186 1211 1276 1245 οὕτω
1300 1213 1357 1244 καὶ
1383 1212 1416 1244 ἐν
1439 1211 1554 1252 τόπῳ,

566 1254 618 1288 ὅτι
651 1258 729 1288 ποῦ·
756 1258 862 1291 τοῦτο
891 1253 929 1289 δὲ
954 1256 975 1293 ἦ
1002 1256 1068 1290 ἄνω
1094 1255 1115 1293 ἦ
1138 1255 1235 1289 κάτω
1260 1255 1280 1293 ἦ
1308 1257 1340 1287 ὲν
1374 1256 1460 1298 ἄλλῃ
1491 1257 1556 1288 τινὶ

563 1294 743 1333 διαστάσει
759 1302 825 1334 τῶν
844 1301 894 1342 ἕξ·
913 1300 1045 1335 τούτων
1063 1296 1092 1332 δ’
1113 1299 1259 1333 ἕκαστον
1277 1299 1381 1343 πέρας
1400 1303 1433 1333 τί
1452 1299 1554 1333 ἐστιν.

551 1483 691 1511 ὃγΝοΡςῐε
708 1499 742 1503 -
764 1492 786 1511 1.
804 1484 1014 1521 Argumentum
1036 1490 1064 1511 et
1084 1483 1185 1511 divisio
1206 1489 1308 1511 textus.
1323 1499 1342 1504 -
1357 1483 1491 1516 Quatuor
1510 1491 1555 1509 ra-

495 1521 589 1550 tiones
603 1523 640 1550 ad
654 1523 846 1559 probandum,
862 1524 971 1560 absque
986 1523 1042 1551 ulla
1063 1522 1271 1559 suppositione,
1286 1531 1347 1550 non
1368 1521 1430 1549 dari
1451 1530 1556 1557 corpus

495 1561 628 1590 sensibile
649 1561 800 1590 infinitum.
817 1579 835 1584 -
850 1570 877 1590 2.
899 1562 968 1590 Tria
982 1562 1210 1598 praenotamina.
1225 1578 1244 1582 —
1260 1562 1285 1589 3.
1308 1561 1410 1588 Prima
1428 1560 1511 1588 ratio.
1527 1559 1556 1588 Si

494 1607 621 1638 ponatur
643 1601 762 1638 aliquod
782 1611 886 1638 corpus
900 1601 1059 1636 infinitum,
1081 1602 1166 1629 debet
1189 1610 1250 1628 esse
1277 1606 1327 1628 aut
1349 1606 1444 1628 totum
1471 1599 1556 1628 unius

494 1640 598 1677 speciei
625 1649 691 1668 cum
715 1640 772 1669 suis
793 1641 936 1677 partibus;
965 1647 1014 1668 aut
1041 1641 1145 1668 habere
1166 1647 1261 1677 partes
1288 1639 1470 1668 dissimilium
1491 1649 1554 1676 spe-

494 1679 610 1708 cierum.
633 1695 652 1700 —
672 1680 710 1707 At
731 1679 754 1708 si
775 1680 910 1717 primum,
933 1681 1017 1708 debet
1038 1689 1099 1708 esse
1121 1687 1170 1708 aut
1190 1679 1315 1708 totaliter
1329 1679 1487 1715 immobile,
1507 1685 1556 1707 aut

492 1719 618 1747 totaliter
638 1727 751 1756 semper
772 1719 881 1748 moveri
908 1721 987 1756 (non
1015 1720 1092 1748 enim
1106 1726 1200 1757 potest
1221 1718 1358 1756 assignari
1378 1718 1452 1747 ratio
1467 1727 1556 1755 quare

492 1767 551 1786 una
573 1767 639 1795 pars
667 1766 816 1787 moveatur
843 1769 957 1788 sursum
985 1759 1076 1796 magis
1104 1768 1191 1796 quam
1216 1759 1368 1794 deorsum,
1397 1758 1441 1786 vel
1468 1758 1556 1786 altera

493 1798 620 1836 quiescat
641 1797 687 1825 hic
713 1798 810 1836 potius
837 1808 926 1836 quam
946 1799 1044 1835 alibi):
1071 1805 1226 1835 utrumque
1247 1804 1343 1826 autem
1364 1797 1485 1826 istorum
1514 1804 1556 1825 est

493 1836 685 1874 impossibile:
700 1847 768 1866 narn
783 1847 834 1875 per
847 1839 968 1867 alterum
983 1839 1141 1875 excluditur
1155 1838 1244 1874 quies,
1259 1846 1311 1874 per
1324 1837 1444 1865 alterum
1462 1837 1555 1864 exclu-

493 1877 569 1905 ditur
590 1882 686 1905 motus
707 1887 724 1906 a
744 1879 843 1913 rebus,
865 1884 893 1906 et
912 1884 1036 1915 utroque
1057 1878 1147 1906 modo
1169 1877 1277 1906 tollitur
1296 1876 1370 1905 ratio
1391 1882 1518 1904 naturae.
1538 1893 1555 1897 -

491 1927 520 1953 4.
543 1917 573 1946 Si
587 1926 684 1947 autem
699 1918 782 1946 detur
796 1917 876 1954 quod
895 1926 999 1954 corpus
1020 1917 1163 1945 infinitum
1178 1917 1280 1945 habeat
1294 1923 1388 1953 partes
1403 1915 1555 1944 dissimiles

492 1958 652 1986 secundum
673 1957 806 1994 speciem,
829 1963 856 1985 et
877 1963 1086 1994 consequenter
1099 1956 1248 1984 dissimilia
1268 1956 1325 1984 sint
1344 1956 1409 1984 loca
1430 1955 1555 1984 diversa-

492 2006 557 2024 rum
571 1998 705 2034 partium⁷
723 1996 852 2033 sequitur
861 1997 960 2033 primo
977 1997 1058 2033 quod
1073 1996 1217 2024 infinitum
1232 2005 1292 2024 non
1307 1995 1360 2024 erit
1373 2005 1464 2023 unum
1486 1995 1554 2023 sim·

488 2037 616 2074 pliciter,
632 2038 682 2065 sed
703 2036 798 2064 solum
813 2036 971 2064 secundum
991 2036 1068 2073 quid,
1091 2042 1192 2064 contra
1212 2035 1241 2063 id
1256 2036 1336 2072 quod
1350 2035 1519 2072 ponebatur.
1535 2051 1554 2055 -

494 2077 519 2104 5.
543 2077 675 2105 Secundo
689 2082 784 2113 partes
805 2075 870 2104 illae
884 2075 1036 2104 dissimiles
1057 2075 1215 2104 secundum
1237 2074 1361 2111 speciem
1376 2083 1490 2103 necesse
1513 2080 1554 2102 est

491 2116 571 2152 quod
598 2117 655 2144 sint
682 2122 776 2152 partes
803 2121 853 2143 aut
880 2115 1024 2143 finitarum
1051 2121 1100 2143 aut
1127 2114 1303 2143 infinitarum
1331 2114 1489 2152 specierum
1512 2123 1555 2141 se-

490 2156 618 2183 cundum
639 2164 802 2184 numerum.
818 2155 948 2183 Primum
962 2161 1004 2183 est
1017 2154 1210 2191 impossibile;
1231 2163 1300 2182 nam
1321 2163 1387 2182 cum
1410 2153 1554 2182 infinitum

490 2204 552 2223 non
572 2195 664 2232 possit
685 2194 822 2231 componi
844 2204 877 2223 ex
898 2194 984 2222 finitis
1005 2203 1128 2222 numero
1150 2200 1178 2222 et
1198 2193 1411 2231 magnitudine,
1440 2193 1553 2230 aliquae

490 2241 585 2271 partes
612 2235 750 2263 deberent
776 2243 838 2262 esse
865 2233 992 2262 infinitae
1019 2234 1177 2262 secundum
1206 2233 1446 2270 magnitudinem,
1469 2239 1496 2260 et
1517 2232 1555 2260 ita

491 2280 709 2311 corrumperent
723 2273 792 2302 alias
808 2280 927 2310 propter
947 2273 1187 2302 contrarietatem.
1203 2290 1221 2294 -
1236 2274 1263 2300 6.
1279 2273 1444 2300 Secundum
1466 2271 1552 2300 etiam

491 2323 552 2342 non
573 2320 667 2350 potest
687 2313 798 2342 admitti
827 2313 895 2350 quia
915 2313 993 2341 ducit
1014 2313 1050 2341 ad
1078 2313 1149 2351 haec
1169 2311 1371 2348 impossibilia,
1393 2320 1498 2348 nempe
1526 2317 1554 2339 et

492 2354 572 2390 quod
586 2353 650 2382 loca
664 2353 720 2382 sint
740 2352 851 2381 infinita
872 2353 1030 2381 secundum
1052 2351 1177 2389 speciem
1194 2358 1222 2380 et
1237 2352 1317 2388 quod
1334 2352 1477 2379 elementa
1497 2351 1554 2379 sint

627 2455 683 2487 ..ς’
761 2452 936 2494 ostquam
979 2445 1234 2493 Philosophus
1276 2443 1440 2481 ostendit
1475 2455 1553 2481 non

571 2526 580 2537 ,
627 2502 667 2546 ζςῖ·
712 2495 841 2535 <nesse
868 2511 1004 2547 corpus
1033 2497 1205 2534 sensibile
1235 2496 1435 2543 infinitum,
1457 2497 1553 2533 facta

689 2593 692 2596 ,
714 2536 744 2597 ’Ξ
760 2551 1019 2600 suppositione
1049 2551 1154 2599 quod
1173 2550 1245 2587 sint
1264 2551 1451 2586 elementa
1470 2549 1551 2586 fini-

693 2603 699 2610 “
730 2599 741 2611 '
759 2611 807 2651 ta,
822 2604 884 2641 hic
904 2603 1066 2641 ostendit
1085 2603 1186 2640 idern
1198 2603 1217 2623 '¹‘
1231 2602 1448 2651 simpliciter
1467 2602 1551 2638 abs-

492 2669 565 2706 que
595 2657 699 2693 omni
722 2658 741 2676 '¹'
765 2657 1036 2706 suppositione.
1067 2657 1116 2692 Et
1142 2655 1269 2704 primo
1299 2654 1387 2691 dicit
1407 2654 1454 2691 de
1474 2666 1551 2702 quo

492 2716 546 2746 est
573 2709 748 2755 intentio;
778 2709 946 2747 secundo
976 2708 1171 2757 exequitur
1197 2707 1448 2756 propositum,
1477 2706 1550 2743 ibi:

489 2763 629 2811 Aptum
666 2763 764 2799 enim
793 2769 922 2799 natum
955 2768 1007 2798 est
1035 2762 1054 2782 ἦ*
1085 2768 1152 2797 etc.
1179 2759 1279 2797 Dicit
1305 2771 1393 2807 ergo
1426 2759 1550 2808 primo

491 2815 596 2863 quod
625 2827 669 2851 ex
697 2815 741 2852 iis
769 2827 866 2863 quae
897 2821 1105 2863 sequuntur
1137 2820 1287 2861 oportet
1313 2812 1550 2849 considerare

491 2868 538 2905 de
558 2867 664 2904 omni
692 2879 851 2916 corpore
870 2866 1143 2912 universaliter,
1173 2866 1273 2902 nulla
1293 2865 1550 2914 suppositione

491 2921 607 2967 facta,
642 2919 672 2956 si
701 2920 890 2968 contingat
917 2919 1190 2968 quodcumque
1219 2930 1356 2966 corpus
1384 2919 1549 2955 naturale

493 2985 573 3010 esse
600 2972 800 3009 infinitum.
827 2973 876 3008 Et
899 2982 944 3009 ex
969 2972 1212 3020 sequentibus
1241 2970 1446 3008 rationibus
1470 2983 1549 3008 ma-

492 3025 669 3062 nifestum
698 3025 763 3062 fiet
791 3024 894 3074 quod
923 3037 1012 3062 non.
1147 3038 1149 3040 ’

545 3077 692 3115 Deinde
708 3089 796 3115 curn
813 3077 914 3115 dicit:
939 3078 1077 3126 Aptum
1097 3076 1196 3114 enim
1211 3082 1340 3113 natum
1358 3077 1377 3097 ³⁸
1395 3082 1448 3112 est
1467 3083 1548 3122 etc.,

492 3130 653 3167 ostendit
676 3130 914 3179 propositum
939 3138 1101 3178 quatuor
1123 3128 1341 3166 rationibus.
1372 3128 1549 3166 Secunda

492 3183 619 3232 incipit
638 3183 707 3220 ibi:
733 3183 1035 3220 Omnino'autem
1056 3183 1293 3231 manifestum
1307 3182 1326 3203 *
1342 3189 1423 3227 etc.;
1444 3181 1550 3218 tertia

491 3235 557 3273 ibi:
576 3235 748 3284 Amplius
775 3248 886 3273 omne
913 3247 1047 3284 corpus
1069 3234 1238 3272 sensibile
1261 3235 1280 3256 *
1305 3241 1392 3280 etc.;
1418 3242 1550 3283 quarta

490 3288 557 3325 ibi:
587 3289 808 3337 Simpliciter
840 3294 963 3325 autem
1000 3289 1033 3325 si
1059 3287 1282 3336 impossihile
1306 3288 1325 3309 ἐς
1350 3294 1418 3324 etc.
1441 3287 1550 3324 Circa

491 3341 654 3389 primam
683 3342 868 3379 rationem
892 3341 960 3378 tria
993 3340 1098 3378 facit:
1128 3341 1251 3390 primo
1279 3340 1550 3388 praesupponit

492 3394 680 3441 quaedam
701 3393 910 3431 necessaria
926 3393 973 3431 ad
990 3394 1010 3415 *
1030 3393 1233 3439 rationem;
1254 3392 1423 3430 secundo
1443 3392 1550 3441 ponit

493 3445 677 3482 rationem
706 3446 781 3484 ibi:
816 3447 942 3489 Quare
968 3446 1002 3483 si
1028 3446 1174 3495 quidem
1209 3445 1256 3483 sit
1281 3445 1442 3482 eiusdem
1470 3457 1548 3494 spe-

494 3498 588 3533 ciei*
606 3506 687 3543 etc.;
708 3499 814 3536 tertio
837 3499 998 3537 excludit
1018 3499 1211 3548 quandam
1241 3498 1373 3535 falsam
1403 3498 1548 3546 opinio-

492 3561 594 3596 nem,
614 3549 664 3586 ibi
677 3552 944 3602 :Anaxagoras
972 3558 1095 3589 autem
1125 3551 1423 3588 inconvenienter
1441 3551 1460 3572 ’⁸
1479 3559 1546 3588 etc.

548 3614 582 3638 2.
613 3603 817 3640 praemittit
846 3617 934 3651 ergo
967 3605 1046 3642 tria.
1088 3606 1265 3651 Quorum
1298 3603 1464 3653 primum
1494 3611 1549 3641 est

1684 420 1845 452 infinitum
1869 421 1968 452 dicere
1991 431 2118 461 corpuS,
2136 428 2167 452 et
2184 422 2293 452 locum
2316 424 2476 464 quendam
2492 425 2676 465 corporibus

1686 474 1762 503 esse,
1790 465 1816 495 si
1844 475 1940 495 omne
1973 475 2088 505 corpus
2121 465 2264 496 sensibile
2293 474 2347 498 aut
2378 468 2560 507 gravitatem
2584 469 2678 501 habet

1684 515 1739 540 aut
1753 507 1929 547 levitatem;
1947 515 1977 539 et
1993 509 2016 539 si
2033 519 2125 548 grave
2142 509 2271 550 quidem
2287 517 2343 548 est,
2361 511 2393 541 in
2409 511 2551 542 medium
2566 519 2677 544 natura

1683 552 1777 583 habet
1800 552 1887 591 ferri,
1911 553 1936 583 si
1955 563 2030 583 vero
2054 552 2133 592 leve,
2157 563 2293 584 sursum.
2317 555 2451 585 Necesse
2474 562 2520 586 est
2543 556 2628 587 enim
2646 563 2677 588 et

1683 595 1844 627 infinitum
1866 606 1991 636 corpus.
2015 597 2212 637 Impossibile
2238 605 2344 629 autem
2368 604 2423 629 aut
2439 608 2534 630 omne
2554 606 2675 631 utrum-

1682 640 1768 678 libet,
1789 647 1844 671 aut
1866 640 2008 671 medium
2028 647 2199 682 utrumque
2216 642 2377 673 sustinere.
2398 642 2574 679 Quomodo
2591 644 2676 675 enim

1683 682 1821 714 divides?
1843 691 1898 715 aut
1916 685 2082 725 quomodo
2100 685 2213 716 infiniti
2237 685 2294 716 erit
2309 685 2371 716 hoc
2392 686 2523 727 quidem
2538 697 2675 727 sursum,

1682 728 1761 758 illud
1783 734 1890 758 autem
1913 729 2073 767 deorsum,
2097 736 2151 759 aut
2174 729 2324 760 ultimum
2347 736 2402 760 aut
2424 728 2588 761 medium?

1615 771 1797 812 *Amplius,
1817 782 1913 802 omne
1941 782 2056 812 corpus
2082 773 2226 803 sensibile
2240 773 2272 804 in
2295 773 2368 804 loco
2393 780 2448 805 est.
2473 774 2551 805 Loci
2570 781 2676 805 autem

1677 815 1794 856 species
1811 822 1842 846 et
1857 815 2056 855 differentiae,
2072 827 2198 847 sursum
2215 823 2245 848 et
2263 817 2423 856 deorsum,
2443 823 2515 848 ante
2534 824 2565 849 et
2581 824 2675 858 retro,

1682 860 1876 890 dextrorsum
1901 866 1932 891 et
1954 860 2162 892 sinistrorum.
2187 862 2227 892 Et
2249 861 2325 893 haec
2343 871 2410 892 non
2429 862 2535 893 solum
2553 862 2594 892 ad
2616 872 2675 893 nos

1681 910 1712 935 et
1734 903 1891 944 positione
1920 910 2004 943 sunt,
2028 905 2083 934 sed
2105 905 2138 935 in
2166 905 2237 945 ipso
2260 911 2330 936 toto
2354 905 2558 937 determinata
2590 913 2673 938 sunt.

1681 947 1877 988 Impossibile
1901 954 2007 979 autem
2029 948 2062 978 in
2085 948 2208 980 infinito
2225 949 2301 980 haec
2324 959 2400 980 esse.

1613 991 1829 1032 *Simpliciter
1843 998 1950 1022 autem
1964 991 1990 1022 si
2008 992 2204 1032 impossibile
2223 999 2270 1024 est
2287 994 2396 1024 locum
2420 1003 2487 1024 esse
2501 993 2672 1033 infinitum,

1677 1035 1711 1066 in
1734 1035 1807 1066 loco
1826 1042 1933 1066 autem
1949 1045 2044 1066 omne
2061 1046 2176 1077 corpus
2195 1043 2257 1075 est;
2277 1037 2472 1077 impossibile
2500 1044 2547 1068 est
2571 1037 2674 1068 infini-

1679 1086 1749 1110 tum
1772 1090 1838 1110 esse
1855 1080 1984 1121 aliquod
2008 1090 2134 1120 corpus,
2158 1082 2201 1111 At
2222 1090 2298 1111 vero
2321 1081 2410 1122 quod
2433 1081 2547 1112 alicubi
2571 1089 2627 1119 est,
2643 1089 2675 1113 et

1678 1123 1711 1153 in
1734 1124 1806 1154 loco
1831 1131 1892 1162 est;
1915 1130 1945 1154 et
1967 1124 2055 1164 quod
2074 1124 2106 1154 in
2129 1125 2202 1154 loco
2227 1131 2284 1163 est,
2308 1124 2424 1155 alicubi
2445 1131 2501 1156 est.
2525 1125 2558 1156 Si
2580 1125 2675 1165 igitur

1678 1177 1785 1208 neque>
1809 1167 2016 1208 quantitatem
2045 1167 2194 1208 possibile
2217 1174 2264 1198 est
2285 1167 2440 1199 infinitam
2464 1176 2551 1200 esse:
2575 1176 2674 1210 quan-

1674 1218 1744 1242 tum
1773 1211 1859 1242 enirn
1886 1211 2005 1252 aliquid
2031 1211 2097 1249 erit,
2122 1217 2158 1242 ut
2185 1211 2361 1242 bicubitum
2389 1218 2444 1243 aut
2474 1212 2674 1252 tricubitum;

1678 1255 1755 1286 haec
1778 1255 1863 1285 enirn
1885 1254 2060 1295 significant
2083 1261 2258 1295 quantum:
2285 1255 2328 1286 sic
2350 1255 2383 1286 in
2408 1255 2497 1295 loco,
2525 1256 2601 1298 quia
2619 1257 2673 1287 ali-

1679 1299 1760 1329 cubi.
1777 1299 1850 1329 Hoc
1873 1305 1919 1329 est
1941 1305 2048 1329 autem
2071 1305 2125 1329 aut
2148 1307 2275 1330 sursum
2302 1306 2356 1330 aut
2384 1299 2544 1340 deorsum,
2563 1307 2618 1332 aut
2641 1301 2676 1332 in.

1678 1343 1783 1383 aliqua
1814 1342 1873 1372 alia
1904 1342 2067 1381 distantia,
2097 1352 2179 1383 quae
2208 1349 2282 1374 sunt
2311 1350 2384 1374 sex:
2419 1344 2537 1375 horum
2567 1351 2674 1376 autem

1678 1386 1934 1427 unumquodque
1958 1386 2110 1417 terminus
2126 1386 2238 1427 aliquis
2262 1393 2317 1418 est.

1609 1481 1728 1509 infinita.
1739 1497 1758 1501 -
1769 1490 1796 1518 7.
1812 1480 2048 1509 Inconvenienter
2062 1481 2248 1519 Anaxagoras
2262 1481 2415 1519 assignavit
2428 1482 2569 1512 rationem
2584 1492 2673 1521 quare

1608 1520 1753 1560 infinitum
1773 1520 1910 1558 quiescat,
1932 1520 2056 1549 dicendo
2077 1521 2158 1558 quod
2178 1520 2321 1550 infinitum
2347 1521 2468 1559 quiescit
2487 1522 2557 1560 quia
2579 1529 2622 1551 est
2641 1523 2672 1552 in

1608 1560 1703 1596 seipso
1724 1566 1752 1588 et
1772 1569 1833 1589 non
1854 1561 1940 1588 habet
1960 1567 2039 1588 extra
2059 1569 2090 1589 se
2110 1569 2170 1598 quo
2198 1567 2357 1589 moveatur.
2379 1578 2398 1584 -
2417 1562 2444 1590 8.
2468 1562 2543 1590 Nam
2559 1562 2669 1600 primo,

1608 1608 1670 1628 non
1696 1599 1762 1628 ideo
1789 1599 1898 1636 aliquid
1918 1600 2086 1628 naturaliter
2105 1599 2226 1637 quiescit
2250 1600 2319 1638 quia
2339 1607 2382 1630 est
2402 1600 2432 1629 in
2460 1601 2566 1638 seipso,
2588 1602 2671 1639 quasi

1608 1639 1784 1675 ubicumque
1805 1639 1914 1676 aliquid
1935 1639 1980 1675 sit,
2001 1639 2041 1668 ibi
2062 1639 2099 1668 sit
2119 1645 2219 1676 aptum
2233 1646 2334 1669 natum
2355 1649 2433 1676 esse,
2455 1642 2507 1670 sed
2519 1647 2673 1679 propterea

1608 1678 1728 1715 quiescit
1742 1678 1811 1715 quia
1825 1685 1867 1707 est
1887 1678 1918 1707 in
1938 1688 1992 1707 suo
2013 1679 2079 1708 loco
2099 1677 2230 1714 naturali,
2251 1680 2329 1708 unde
2349 1689 2411 1708 non
2431 1681 2518 1709 habet
2537 1681 2672 1718 aptitudi-

1607 1727 1676 1746 nem
1685 1718 1845 1747 naturalem
1854 1724 1886 1746 ut
1900 1725 2058 1747 moveatur.
2067 1735 2086 1740 -
2094 1729 2121 1756 9.
2134 1719 2244 1747 Deinde
2255 1719 2279 1748 si
2293 1725 2386 1748 totum
2396 1719 2540 1752 infinitum
2551 1720 2672 1758 quiescit

1608 1757 1676 1795 quia
1698 1764 1794 1786 manet
1816 1757 1846 1786 in
1866 1757 1978 1795 seipso,
2001 1759 2102 1786 eadem
2123 1758 2235 1787 ratione
2257 1759 2342 1787 etiam
2363 1759 2507 1796 quaelibet
2522 1769 2588 1797 pars
2609 1760 2671 1789 eius

1608 1806 1642 1825 ex
1656 1797 1823 1826 necessitate
1842 1797 1970 1834 quiescit.
1992 1814 2011 1819 -
2036 1807 2079 1826 10.
2102 1798 2235 1827 Secunda
2257 1798 2332 1827 ratio
2353 1799 2390 1827 ad
2410 1799 2592 1835 probandam
2607 1800 2669 1829 the-

1608 1837 1662 1865 sim
1686 1837 1767 1874 quod
1787 1846 1848 1865 non
1867 1843 1963 1873 potest
1983 1846 2045 1865 esse
2066 1846 2171 1874 corpus
2192 1837 2336 1866 infinitum
2357 1838 2387 1866 in
2407 1845 2482 1867 actu.
2503 1839 2670 1868 Secundum

1608 1876 1776 1912 opinionem
1790 1877 1962 1913 ponentium
1982 1876 2136 1912 infinitum,
2154 1886 2242 1906 omne
2257 1887 2363 1914 corpus
2376 1878 2506 1907 naturale
2525 1884 2569 1907 est
2584 1888 2670 1916 grave

1607 1916 1651 1943 vel
1673 1916 1749 1951 leve;
1766 1917 1816 1944 sed
1830 1925 1915 1953 grave
1935 1923 2050 1953 oportet
2071 1917 2151 1953 quod
2171 1917 2338 1945 naturaliter
2357 1917 2464 1946 feratur
2478 1918 2517 1946 ad
2531 1918 2668 1955 medium,

1607 1955 1668 1983 leve
1695 1962 1792 1984 autem
1807 1965 1936 1991 sursum3
1958 1965 2027 1993 ergo
2049 1955 2072 1984 si
2093 1956 2130 1984 sit
2149 1965 2254 1993 corpus
2267 1957 2397 1985 naturale
2413 1956 2567 1993 infinitum,
2582 1957 2669 1987 etiam

1607 1994 1638 2023 in
1664 1995 1728 2031 ipso
1756 1996 1872 2024 deberet
1893 1995 2013 2024 inveniri
2039 2005 2154 2024 sursum
2181 2002 2231 2024 aut
2260 1995 2407 2032 medium,
2437 2002 2487 2025 aut
2513 2003 2668 2035 utrumque

1607 2035 1766 2062 secundum
1795 2034 1919 2063 diversas
1947 2034 2130 2063 medietates:
2153 2036 2233 2072 quod
2253 2042 2350 2064 tamen
2378 2042 2421 2064 est
2439 2035 2628 2073 impossibile.
2649 2053 2670 2059 -

1612 2083 1655 2102 11.
1683 2074 1781 2103 Tertia
1802 2075 1886 2102 ratio.
1909 2075 2005 2102 Omne
2026 2084 2130 2111 corpus
2158 2074 2290 2103 sensibile
2311 2082 2354 2104 est
2373 2075 2404 2104 in
2423 2075 2499 2104 loco.
2527 2068 2667 2105 Differen-

1607 2113 1663 2142 tiae
1677 2119 1773 2142 autem
1788 2113 1844 2142 loci
1859 2120 1925 2142 sunt
1938 2123 1996 2142 sex.
2011 2115 2043 2142 In
2058 2123 2179 2150 corpore
2192 2120 2288 2142 autem
2303 2114 2415 2143 infinito
2430 2121 2472 2144 est
2491 2114 2668 2152 impossibile

1608 2153 1797 2181 determinare
1818 2153 1888 2181 illas.
1905 2170 1924 2174 -
1942 2161 1984 2181 12.
2016 2154 2129 2187 Quarta
2150 2153 2233 2182 ratio.
2255 2153 2361 2191 Nequit
2385 2163 2491 2191 corpus
2504 2161 2576 2190 ‚esse
2603 2154 2669 2184 infi-

1607 2192 1700 2220 nitum
1721 2192 1776 2220 nisi
1796 2193 1877 2221 locus
1898 2193 1934 2220 sit
1955 2192 2098 2230 infinitus3
2126 2193 2182 2221 hoc
2202 2199 2298 2221 autem
2319 2199 2363 2221 est
2389 2193 2579 2230 impossibile:
2599 2199 2669 2223 nam

1607 2241 1669 2260 esse
1690 2232 1720 2260 in
1740 2232 1806 2260 loco
1821 2238 1848 2260 et
1869 2241 1930 2260 esse
1950 2231 1980 2260 in
2001 2232 2097 2270 aliquo
2112 2232 2178 2260 loco
2193 2239 2412 2269 convertuntur3
2427 2234 2478 2262 sed
2492 2233 2670 2270 impossibile

1607 2278 1650 2300 est
1670 2271 1796 2308 aliquam
1810 2271 1935 2308 speciem
1957 2271 2013 2300 loci
2027 2280 2090 2300 esse
2102 2271 2254 2307 infinitam,
2270 2281 2336 2300 cum
2351 2273 2496 2310 quaelibet
2508 2273 2618 2310 speeies
2631 2273 2669 2302 si-

1606 2311 1722 2348 gnificet
1736 2312 1892 2348 quemdam
1905 2311 2071 2346 terminum;
2086 2320 2155 2348 ergo
2170 2311 2243 2340 sicut
2257 2312 2358 2349 nequit
2371 2321 2433 2341 esse
2447 2313 2591 2350 quantitas
2599 2312 2668 2342 infi-

1606 2351 1683 2386 nita,
1706 2350 1745 2379 ita
1765 2360 1859 2387 neque
1880 2351 1970 2386 locuS,
1992 2360 2087 2388 neque
2108 2358 2318 2388 consequenter
2339 2361 2443 2388 corpus
2464 2351 2617 2381 infinitum.

1607 2443 1712 2491 quod
1740 2455 1856 2479 omne
1891 2454 2029 2491 corpus
2066 2442 2241 2480 sensibile
2269 2443 2384 2480 habet
2420 2443 2668 2492 aptitudinem

1607 2495 1816 2532 naturalem
1853 2502 1894 2531 ut
1921 2495 1966 2532 sit
1994 2495 2031 2531 in
2060 2495 2185 2543 aliquo
2214 2496 2312 2532 loco.
2352 2495 2575 2534 Secundum
2613 2505 2668 2534 est

1606 2549 1711 2597 quod
1740 2548 1890 2585 cuilibet
1909 2548 2058 2596 corpori
2080 2548 2238 2585 naturali
2263 2547 2443 2585 convenit
2461 2548 2595 2598 aliquis
2613 2549 2668 2591 10-

1606 2613 1672 2637 cus
1691 2602 1864 2637 locorum
1884 2601 1949 2649 qui
1968 2608 2065 2638 sunt.
2096 2600 2269 2638 Tertium
2294 2608 2348 2638 est
2366 2601 2472 2649 quod
2490 2601 2593 2639 idem
2613 2609 2668 2639 est

1605 2654 1710 2690 locus
1739 2653 1916 2690 naturalis
1944 2653 2057 2690 totius
2086 2661 2122 2690 et
2148 2653 2274 2702 partis,
2291 2653 2387 2690 sicut
2404 2653 2518 2691 totius
2545 2661 2666 2691 terrae

1606 2713 1642 2742 et
1668 2705 1780 2742 unius
1799 2706 1942 2754 glebae,
1964 2713 2000 2743 et
2018 2705 2131 2743 totius
2159 2706 2253 2754 ignis
2273 2713 2310 2743 et
2332 2706 2444 2743 unius
2464 2706 2665 2744 scintillae:

1607 2766 1641 2795 et
1659 2758 1771 2796 huius
1790 2760 1810 2780 ³¹²
1836 2758 1985 2807 signum
2012 2766 2077 2806 est,
2098 2758 2204 2808 quod
2232 2758 2270 2795 in
2298 2770 2542 2808 quacumque
2560 2767 2666 2809 parte
2694 2772 2704 2782 ·

1604 2812 1677 2848 1οεὶ
1705 2811 1817 2849 totius
1844 2819 2008 2861 ponatur
2033 2824 2121 2860 pars
2151 2811 2336 2860 corporis,
2366 2811 2522 2860 quiescit
2548 2807 2612 2849 ibi.

1659 2866 1694 2901 3.
1724 2865 1872 2902 Deinde
1893 2877 1981 2902 cum
2002 2864 2109 2901 dicit:
2143 2865 2271 2907 Quare
2287 2865 2322 2901 si
2338 2865 2486 2913 quidem
2506 2865 2555 2902 sit
2570 2864 2666 2904 eius-

1604 2918 1687 2954 dem
1714 2918 1850 2966 speciei
1876 2925 1967 2964 etc.,
1996 2917 2104 2966 ponit
2136 2917 2334 2964 rationem,
2363 2929 2461 2966 quae
2489 2916 2571 2954 talis
2599 2925 2665 2954 est.

1606 2971 1645 3006 Si
1663 2977 1827 3018 ponatur
1849 2970 2003 3018 aliquod
2033 2982 2171 3018 corpus
2199 2969 2400 3017 infinitum,
2430 2977 2495 3007 aut
2517 2976 2667 3019 oportet

1605 3024 1708 3071 quod
1732 3030 1854 3059 totum
1874 3022 1919 3059 sit
1937 3022 2050 3059 unius
2078 3022 2217 3071 speciei
2238 3034 2326 3059 curn
2348 3023 2368 3044 *
2385 3022 2462 3059 suis
2485 3022 2665 3071 partibus,

1604 3075 1698 3112 sicut
1725 3087 1825 3124 aqua
1851 3075 1913 3112 vel
1942 3087 2026 3121 aer;
2056 3082 2120 3112 aut
2147 3075 2253 3124 quod
2281 3075 2418 3112 habeat
2444 3082 2569 3124 partes
2593 3075 2665 3113 dis-

1604 3127 1784 3165 similium
1812 3127 2038 3176 specierum,
2067 3135 2108 3164 ut
2135 3128 2255 3165 homo
2284 3135 2348 3165 aut
2373 3128 2512 3176 planta.

1658 3181 1698 3217 Si
1731 3181 1846 3217 habet
1879 3192 2015 3217 omnes
2046 3187 2170 3230 partes
2203 3180 2315 3218 unius
2347 3180 2507 3229 speciei,
2542 3180 2664 3230 sequi-

1604 3241 1663 3270 tur
1691 3233 1902 3270 secundum
1930 3233 2136 3282 praemissa
2155 3234 2186 3281 *,
2212 3233 2317 3281 quod
2344 3233 2406 3269 vel
2434 3233 2480 3270 sit
2506 3233 2666 3270 totaliter

1603 3286 1800 3323 immobile
1821 3294 1856 3323 et
1880 3298 2077 3335 nunquam
2106 3292 2318 3332 moveatur,
2348 3293 2412 3322 aut
2434 3285 2539 3334 quod
2566 3298 2664 3323 sern-

1602 3351 1671 3388 per
1689 3346 1902 3376 moveatur.
1924 3339 2100 3386 Quorum
2120 3346 2323 3388 utrumque
2345 3346 2399 3375 est
2417 3338 2662 3388 impossibile:

1603 3392 1692 3441 quia
1710 3404 1778 3441 per
1796 3393 1956 3429 alterum
1984 3392 2124 3429 horum
2153 3391 2362 3430 excluditur
2390 3391 2514 3440 quies,
2544 3399 2580 3428 et
2596 3402 2665 3440 per

1604 3446 1761 3482 alterum
1790 3453 1916 3482 motus
1949 3457 1971 3481 a
2000 3445 2114 3482 rebus
2147 3444 2400 3492 naturalibus,
2435 3451 2471 3481 et
2501 3451 2662 3491 utroque

1604 3498 1721 3536 modo
1741 3498 1880 3535 tollitur
1907 3497 1999 3534 ratio
2029 3504 2196 3544 naturae,
2227 3509 2315 3534 cum
2344 3504 2476 3534 natura
2499 3495 2546 3533 sit
2561 3495 2662 3544 prin-

1604 3551 1743 3600 cipium
1773 3558 1899 3588 motus
1928 3557 1964 3587 et
1991 3549 2125 3599 quietis
2144 3550 2174 3586 *.

1657 3604 1773 3650 Quod
1810 3611 1937 3640 autem
1975 3609 2152 3651 sequatur
2189 3603 2292 3650 quod
2329 3601 2375 3639 sit
2406 3600 2467 3638 vel
2502 3599 2661 3637 totaliter

2702 787 2713 797 *
2726 786 2793 809 Text.
2807 793 2842 815 5⁴·

2701 1007 2708 1016 ¹
2723 1005 2792 1029 Text.
2805 1012 2838 1036 55.

2692 3035 2703 3045 ·
2718 3034 2742 3056 {n
2754 3034 2824 3059 codd.
2838 3038 2861 3057 et
2878 3040 2907 3058 a.

2691 3245 2702 3256 ⁸
2715 3244 2786 3267 Num.
2801 3250 2876 3274 praee.

2690 3560 2698 3569 ·
2713 3558 2778 3586 quies
2792 3565 2814 3580 r.
