2898 3996
51 951 58 962 f
73 926 86 937 '
92 925 130 948 vel
135 925 203 947 codd.
210 931 259 947 exc.
264 931 286 946 ε.

47 1463 61 1486 3·
75 1453 179 1482 qnon-
189 1453 259 1475 codd.

49 1708 53 1740 ¹,
75 1717 86 1727 '¹
106 1716 188 1744 aliqua
210 1715 285 1742 nab,

75 1748 123 1765 om.
138 1748 164 1768 0.-

42 1942 57 1949 ..
77 1923 146 1947 'alta
152 1929 288 1951 ”nomam

166 1980 199 2006 ΥΥ

1143 264 1254 301 6ΑΡ.
1283 263 1336 310 Χ,
1366 262 1516 300 LECT.
1546 265 1634 300 xxl

311 343 439 390 finito,
473 341 684 379 secundum
720 354 944 379 conversam
981 341 1288 390 proportionem;
1326 348 1367 377 ut

311 396 449 433 scilicet
481 403 666 442 quantum
694 395 842 432 additur
878 395 926 432 ad
953 394 1182 443 potentiam,
1220 401 1365 430 tanturn

313 448 543 485 diminuatur
574 447 621 484 de
649 455 833 496 tempore.
859 448 908 483 Et
935 447 988 483 sic
1015 454 1366 495 quantumcumque

312 501 429 538 addas
457 500 507 537 ad
533 500 742 548 potentiam
760 500 918 546 finitam,
940 498 1153 538 dummodo
1173 505 1368 535 remaneat

310 553 478 602 potentia
505 552 631 599 finita,
661 564 812 600 semper
838 551 992 588 habebit
1017 558 1168 599 tempus
1195 550 1365 586 finitum:

312 605 402 654 quia
421 605 489 641 erit
516 605 686 653 accipere
706 604 861 652 aliquod
878 611 1030 652 tempus
1054 602 1159 651 quod
1178 602 1246 638 erit
1264 609 1366 638 tanto

312 657 438 694 minus
465 664 637 705 tempore
664 656 768 705 prius
797 656 905 703 dato,
934 661 1075 704 quanto
1112 654 1280 703 potentia
1308 666 1367 690 su-

311 721 600 759 perexcrescens
637 720 682 745 ex
714 708 926 753 additione,
957 714 1012 743 est
1043 706 1166 743 maior
1201 706 1368 755 potentia

310 761 415 811 prius
444 761 542 798 data.
572 762 649 798 Sed
675 760 843 809 potentia
869 759 1013 796 infinita
1050 759 1193 796 excellit
1220 759 1258 795 in
1285 771 1368 795 mo-

311 814 440 852 vendo
460 825 576 850 omne
595 812 886 850 determinatum
905 819 1067 859 tempus,
1083 811 1177 848 sicut
1195 811 1233 848 in
1248 811 1369 847 omni-

312 867 384 903 bus
412 866 491 903 aliis
518 865 672 902 infinitis
692 864 890 911 contingit:
920 863 1008 911 quia
1032 876 1147 900 omne
1166 863 1366 911 infinitum,

313 919 408 955 sicut
426 917 626 954 multitudo
646 923 683 953 et
698 918 718 938 '²²
733 916 966 964 magnitudo,
992 916 1136 952 excedit
1160 928 1275 952 omne
1304 916 1367 952 de-

312 969 554 1007 terminatum
592 969 650 1006 sui
677 968 835 1016 generis.
874 969 923 1005 Et
950 968 1003 1004 sic
1039 968 1281 1004 manifestum
1315 975 1370 1004 est

313 1022 417 1072 quod
444 1022 613 1071 potentia
640 1021 785 1058 infinita
814 1020 959 1057 excedit
978 1032 1135 1057 omnem
1159 1019 1368 1069 potentiam

313 1075 471 1121 finitam,
502 1086 546 1111 ex
574 1086 650 1123 quo
681 1085 854 1111 excessus
881 1072 1071 1122 potentiae
1096 1085 1210 1121 super
1236 1080 1369 1121 poten-

312 1127 404 1164 tiam
433 1134 488 1164 est
516 1127 611 1163 sicut
638 1125 838 1163 minoratio
863 1125 1045 1174 temporis
1073 1137 1095 1162 a
1122 1132 1308 1174 tempore,
1328 1132 1370 1161 ut

314 1179 456 1216 dictum
476 1186 542 1216 est.
572 1179 683 1216 Unde
701 1185 804 1227 patet
823 1178 927 1227 quod
956 1177 1146 1214 conclusio
1165 1177 1368 1227 praedicta,

313 1231 452 1268 scilicet
488 1231 593 1280 quod
630 1230 895 1279 magnitudinis
932 1230 1098 1267 infinitae
1130 1230 1176 1267 sit
1203 1230 1371 1278 potentia

311 1284 474 1330 infinita,
506 1296 552 1320 ex
570 1284 790 1321 necessitate
818 1283 986 1332 sequitur
1013 1294 1059 1319 ex
1084 1282 1299 1331 praemissis
1317 1281 1362 1318 ββ.

372 1348 430 1384 19·
459 1336 607 1373 Deinde
637 1349 725 1373 cum
754 1336 861 1374 dicit:
889 1336 959 1372 Est
983 1340 1107 1372 autem
1130 1337 1200 1372 hoc
1219 1335 1369 1372 demon-

312 1394 435 1425 strare
462 1395 553 1436 etc.‚
586 1388 694 1437 ponit
720 1389 768 1425 ad
795 1388 899 1425 idem
933 1387 1044 1424 aliam
1082 1387 1370 1425 demonstratio-

290 1453 295 1458 ·
313 1453 416 1488 nem,
437 1447 536 1490 quae
554 1453 632 1478 non
655 1440 780 1478 differt
798 1453 820 1477 a
838 1440 961 1488 prima
977 1441 997 1461 ’¹‘
1010 1439 1080 1476 nisi
1099 1440 1138 1491 in
1158 1441 1244 1486 hoc,
1266 1440 1370 1488 quod

311 1492 435 1542 prima
463 1493 714 1530 concludebat
740 1492 960 1541 accipiendo
988 1492 1197 1541 potentiam
1224 1492 1371 1529 finitam

314 1545 534 1582 existentem
570 1546 609 1582 in
646 1545 902 1592 magnitudine
938 1545 1044 1581 finita
1082 1545 1231 1582 alterius
1259 1557 1370 1592 gene-

313 1597 384 1643 ris,
421 1598 518 1635 haec
545 1605 673 1635 autem
701 1597 868 1634 secunda
897 1597 1167 1634 demonstratio
1195 1596 1373 1646 :procedit

314 1650 534 1698 accipiendo
572 1650 765 1699 quandam
805 1650 917 1686 aliam
952 1650 1161 1698 potentiam
1198 1650 1344 1686 finitam
1360 1678 1369 1696 ,

314 1702 535 1739 existentem
563 1703 601 1739 in
634 1703 705 1739 alia
733 1704 753 1724 ²³²
781 1701 1039 1750 magnitudine
1066 1702 1173 1738 finita
1200 1702 1371 1739 eiusdem

314 1754 472 1803 generis,
502 1754 607 1794 cuius
636 1763 692 1792 est
716 1755 939 1802 'magnitudo
967 1754 1129 1791 infinita:
1157 1762 1248 1802 puta
1267 1754 1297 1790 si
1325 1755 1372 1791 sit

314 1819 379 1843 aer
397 1807 663 1855 magnitudinis
681 1808 859 1854 infinitae,
889 1806 1033 1843 habens
1051 1807 1260 1855 potentiam
1288 1806 1371 1842 fini-

314 1866 404 1905 tam,
425 1859 654 1908 accipiemus
674 1859 867 1909 quandam
894 1860 1103 1907 potentiam
1121 1859 1268 1896 finitam
1298 1858 1371 1895 exi-

314 1913 475 1948 stentem
507 1913 545 1948 in
581 1912 706 1960 aliqua
735 1913 755 1933 ²¹²
787 1911 1045 1959 magnitudine
1077 1911 1183 1948 finita
1220 1911 1371 1948 alterius

315 1964 410 2001 aeris
428 1969 471 2001 ⁷⁷.
493 1965 576 2001 Hac
594 1964 781 2013 positione
801 1964 909 2012 facta,
930 1964 1172 2001 manifestum
1193 1972 1248 2001 est
1266 1964 1371 2012 quod

369 2127 412 2162 ββ)
418 2131 496 2160 patet
505 2128 575 2160 quod
584 2127 715 2153 conclusio
719 2127 888 2159 praedicta...
900 2128 1019 2160 sequitur
1028 2135 1065 2154 ex
1069 2128 1233 2160 praemissis.
1242 2142 1260 2147 —
1271 2129 1371 2153 Omnes

315 2163 416 2188 codices
434 2162 530 2188 habent
542 2165 620 2194 patet
638 2162 829 2188 conclusionem
843 2163 1020 2194 praedictam,
1034 2163 1176 2188 secundum
1195 2163 1265 2196 quod
1283 2163 1371 2195 legen-

316 2198 378 2223 dum
397 2203 466 2223 esset
482 2198 569 2230 sequi,
589 2197 660 2230 quod
677 2203 763 2222 tamen
781 2197 877 2222 habent
888 2197 936 2222 soli
955 2198 1118 2229 BDHLZsC;
1136 2201 1259 2230 sequetur
1277 2198 1319 2222 EF
1321 2198 1371 2223 GM

315 2233 413 2263 NRSX,
426 2236 552 2265 sequatur
569 2232 732 2262 AIKQTVY,
755 2232 875 2264 sequitur
893 2233 932 2265 (ut
950 2233 981 2265 P)
1001 2233 1074 2265 OpC.

368 2268 411 2301 γγ)
430 2268 540 2293 alterius
558 2268 637 2292 aeris.
651 2281 669 2285 —-
681 2267 791 2292 alterius
803 2267 908 2300 generis
926 2268 978 2298 OS,
992 2268 1039 2292 sed
1052 2268 1079 2292 in
1097 2268 1115 2292 S
1133 2275 1179 2300 per
1197 2267 1282 2300 ipsum
1301 2275 1371 2292 arna-

315 2310 442 2327 nuensem
465 2302 570 2336 generis
594 2302 728 2334 corrigitur
746 2302 771 2326 in
793 2302 879 2330 aeris;
897 2302 1012 2327 eiusdem
1035 2302 1140 2336 generis
1165 2303 1232 2331 Pab,
1252 2303 1321 2335 quod
1346 2302 1371 2327 in

315 2338 384 2362 idem
402 2338 468 2362 redit
486 2338 572 2370 quoad
590 2345 697 2362 sensum
717 2345 776 2361 cum
794 2337 902 2362 lectione
921 2342 1015 2368 nostra,
1031 2338 1076 2362 sed
1092 2338 1176 2362 minus
1196 2338 1261 2362 bene
1280 2345 1309 2362 se
1327 2337 1371 2362 ha-

315 2373 360 2397 bet
376 2372 426 2397 hoc
444 2373 510 2402 loco,
524 2372 568 2398 ubi
581 2372 688 2397 traditur
705 2373 852 2404 exemplum
867 2372 898 2397 de
917 2372 1091 2404 magnitudine
1104 2371 1175 2397 finita
1192 2373 1308 2398 eiusdem
1326 2380 1373 2405 ge-

315 2407 386 2432 neris
405 2415 465 2432 cum
483 2407 657 2440 magnitudine
675 2406 780 2432 infinita.

368 2441 408 2475 δό)
428 2442 515 2472 datae,
530 2442 661 2474 oportebit
678 2442 791 2475 quod...
811 2442 939 2475 infinitae.
950 2456 969 2461 -
982 2443 1038 2467 Hoc
1056 2442 1154 2468 homor.
1169 2442 1251 2467 omitt.
1272 2442 1372 2467 codices

1182 3001 1235 3028 ᾗ.
1261 2989 1278 3011 (²³
1309 2981 1388 3008 my
1400 2982 1422 3000 Ο

1260 3016 1527 3054 Θετεεῑεεῑτῑρ)

2394 264 2465 309 451

1419 341 1589 389 potentia
1607 341 1712 378 finita
1731 341 1995 389 magnitudinis
2014 341 2140 378 finitae
2162 340 2357 389 aliquoties
2377 342 2473 377 mul-

1421 393 1594 441 tiplicata,
1613 394 1843 430 mensurabit
1856 394 2064 443 potentiam
2079 393 2235 440 finitam,
2254 405 2351 441 quae
2368 401 2422 429 est
2436 393 2474 430 in

1422 446 1679 493 magnitudine
1695 446 1855 493 infinita3
1882 446 1969 495 quia
1986 458 2101 482 omne
2116 445 2264 482 finitum
2280 458 2474 482 mensura-

1423 505 1482 534 tur
1500 499 1547 535 ab
1568 499 1693 546 aliquo
1713 500 1732 518 ἦ
1751 499 1859 535 finito
1880 498 2017 535 minori
2037 498 2233 546 aliquoties
2253 505 2404 546 sumpto
2420 499 2472 546 *²¹3

1422 551 1485 587 vel
1522 551 1634 587 etiam
1664 551 1864 587 exceditur.
1905 551 2005 587 Cum
2035 563 2122 598 ergo
2152 551 2190 587 in
2219 550 2474 597 magnitudine

1424 602 1595 639 eiusdem
1610 603 1755 650 generis
1780 610 1951 651 oporteat
1978 603 2083 651 quod
2111 603 2233 638 maior
2256 603 2474 649 magnitudo

1423 655 1560 691 habeat
1579 655 1764 691 maiorem
1783 655 2004 703 potentiam,
2025 655 2120 691 sicut
2138 655 2259 691 maior
2280 667 2344 691 aer
2362 656 2477 692 habet

1423 707 1608 743 maiorem
1644 707 1852 755 potentiam
1888 720 2004 756 quam
2038 707 2182 753 minor3
2221 719 2375 744 necesse
2411 708 2478 744 erit

1423 760 1528 807 quod
1548 760 1608 796 illa
1633 759 1852 807 magnitudo
1880 760 1984 796 finita
2013 772 2110 808 quae
2138 759 2292 795 habebit
2315 760 2476 796 eandem

1422 812 1710 860 proportionem
1730 813 1777 848 ad
1796 812 2094 860 magnitudinem
2121 811 2267 848 finitam
2295 812 2398 859 prius
2417 825 2476 848 ae-

1425 872 1585 912 ceptam,
1615 877 1731 913 quam
1759 865 1873 901 habet
1899 864 2066 913 potentia
2085 864 2190 900 finita
2213 864 2380 900 infinitae
2399 876 2478 901 ma-

1423 917 1623 964 gnitudinis
1647 918 1695 953 ad
1709 917 1916 965 potentiam
1942 916 2207 964 magnitudinis
2226 916 2352 952 finitae
2375 916 2479 965 prius

1424 976 1621 1017 acceptae,
1655 969 1793 1005 habeat
1820 970 2017 1017 aequalem
2049 968 2256 1017 potentiam
2290 969 2479 1017 potentiae

1424 1021 1690 1068 magnitudinis
1714 1021 1892 1058 infinitae.
1920 1021 2023 1058 Sicut
2042 1021 2072 1058 si
2091 1021 2257 1069 potentia
2275 1021 2381 1057 finita
2399 1033 2478 1057 ma—

1424 1073 1625 1120 gnitudinis
1653 1073 1821 1110 infinitae
1850 1074 1917 1110 erit
1945 1074 2118 1123 centupla
2135 1073 2323 1121 potentiae
2352 1073 2478 1109 finitae

1425 1124 1621 1162 cuiusdam
1659 1126 1924 1172 magnitudinis
1957 1126 2084 1162 finitae
2120 1126 2249 1172 datae,
2292 1125 2479 1174 oportebit

1425 1178 1529 1225 quod
1557 1178 1777 1224 magnitudo
1806 1190 1904 1226 quae
1933 1186 1987 1214 est
2015 1179 2187 1226 centupla
2215 1178 2310 1214 illius
2337 1178 2480 1226 magni-

1424 1230 1562 1267 tudinis
1590 1229 1737 1276 finitae,
1766 1230 1904 1266 habeat
1936 1231 2132 1278 aequalem
2165 1230 2373 1278 potentiam
2401 1243 2480 1267 ma-

1424 1282 1607 1330 gnitudini
1631 1282 1796 1319 infinitae
1816 1279 1864 1327 ⁶⁸3
1896 1295 1940 1319 ex
1964 1295 2039 1331 quo
2059 1283 2386 1331 proportionaliter
2404 1283 2424 1303 ’ὲ
2443 1283 2481 1319 in

1425 1347 1465 1372 re
1485 1334 1658 1372 eiusdem
1686 1334 1832 1383 generis
1860 1343 2017 1382 augetur
2037 1335 2256 1382 magnitudo
2286 1342 2322 1371 et
2347 1343 2480 1383 poten-

1424 1388 1486 1424 tia.
1515 1388 1600 1423 Hoc
1628 1395 1756 1424 autem
1785 1394 1840 1423 est
1866 1387 2098 1436 impossibile
2127 1388 2232 1435 quod
2260 1388 2480 1424 conclusum

1426 1447 1500 1487 est3
1530 1440 1618 1488 quia
1647 1447 1837 1489 oporteret
1865 1442 1885 1462 ‘⁸
1913 1434 2018 1488 quod
2041 1441 2103 1476 vel
2129 1439 2349 1487 magnitudo
2378 1440 2482 1477 finita

1426 1500 1524 1529 esset
1550 1493 1716 1540 aequalis
1748 1492 1932 1539 infinitae,
1965 1493 2027 1529 vel
2055 1492 2160 1541 quod
2188 1493 2313 1529 minor
2339 1493 2482 1540 magni-

1425 1545 1517 1582 tudo
1542 1544 1712 1582 eiusdem
1732 1545 1879 1593 generis
1898 1545 2036 1582 habeat
2057 1545 2255 1592 aequalem
2273 1545 2481 1593 potentiam

1425 1597 1571 1634 maiori.
1601 1598 1669 1634 Est
1697 1609 1785 1645 ergo
1814 1597 2045 1646 impossibile
2075 1604 2110 1633 et
2136 1598 2377 1645 primum.ex
2404 1610 2481 1646 quo

1426 1650 1605 1698 sequitur,
1635 1650 1772 1686 scilicet
1786 1651 1903 1698 ‘quod
1932 1650 2151 1698 magnitudo
2175 1650 2320 1687 infinita
2346 1651 2483 1687 habeat

1426 1702 1634 1751 potentiam
1661 1702 1819 1739 finitam.
2173 1718 2177 1722 ·
2204 1712 2210 1718 ·

1480 1755 1541 1791 Sic
1570 1767 1657 1802 ergo
1687 1755 1910 1803 epilogando
1940 1755 2128 1792 concludit
2151 1755 2244 1791 duas
2273 1755 2484 1792 conclusio-

1426 1819 1493 1844 nes
1522 1807 1837 1844 demonstrativas
1866 1809 1902 1853 ⁴⁵,
1932 1807 2068 1844 scilicet
2095 1808 2200 1855 quod
2233 1807 2271 1844 in
2298 1807 2482 1855 magnitu-
2510 1819 2518 1828 ·

1426 1859 1512 1896 dine
1541 1859 1646 1896 finita
1680 1872 1758 1896 non
1788 1859 1907 1908 possit
1937 1873 2017 1897 esse
2050 1860 2218 1909 potentia
2253 1860 2417 1907 infinita,
2448 1867 2484 1896 et

1426 1912 1530 1960 quod
1547 1912 1587 1949 in
1605 1912 1861 1959 magnitudine
1890 1912 2035 1949 infinita
2062 1925 2140 1949 non
2169 1913 2286 1961 possit
2315 1925 2395 1949 esse
2414 1925 2482 1962 po-

1425 1964 1541 2001 tentia
1568 1964 1685 2001 finita.
1962 1972 1965 1974 '
2300 1981 2302 1983 ¹

1425 2136 1478 2153 exc.
1491 2129 1705 2158 EFGHNRZsQ
1725 2137 1772 2161 pro
1796 2136 1863 2161 quae
1881 2132 1933 2158 est,
1953 2136 2020 2161 quae
2044 2129 2095 2153 erit
2118 2129 2257 2158 FHRZab5
2279 2137 2327 2161 pro
2351 2130 2483 2162 magnitu-

1426 2163 1495 2188 dinis
1506 2163 1612 2195 finitae,
1636 2163 1829 2196 magnitudinis
1847 2164 1985 2195 potentiae
2002 2164 2100 2196 finitae
2122 2164 2141 2188 P
2166 2168 2191 2188 et
2216 2164 2306 2188 Venet.
2331 2164 2411 2196 1504,
2437 2165 2483 2188 sed

1425 2198 1519 2222 additio
1532 2198 1670 2230 potentiae
1683 2199 1779 2222 nedum
1793 2198 1826 2223 sit
1839 2199 1990 2229 necessaria,
2003 2199 2088 2231 potius
2102 2199 2279 2223 confusionem
2293 2199 2392 2231 ingerit.
2405 2199 2481 2223 Poni-

1425 2237 1466 2257 tur
1480 2233 1549 2257 enim
1568 2233 1630 2257 haec
1648 2233 1793 2265 proportio:
1812 2233 1961 2265 magnitudo
1980 2241 2046 2265 quae
2065 2238 2104 2258 est
2127 2234 2247 2266 centupla
2266 2234 2339 2259 datae
2357 2234 2483 2267 magnitu-

1426 2267 1490 2292 dinis
1509 2266 1593 2292 finitae
1613 2266 1702 2301 (cuius
1721 2268 1834 2300 potentia
1857 2276 1886 2292 se
1912 2268 1990 2292 habet
2010 2273 2039 2293 ut
2061 2276 2069 2292 1
2093 2269 2124 2293 ad
2147 2276 2202 2298 100,
2220 2274 2338 2301 respectu
2356 2270 2483 2301 potentiae

1426 2302 1606 2335 magnitudinis
1626 2302 1767 2336 infinitae),
1786 2307 1887 2335 oportet
1909 2303 1979 2335 quod
1997 2303 2089 2328 habeat
2113 2303 2251 2336 potentiam
2277 2305 2411 2336 aequalem
2436 2312 2482 2335 po-

1426 2338 1519 2362 tentiae
1537 2338 1717 2370 magnitudinis
1736 2337 1855 2362 infinitae.
1874 2338 1965 2362 Melius
1984 2345 2045 2370 ergo
2059 2338 2095 2370 (et
2113 2338 2178 2363 forte
2196 2338 2258 2362 haec
2276 2339 2323 2363 fuit
2340 2346 2414 2363 mens
2429 2339 2481 2363 edi—

1426 2371 1506 2406 toris)
1527 2373 1620 2397 additio
1639 2373 1702 2397 facta
1722 2373 1813 2397 fuisset
1831 2378 1889 2397 ante
1907 2373 2099 2405 magnitudinis
2118 2373 2243 2406 infinitae,
2264 2374 2334 2406 quod
2357 2373 2423 2398 PEG
2437 2373 2482 2398 ha-

1427 2407 1488 2432 bent
1506 2415 1553 2439 pro
1573 2407 1753 2440 magnitudini
1772 2407 1902 2441 infinitae,
1922 2408 1965 2432 ubi
1986 2408 2027 2433 ab
2046 2414 2071 2433 et
2089 2408 2180 2433 Venet.
2204 2407 2270 2440 1504
2289 2408 2480 2441 magnitudinis

1421 2442 1524 2476 finitae.

1510 2991 1605 3028 ⁶³<ss

2502 497 2510 505 ·
2527 496 2575 517 alio
2591 495 2683 516 codices

2502 528 2549 542 exc.
2565 528 2588 543 N.

2501 548 2522 558 ⁴·
2538 549 2626 575 sumpto
2639 553 2686 568 om.
2697 554 2713 568 a

2502 578 2523 595 et
2538 574 2607 595 codd.
2620 579 2668 595 exc.
2683 580 2713 595 Bu

2501 606 2554 621 uso.

2596 1283 2622 1292 a&

2507 1291 2718 1364 Ξᾷνοροογῖὶίἰῖηαῠί-

2517 1350 2523 1364 ι
2535 1350 2561 1365 er
2574 1349 2632 1365 Pena
2649 1359 2654 1365 .

2507 1443 2518 1454 ⁴¹
2526 1444 2618 1470 oportet
2626 1449 2660 1464 με.
2667 1454 2677 1459 -
2683 1442 2720 1464 vel

2508 1475 2555 1490 om.
2569 1469 2649 1490 zanab.

2552 1818 2720 1840 determinatas

2509 1851 2534 1866 ιε
2546 1861 2551 1871 ,
2574 1845 2719 1866 demonstra-

2510 1873 2548 1892 tas
2560 1871 2674 1896 pennam·
2690 1871 2719 1892 cf.

2510 1897 2548 1918 fin.
2566 1903 2588 1918 n.
2609 1903 2683 1925 praee.
2698 1901 2720 1918 et

2509 1930 2573 1945 num.
2587 1924 2608 1945 6.
