2950 4004
490 315 559 351 192

1113 297 1462 336 PHYSICORUM
1487 295 1834 334 ARISTOTELIS
1863 295 1957 333 LIB.
1987 296 2039 332 IV

1082 551 1384 609 LECTIO
1421 549 2098 627 DECIMAQUARTA·

954 713 1102 752 QUOD
1129 712 1235 744 NON
1258 712 1338 743 SIT
1366 710 1585 743 VACUUM
1613 707 1946 753 CORPORjIBUS
1978 709 2208 740 INDITUM

493 856 564 887 Εἰσὶ
589 847 627 884 δέ
651 864 739 890 τινες
765 854 794 884 οἳ
818 846 877 883 8ιά
901 852 963 884 τοῦ
988 851 1096 895 μανοῦ
1118 851 1177 881 καὶ
1198 849 1323 881 πυκνοῦ
1344 849 1475 880 οἴονται
1492 857 1554 890 φα-

560 897 650 940 νερὰν
676 894 762 928 εἶναι
787 894 841 928 ὅτι
866 896 940 928 ἔστι
962 894 1070 926 κενόν.
1096 894 1135 925 Εἰ
1159 892 1218 938 μὲν
1242 893 1307 939 γάρ
1326 891 1372 936 μή
1395 892 1469 924 ἑστι
1492 902 1555 936 μα-

561 941 615 973 νὸν
640 943 698 973 καὶ
724 939 861 980 πυκνόν,
881 936 959 972 οὐδὲ
983 937 1129 971 συνιέναι
1153 938 1211 969 καὶ
1236 935 1405 969 πιλεῖσθαι
1430 934 1552 968 οἷόντε.

561 986 600 1017 Εἰ
623 980 662 1017 δὲ
686 986 793 1018 τοῦτο
818 984 865 1028 μή
890 987 961 1025 εἴη,
988 982 1009 1020 ἢ
1035 982 1117 1020 ὅλως
1141 984 1267 1019 κίνησις
1299 981 1359 1013 οὐκ
1389 979 1508 1021 ἔσται,
1535 977 1555 1015 ἦ

562 1033 704 1074 κυμανεῖ
727 1029 767 1062 τό
795 1027 883 1069 ὅλον,
910 1028 1019 1072 ὥσπερ
1045 1027 1104 1070 ἔφη
1129 1025 1267 1066 Ξοῦθος,
1293 1023 1314 1062 ἦ
1340 1025 1384 1062 εἱς
1407 1025 1478 1056 ἴσον
1505 1023 1556 1055 ἀεὶ

563 1073 792 1118 μεταβάλλειν
820 1071 903 1115 ἀέρα
926 1074 984 1104 καὶ
1006 1067 1105 1114 ὕδωρ.
1130 1069 1176 1102 Λέ
1201 1083 1226 1102 ω
1243 1066 1271 1102 δ’
1294 1069 1361 1101 οἷον
1379 1068 1408 1100 εἱ
1425 1067 1459 1109 ἐξ
1477 1063 1557 1099 ὕδα-

564 1129 622 1155 τος
646 1116 771 1149 κυάθου
804 1116 941 1163 γέγονεν
968 1115 1053 1160 ἀήρ,
1088 1113 1159 1158 ἅμα
1178 1083 1219 1156 ἒξ
1243 1116 1316 1146 ἴσου
1343 1111 1438 1157 ἀέρος
1472 1108 1557 1155 ὕδωρ

564 1162 729 1195 τοσοῦτον
747 1160 964 1208 γεγενῆσθαι,
983 1159 1004 1197 ἦ
1029 1158 1122 1191 κενὸν
1141 1155 1226 1191 εἶναι
1244 1159 1279 1200 ἐξ
1299 1156 1460 1203 ἀνάγκης·
1479 1167 1560 1200 συμ-

565 1205 734 1238 πιλεῖσθαι
762 1207 827 1251 γάρ
857 1207 916 1238 καὶ
945 1202 1257 1236 συνεπεκτείνεσθαι
1290 1201 1349 1234 οὐκ
1381 1199 1558 1246 ἐνδέχεται

567 1251 688 1288 ἄλλως.

498 1296 536 1327 Εἰ
561 1294 620 1339 μὲν
647 1292 703 1326 οὖν
735 1292 777 1325 τὸ
809 1293 914 1338 μανὸν
945 1292 1081 1338 λέγουσι
1107 1291 1148 1324 τὸ
1174 1290 1287 1323 πολλοὶ
1316 1289 1398 1321 κενά
1425 1299 1561 1333 κεχωρι-

566 1338 674 1394 σμένα
706 1337 808 1382 ἔχον,
841 1336 980 1383 φανερὸν
1011 1337 1051 1374 ὠς
1082 1336 1109 1367 εἱ
1142 1331 1227 1379 μηδὲ
1255 1333 1349 1366 κενὸν
1380 1328 1560 1378 ἐνδέχεται

565 1394 651 1414 ειναι
675 1381 841 1426 χωριστὸν
866 1381 975 1426 ὥσπερ
1001 1376 1086 1423 μηδὲ
1111 1379 1219 1412 τόπον
1239 1379 1366 1424 ἔχοντα
1382 1373 1560 1418 διάστημα

567 1427 690 1467 αὐτοῦ,
718 1422 796 1458 οὐδὲ
821 1426 926 1470 μανον
953 1423 1071 1462 οὕτως.

498 1472 537 1502 Εἰ
561 1466 599 1502 δέ
625 1470 671 1514 μή
696 1469 875 1515 χωριστόν,
904 1470 976 1502 ἀλλ’
1008 1468 1093 1513 ὅμως
1120 1467 1240 1499 ἐνεῖναί
1265 1477 1300 1498 τι
1323 1465 1432 1506 κενόν,
1453 1464 1560 1501 ἦττον

566 1515 625 1558 μὲν
653 1510 834 1547 ἀδύνατον.
863 1514 1042 1558 Συμβαίνει
1065 1509 1103 1544 δὲ
1128 1512 1260 1555 πρῶτον
1293 1509 1351 1555 μὲν
1385 1510 1423 1541 οὗ
1449 1507 1560 1545 πάσης

566 1557 725 1596 κινήσεως
751 1561 861 1591 αἴτιον
887 1558 927 1591 τὸ
951 1557 1067 1598 κενόν,
1101 1553 1191 1588 ἀλλά
1219 1554 1281 1591 τῆς
1317 1553 1383 1586 ἄνω
1411 1553 1472 1597 (τό
1497 1552 1561 1598 γάρ

567 1602 671 1645 μανον
696 1603 832 1646 κοῦφον·
859 1597 911 1633 διὸ
934 1603 993 1633 καὶ
1018 1601 1059 1633 τὸ
1086 1601 1148 1642 πῦρ
1174 1598 1279 1642 μανὸν
1312 1595 1397 1629 εἶναί
1427 1596 1560 1640 φασιν),

502 1687 625 1718 ἔπειτα
655 1683 814 1722 κινήσεως
847 1686 957 1716 α’ίτιον
991 1683 1054 1729 οὐχ
1083 1681 1172 1714 οὕτω
1198 1681 1239 1714 τὰ
1267 1681 1360 1712 κενὸν
1392 1681 1433 1718 ὠς
1459 1680 1492 1711 ἐν
1517 1679 1561 1720 ᾧ,

570 1729 641 1761 ἀλλ’
662 1727 769 1773 ὥσπερ
795 1731 824 1760 οἱ
851 1727 948 1760 ἀσκοὶ
975 1729 1023 1769 τῷ
1046 1725 1200 1771 φέρεσθαι
1224 1725 1325 1757 αὐτοὶ
1344 1725 1410 1757 ἄνω
1431 1723 1563 1768 φέρουσι

569 1773 610 1804 τό
635 1772 788 1819 συνεχές,
824 1772 912 1805 οὕτω
937 1772 979 1804 τὸ
1003 1771 1096 1803 κενὸν
1132 1769 1305 1814 ἀνωφερές.
1337 1770 1460 1800 Καίτοι
1493 1769 1562 1804 πῶς

572 1815 680 1850 οἷόντε
706 1817 808 1861 φοράν
834 1814 918 1848 εἶναι
941 1817 1038 1847 κενοῦ
1064 1814 1084 1851 ἦ
1111 1814 1217 1847 τόπον
1241 1814 1358 1853 κενοῦ;
1384 1813 1481 1844 κενοῦ
1498 1811 1562 1858 γάρ

570 1863 726 1907 γίγνεται
750 1860 844 1892 κενὸν
870 1861 914 1898 εἰς
941 1861 957 1891 ὃ
982 1858 1130 1903 φέρεται.

497 1907 573 1938 Ἔτι
598 1900 636 1937 δὲ
660 1906 728 1943 πῶς
759 1903 815 1937 ἐπὶ
846 1906 908 1936 τοῦ
941 1903 1060 1948 βαρέος
1094 1897 1307 1935 ἀποδώσουσι
1338 1900 1380 1932 τὸ
1409 1899 1564 1944 φέρεσθαι

570 1948 688 1990 κάτω;

505 1994 572 2027 Καὶ
596 1989 700 2030 δῆλον
727 1992 780 2025 ὅτι
809 1993 838 2023 εἰ
870 1991 932 2032 ὅσῳ
960 1990 998 2023 ἄν
1030 1989 1215 2035 μανότερον
1247 1990 1305 2020 καὶ
1336 1987 1518 2042 κενώτερον
1539 1986 1565 2029 ’ᾗ

575 2037 641 2069 ἄνω
669 2036 878 2078 οἰσθήσεται,
905 2037 933 2067 εἰ
960 2034 1040 2072 ὅλως
1066 2036 1116 2072 εἴη
1143 2032 1258 2075 κενόν,
1284 2030 1422 2077 τάχιστ’
1450 2034 1488 2064 ἀν
1512 2030 1568 2075 φέ-

593 2094 678 2115 οιτο.
697 2082 793 2119 Ἴσως
811 2076 849 2112 δὲ
872 2083 930 2112 καὶ
948 2080 1049 2112 τοῦτ’
1070 2077 1240 2111 ἀδύνατον
1257 2077 1447 2114 κινηθῆναι·
1464 2074 1565 2123 λόγος

573 2094 604 2160 ς’
630 2128 646 2159 ὁ
672 2125 790 2167 αὐτός,
809 2124 918 2169 ὥσπερ
944 2123 997 2156 ὅτι
1023 2124 1055 2155 ἐν
1081 2123 1128 2164 τῷ
1153 2123 1235 2163 κενῷ
1263 2121 1408 2159 ἀκίνητα
1433 2119 1566 2161 πάντα,

575 2170 664 2204 οὕτω
696 2171 754 2202 καὶ
779 2169 820 2201 τὸ
847 2169 941 2201 κενὸν
975 2167 1029 2201 ὅτι
1064 2165 1236 2204 ἀκίνητον·
1275 2165 1478 2210 ἀσύμβλητα
1503 2163 1567 2211 γάρ

575 2215 624 2248 τά
648 2214 754 2259 τάχη.

503 2298 600 2330 Ἐπεὶ
626 2290 664 2327 δὲ
687 2294 781 2326 κενὸν
807 2294 865 2339 μὲν
891 2294 929 2326 οὐ
954 2292 1062 2337 φαμὲν
1085 2288 1184 2331 εἶναι,
1203 2287 1319 2323 τοῖλλα
1343 2284 1373 2320 δ’
1395 2287 1570 2331 ἠπόρηται

579 2338 722 2380 ἀληθῶς,
743 2337 796 2371 ὅτι
814 2337 835 2375 ἦ
852 2340 976 2375 κίνησις
1000 2334 1058 2368 οὐκ
1083 2336 1195 2377 ἔσται,
1215 2335 1242 2366 εἰ
1259 2333 1306 2376 μὴ
1325 2333 1424 2365 ἔσται
1442 2332 1572 2365 πύκνω-

577 2396 624 2421 σις
656 2385 714 2415 καὶ
745 2382 903 2427 μάνωσις,
937 2381 957 2419 ἦ
981 2383 1121 2425 κυμανεῖ
1146 2381 1161 2411 ὁ
1187 2377 1343 2423 οὐρανός,
1370 2375 1391 2414 ἦ
1419 2375 1469 2409 ἀεὶ
1498 2379 1569 2408 ἴσον

578 2424 662 2471 ὕδωρ
689 2426 723 2468 ἐξ
751 2427 844 2470 ἀέρος
870 2427 968 2459 ἔσται
992 2426 1050 2457 καὶ
1076 2424 1140 2467 ἀήρ
1167 2424 1200 2465 ἐξ
1226 2419 1366 2459 ὕδατος·
1384 2418 1488 2458 δῆλον
1506 2421 1570 2467 γάρ

579 2472 632 2505 ὅτι
651 2474 772 2504 πλείων
801 2471 863 2515 ἀήρ
889 2470 923 2511 ἐξ
949 2466 1075 2506 ὕδατος
1100 2471 1243 2514 γίνεται.
1277 2465 1426 2511 Ἀνάγκη
1445 2468 1569 2505 τοίνυν,

578 2518 605 2548 εὶ
630 2516 678 2560 μή
703 2517 776 2549 ἐστι
808 2518 954 2556 πίλησις,
981 2513 1002 2551 ἦ
1028 2512 1252 2568 ἐξωθούμενον
1278 2511 1319 2543 τὸ
1345 2509 1505 2555 ἐχόμενον
1531 2508 1572 2542 τὸ

578 2561 725 2605 ἔσχατον
750 2562 919 2605 κυμαίνειν
946 2562 1067 2598 ποιεῖν,
1092 2556 1113 2594 ἦ
1141 2555 1257 2589 αλλοθί
1283 2566 1347 2588 που
1371 2557 1442 2586 ’ίσον
1467 2565 1573 2599 μετοι-

579 2606 715 2645 βάλλειν
741 2604 776 2646 ἐξ
803 2604 897 2648 ἀέρος
929 2600 1034 2648 ὕδωρ,
1062 2602 1104 2632 ἶν’
1134 2602 1150 2633 ὁ
1175 2601 1242 2637 πᾶς
1274 2600 1372 2645 ὄγκος
1397 2599 1459 2630 τοῦ
1493 2597 1571 2629 ὅλου

576 2652 646 2687 ἴσος
681 2649 719 2693 ᾖ,
755 2649 775 2686 ἦ
805 2645 907 2693 μηδὲν
939 2645 1113 2679 κινεῖσθαι·
1146 2645 1197 2678 ἀεὶ
1228 2643 1292 2690 γάρ
1324 2641 1571 2687 μεθισταμένου

578 2695 684 2727 τοῦτο
717 2693 952 2737 συμβήσεται,
984 2691 1023 2724 ἂν
1048 2690 1094 2734 μή
1119 2689 1228 2728 κύκλῳ
1254 2689 1484 2730 περιίστηται·
1513 2684 1572 2717 οὐκ

580 2736 632 2771 ἀεὶ
656 2735 686 2770 δ’
715 2739 759 2775 εὶς
785 2738 826 2770 τὸ
849 2736 957 2776 κύκλῳ
983 2736 1004 2771 ἡ
1029 2733 1127 2779 φορά,
1153 2731 1243 2765 ἀλλά
1265 2732 1323 2763 καὶ
1348 2731 1392 2767 εἰς
1417 2729 1507 2762 εὐθύ.
1534 2731 1571 2760 Οἱ

579 2782 638 2825 μὲν
662 2779 706 2819 δή
730 2777 790 2813 8ιά
814 2781 965 2813 τοιαῦτα
988 2777 1082 2810 κενόν
1109 2789 1142 2810 τι
1167 2779 1261 2820 φαῖεν
1289 2773 1327 2807 ἂν
1355 2771 1451 2806 εἶναι.

509 2827 622 2870 Ἡμεῖς
647 2823 685 2859 δὲ
707 2826 850 2872 λέγομεν
882 2825 918 2856 ὲκ
943 2825 1009 2856 τῶν
1042 2823 1160 2854 ύποκει
1190 2820 1268 2852 ένων
1299 2818 1352 2851 ὅτι
1385 2818 1475 2851 ἐστὶν
1511 2816 1572 2854 ὕλη

579 2874 641 2915 μία
658 2872 725 2903 τῶν
744 2871 918 2909 ἐναντίων,
937 2867 1056 2911 θερμοῦ
1079 2867 1137 2897 καὶ
1155 2833 1279 2919 titul-eoi}
1302 2864 1360 2894 καὶ
1378 2863 1443 2894 τῶν
1464 2862 1573 2894 ἄλλων

580 2917 646 2947 τῶν
670 2915 810 2960 φυσικῶν
832 2911 1072 2950 ἐναντιώσεων,
1091 2911 1149 2942 καὶ
1168 2907 1204 2940 ἐκ
1221 2906 1361 2951 δυνάμει
1379 2906 1474 2944 ὄντος
1491 2907 1576 2948 ἐνερ-

581 2962 657 3003 γείᾳ
693 2958 727 2991 ὃν
758 2960 911 3005 γίνεται,
943 2957 1001 2987 καὶ
1031 2956 1069 2987 οὐ
1098 2954 1249 2999 χωριστή
1282 2952 1340 2996 μὲν
1366 2951 1386 2986 η
1415 2949 1494 2991 ὕλη,
1526 2950 1573 2991 τῷ

580 3003 608 3039 δ’
630 3001 715 3035 εἶναι
741 3002 866 3046 ἕτερον,
885 3002 942 3031 καὶ
960 3002 1021 3042 μία
1047 3000 1093 3040 τῷ
1108 2996 1261 3042 ἀριθμῷ,
1281 2997 1307 3028 εἱ
1326 2995 1440 3039 ἔτυχε,
1459 2994 1573 3040 χροιᾶς

580 3050 637 3083 καὶ
662 3046 781 3091 θερμοῦ
805 3048 862 3077 καὶ
887 3044 1026 3089 ψυχροῦ.

507 3091 606 3127 Ἐστι
631 3087 669 3123 δὲ
691 3093 749 3123 καὶ
773 3090 931 3135 σώματος
966 3087 1026 3125 ὕλη
1058 3089 1115 3118 καὶ
1145 3098 1184 3130 με
1214 3084 1296 3116 άλου
1329 3084 1387 3114 καὶ
1412 3082 1529 3127 μικροῦ
1554 3082 1574 3117 ἡ

583 3135 687 3172 αὐτή.
715 3136 822 3171 Δῆλον
847 3129 897 3165 δέ·
918 3131 1002 3165 ὅταν
1027 3131 1091 3177 γάρ
1118 3131 1153 3171 ἑξ
1180 3127 1306 3165 ὑδατος
1333 3124 1396 3181 ἀήρ
1418 3126 1574 3173 γένηται,

583 3185 603 3220 ἡ
631 3178 722 3216 αὐτ-ἠ
749 3178 809 3215 ὕλη
836 3179 873 3210 οὑ
899 3174 1142 3220 προσλαβοῦσά
1167 3186 1200 3206 τι
1226 3173 1309 3206 ἄλλο
1329 3170 1479 3216 ἐγενετο,
1501 3170 1573 3203 ἀλλ’

584 3229 600 3260 ὃ
625 3224 665 3264 ἦν
690 3220 842 3267 δυνάμει,
862 3222 1009 3267 ἐνεργείᾳ
1036 3219 1183 3266 ἐγένετο.
1211 3219 1277 3249 Καὶ
1302 3214 1404 3247 πάλιν
1431 3210 1516 3259 ὕδωρ
1543 3212 1576 3256 ἐξ

585 3271 679 3314 ἀέρος
704 3267 887 3307 ὡσαύτως,
923 3266 980 3298 eve*
1013 3263 1071 3309 μὲν
1097 3263 1141 3300 εἱς
1173 3260 1373 3308 μέγεθοςᾷὲκ
1397 3258 1578 3303 σμικρότη-

585 3328 656 3356 τος,
677 3313 735 3344 ὁτὲ
759 3307 789 3343 δ’
814 3312 857 3348 εἰς
883 3309 1075 3355 μικρότητα
1101 3305 1137 3339 ἐκ
1157 3305 1328 3353 μεγέθους.
1351 3305 1489 3347 Ὁμοίως
1508 3306 1577 3335 τοί-

585 3372 638 3391 νυν
663 3356 727 3389 κοῖν
754 3355 817 3400 ἀήρ
849 3355 952 3391 πολὺς
980 3352 1022 3385 ὢν
1048 3353 1080 3385 ἐν
1107 3351 1267 3385 ἐλάττονι
1291 3351 1324 3396 γί
1351 3359 1453 3385 νηται
1486 3346 1573 3394 ὄγκῳ

586 3406 642 3435 καὶ
668 3401 703 3442 ἐξ
729 3400 912 3437 ἐλάττονος
938 3398 1076 3443 μείζων,
1103 3397 1123 3433 τ’)
1149 3391 1288 3439 δυνάμει
1313 3404 1398 3426 ουσα
1422 3394 1577 3438 γίγνεται

589 3447 649 3483 ὕλη
677 3444 787 3487 ἄμφω.

513 3490 638 3534 ’Ὠσπερ
662 3488 725 3533 γάρ
750 3489 808 3519 καὶ
834 3487 870 3519 ἑκ
894 3485 1018 3531 ψυχροῦ
1043 3483 1159 3529 θερμὸν
1185 3483 1243 3515 καὶ
1260 3482 1295 3514 ἐκ
1312 3479 1432 3556 θερμοῦ
1456 3478 1578 3524 ψυχρὸν

589 3535 608 3570 τ’]
636 3531 740 3572 αὐτή,
769 3531 821 3563 ὅτι
846 3529 886 3568 η”ν
911 3526 1065 3574 δυνάμει,
1093 3527 1182 3560 οὕτω
1206 3529 1263 3559 καὶ
1290 3523 1326 3558 ὲκ
1370 3524 1470 3569 ερμοῧ
1494 3524 1578 3568 μᾶλ-

588 3579 645 3608 λον
670 3575 805 3618 θερμόν,
833 3570 964 3611 οὐδενὸς
989 3572 1168 3619 γενομένου
1195 3569 1227 3603 έν
1253 3570 1297 3613 τῇ
1324 3567 1385 3611 ὕλῃ
1411 3567 1579 3612 θερμοῦ,ὃ

592 3621 650 3653 οὑκ
676 3617 715 3656 ἣν
740 3618 871 3662 θερμόν,
892 3616 947 3650 ὅτε
965 3616 1071 3654 ἧττον
1099 3615 1136 3653 ’ἦν
1160 3613 1289 3659 θερμόν.
1309 3612 1434 3657 ’Ὥσπερ
1451 3624 1488 3658 γε
1507 3611 1574 3644 οὐδ’

1609 850 1627 869 *
1645 850 1725 881 Sunt
1747 856 1854 880 autem
1877 850 2019 891 quidam,
2044 849 2099 891 qui
2122 859 2178 890 per
2200 859 2307 880 rarum
2331 856 2362 880 et
2384 850 2518 881 densum
2541 849 2672 891 opinan-

1677 900 1728 924 tur
1747 893 1949 924 manifestum
1963 903 2030 924 esse
2049 893 2137 935 quod
2160 893 2199 924 sit
2220 903 2369 924 vacuum.
2387 893 2419 924 Si
2436 893 2522 924 enim
2545 903 2610 925 non
2627 900 2674 925 est

1677 947 1783 968 rarum
1807 944 1837 968 et
1860 938 2010 976 densum,
2034 947 2136 978 neque
2156 937 2239 968 coire
2263 944 2294 968 et
2317 937 2426 968 calcari
2444 938 2592 978 possibile
2616 945 2671 970 est.

1678 981 1710 1012 Si
1732 991 1806 1012 vero
1830 981 1891 1012 hoc
1914 991 1980 1012 non
2003 981 2052 1020 sit,
2076 988 2131 1012 aut
2153 981 2285 1012 omnino
2309 988 2416 1012 motus
2434 991 2501 1013 non
2524 982 2596 1021 erit,
2619 989 2674 1014 aut

1678 1032 1825 1056 movetur
1840 1032 1956 1063 toturn,
1973 1025 2053 1056 sicut
2076 1025 2152 1056 dixit
2165 1025 2302 1063 Xuthus‚
2319 1032 2374 1056 aut
2395 1025 2428 1056 in
2447 1026 2576 1067 aequale
2591 1036 2674 1057 sem-

1679 1079 1734 1110 per
1757 1069 1872 1100 mutari
1888 1079 2005 1110 aquam
2028 1075 2058 1100 et
2081 1078 2184 1099 aerem
2204 1069 2371 1109 oportebit.
2395 1069 2476 1100 Dico
2493 1076 2600 1100 autem
2619 1069 2674 1108 sic,

1679 1119 1714 1144 ut
1737 1113 1762 1143 si
1786 1123 1822 1143 ex
1845 1123 1928 1154 aqua
1955 1113 2057 1154 cyathi
2081 1112 2179 1143 factus
2203 1113 2242 1143 sit
2265 1122 2333 1152 aer,
2364 1112 2460 1143 simul
2489 1122 2525 1143 ex
2552 1113 2675 1154 aequali

1681 1166 1749 1187 aere
1773 1158 1960 1188 tantundem
1978 1166 2077 1197 aquae
2100 1156 2185 1194 fieri3
2209 1162 2263 1186 aut
2278 1166 2416 1187 vacuum
2432 1166 2498 1186 esse
2514 1166 2551 1187 ex
2569 1166 2675 1188 neces-

1681 1200 1786 1231 sitate:
1811 1201 1987 1231 conculcari
2007 1200 2092 1230 enim
2107 1200 2157 1230 vel
2173 1199 2296 1230 extendi
2321 1209 2387 1230 non
2408 1199 2559 1241 contingit
2576 1199 2673 1231 aliter.

1615 1289 1632 1308 *
1647 1288 1680 1320 Si
1694 1288 1788 1328 igitur
1810 1298 1916 1318 rarum
1939 1287 2048 1318 dicunt
2067 1287 2167 1318 multa
2189 1297 2288 1318 vacua
2311 1294 2450 1328 separata
2464 1287 2594 1327 habens,
2608 1297 2675 1319 rna-

1682 1331 1831 1362 nifestum
1855 1337 1901 1362 est
1923 1331 2011 1372 quod
2035 1331 2060 1361 si
2083 1341 2186 1372 neque
2209 1341 2346 1362 vacuum
2370 1331 2523 1372 contingit
2541 1341 2607 1362 esse
2630 1342 2676 1363 se·

1682 1375 1829 1416 parabile,
1846 1375 1928 1406 sicut
1949 1384 2052 1415 neque
2075 1375 2184 1406 locum
2198 1374 2367 1406 habentem
2390 1375 2520 1419 aliquod
2539 1375 2677 1416 spatium

1683 1419 1732 1450 sui
1750 1419 1860 1459 ipsius,
1884 1428 1941 1449 nec
1964 1428 2071 1449 rarum
2093 1418 2147 1450 sic.

1616 1463 1634 1483 '¹‘
1657 1463 1689 1494 Si
1712 1469 1819 1494 autem
1841 1472 1908 1493 non
1943 1469 1989 1493 est
2013 1462 2206 1502 separabile,
2230 1463 2285 1493 sed
2306 1469 2412 1493 tamen
2435 1462 2516 1494 inest
2547 1462 2678 1504 aliquod

1683 1516 1843 1545 vacuum,
1870 1506 1976 1537 minus
2003 1507 2133 1548 quidem
2158 1506 2363 1547 impossibile.
2388 1505 2550 1547 Contingit
2572 1514 2679 1539 autem

1684 1550 1824 1591 primum
1847 1550 1978 1591 quidem
1997 1550 2086 1591 quod
2107 1560 2174 1581 non
2192 1549 2297 1581 omnis
2319 1557 2427 1582 motus
2446 1557 2492 1581 est
2515 1561 2608 1582 causa
2624 1561 2679 1582 va-

1685 1605 1793 1633 cuum,
1810 1595 1864 1625 sed
1887 1594 1954 1625 eius
1969 1594 2025 1636 qui
2041 1604 2168 1625 sursum
2183 1600 2244 1625 est:
2260 1604 2368 1625 rarum
2391 1594 2476 1625 enim
2490 1594 2578 1634 leve;
2594 1594 2679 1627 unde

1684 1638 1791 1678 ignem
1814 1648 1920 1669 rarum
1944 1648 2010 1669 esse
2029 1638 2146 1669 dicunt.

1618 1683 1740 1721 Postea,
1758 1689 1864 1713 motus
1888 1692 1981 1713 causa
1996 1692 2063 1712 non
2085 1681 2128 1713 sic
2150 1691 2288 1713 vacuum
2306 1682 2387 1713 sicut
2408 1682 2441 1712 in
2457 1692 2524 1723 quo
2547 1688 2609 1721 est;
2625 1681 2681 1712 sed

1685 1726 1765 1757 sicut
1787 1733 1890 1765 utres,
1914 1726 1946 1756 in
1971 1736 2010 1756 eo
2033 1726 2122 1767 quod
2151 1725 2293 1756 feruntur
2319 1726 2380 1766 ipsi
2404 1735 2548 1764 sursum,
2577 1725 2681 1756 ferunt

1686 1770 1774 1811 quod
1805 1769 1880 1810 ipsis
1913 1770 2102 1800 continuum
2131 1776 2196 1808 est,
2223 1770 2266 1800 sic
2295 1779 2433 1800 vacuum
2458 1779 2584 1800 sursum
2611 1769 2680 1800 fert.

1686 1813 1838 1851 Quamvis
1864 1813 1996 1854 qualiter
2018 1820 2123 1853 potest
2146 1820 2253 1844 motus
2276 1823 2343 1844 esse
2373 1813 2484 1852 vacui,
2514 1819 2570 1845 aut
2591 1813 2682 1845 loeus

1683 1855 1791 1888 vacui?
1814 1857 1913 1888 Vacui
1936 1857 2021 1887 enim
2044 1863 2090 1888 est
2111 1867 2259 1896 vacuum,
2282 1857 2427 1898 in‘quod
2449 1856 2556 1888 fertur.

1618 1901 1636 1921 *
1659 1901 1818 1942 Amplius,
1842 1901 2008 1942 quomodo
2032 1900 2235 1941 assignabunt
2256 1901 2289 1931 in
2317 1901 2403 1940 gravi
2425 1900 2496 1931 ferri
2515 1897 2682 1932 deorsum?

1620 1989 1662 2020 Et
1683 1989 1888 2020 manifestum
1911 1995 1968 2027 est,
1991 1988 2080 2029 quod
2103 1988 2129 2018 si
2153 1994 2272 2029 quanto
2296 1987 2389 2018 fuerit
2406 1988 2505 2019 rarius
2528 1993 2560 2019 et
2581 1986 2682 2028 magis

1687 2043 1841 2072 vacuum,
1871 2032 1970 2072 magis
1993 2042 2120 2062 sursum
2150 2031 2282 2070 feretur;
2306 2038 2336 2062 et
2358 2031 2384 2061 si
2407 2031 2446 2062 sit
2469 2031 2602 2062 omnino
2629 2041 2683 2062 va-

1689 2087 1806 2116 cuum,
1835 2075 2032 2107 velocissime
2056 2076 2165 2116 utique
2192 2076 2318 2106 feretur.
2342 2075 2495 2106 Fortassis
2523 2081 2630 2106 autem
2651 2082 2684 2106 et

1687 2122 1749 2152 hoc
1771 2120 1966 2161 impossibile
1985 2126 2031 2150 est
2053 2119 2182 2150 moveri:
2205 2119 2299 2150 Ratio
2322 2125 2429 2149 autem
2454 2119 2580 2149 eadem:
2604 2118 2685 2150 sicut

1690 2165 1843 2206 quoniam
1856 2164 1890 2194 in
1906 2173 2006 2194 vacuo
2022 2163 2087 2193 sine
2106 2170 2197 2193 motu
2213 2162 2320 2193 omnia
2335 2169 2424 2201 sunt,
2441 2162 2485 2193 sic
2500 2169 2531 2193 et
2547 2171 2686 2193 vacuum

1691 2209 1822 2250 quidem
1844 2215 1890 2239 est
1913 2208 2001 2248 quod
2024 2213 2070 2238 est
2093 2207 2160 2237 sine
2183 2213 2291 2237 motu:
2317 2205 2576 2246 incomparabiles
2599 2205 2686 2237 enim

1691 2260 1765 2284 sunt
1786 2252 1975 2283 velocitates.

1623 2298 1642 2318 ’⁸‘
1657 2297 1820 2335 Quoniam
1851 2302 1958 2326 autem
1980 2305 2117 2326 vacuum
2145 2294 2275 2336 quidem
2294 2304 2360 2324 non
2376 2294 2509 2325 dicimus
2533 2303 2611 2332 esse,
2626 2293 2687 2325 alia

1691 2351 1767 2372 vero
1792 2350 1863 2371 vere
1887 2339 2027 2370 dubitata
2049 2346 2138 2370 sunt:
2164 2345 2218 2369 aut
2240 2345 2348 2369 motus
2371 2348 2438 2369 non
2461 2338 2518 2369 erit
2546 2337 2606 2369 nisi
2629 2337 2688 2369 erit

1694 2384 1827 2416 densitas
1851 2391 1882 2414 et
1904 2383 2029 2421 raritas,
2053 2390 2107 2414 aut
2129 2381 2303 2413 turbabitur
2327 2382 2461 2420 caelum,
2483 2388 2539 2413 aut
2563 2390 2687 2422 semper

1693 2428 1832 2470 aequalis
1848 2437 1930 2468 aqua
1945 2437 1981 2458 ex
1997 2436 2077 2465 aere,
2094 2433 2124 2457 et
2139 2435 2176 2456 ex
2191 2435 2273 2466 aqua
2289 2426 2345 2456 erit
2359 2432 2390 2456 et
2405 2435 2466 2456 aer.
2483 2425 2688 2457 Manifestum

1695 2473 1779 2503 enim
1809 2478 1855 2502 est
1882 2471 1957 2512 quia
1984 2471 2056 2510 plus
2080 2469 2158 2501 aeris
2181 2480 2217 2500 ex
2239 2479 2321 2511 aqua
2349 2469 2401 2500 fit:
2430 2479 2555 2500 necesse
2577 2469 2688 2509 igitur,

1694 2516 1753 2547 nisi
1777 2515 1905 2547 calcatio
1929 2515 1978 2553 sit,
1997 2521 2052 2545 aut
2075 2513 2245 2554 depulsum
2267 2514 2354 2554 quod
2377 2513 2510 2544 habetur
2536 2513 2688 2544 ultimum

1694 2559 1880 2591 tumultuari
1899 2558 2015 2596 facere3
2034 2565 2089 2589 aut
2106 2557 2179 2588 alibi
2195 2556 2307 2588 alicubi
2323 2557 2494 2598 aequaliter
2509 2563 2631 2588 mutare
2649 2565 2687 2587 ex

1696 2614 1764 2634 aere
1787 2603 1820 2634 in
1843 2613 1970 2643 aquam,
1990 2609 2026 2632 ut
2044 2612 2140 2632 omne
2159 2611 2274 2642 corpus
2293 2601 2390 2632 totius
2408 2601 2537 2642 aequale
2556 2600 2612 2639 sit;
2631 2606 2688 2632 aut

1696 2647 1772 2678 nihil
1803 2646 1933 2677 moveri.
1958 2646 2088 2686 Semper
2111 2645 2206 2684 enim,
2228 2648 2438 2676 transmutato
2462 2645 2534 2683 hoc,
2558 2643 2687 2683 accidet,

1696 2691 1755 2722 nisi
1780 2690 1966 2722 circulariter
1988 2696 2167 2720 moveatur:
2184 2699 2250 2720 non
2267 2699 2390 2729 semper
2405 2695 2512 2720 autem
2533 2688 2567 2719 in
2591 2686 2688 2719 cir'cu-

1695 2736 1765 2766 lum
1786 2734 1822 2765 fit
1847 2734 1909 2765 loci
1939 2733 2091 2772 mutatio,
2115 2734 2170 2764 sed
2193 2740 2223 2764 et
2245 2733 2279 2763 in
2301 2740 2424 2764 rectum
2442 2740 2498 2764 est.
2527 2731 2572 2763 Hi
2593 2731 2689 2772 igitur

1696 2786 1824 2820 propter
1846 2778 1908 2808 hoc
1929 2787 2067 2808 vacuum
2090 2777 2210 2818 aliquid
2233 2777 2342 2808 dicunt
2364 2787 2440 2808 esse.
2551 2807 2555 2813 ,

1629 2825 1647 2844 *
1661 2825 1729 2855 Nos
1749 2830 1855 2853 autem
1874 2821 2007 2852 dicimus
2027 2831 2063 2852 ex
2080 2821 2236 2860 subiectis,
2252 2820 2406 2862 quoniam
2421 2819 2611 2860 est-materia
2625 2829 2690 2851 una

1698 2866 1938 2904 contrariorum,
1952 2865 2042 2896 calidi
2058 2871 2088 2896 et
2102 2865 2204 2906 frigidi
2220 2872 2250 2896 et
2265 2864 2396 2895 aliarum
2408 2863 2600 2895 naturalium
2613 2872 2688 2894 con-

1697 2911 1906 2948 trarietatum;
1933 2916 1963 2940 et
1985 2919 2022 2939 ex
2045 2919 2083 2939 eo
2107 2909 2196 2949 quod
2219 2908 2360 2949 potentia
2382 2914 2438 2946 est,
2462 2914 2534 2939 actu
2557 2916 2612 2938 ens
2634 2905 2688 2946 fit;

1699 2962 1728 2986 et
1751 2964 1817 2984 non
1840 2953 2019 2994 separabilis
2042 2952 2172 2993 quidem
2195 2952 2323 2983 materia
2347 2958 2402 2990 est,
2427 2961 2492 2982 esse
2515 2956 2623 2981 autem
2645 2949 2688 2980 al-

1697 3005 1801 3029 terum
1825 3004 1887 3035 est;
1911 3003 1942 3027 et
1964 3006 2027 3027 una
2045 2996 2176 3037 quidem
2199 3003 2245 3027 est
2267 3005 2418 3034 numero,
2444 2994 2501 3026 etsi
2529 2993 2690 3034 contingat

1699 3042 1813 3073 coloris
1837 3048 1867 3072 et
1890 3039 1980 3071 calidi
2004 3046 2034 3070 et
2057 3039 2169 3080 frigidi.

1633 3086 1688 3117 Est
1711 3085 1805 3126 igitur
1828 3091 1858 3115 et
1885 3083 2024 3124 corporis
2054 3083 2183 3114 materia
2206 3090 2236 3114 et
2259 3082 2365 3123 magni
2388 3089 2419 3113 et
2448 3081 2535 3123 parvi
2568 3081 2688 3112 eadem.

1699 3128 1903 3160 Manifestum
1933 3134 1978 3158 est
2007 3134 2114 3158 autem
2137 3127 2208 3157 hoc.
2238 3126 2323 3158 Cum
2353 3125 2438 3157 enim
2467 3135 2504 3156 ex
2527 3134 2607 3166 aqua
2638 3134 2691 3156 aer

1695 3173 1758 3211 fiat,
1790 3173 1899 3203 eadem
1923 3170 2051 3201 materia
2082 3180 2147 3201 non
2171 3170 2326 3210 accipiens
2349 3169 2434 3200 aliud
2466 3168 2588 3210 aliquid
2611 3167 2691 3200 facta

1700 3224 1760 3255 est;
1785 3216 1839 3247 sed
1862 3215 1950 3256 quod
1974 3221 2038 3245 erat
2061 3214 2213 3255 potentia,
2237 3221 2307 3244 actu
2331 3213 2411 3244 facta
2434 3219 2489 3244 est.
2514 3213 2555 3243 Et
2576 3212 2691 3244 iterum

1700 3271 1782 3302 aqua
1805 3269 1841 3290 ex
1863 3269 1932 3290 aere
1956 3258 2110 3289 similiter:
2136 3258 2308 3299 aliquando
2332 3257 2462 3297 quidem
2485 3257 2518 3287 in
2534 3256 2690 3296 magnitu-

1700 3305 1807 3335 dinem
1830 3314 1866 3334 ex
1889 3303 2048 3343 parvitate,
2068 3302 2238 3343 aliquando
2261 3301 2294 3331 in
2317 3300 2503 3341 parvitatem
2518 3309 2555 3331 ex
2570 3299 2692 3340 magni·

1699 3348 1818 3379 tudine.
1850 3346 1997 3378 Similiter
2019 3346 2114 3386 igitur
2136 3352 2167 3377 et
2190 3355 2264 3376 cum
2287 3344 2407 3375 multus
2430 3354 2482 3375 aer
2504 3344 2635 3375 existens
2657 3342 2690 3374 in

1700 3391 1815 3422 minori
1839 3390 1874 3422 fit
1897 3391 1993 3428 mole,
2018 3396 2048 3421 et
2071 3399 2107 3420 ex
2126 3388 2241 3420 minori
2260 3388 2371 3427 maior,
2387 3387 2528 3429 potentia
2543 3397 2618 3418 cum
2640 3386 2690 3425 sit,

1700 3435 1735 3467 fit
1758 3435 1886 3466 materia
1910 3441 2051 3475 utraque.

1635 3480 1721 3511 Sicut
1744 3479 1828 3510 enim
1852 3489 1888 3510 ex
1913 3478 2024 3518 frigido
2048 3477 2083 3509 fit
2101 3477 2255 3514 calidum,
2279 3483 2310 3507 et
2333 3485 2370 3506 ex
2392 3475 2493 3506 calido
2523 3473 2689 3514 frigidum,

1701 3524 1830 3561 eadem,
1862 3523 1937 3563 quia
1960 3528 2024 3552 erat
2046 3520 2206 3562 potentia3
2235 3519 2277 3550 sic
2301 3529 2337 3550 ex
2361 3518 2461 3550 calido
2489 3516 2588 3558 magis
2617 3516 2690 3547 cali-

1702 3568 1790 3603 dum,
1814 3566 1902 3597 nullo
1927 3565 2008 3596 facto
2025 3564 2056 3595 in
2073 3563 2200 3594 materia
2219 3562 2331 3601 calido,
2348 3561 2435 3603 quod
2458 3570 2523 3591 non
2547 3566 2626 3590 esset
2641 3569 2689 3590 ca-

1702 3611 1814 3649 lidum,
1831 3609 1960 3651 quando
1984 3614 2048 3638 erat
2070 3607 2175 3638 minus
2199 3606 2346 3637 calidum.
2371 3605 2458 3636 Sicut
2479 3603 2609 3644 quidem
2633 3612 2691 3633 nec

2699 855 2836 911 :atram
2855 855 2872 879 ⁵
2892 868 2895 873 ·

2701 1292 2844 1316 ’Texusso

2704 1469 2714 1479 ·
2727 1468 2795 1492 Text.
2809 1468 2864 1492 81.-

2707 1910 2717 1921 ·
2731 1909 2799 1933 Text.
2813 1910 2851 1933 82.

2710 2299 2858 2328 ’ταιεμ
2909 2292 2922 2324 ᾖ

2713 2825 2807 2849 *Tett-
2821 2825 2863 2852 84.
