2898 3996
34 1451 114 1482 frent.
128 1461 157 1484 ¹5·

246 3494 324 3527 Ἔτι
347 3496 403 3526 καὶ
432 3494 539 3531 α”λλως
566 3493 707 3526 ἄτοπον,
734 3494 779 3526 Τὸ

1117 287 1227 323 CAP.
1258 287 1324 333 ΙΙΙ,
1355 286 1504 323 LECT.
1533 286 1568 322 V

1015 499 1314 554 LEcT10
1355 500 1666 576 QUINTA

2331 293 2334 297 ·
2355 293 2428 340 337

534 659 811 691 OSTENDITUR
832 658 1176 691 ALTERATIONEM
1199 659 1290 689 NON
1314 659 1414 690 ESSE
1438 660 1480 690 IN
1505 660 1686 697 QUARTA
1710 661 1855 693 SPECIE
1886 663 2161 703 QUALITATIS,

454 716 579 747 IDEST
594 716 649 761 ‘IN
677 715 827 746 FORMA
854 714 912 744 ET
940 713 1100 745 FIGURA
1124 732 1142 737 -
1166 715 1271 745 IDEM
1299 715 1532 746 PROBATUR
1559 717 1616 746 DE
1644 717 1777 748 PRIMA
1809 718 1954 749 SPECIE
1983 721 2242 757 QUALITATIS

837 770 989 808 QUOAD
1013 770 1198 802 HABITUS
1221 771 1279 801 ET
1303 771 1621 804 DISPOSITIONES
1646 773 1858 805 CORPORIS

35 898 138 931 ’ΝΜ-
151 906 222 929 θᾶῑῑῑῡ
263 909 362 942 *Ὅτι
378 904 416 940 δέ
435 907 484 940 τοὶ
501 906 728 951 ἀλλοιούμενα
748 908 948 940 ἀλλοιοῦται

306 950 424 985 πάντα
443 951 508 984 ὑπὸ
526 952 591 984 τῶν
611 951 794 993 αἰσθητῶν,
811 954 868 983 καὶ
889 951 948 995 μό-

305 1007 366 1027 νων
391 995 523 1028 τούτων
554 996 643 1028 ἐστὶν
678 996 852 1033 ἀλλοίωσις
885 994 948 1028 ὅσα

304 1039 378 1071 καθ’
408 1041 502 1072 αὐτοὶ
519 1038 644 1085 πάσχει
662 1039 727 1072 ὑπὸ
745 1038 892 1082 τούτων,
912 1040 948 1072 ἐκ

306 1079 411 1117 τῶνδε
436 1083 664 1128 θεωρήσωμεν.

260 1455 331 1486 Τῶν
355 1452 420 1499 γάρ
446 1453 555 1485 ἄλλων
580 1453 718 1498 μάλιστ’
741 1453 779 1486 ἂν
796 1465 848 1491 τις
866 1455 948 1486 ὑπο-

302 1496 404 1538 λοίβοι
429 1496 461 1528 ἔν
479 1509 518 1530 τε
537 1502 607 1535 τοῖς
624 1497 776 1542 σχήμασι
793 1500 852 1529 καὶ
871 1502 946 1535 ταῖς

304 1543 443 1586 μορφαῖς
467 1543 526 1573 καὶ
554 1545 630 1578 ταῖς
664 1541 750 1583 ἕξεσι
780 1543 838 1574 καὶ
870 1546 946 1579 ταῖς

304 1585 436 1618 τούτων
478 1586 665 1626 ἀποβολαὶ-’ς
707 1586 766 1617 καὶ
806 1584 944 1629 λήψεσιν

306 1629 505 1670 [ἀλλοίωσιν
531 1628 728 1674 ύποίρχειν]·
758 1624 852 1661 δοκεῖ
880 1630 944 1676 γοὶρ

304 1673 392 1717 ύποίρ
419 1685 464 1706 ειν
491 1674 531 1706 τὸ
553 1674 615 1711 τῆς
637 1672 864 1715 ἀλλοιώσεως,
886 1675 946 1705 οὐκ

303 1717 376 1750 ἔστι
422 1719 430 1729 ’
459 1713 529 1750 οὐδ’
550 1719 584 1749 ἐν
608 1716 755 1758 τούτοις,
784 1717 873 1749 ἀλλά
895 1720 945 1763 γί-

303 1773 400 1794 νεται
421 1762 461 1795 τὸ
486 1763 604 1807 σχῆμα
631 1760 874 1805 ἀλλοιουμένων
895 1773 945 1815 m:

302 1806 364 1837 νῶν
398 1807 530 1839 ταῦτα·
568 1805 792 1848 πυκνουμένης
822 1804 886 1851 γάρ
922 1806 942 1841 ἢ

302 1849 509 1895 μανουμένης
528 1848 548 1886 ἦ
569 1849 826 1894 θερμαινομένης
849 1848 870 1886 ἦ
888 1848 943 1892 ψυ-

300 1893 443 1938 χομένης
477 1894 538 1931 τῆς
570 1893 661 1931 ὕλης.
683 1893 876 1930 Ἀλλοίωσις
906 1888 944 1924 δὲ

302 1938 362 1969 οὐκ
387 1938 490 1971 ἔστιν.

248 2364 307 2406 Ἐξ
325 2365 364 2397 οὗ
381 2365 440 2410 μέν
458 2365 522 2412 γάρ
541 2366 560 2403 ’ἦ
579 2365 687 2410 μορφή
706 2364 768 2398 τοῦ
790 2361 942 2410 ἀνδριάν-

299 2420 378 2450 τος,
398 2410 436 2441 οὐ
451 2409 593 2456 λέγομεν
619 2410 682 2446 τήν
705 2409 846 2454 μορφήν,
871 2405 938 2442 οὐδ’

300 2452 334 2494 ἐξ
360 2453 398 2486 οὗ
425 2453 465 2485 τὸ
489 2455 609 2499 σχῆμα
634 2454 696 2491 τῆς
718 2449 903 2498 πυραμίδος
921 2453 941 2491 ἢ

299 2498 362 2536 τῆς
377 2499 502 2540 κλίνης,
519 2498 609 2531 ἀλλά.
625 2497 939 2542 παρωνυμιάζοντες

302 2541 344 2573 τὸ
392 2542 424 2573 ἐν
448 2543 598 2587 χαλκοῦν
624 2543 665 2574 τὸ
686 2537 723 2574 δὲ
742 2541 874 2587 κη’ρινον
899 2543 940 2575 τὸ

299 2579 337 2617 δὲ
362 2553 492 2626 ξύλινον
518 2587 559 2620 ve
582 2582 610 2617 δ’
636 2585 872 2631 ἀλλοιούμενον
889 2586 942 2618 λέ-

301 2639 417 2674 γομεν·
437 2630 496 2663 τὸν
539 2630 578 2675 οὶρ
594 2630 723 2675 χαλκὸν
741 2630 839 2678 ύγρὸν
857 2628 942 2663 εἶναι

297 2672 441 2719 λέγομεν
467 2673 488 2710 ἦ
513 2643 630 2719 θερμὸν
656 2672 677 2711 ἦ
702 2674 863 2719 σκληρόν,
884 2676 942 2707 καὶ

301 2716 339 2748 οὐ
373 2717 472 2760 μόνον
508 2717 637 2759 οὕτως,
675 2718 764 2750 ἀλλά
801 2720 860 2751 καὶ
900 2719 942 2751 τό

299 2761 397 2816 ύῖρόν
422 2764 480 2793 καὶ
499 2762 540 2794 τὸ
557 2761 674 2806 θερμόν
717 2762 834 2803 αλκόν,
858 2763 942 2804 ὁμω-

298 2815 406 2848 νυμως
421 2804 580 2852 λέγοντες
593 2807 639 2848 τῷ
655 2774 755 2837 ποξθει
770 2806 832 2842 τήν
846 2805 938 2843 ὕλην.

292 2849 388 2882 Ἐπεὶ
417 2847 473 2881 οὖν
499 2849 533 2891 ἑξ
559 2850 596 2882 οὖ
621 2849 680 2894 μὲν
701 2849 721 2886 ἡ
747 2850 855 2894 μορφή
883 2851 941 2882 καὶ

298 2894 339 2926 τὸ
364 2894 484 2938 σχῆμα
507 2896 566 2926 καὶ
591 2895 632 2926 τὸ
657 2894 793 2939 γεγονὸς
815 2893 942 2937 ὁμωνύ-

297 2949 364 2982 μως
395 2938 434 2970 οὗ
469 2937 610 2982 λέγεται
641 2941 711 2974 τοῖς
747 2936 782 2975 ἐξ
816 2936 940 2971 ἐκείνου

297 2982 462 3027 σχήμασι,
489 2983 530 3015 vd
550 2978 581 3014 δ’
608 2981 845 3025 ἀλλοιούμενον
871 2986 941 3020 τοῖς

299 3024 439 3058 πάθεσιν
466 3026 644 3071 ὁμωνύμως
668 3025 821 3070 λέγεται,
843 3037 940 3070 φανε-

299 3069 354 3112 ρόν
383 3070 426 3107 ὥς
455 3069 488 3102 ἐν
520 3069 630 3114 μόνοις
664 3075 733 3107 τοῖς
767 3069 938 3108 αἰσθητοῖς

299 3114 320 3149 ἦ
349 3113 533 3152 ἀλλοίωσις.

825 3493 846 3526 οἱ
886 3493 942 3526 λέ-

297 3550 367 3585 γειν
393 3538 452 3570 τὸν
485 3537 655 3582 ἄνθρωπον
690 3506 892 3574 ἠλλοιωσθραι
918 3537 938 3574 ἢ

298 3583 361 3619 τὴν
401 3582 508 3614 οἰκίαν
542 3582 715 3622 λαβοῦσαν
750 3581 845 3619 τέλος
884 3594 939 3628 γε-

395 3643 463 3676 Opp.
483 3643 513 3667 D.
528 3643 640 3667 Tnonma
654 3643 685 3667 T.
705 3643 733 3667 11.

1002 908 1034 925 *²¹³
1045 910 1142 947 Quod
1153 917 1259 941 autem
1278 922 1314 941 ea
1325 921 1406 951 quae
1419 912 1598 951 alterantur,
1615 913 1691 943 alte-

1046 960 1153 984 rantur
1169 955 1276 984 omnia
1286 965 1304 984 a
1316 955 1528 994 sensibilibus3
1540 962 1570 986 et
1584 956 1690 986 solum

1045 997 1162 1027 horum
1177 997 1316 1028 alteratio
1333 1005 1393 1037 est,
1411 1009 1630 1039 quaecumque
1643 1010 1689 1030 se-

1046 1041 1187 1071 cundum
1206 1051 1238 1071 se
1257 1042 1404 1072 dicuntur
1426 1042 1491 1082 pati
1507 1043 1545 1072 ab
1561 1043 1626 1081 his;
1653 1053 1689 1074 ex

1045 1084 1093 1114 his
1113 1084 1390 1116 considerabimus.

999 1461 1017 1479 *
1031 1461 1178 1492 Aliorum
1203 1461 1287 1492 enirn
1314 1462 1449 1493 maxime
1474 1462 1584 1504 utique
1613 1463 1684 1504 quis

1045 1505 1232 1536 existimabit
1246 1506 1279 1536 in
1294 1505 1401 1546 figuris
1416 1513 1447 1537 et
1462 1506 1572 1537 formis
1591 1514 1622 1538 et
1632 1507 1686 1538 ha-

1043 1549 1177 1588 bitibus,
1202 1557 1232 1580 et
1253 1549 1371 1581 horum
1398 1551 1627 1581 remotionibus
1657 1558 1687 1582 et

1044 1593 1287 1633 acceptionibus,
1311 1594 1527 1625 alterationem
1542 1602 1624 1625 esse:
1641 1595 1686 1625 vi-

1045 1636 1134 1667 detur
1157 1637 1242 1667 enim
1270 1647 1336 1667 esse
1366 1638 1454 1678 quod
1484 1638 1685 1670 alterationis.

1042 1681 1116 1710 Non
1145 1687 1191 1711 est
1218 1687 1324 1711 autem
1347 1691 1450 1722 neque
1478 1682 1511 1712 in
1534 1682 1600 1721 his,
1632 1684 1686 1713 sed

1042 1723 1123 1754 fiunt
1143 1724 1219 1755 haec
1235 1734 1309 1754 cum
1325 1725 1481 1765 quaedam
1502 1726 1684 1756 alterantur:

1043 1768 1170 1798 densata
1189 1768 1273 1798 enim
1295 1775 1350 1799 aut
1365 1769 1522 1807 rarefacta,
1539 1776 1594 1800 aut
1612 1780 1686 1800 cum

1041 1810 1096 1841 fiat
1125 1811 1223 1842 calida
1253 1819 1307 1843 aut
1336 1812 1447 1852 frigida
1470 1813 1616 1852 materia;
1641 1814 1685 1844 al-

1041 1855 1151 1886 teratio
1176 1862 1282 1886 autem
1306 1866 1372 1886 non
1396 1862 1450 1887 est.

996 2370 1044 2401 Ex
1057 2381 1122 2411 quo
1136 2371 1266 2412 quidem
1281 2372 1366 2402 enim
1379 2379 1425 2403 est
1434 2372 1536 2403 forma
1551 2380 1682 2413 statuae,

1041 2425 1108 2445 non
1124 2415 1256 2455 dicimus
1272 2415 1419 2455 formam,
1436 2427 1539 2457 neque
1563 2427 1599 2448 ex
1617 2428 1683 2458 quo

1040 2457 1140 2498 figura
1162 2460 1332 2500 pyramidis
1363 2467 1408 2491 est
1436 2467 1490 2491 aut
1512 2461 1603 2500 lecti;
1628 2462 1683 2492 sed

1041 2503 1280 2534 denominantes
1303 2504 1364 2534 hoc
1384 2504 1513 2545 quidem
1537 2515 1682 2544 aeneum,

1039 2546 1119 2576 illud
1142 2557 1216 2577 vero
1241 2557 1385 2586 cereum,
1409 2548 1495 2578 aliud
1517 2556 1624 2580 autem
1646 2550 1683 2580 li-

1039 2599 1167 2630 gneum.
1193 2591 1291 2628 Quod
1309 2594 1416 2622 autern
1430 2592 1587 2631 alteratur,
1608 2593 1681 2623 dici-

1040 2642 1128 2665 mus:
1154 2644 1205 2664 aes
1237 2635 1367 2676 quidem
1396 2635 1481 2666 enirn
1512 2636 1683 2668 humidum

1040 2688 1106 2708 esse
1128 2678 1272 2717 dicimus,
1290 2685 1344 2710 aut
1358 2679 1438 2710 forte
1460 2686 1514 2710 aut
1530 2681 1681 2720 calidum;

1040 2729 1070 2752 et
1092 2732 1158 2752 non
1181 2722 1287 2753 solum
1309 2723 1368 2762 sic,
1393 2723 1448 2754 sed
1467 2723 1638 2755 humidum
1653 2731 1683 2756 et

1040 2765 1177 2796 calidum
1193 2776 1254 2805 aes,
1265 2767 1436 2807 aequivoce
1453 2767 1588 2799 dicentes
1608 2779 1682 2799 cum

1038 2810 1184 2849 passione
1207 2811 1379 2841 materiam.
1405 2811 1568 2848 Quoniam
1587 2812 1683 2852 igitur

1040 2862 1076 2883 ex
1099 2863 1164 2893 quo
1184 2853 1313 2894 quidem
1337 2854 1440 2885 forma
1463 2861 1493 2885 et
1514 2855 1626 2896 figura,
1651 2863 1681 2887 et

1039 2897 1128 2937 quod
1150 2896 1269 2927 factum
1284 2904 1344 2936 est,
1364 2898 1536 2939 aequivoce
1552 2909 1618 2930 non
1635 2901 1681 2930 di-

1039 2947 1153 2971 cuntur
1165 2951 1239 2971 cum
1254 2941 1360 2981 figuris
1375 2952 1456 2983 quae
1472 2952 1508 2973 ex
1522 2943 1578 2974 isso
1593 2951 1682 2982 sunt;

1039 2994 1119 3025 quae
1143 2991 1250 3015 autem
1272 2986 1450 3025 alterantur,
1471 2997 1545 3017 cum
1561 2986 1681 3027 passio-

1038 3028 1131 3058 nibus
1161 3028 1331 3069 aequivoce
1354 3030 1519 3061 dicuntur:
1549 3032 1679 3062 manife-

1038 3078 1123 3102 stum
1150 3073 1239 3113 quod
1261 3073 1294 3103 in
1317 3073 1392 3104 solis
1416 3074 1614 3106 sensibilibus
1638 3076 1681 3106 al-

1037 3115 1148 3146 teratio
1173 3122 1227 3148 est.

993 3495 1010 3515 *
1031 3496 1178 3536 Amplius
1205 3504 1235 3527 et
1259 3497 1345 3529 aliter
1370 3496 1592 3531 inconveniens
1621 3507 1676 3531 est.

1037 3539 1147 3570 Dicere
1162 3540 1246 3570 enim
1261 3541 1425 3572 hominem
1444 3543 1608 3575 alteratum
1631 3554 1677 3574 es-

1037 3593 1069 3614 se
1092 3590 1146 3615 aut
1169 3584 1318 3624 domum,
1344 3586 1547 3626 accipientem
1570 3587 1677 3626 finem,

1745 907 1760 924 *
1784 907 1861 940 Ὅτι
1878 904 1915 941 δέ
1940 909 1981 942 τὸ
2010 911 2247 956 ἀλλοιούμενον
2268 914 2359 947 ἅπαν
2379 915 2435 950 ἀλ-
2464 926 2675 954 *D1nor.-Cap.m.

1788 953 1946 985 λοιοῦται
1973 955 2038 986 ὑπὸ
2068 957 2134 986 τῶν
2161 958 2349 1000 αἰσθητῶν,
2376 965 2434 994 καὶ

1790 996 1823 1027 ἑν
1845 997 1982 1034 τούτοις
2002 999 2145 1044 ὑπάρχει
2163 1001 2274 1044 μόνοις
2295 1001 2434 1036 ἀλλοίω-

1788 1051 1836 1076 σις
1848 1040 1919 1077 ,ὅσα
1936 1041 2011 1073 καθ’
2030 1044 2124 1075 αὐτοὶ
2135 1043 2276 1090 λέγεται
2290 1047 2431 1092 ποίσχειν

1790 1083 1855 1115 ὑπὸ
1875 1086 1942 1116 τῶν
1961 1086 2143 1128 αἰσθητῶν,
2163 1089 2198 1120 ἐκ
2223 1086 2328 1122 τῶνδε
2353 1094 2433 1125 θεω-

1788 1127 1920 1170 ρητέον.
1941 1131 2011 1161 Τῶν
2025 1131 2088 1176 γαρ
2108 1131 2216 1164 α”λλων
2233 1134 2369 1178 μάλιστ·
2393 1137 2432 1170 ἄν

1788 1182 1838 1207 τις
1866 1173 2034 1214 ὑπολάβοι
2059 1175 2091 1206 ἔν
2119 1187 2155 1207 τε
2182 1182 2251 1216 τοῖς
2278 1181 2432 1226 σχήμασι

1787 1217 1844 1245 καὶ
1871 1213 1903 1246 ἐν
1929 1222 2005 1255 ταῖς
2038 1223 2176 1262 μορφαῖς
2207 1224 2264 1254 καὶ
2295 1226 2328 1256 ἐν
2354 1230 2430 1263 ταῖς

1789 1256 1877 1298 ἕξεσι
1901 1263 1958 1292 καὶ
1984 1266 2059 1298 ταῖς
2084 1262 2217 1296 τούτων
2236 1266 2355 1312 λη’ψεσι
2371 1271 2430 1301 καὶ

1789 1302 1976 1343 ἀποβολαῖς
2001 1306 2176 1338 ἀλλοίωσιν
2195 1310 2370 1356 ύποίρχειν·
2394 1314 2429 1345 ἐν

1789 1342 1977 1393 οὐδετέροις
2013 1345 2041 1380 δ’
2081 1349 2166 1383 ἔστι.
2201 1354 2246 1384 T&
2276 1356 2334 1399 μέν
2367 1358 2431 1402 γαρ

1785 1393 2080 1437 σχηματιζόμενον
2111 1397 2168 1426 καὶ
2193 1396 2429 1443 ῥυθμιζόμενον

1787 1433 1871 1467 ὅταν
1886 1436 2101 1478 ἐπιτελεσθῇ,
2117 1438 2154 1469 οὐ
2167 1440 2308 1486 λέγομεν
2326 1444 2431 1476 ἐκεῖνο

1787 1478 1821 1519 ἐξ
1847 1479 1884 1510 ού
1910 1481 2022 1523 ἐστιν,
2051 1481 2118 1513 οἷον
2149 1483 2209 1515 τὸν
2243 1483 2430 1530 ἀνδριάντα

1785 1523 1934 1566 χαλκόν,
1961 1524 1982 1562 ἢ
2008 1526 2072 1562 τήν
2105 1525 2280 1572 πυραμίδα
2309 1531 2429 1576 κηρόν,

1785 1566 1807 1602 ’ἢ
1833 1567 1896 1603 τήν
1921 1571 2035 1607 κλίνην
2059 1567 2179 1612 ξύλον,
2208 1571 2298 1606 ἀλλά
2321 1587 2431 1620 παρω-

1785 1611 2001 1654 νυμιάζοντες
2027 1613 2067 1646 τὸ
2092 1615 2151 1655 μὲν
2183 1619 2354 1661 χαλκοῦν,
2387 1620 2428 1653 τὸ

1785 1648 1823 1684 δὲ
1847 1655 1994 1701 κήρινον,
2021 1657 2061 1689 τὸ
2086 1654 2124 1690 δὲ
2153 1657 2299 1699 ξύλινον·
2326 1664 2367 1695 τὸ
2392 1660 2430 1696 δέ

1785 1700 1949 1738 πεπονθὸς
1973 1703 2030 1733 καὶ
2056 1700 2280 1747 ἠλλοιωμένον
2303 1718 2327 1738 π
2350 1719 2429 1740 οσα-

1783 1743 1978 1788 γορεύομεν·
1993 1744 2090 1790 ξηρὸν
2103 1747 2167 1792 γὰρ
2184 1750 2242 1780 καὶ
2260 1751 2357 1795 ύγρον
2371 1754 2429 1783 καὶ

1784 1788 1926 1830 σκληρὸν
1943 1791 1999 1820 καὶ
2017 1788 2134 1834 θερμὰν
2153 1792 2212 1823 τὸν
2230 1795 2357 1837 χαλκὸν
2375 1795 2429 1827 λέ-

1783 1840 1886 1874 γομεν
1906 1834 1964 1863 καί
1982 1833 2041 1866 τὸν
2065 1834 2178 1879 κηρόν·
2196 1839 2253 1868 καὶ
2274 1838 2310 1869 οὗ
2328 1838 2428 1882 μόνον

1787 1872 1906 1917 οὕτως,
1935 1877 2025 1909 ἀλλά
2048 1880 2105 1909 καὶ
2131 1879 2171 1911 τὸ
2197 1881 2296 1926 ὑγρόν
2312 1885 2368 1914 καὶ
2387 1884 2428 1916 τὸ

1784 1915 1901 1962 θερμὸν
1926 1921 2054 1965 χαλκὸν
2070 1922 2226 1968 λέγομεν,
2247 1926 2426 1971 ὁμωνύμως

1784 1965 1832 2003 τῷ
1867 1964 1972 2006 ,ποίθει
2018 1968 2327 2013 προσαγορεύοντες
2363 1971 2427 2007 τήν

1785 2003 1878 2044 ὕλην.
1899 2009 1992 2042 Ὥστ’
2018 2010 2045 2040 εἰ
2065 2012 2159 2043 κατα
2175 2012 2234 2055 μὲν
2253 2014 2293 2045 τὸ
2310 2016 2428 2059 σχῆμα

1782 2054 1843 2083 καὶ
1868 2053 1932 2090 τήν
1950 2053 2076 2097 μορφὴν
2095 2055 2132 2086 οὐ
2152 2055 2294 2101 λέγεται
2316 2060 2357 2090 το“
2375 2072 2428 2105 γε-

1784 2096 1881 2138 γονός
1907 2098 1939 2129 ἐν
1966 2097 1989 2138 ᾦ
2011 2097 2082 2130 ἐστὶ
2107 2099 2148 2131 τὸ
2174 2101 2305 2145 σχῆμα,
2331 2104 2427 2136 κατα

1783 2135 1821 2171 δὲ
1850 2142 1898 2173 τοὶ
1929 2140 2020 2179 παθη
2050 2145 2107 2174 καὶ
2139 2143 2201 2181 τοὶς
2236 2145 2429 2185 ἀλλοιώσεις

1782 2183 1936 2230 λέγεται,
1956 2185 2167 2230 φανερὸν-ὃτι
2182 2188 2241 2219 οὐκ
2257 2189 2296 2221 ἁῖν
2310 2187 2372 2222 εἷεν
2392 2193 2427 2223 αἰ

1782 2228 1926 2273 γενέσεις
1946 2230 2052 2261 αύται
2075 2230 2279 2270 ἀλλοιώσεις.
2296 2234 2372 2267 Ἔτι
2390 2230 2427 2266 δέ

1781 2273 1840 2303 καὶ
1864 2274 1968 2305 εἰπεῖν
1995 2273 2100 2311 οὕτως
2136 2275 2266 2308 ἄτοπον
2302 2277 2340 2309 ἂν
2372 2274 2428 2310 δό-

1783 2314 1879 2358 ξειεν,
1907 2314 2112 2353 ἠλλοιῶσθαι
2136 2319 2196 2351 τόν
2217 2320 2386 2363 ἄνθρωπον
2405 2321 2427 2359 ἦ

1783 2359 1846 2396 τήν
1873 2361 1980 2392 οἰκίαν
2003 2360 2025 2398 ἦ
2050 2361 2132 2393 ἄλλο
2151 2364 2263 2396 ὁτιοῦν
2283 2367 2348 2398 τῶν
2373 2379 2428 2412 γε·

1805 2404 1982 2446 ενημένων·
2003 2406 2092 2438 ἀλλά
2104 2406 2259 2451 γενέσθαι
2271 2409 2330 2452 μὲν
2346 2412 2425 2448 ἴσως

1784 2451 1929 2480 ἕκαστον
1967 2447 2152 2494 ἀναγκαῖον
2187 2452 2426 2497 ἀλλοιουμένου

1783 2491 1886 2533 τινός,
1914 2493 1981 2524 οἷον
2008 2496 2070 2531 τῆς
2096 2494 2174 2532 ὕλης
2200 2497 2426 2540 πυκνουμένης

1782 2536 1802 2572 ἦ
1828 2536 2037 2580 μανουμένης
2068 2536 2089 2574 ’ἢ
2120 2537 2376 2584 θερμαινομένης
2403 2542 2425 2578 ἦ

1781 2579 1988 2625 ψυχομένης,
2008 2582 2046 2613 οὐ
2063 2582 2180 2625 μέντοι
2204 2583 2428 2630 τοὶχινόμενά

1780 2636 1819 2669 γε
1843 2624 2057 2667 ἀλλοιοῦται,
2085 2621 2155 2657 οὐδ’
2177 2627 2341 2684 ἡ-γένεσις
2367 2630 2426 2661 αὖ·

1781 2669 1847 2700 τῶν
1882 2669 2056 2707 ἀλλοίωσίς
2087 2670 2191 2702 ἐστιν.
2236 2672 2329 2704 Αλλοὶ
2358 2673 2423 2717 μήν

1782 2707 1852 2744 οὐδ’
1874 2715 1908 2744 αἱ
1928 2711 2008 2753 ἕξεις
2033 2712 2098 2745 οὔθ’
2126 2716 2241 2747 αἰτοῦ
2266 2715 2425 2760 σώματος

1782 2754 1850 2788 οὔθ’
1881 2759 1915 2788 αἱ
1941 2758 2003 2795 τῆς
2029 2757 2134 2803 ψυχῆς
2162 2759 2365 2798 ἀλλοιώσεις.
2387 2763 2424 2792 Αἱ

1781 2801 1840 2843 μὲν
1857 2801 1921 2846 γάρ
1942 2801 2075 2845 ἀρεταί,
2103 2805 2137 2834 αἱ
2159 2798 2196 2834 δὲ
2216 2807 2333 2836 κακίαι
2358 2806 2423 2837 τῶν

1782 2843 1891 2884 ἕξεων.
1918 2846 1986 2876 Οὐκ
2011 2846 2084 2878 ἔστι
2109 2842 2146 2878 δέ
2163 2847 2243 2880 οὔτε
2265 2849 2289 2884 ’ἡ
2317 2849 2424 2892 ἀρετ-ἠ

1783 2888 1861 2920 οὔτε
1887 2890 1907 2925 ἡ
1933 2891 2036 2921 κακία
2070 2891 2266 2932 ἀλλοίωσις,
2300 2892 2373 2924 ἀλλ’
2403 2894 2424 2929 ἡ

1781 2932 1840 2976 μὲν
1860 2934 1963 2977 ἀρετή
1984 2936 2150 2972 τελείωσίς
2169 2947 2219 2974 τις
2239 2935 2342 2980 (ὅταν
2357 2937 2423 2982 γάρ

1780 2974 1871 3020 λάβῃ
1905 2978 1967 3014 τήν
2000 2979 2125 3010 ἑαυτοῦ
2160 2979 2305 3023 ἀρετήν,
2339 2981 2423 3013 τότε

1780 3020 1921 3066 λέγεται
1938 3021 2066 3053 τέλειον
2085 3022 2242 3055 ἕκαστον·
2262 3024 2344 3057 τότε
2358 3026 2422 3070 γοὶρ

1782 3065 1936 3108 μάλιστ-α’
1947 3066 2020 3098 ἐστι
2033 3066 2073 3099 τὸ
2084 3067 2179 3099 κατοί
2192 3067 2300 3111 φύσιν,
2313 3068 2423 3113 ὥσπερ

1779 3108 1901 3146 κύκλος
1919 3109 2059 3151 τέλειος,
2081 3109 2163 3142 ὅταν
2189 3111 2342 3153 μάλιστα
2366 3112 2421 3157 γε’-

1781 3164 1883 3190 νηται
1897 3153 2018 3191 κύκλος
2034 3153 2248 3198 βέλτιστος),
2268 3156 2288 3191 ἡ
2307 3151 2344 3186 δὲ
2363 3167 2423 3187 κα-

1779 3199 1837 3228 κία
1866 3196 1971 3241 φθορά
2002 3197 2128 3230 τούτου
2159 3199 2216 3229 καὶ
2249 3199 2420 3236 ἔκστασις·

1773 3239 1897 3283 ’Ὠσπερ
1920 3239 1975 3272 οὖν
1994 3237 2071 3272 οὐδὲ
2093 3241 2132 3272 τὸ
2158 3242 2219 3278 τῆς
2247 3243 2350 3279 οἰκίας
2369 3255 2422 3274 τε-

1778 3285 1907 3327 λείωμα
1926 3283 2068 3328 λέγομεν
2085 3284 2260 3316 ἀλλοίωσιν
2276 3285 2420 3328 (ἄτοπον

1778 3327 1842 3372 γαρ
1863 3327 1890 3357 εἰ
1909 3327 1924 3358 ὁ
1943 3326 1958 3357 θ
1981 3330 2070 3372 ίγκος
2088 3330 2145 3359 καὶ
2168 3329 2183 3359 ὁ
2200 3328 2343 3373 κέραμος
2364 3330 2420 3362 ἀλ-

1777 3372 1921 3411 λοίωσις,
1946 3373 1966 3406 ἠ
1993 3372 2019 3402 εἰ
2045 3370 2262 3417 θριγκουμένη
2287 3375 2344 3405 καὶ
2368 3385 2422 3405 κε-

1778 3413 1970 3456 ραμουμένη
1998 3415 2221 3456 ἀλλοιοῦται,
2255 3414 2343 3449 ἀλλά
2372 3417 2418 3461 μή

1778 3458 1972 3489 τελειοῦται
2006 3459 2026 3494 ἡ
2058 3459 2187 3502 οἰκία),
2219 3459 2277 3492 τὸν
2311 3461 2420 3493 αὐτὸν

1778 3499 1903 3544 τρόπον
1915 3503 1971 3533 καὶ
1990 3502 2043 3534 ἐπὶ
2057 3504 2123 3535 τῶν
2139 3504 2264 3547 ἀρετῶν
2276 3506 2334 3536 καὶ
2351 3506 2418 3538 τῶν

1751 3550 1754 3553 ’
1776 3545 1900 3576 κακιῶν
1933 3547 1990 3577 καὶ
2016 3547 2081 3578 τῶν
2115 3546 2262 3591 ἐχόντων
2289 3547 2309 3584 ἦ
2333 3550 2420 3592 λαμ-

1778 3587 1962 3627 βανόντων·
1990 3592 2023 3621 αἰ
2049 3590 2107 3633 μέν
2130 3591 2194 3637 γοὶρ
2213 3592 2416 3634 τελειώσεις,

2205 3653 2238 3684 43
