2898 3996
14 539 226 562 “·1.ect.1.n.2.

1107 295 1217 330 CAP.

278 374 431 423 pliciter.
460 373 590 410 Primo
619 373 774 422 quidem
803 385 848 409 ex
877 372 1094 409 definitione
1124 372 1204 408 eius
1230 369 1334 419 quod

280 427 411 464 dicitur
438 427 627 474 primum:
663 427 738 462 hoc
773 425 873 462 enim
907 425 1038 461 dicitur
1068 423 1192 472 primo
1226 421 1334 459 alicui

280 478 495 525 convenire,
521 479 626 527 quod
645 478 822 515 convenit
843 477 877 513 ei
896 477 1107 515 secundum
1127 475 1334 524 quamlibet

280 544 388 568 suam
412 539 575 579 partem,
595 538 637 567 ut
654 530 693 567 in
711 530 895 579 principio
924 529 1043 587 quinti
1059 530 1078 549 *-
1104 528 1245 564 dictum
1266 534 1332 562 est.

281 583 459 620 Secundo
495 584 632 631 probat
667 582 769 619 idem
802 594 871 630 per
905 581 1102 617 rationem.
1144 579 1198 615 Sit
1232 578 1333 614 enim

281 643 431 694 tempus
459 635 499 672 in
527 648 602 684 quo
630 635 754 683 primo
775 633 915 681 aliquid
941 640 1118 669 movetur
1146 632 1218 667 XR
1235 629 1268 666 β;
1299 638 1335 667 et

282 688 370 736 quia
389 700 503 724 omne
531 695 681 735 tempus
701 693 756 722 est
775 684 969 730 divisibile,
991 684 1178 720 dividatur
1202 695 1333 719 secun-

282 740 373 777 dum
402 741 447 777 K.
477 741 644 776 Necesse
673 746 727 774 est
754 749 843 784 ergo
872 736 994 772 dicere
1028 736 1132 784 quod
1163 735 1202 772 in
1228 743 1334 784 parte

280 792 460 841 temporis
493 804 590 839 quae
623 797 677 826 est
703 790 795 836 XK,
830 795 894 824 aut
925 796 1126 824 moveatur
1163 795 1225 824 aut
1257 800 1335 824 non

280 851 495 889 moveatur;
525 851 560 879 et
588 841 754 879 similiter
782 840 828 877 de
856 847 962 888 parte
990 853 1088 899 quae
1108 848 1163 877 est
1191 841 1271 876 KR.
1294 840 1334 876 Si

282 908 370 943 ergo
382 896 489 932 detur
498 893 625 942 quod
616 906 654 930 m
669 900 801 929 neutra
815 893 951 928 harum
966 893 1129 941 partium
1145 900 1333 938 movetur,

279 947 446 996 sequitur
472 947 576 995 quod
603 958 726 994 neque
755 945 793 981 in
820 952 900 981 toto
929 946 1002 981 XR
1028 953 1238 992 moveatur,
1268 945 1335 981 sed

279 999 444 1047 quiescat
462 999 500 1035 in
521 1011 587 1035 eo:
617 998 704 1046 quia
731 997 970 1045 impossibile,
994 1005 1048 1034 est
1071 998 1174 1045 quod
1194 997 1334 1044 aliquid

279 1059 480 1088 moveatur
507 1050 546 1087 in
572 1058 757 1099 tempore,
786 1050 826 1086 in
855 1050 960 1086 cuius
988 1050 1090 1086 nulla
1116 1057 1222 1098 parte
1251 1061 1333 1085 mo-

277 1111 398 1140 vetur.
438 1103 478 1140 Si
506 1111 632 1140 autem
661 1104 769 1140 detur
796 1102 901 1150 quod
931 1101 971 1138 in
997 1114 1075 1138 una
1105 1109 1210 1150 parte
1239 1109 1334 1138 tem-

277 1156 381 1204 poris
400 1163 601 1192 moveatur
620 1162 656 1192 et
674 1167 753 1191 non
780 1154 818 1191 in
837 1154 919 1201 alia,
936 1161 1113 1203 sequetur
1133 1155 1236 1202 quod
1256 1166 1334 1190 non

277 1208 402 1256 primo
422 1215 624 1244 moveatur
651 1207 689 1244 in
717 1208 790 1244 XR
816 1214 1006 1256 tempore:
1037 1206 1125 1255 quia
1145 1213 1335 1255 oporteret

280 1260 385 1309 quod
413 1260 622 1297 secundum
649 1267 849 1308 utramque
872 1266 1019 1307 partem
1043 1267 1273 1306 moveretur,
1300 1266 1335 1295 et

278 1325 358 1349 non
378 1313 588 1349 secundum
617 1313 772 1349 alteram
796 1319 953 1348 tantum.
984 1313 1150 1348 Necesse
1172 1319 1226 1348 est
1246 1323 1334 1359 ergo

281 1365 404 1402 dicere
423 1365 529 1414 quod
549 1372 750 1401 moveatur
774 1365 812 1401 in
831 1364 998 1413 qualibet
1021 1372 1125 1412 parte
1154 1364 1335 1412 temporis

280 1417 385 1466 quod
405 1425 460 1459 est
486 1419 570 1454 XR.
599 1418 649 1454 Et
674 1418 750 1453 hoc
778 1424 833 1453 est
856 1417 960 1464 quod
990 1417 1248 1453 demonstrare
1266 1429 1335 1453 vo-

221 1493 228 1500 ·
280 1470 426 1516 lumus3
465 1470 603 1506 scilicet
630 1470 734 1517 quod
765 1471 783 1490 ss
812 1469 850 1506 in
886 1481 963 1517 quo
1000 1469 1124 1518 primo
1162 1476 1335 1517 tempore

281 1522 421 1571 aliquid
449 1530 635 1568 movetur,
656 1522 694 1558 in
714 1522 880 1569 qualibet
899 1529 1003 1570 parte
1025 1522 1104 1558 eius
1123 1528 1310 1558 movetur.

334 1575 369 1611 3.
398 1574 547 1611 Deinde
576 1587 663 1611 curn
693 1574 800 1611 dicit:
834 1574 984 1611 Ostenso
1013 1580 1136 1610 autem
1155 1575 1225 1610 hoc
1254 1581 1335 1620 etc.,

233 1617 236 1620 ⁴
278 1626 450 1675 procedit
478 1627 527 1663 ad
545 1627 749 1675 principale
777 1626 1017 1676 propositum
1046 1626 1334 1663 ostendendum.

280 1680 330 1715 Et
357 1679 454 1715 circa
481 1680 555 1716 hoc
588 1679 664 1716 duo
693 1679 800 1716 facit:
836 1679 962 1727 primo
1000 1679 1141 1715 inducit
1178 1678 1336 1715 demon-

280 1731 476 1768 strationes
505 1733 552 1768 ad
572 1732 809 1780 propositum
839 1731 1139 1776 ostendendum;
1169 1731 1335 1767 secundo

282 1783 470 1820 concludit
500 1784 698 1820 veritatem
732 1783 1019 1821 determinatam
1042 1784 1076 1829 ⁹¹²,
1111 1783 1177 1819 ibi:
1212 1784 1338 1825 Quare

281 1848 426 1873 necesse
452 1839 536 1873 est*
553 1844 621 1873 etc.
652 1836 762 1873 Circa
787 1836 955 1884 primum
985 1835 1060 1872 duo
1081 1835 1182 1871 facit:
1210 1836 1336 1884 primo

281 1888 443 1925 ostendit
470 1889 574 1937 quod
601 1896 687 1925 ante
716 1900 832 1925 omne
860 1888 1008 1925 moveri
1035 1887 1226 1936 praecedit
1253 1900 1337 1924 rnu-

280 1948 399 1977 tatum
420 1953 518 1988 esse;
539 1941 707 1978 secundo
728 1941 831 1989 quod
852 1953 873 1977 e
899 1953 1085 1977 converso
1110 1947 1195 1976 ante
1215 1941 1337 1989 quod-

280 1993 370 2030 libet
396 2000 584 2030 mutatum
613 2006 694 2030 esse
722 1993 915 2042 praecedit
941 1993 1109 2040 moveri,
1139 1993 1211 2029 ibi:
1245 1994 1336 2030 Non

279 2045 400 2083 solum
427 2052 551 2082 autem
572 2047 672 2094 quod
690 2052 857 2082 mutatur
874 2047 894 2067 ’¹‘
913 2053 982 2082 etc.

333 2109 370 2144 4.
400 2098 570 2135 Primum
595 2098 756 2135 ostendit
783 2098 899 2135 tribus
924 2097 1146 2134 rationibus:
1177 2110 1338 2146 quarum

280 2150 403 2199 prima
430 2151 510 2187 talis
540 2158 605 2187 est.
638 2152 758 2187 Detur
789 2151 894 2199 quod
926 2150 964 2187 in
992 2152 1065 2187 XR
1091 2150 1215 2198 primo
1245 2157 1338 2186 tem-

280 2215 374 2251 pore
400 2203 553 2251 aliquod
581 2203 722 2239 mobile
751 2211 899 2240 motum
928 2203 973 2239 sit
999 2215 1068 2251 per
1096 2204 1164 2239 KL
1196 2202 1339 2249 magni·
1351 2211 1353 2215 ’

280 2255 470 2292 tudinem:
504 2255 747 2292 manifestum
768 2263 822 2292 est
841 2255 945 2303 quod
970 2255 1000 2291 si
1020 2255 1222 2303 accipiatur
1240 2254 1339 2291 aliud

195 2335 201 2346 ‚
243 2330 254 2335 ·
281 2308 421 2344 mobile
451 2320 570 2366 aeque
594 2309 718 2355 velox,
744 2308 848 2356 quod
876 2307 988 2344 simul
1015 2307 1208 2356 inceptum
1237 2315 1292 2343 est
1320 2307 1340 2327 ’²‘

46 3420 72 3500 ''Setun-3.
51 3352 53 3354 ·

50 3360 66 3389 2¹
72 3366 122 3386 oue
130 3369 178 3386 om.
189 3364 257 3385 codd.

282 2360 429 2396 moveri
449 2373 535 2396 cum
556 2360 657 2408 ipso,
686 2361 725 2396 in
753 2360 954 2397 medietate
982 2359 1162 2408 temporis
1190 2367 1339 2396 motum

282 2412 350 2448 erit
367 2424 435 2460 per
448 2412 619 2450 medium
639 2412 916 2460 magnitudinis.
939 2413 1038 2449 Cum
1054 2424 1143 2460 ergo
1159 2412 1204 2448 sit
1219 2425 1340 2460 aeque

280 2465 394 2501 velox
411 2465 501 2502 illud
520 2465 660 2502 mobile
681 2465 785 2514 quod
802 2465 954 2514 ponitur
973 2465 1120 2502 moveri
1138 2477 1206 2513 per
1221 2472 1339 2501 totam

281 2517 599 2565 magnitudinem,
630 2517 796 2566 sequitur
815 2518 918 2566 quod
938 2517 1051 2554 etiam
1074 2517 1199 2565 ipsum
1219 2517 1256 2554 in
1277 2530 1339 2554 eo-

282 2569 371 2606 dem
390 2577 583 2618 tempore,
613 2570 751 2607 scilicet
768 2570 807 2607 in
826 2570 1026 2607 medietate
1050 2570 1230 2618 temporis
1250 2571 1338 2617 XR,

281 2629 431 2659 motum
451 2630 505 2659 est
522 2622 599 2659 iarn
623 2635 692 2671 per
717 2622 878 2659 eandem
902 2622 1212 2670 magnitudinem,
1242 2635 1351 2671 quae.

282 2674 419 2710 scilicet
438 2682 492 2711 est
510 2687 597 2723 pars
625 2675 736 2711 totius
755 2675 1022 2723 magnitudinis
1043 2676 1122 2711 KL.
1154 2676 1341 2723 Sequetur

283 2738 372 2774 ergo
393 2727 497 2775 quod
515 2727 606 2763 illud
624 2727 728 2775 quod
747 2735 935 2774 movetur,
951 2727 1054 2776 prius
1071 2734 1125 2764 est
1139 2735 1338 2764 mutatum.

335 2779 384 2815 Ut
403 2786 529 2815 autem
554 2779 646 2816 illud
668 2780 772 2827 quod
791 2779 852 2816 hic
877 2779 1008 2816 dicitur
1035 2780 1267 2816 manifestius
1286 2780 1340 2816 in-

281 2831 479 2878 telligatur,
510 2831 825 2869 considerandum
855 2839 910 2868 est
925 2832 1029 2880 quod
1058 2832 1152 2869 sicut
1177 2840 1339 2880 punctus

282 2884 454 2920 nominat
473 2884 677 2920 terminum
696 2884 827 2931 lineae,
847 2884 897 2921 ita
916 2890 1098 2921 mutatum
1118 2897 1195 2921 esse
1218 2885 1340 2922 nomi-

282 2943 346 2973 nat
363 2936 567 2973 terminum
587 2944 724 2974 motus.
742 2937 1036 2985 Quamcumque
1056 2945 1182 2974 autern
1201 2937 1340 2974 lineam

281 2989 343 3025 vel
360 2996 507 3036 partem
527 2989 646 3026 lineae
666 2989 838 3038 accipias,
850 3001 1000 3038 semper
1020 2997 1074 3026 est
1093 2990 1216 3027 dicere
1237 2990 1340 3038 quod

282 3048 368 3077 ante
393 3041 762 3078 consummationem
789 3042 909 3078 lineae
937 3042 1067 3089 totius,
1097 3042 1142 3078 sit
1170 3042 1340 3091 accipere

283 3092 437 3140 aliquod
454 3102 650 3142 punctum,
671 3094 880 3131 secundum
900 3095 1003 3142 quod
1022 3094 1120 3131 linea
1139 3095 1338 3132 dividatur.

284 3145 333 3181 Et
351 3145 516 3182 similiter
534 3154 619 3183 ante
639 3146 844 3195 quemlibet
862 3154 1024 3195 motum,
1046 3154 1081 3184 et
1100 3154 1186 3183 ante
1206 3159 1340 3195 quarn-

285 3209 447 3245 cumque
465 3205 612 3246 partem
631 3206 769 3246 motus,
783 3206 838 3236 est
857 3199 1026 3247 accipere
1046 3199 1199 3247 aliquod
1219 3207 1339 3236 muta-

284 3257 366 3286 tum
386 3262 485 3286 esse:
515 3251 603 3298 quia
630 3251 723 3288 dum
742 3251 883 3287 mobile
908 3259 962 3288 est
981 3252 1020 3288 in
1039 3252 1186 3288 moveri
1209 3252 1258 3289 ad
1277 3252 1340 3288 ali-

285 3313 400 3350 quem
419 3302 636 3349 terminum,
657 3303 733 3339 iam
752 3303 988 3351 per-transivit
1006 3304 1158 3352 aliquod
1178 3303 1338 3351 signum,

284 3361 458 3402 respectu
487 3354 591 3391 cuius
618 3354 694 3391 iam
721 3354 854 3391 dicitur
880 3362 1066 3391 mutatum
1093 3368 1175 3392 esse
1200 3356 1232 3392 ²¹².
1263 3356 1340 3393 Sed

285 3406 379 3443 sicut
405 3414 589 3455 punctum
617 3406 711 3443 infra
742 3406 881 3443 lineam
911 3414 966 3443 est
992 3407 1030 3443 in
1057 3407 1224 3455 potentia
1252 3415 1337 3444 ante

285 3458 404 3496 lineae
421 3458 658 3506 divisionem,
678 3459 716 3495 in
731 3466 816 3495 actu
831 3466 957 3495 autem
972 3459 1125 3506 quando
1145 3459 1221 3496 iam
1242 3459 1339 3496 linea

1246 294 1314 340 VI,
1345 293 1494 329 LECT.
1524 294 1610 329 VIII

2366 302 2440 337 299

1390 376 1444 405 est
1463 370 1599 416 divisa,
1619 383 1706 407 cum
1725 378 1909 418 punctum
1925 369 1970 406 sit
1984 369 2065 418 ipsa
2084 369 2203 405 lineae
2224 367 2374 413 divisio;
2396 368 2442 404 si-

1389 421 1524 457 militer
1542 423 1616 458 hoc
1637 423 1739 470 quod
1760 419 1844 459 dico
1865 428 2047 459 mutatum
2068 434 2144 458 esse
2167 421 2262 457 infra
2280 428 2442 466 motum,

1389 481 1443 509 est
1462 474 1500 509 in
1518 475 1687 522 potentia
1712 475 1865 522 quando
1891 482 2018 511 motus
2038 486 2116 510 non
2136 473 2185 510 ibi
2205 472 2442 509 terminatur:

1388 526 1456 562 sed
1484 526 1514 561 si
1541 527 1591 562 ibi
1619 527 1850 573 terminetur,
1873 527 1940 563 erit
1963 527 2000 562 in
2029 534 2124 562 actu.
2155 527 2204 562 Et
2231 525 2318 573 quia
2340 524 2444 572 quod

1389 586 1444 614 est
1471 578 1509 614 in
1537 586 1621 614 actu
1651 586 1705 614 est
1736 579 1861 615 notius
1891 591 1935 614 eo
1970 578 2074 627 quod
2103 586 2158 614 est
2190 578 2228 614 in
2255 577 2443 626 potentia,

1387 630 1473 666 ideo
1502 630 1719 667 Aristoteles
1747 631 1922 679 probavit
1950 631 2054 679 quod
2081 631 2171 666 illud
2201 630 2305 678 quod
2330 629 2444 665 conti-

1388 695 1463 718 nue
1483 690 1670 728 movetur,
1687 683 1763 720 iam
1783 690 1970 720 mutatum
1986 690 2042 719 est
2056 682 2196 731 aliquid
2210 684 2240 728 ἢῆ,
2257 694 2325 730 per
2344 681 2446 718 aliud

1388 735 1528 771 mobile
1549 748 1669 783 aeque
1688 737 1813 782 velox,
1844 736 1949 771 cuius
1977 743 2104 771 motus
2129 735 2205 771 iam
2225 734 2445 771 terminatus

1389 795 1460 823 est:
1491 787 1584 823 sicut
1617 787 1647 823 si
1675 788 1758 836 quis
1785 789 1964 835 probaret
1997 787 2102 836 quod
2130 787 2167 823 in
2196 787 2320 835 aliqua
2348 786 2446 822 linea

1389 847 1486 875 esset
1500 847 1685 887 punctum
1705 840 1743 876 in
1761 841 1939 888 potentia,
1959 852 2029 888 per
2046 841 2121 876 hoc
2136 840 2239 887 quod
2259 839 2330 875 alia
2349 839 2447 875 linea

1389 892 1559 928 eiusdem
1580 892 1732 928 rationis
1753 900 1850 929 esset
1869 892 1989 929 divisa
2007 892 2046 928 in
2065 900 2161 928 acm.

1445 945 1477 980 5.
1509 944 1724 980 Secundam
1754 945 1939 981 rationem
1966 944 2074 992 ponit
2092 944 2160 980 ibi:
2190 943 2362 991 Amplius
2381 955 2447 979 au-

1388 1001 1460 1031 tem
1489 1002 1523 1031 et
1553 997 1587 1032 si
1616 997 1653 1032 in
1686 998 1790 1033 omni
1826 1005 1916 1033 etc.:
1946 1009 2043 1044 quae
2080 996 2161 1032 talis
2196 1003 2261 1032 est.
2293 997 2335 1031 In
2367 1002 2445 1031 toto

1388 1055 1559 1095 ternpore
1588 1050 1676 1094 XR,
1705 1049 1766 1085 vel
1796 1049 1835 1085 in
1859 1061 2103 1097 quocumque
2124 1048 2207 1094 alio,
2230 1048 2365 1084 dicitur
2384 1047 2447 1083 ali-

1389 1100 1478 1147 quid
1500 1108 1687 1136 mutatum
1718 1113 1810 1147 esse,
1839 1114 1907 1149 per
1935 1101 2008 1137 hoc
2037 1102 2140 1149 quod
2169 1100 2348 1149 accipitur
2365 1099 2447 1136 ulti-

1388 1164 1496 1188 mum
1526 1165 1626 1188 nunc
1654 1152 1770 1200 ipsius
1797 1153 1999 1211 temporis:
2038 1166 2116 1189 non
2144 1153 2250 1200 quod
2281 1153 2320 1189 in
2348 1164 2449 1189 nunc

1388 1212 1589 1241 moveatur
1617 1204 1776 1253 aliquid,
1811 1205 1879 1241 sed
1907 1205 1994 1263 quia
2027 1205 2066 1241 in
2094 1217 2196 1241 nunc
2227 1205 2449 1241 terminatur

1389 1264 1527 1293 motus.
1557 1257 1668 1294 Unde
1687 1257 1749 1293 hic
1769 1269 1847 1293 non
1875 1257 2046 1305 accipit÷÷
2067 1263 2249 1293 mutatum
2278 1270 2355 1294 esse
2378 1270 2447 1306 pro

1389 1321 1435 1345 eo
1456 1310 1561 1357 quod
1590 1317 1644 1345 est
1672 1309 1875 1357 aliquando
1905 1309 2065 1356 moveri,
2095 1310 2163 1346 sed
2187 1322 2256 1358 pro
2279 1322 2323 1346 eo
2345 1310 2450 1358 quod

1390 1369 1445 1398 est
1464 1361 1655 1398 terminari
1679 1369 1839 1398 motum.
1870 1362 1961 1398 Ideo
1983 1369 2110 1398 autem
2131 1374 2285 1398 necesse
2307 1370 2360 1398 est
2378 1370 2449 1399 ter-

1389 1414 1523 1450 minari
1553 1422 1702 1450 motum
1730 1414 1769 1451 in
1796 1414 1929 1450 ultimo
1959 1427 2060 1450 nunc
2088 1414 2269 1462 temporis
2298 1427 2450 1450 mensu-

1390 1466 1504 1503 rantis
1520 1475 1680 1513 motum,
1697 1466 1784 1515 quia
1797 1466 1923 1515 ipsum
1939 1479 2040 1503 nunc
2054 1467 2275 1503 determinat
2287 1474 2451 1515 tempus,

1388 1519 1484 1556 idest
1513 1526 1567 1555 est
1595 1519 1777 1556 terminus
1804 1519 1937 1568 ipsius,
1968 1519 2063 1555 sicut
2094 1527 2279 1567 punctum
2308 1519 2450 1566 lineae;

1392 1579 1427 1608 et
1447 1579 1596 1620 oportet
1623 1584 1738 1608 omne
1753 1573 1772 1592 *⁴
1787 1579 1937 1620 tempus
1966 1584 2046 1608 esse
2066 1572 2237 1608 medium
2257 1572 2352 1608 inter
2376 1572 2452 1609 duo

1391 1636 1503 1671 nunc,
1534 1624 1628 1660 sicut
1654 1624 1752 1660 linea
1772 1632 1826 1660 est
1844 1625 1940 1660 inter
1964 1624 2040 1661 duo
2060 1632 2211 1672 puncta.
2243 1624 2343 1671 Quia
2363 1637 2451 1672 ergo

1391 1676 1540 1713 moveri
1560 1683 1615 1712 est
1633 1676 1671 1713 in
1690 1684 1874 1725 tempore,
1891 1676 2058 1725 sequitur
2077 1677 2182 1725 quod
2201 1685 2350 1713 motum
2371 1690 2452 1714 esse

1392 1729 1437 1765 sit
1456 1728 1495 1765 in
1515 1741 1626 1775 nunc,
1648 1730 1752 1777 quod
1780 1736 1834 1765 est
1862 1729 2044 1766 terminus
2063 1729 2256 1777 temporis.
2286 1730 2335 1766 Et
2353 1730 2383 1766 si
2403 1730 2454 1766 ita

1392 1788 1448 1817 est
1467 1780 1513 1817 de
1529 1788 1637 1817 motu
1657 1781 1720 1829 qui
1741 1789 1796 1817 est
1815 1781 1852 1817 in
1871 1789 1949 1818 toto
1970 1789 2154 1830 tempore,
2171 1789 2321 1830 oportet
2340 1782 2452 1818 etiam

1391 1834 1496 1882 quod
1523 1833 1691 1869 similiter
1719 1833 1862 1870 dicatur
1894 1834 1941 1870 de
1972 1834 2140 1882 partibus
2173 1841 2320 1881 motuS,
2355 1847 2452 1883 quae

1393 1892 1479 1921 sunt
1506 1885 1545 1922 in
1571 1886 1739 1934 partibus
1774 1886 1967 1934 temporis.
2008 1888 2088 1922 Iam
2122 1886 2223 1923 enim
2258 1895 2453 1924 ostensum

1394 1945 1449 1974 est
1477 1939 1581 1986 quod
1609 1938 1639 1974 si
1663 1938 1803 1986 aliquid
1831 1946 2008 1975 movetur
2034 1939 2157 1987 primo
2187 1939 2225 1975 in
2252 1947 2331 1976 toto
2358 1947 2452 1977 tem-

1392 2002 1498 2038 pore,
1529 1990 1633 2039 quod
1661 1998 1838 2028 movetur
1865 1992 1903 2027 in
1932 1991 2097 2039 qualibet
2124 1999 2228 2039 parte
2257 1993 2452 2040 temporis.

1395 2043 1596 2089 Quaelibet
1624 2051 1751 2080 autem
1778 2055 1866 2092 pars
1894 2044 2076 2092 temporis
2104 2051 2258 2092 accepta
2277 2045 2453 2081 termina-

1394 2102 1454 2131 tur
1473 2096 1522 2132 ad
1541 2096 1693 2144 aliquod
1713 2108 1825 2133 nunc.
1852 2096 2013 2144 Oportet
2033 2096 2134 2133 enim
2153 2098 2258 2145 quod
2277 2097 2454 2133 ultimum

1395 2147 1606 2185 medietatis
1634 2148 1814 2196 temporis
1839 2149 1884 2185 sit
1902 2149 2044 2194 divisio,
2074 2149 2169 2186 idest
2193 2149 2321 2197 ipsum
2340 2162 2452 2196 nunc,

1395 2200 1500 2248 quod
1528 2200 1660 2238 dividit
1690 2201 1786 2238 inter
1814 2201 1908 2238 duas
1939 2209 2064 2250 partes
2092 2202 2285 2250 temporis.
2325 2203 2454 2249 Quare

1395 2252 1562 2301 sequitur
1599 2253 1704 2301 quod
1735 2253 1825 2290 illud
1857 2254 1963 2301 quod
1999 2261 2177 2291 movetur
2208 2267 2278 2303 per
2310 2262 2452 2302 totum,

1396 2304 1441 2341 sit
1467 2305 1570 2353 prius
1598 2313 1747 2342 motum
1775 2306 1814 2342 in
1841 2306 1990 2353 medio,
2027 2314 2183 2355 propter
2216 2320 2318 2343 nunc
2351 2307 2454 2356 quod

1397 2357 1621 2394 determinat
1643 2357 1825 2394 medium.
1856 2359 1905 2394 Et
1933 2358 2068 2395 eadem
2097 2359 2189 2395 ratio
2220 2367 2275 2396 est
2296 2359 2343 2396 de
2363 2372 2454 2418 qua-

1395 2409 1484 2446 libet
1512 2410 1583 2447 alia
1608 2418 1713 2459 parte
1747 2411 1940 2459 temporis.
1980 2411 2316 2470 Qualitercumque
2352 2412 2454 2449 enirn

1397 2462 1585 2499 dividatur
1621 2470 1792 2511 tempus,
1830 2475 1982 2511 semper
2017 2463 2230 2500 invenietur
2267 2465 2455 2513 quaelibet

1394 2527 1482 2563 pars
1496 2515 1677 2564 temporis
1689 2516 1708 2536 '¹‘
1724 2515 1964 2552 determinari
1979 2528 2001 2552 a
2017 2516 2166 2553 duobus
2186 2529 2302 2553 nunc:
2320 2524 2356 2553 et
2369 2524 2456 2565 post

1394 2567 1562 2616 primum
1578 2580 1678 2604 nunc
1692 2568 1873 2616 temporis
1893 2568 2143 2605 mensurantis
2158 2576 2319 2616 motum,
2335 2570 2455 2618 quod-

1397 2633 1561 2669 cumque
1590 2621 1691 2658 aliud
1713 2633 1815 2657 nunc
1839 2621 2051 2669 accipiatur,
2078 2621 2116 2657 in
2137 2634 2182 2657 eo
2209 2621 2285 2658 iam
2305 2630 2455 2658 motum

1397 2680 1471 2719 est;
1496 2673 1584 2721 quia
1607 2673 1697 2710 illud
1725 2686 1838 2720 nunc,
1869 2673 2138 2722 quodcumque
2167 2674 2380 2723 accipiatur,
2402 2682 2456 2711 est

1395 2726 1578 2762 terminus
1605 2725 1787 2774 temporis
1809 2726 2060 2762 mensurantis
2079 2734 2241 2763 motum.

1449 2778 1550 2824 Quia
1570 2791 1657 2826 ergo
1679 2791 1794 2815 omne
1822 2786 1972 2827 tempus
2002 2778 2185 2815 divisibile
2215 2787 2269 2816 est
2295 2779 2333 2816 in
2361 2787 2455 2816 tem-

1394 2843 1511 2879 pora;
1550 2838 1586 2867 et
1623 2843 1737 2868 omne
1774 2839 1926 2879 tempus
1961 2839 2016 2868 est
2047 2832 2218 2868 medium
2254 2831 2349 2868 inter
2377 2832 2453 2868 duo

1395 2895 1516 2929 nunc;
1547 2891 1582 2920 et
1608 2883 1646 2920 in
1675 2884 1780 2920 omni
1807 2897 1920 2931 nunc,
1951 2884 2054 2932 quod
2083 2892 2138 2921 est
2164 2884 2338 2921 ultimum
2362 2892 2456 2921 tem-

1395 2936 1497 2984 poris
1530 2937 1781 2973 mensurantis
1814 2944 1983 2983 motum,
2020 2937 2158 2985 aliquid
2193 2945 2341 2973 motum
2380 2945 2454 2985 est,

1396 2988 1490 3025 sicut
1519 2989 1724 3037 probatum
1755 2997 1830 3025 est:
1868 2989 2035 3038 sequitur
2068 2989 2173 3038 quod
2201 3002 2316 3026 omne
2352 2992 2456 3039 quod

1397 3048 1562 3078 mutatur
1581 3041 1626 3078 sit
1640 3041 1815 3078 infinities
1835 3049 2039 3088 mutatum;
2059 3042 2147 3091 quia
2166 3050 2353 3079 mutatum
2374 3055 2455 3079 esse

1396 3101 1452 3130 est
1470 3093 1652 3130 terminus
1671 3102 1810 3142 motus,
1840 3094 1935 3130 sicut
1956 3102 2141 3143 punctum
2160 3095 2280 3131 lineae
2301 3102 2336 3131 et
2354 3107 2455 3131 nunc

1395 3146 1588 3194 temporis.
1610 3146 1713 3183 Sicut
1733 3159 1820 3194 ergo
1836 3147 1856 3167 '¹¹‘
1869 3147 1908 3183 in
1928 3147 2091 3195 qualibet
2113 3147 2212 3183 linea
2236 3155 2291 3183 est
2309 3147 2454 3194 signare

1395 3199 1570 3235 infinities
1588 3207 1773 3247 punctum
1802 3207 1886 3236 ante
1914 3207 2120 3247 punctum,
2151 3206 2186 3235 et
2217 3199 2255 3235 in
2289 3199 2455 3246 quolibet

1395 3258 1567 3300 ternpore
1595 3251 1770 3288 infinities
1803 3264 1903 3288 nunc
1932 3259 2016 3287 ante
2045 3264 2166 3297 nunc,
2195 3258 2349 3299 propter
2380 3251 2455 3287 hoc

1395 3303 1500 3352 quod
1522 3311 1726 3352 utrumque
1751 3311 1806 3340 est
1834 3303 2017 3340 divisibile
2047 3303 2085 3339 in
2113 3303 2317 3349 infinitum;
2347 3304 2397 3339 ita
2415 3303 2454 3340 in

1395 3356 1563 3404 quolibet
1596 3355 1743 3393 moveri
1780 3363 1835 3392 est
1871 3355 2016 3402 signare
2053 3355 2228 3391 infinities
2265 3362 2452 3392 mutatum

1396 3420 1498 3456 esse,
1528 3409 1614 3456 quia
1633 3416 1760 3445 motus
1790 3412 1844 3443 est
1867 3407 1905 3443 in
1924 3407 2112 3444 infinitum
2134 3406 2339 3455 divisibilis,
2360 3407 2454 3445 sicut

1394 3459 1548 3498 lineaet
1566 3468 1727 3508 tempus,
1748 3467 1789 3495 ut
1807 3471 1920 3507 supra
1940 3461 1959 3480 ‘¹‘
1979 3460 2183 3508 probatum
2204 3467 2269 3496 est.

340 3560 365 3595 β)
386 3562 428 3586 Sit
446 3562 661 3594 enimtempus...
675 3561 736 3588 XR.
748 3576 766 3580 -
779 3562 829 3586 Pro
847 3561 913 3591 XR,
933 3561 979 3586 YR
1002 3562 1079 3586 Piana
1097 3561 1137 3586 hic
1156 3566 1181 3586 et
1199 3562 1317 3594 sequenti
1335 3563 1403 3594 vice,
1422 3568 1512 3595 postea
1530 3563 1570 3588 bis
1595 3563 1657 3592 YK5
1675 3563 1736 3587 item
1756 3570 1803 3595 pro
1818 3562 1886 3592 XK,
1908 3563 1963 3588 YK.
1983 3564 2033 3588 Sed
2053 3563 2078 3588 in
2097 3571 2205 3589 numero
2225 3571 2280 3597 seq.
2300 3565 2319 3589 P
2338 3565 2403 3589 redit
2421 3566 2453 3590 ad

286 3597 421 3622 lectionem
441 3597 566 3622 codicum.

2473 686 2482 694 “
2490 684 2582 711 aliquid
2590 689 2637 705 om.
2645 688 2682 704 tc.

2477 1262 2610 1290 accipitur
2620 1262 2687 1283 codd.

2477 1295 2504 1310 ex
2506 1295 2526 1310 c.
2542 1295 2565 1310 ο.

2482 1577 2490 1586 *
2510 1581 2576 1597 omne
2595 1581 2643 1597 om.
2663 1582 2692 1597 m:

2481 1608 2538 1627 ono.

2483 2520 2618 2547 temporis
2633 2526 2681 2541 om

2483 2545 2551 2567 codd.

2483 3153 2492 3161 '¹
2511 3151 2622 3198 quuitur
2636 3158 2694 3180 ergo

2482 3183 2527 3205 quo
2558 3183 2596 3199 εα.

2482 3446 2490 3455 ·
2506 3445 2569 3467 Lect.
2584 3451 2615 3473 vr,
2631 3451 2653 3466 n.
2668 3452 2689 3473 7.

2481 3478 2532 3499 sqq.
