2898 3996
464 336 535 372 292

1080 313 1422 352 PHYSICORUM
1449 311 1795 349 ARISTOTELIS
1826 311 1919 347 LIB.
1949 310 1999 347 VI

1191 544 1488 601 LECTIO
1527 536 1903 599 SEPTIMA'

688 711 815 742 ILLUD
839 707 1053 740 TEMPORIS
1077 707 1119 737 IN
1143 706 1235 744 QUO
1258 705 1391 736 PRIMO
1415 704 1636 736 MUTATUM
1659 703 1739 734 EST
1762 703 1958 742 ALIQUID,
1981 703 2061 734 EST
2086 703 2351 734 INDIVISIBILE
2376 721 2394 727 -

757 769 975 809 QUOMODO
999 769 1042 799 IN
1065 768 1191 799 MOTU
1214 767 1359 798 POSSIT
1382 765 1523 796 ACCIPI
1546 764 1730 803 PRIMUM,
1749 764 1807 795 ET
1831 764 2052 802 QUOMODO
2075 764 2167 796 NON
2190 765 2337 796 POSSIT

456 907 550 941 Ἐπεὶ
575 905 612 940 δὲ
637 909 703 940 πᾶν
729 907 769 939 τὸ
791 905 1007 950 μεταβάλλον
1035 905 1070 936 ἔκ
1095 914 1182 940 τινος
1209 905 1252 940 εἵς
1278 914 1312 935 τι
1336 900 1512 946 μεταβάλ-

460 1040 501 1073 τὸ

523 954 591 994 λει,
619 951 747 997 ἀνάγκη
773 950 813 982 τὸ
838 947 1103 994 μεταβεβληκὸς,
1125 947 1181 979 ὅτε
1207 947 1339 991 πρῶτον
1365 944 1512 991 μεταβέ-

526 998 658 1037 βληκεν,
686 993 770 1027 εἶναι
795 995 827 1026 έν
854 994 876 1035 ᾤ
901 992 1150 1037 μεταβέβληκε·

525 1042 588 1086 γάρ
620 1039 855 1085 μεταβάλλον,
890 1037 923 1078 ἐξ
955 1037 992 1068 οὖ
1024 1034 1252 1081 μεταβάλλει,
1284 1032 1464 1075 ἐξίσταται
1489 1033 1510 1069 ἦ

527 1087 703 1119 ἀπολείπει
729 1082 829 1123 αὐτό,
846 1083 903 1113 καὶ
921 1081 999 1117 ἤτοι
1024 1079 1154 1113 ταύτόν
1180 1079 1253 1111 ἐστι
1278 1078 1319 1111 τὸ
1337 1075 1513 1122 μεταβάλ-

522 1133 590 1162 λειν
614 1129 672 1159 καὶ
699 1127 740 1159 τὸ
774 1125 988 1166 ἀπολείπειν,
1016 1123 1037 1161 ἦ
1063 1122 1240 1156 ἀκολουθεῖ
1263 1123 1311 1164 τῷ
1337 1120 1513 1166 μεταβάλ-

523 1176 590 1205 λειν
615 1172 656 1204 τὸ
676 1171 881 1203 ἀπολείπειν·
904 1169 932 1201 εἰ
947 1164 985 1201 δέ
1003 1170 1049 1210 τῷ
1068 1167 1296 1213 μεταβάλλειν
1315 1166 1356 1200 τὸ
1376 1167 1512 1199 ἀπολεί-

525 1228 609 1257 πειν,
635 1216 683 1257 τῷ
709 1212 1001 1259 μεταβεβληκέναι
1025 1213 1066 1245 τὸ
1093 1210 1370 1245 ἀπολελοιπέναι·
1391 1212 1509 1255 ὁμοίως

523 1261 586 1308 γοὶρ
612 1259 768 1304 ἑκάτερον
787 1259 856 1304 ἔχει
877 1258 956 1302 πρὸς
978 1257 1151 1300 ἑκάτερον.
1173 1257 1268 1288 Ἐπεὶ
1287 1253 1343 1287 οὖν
1363 1257 1423 1298 μία
1445 1254 1510 1286 τῶν

524 1304 720 1350 μεταβολῶν
745 1303 765 1339 η
791 1303 868 1334 κατ’
899 1303 1089 1344 ἀντίφασιν,
1117 1300 1174 1333 ὅτε
1198 1298 1452 1344 μεταβέβληκεν
1475 1298 1510 1330 ἑκ

524 1350 586 1382 τοῦ
608 1348 654 1392 μη
673 1347 767 1384 ὄντος
786 1347 829 1385 εἱς
847 1346 888 1379 τὸ
907 1347 954 1386 ὄν,
976 1345 1180 1379 ἀπολέλοιπε
1198 1345 1239 1377 τὸ
1256 1343 1302 1387 μὴ
1320 1343 1368 1375 ὅν·
1387 1342 1510 1375 Ἔσται

526 1393 590 1438 ἄρα
615 1393 646 1424 ὲν
672 1393 719 1433 τῷ
745 1390 830 1423 ὄντι·
857 1391 924 1422 πᾶν
949 1390 1012 1434 γάρ
1041 1388 1170 1435 ἀνάγκη
1197 1387 1217 1425 ἦ
1243 1386 1327 1419 εἶναι
1352 1386 1372 1424 ἦ
1396 1386 1442 1431 μή
1467 1383 1512 1417 εἶ-

524 1449 592 1469 ναι.
622 1436 768 1480 Φανερὸν
796 1433 850 1466 οὖν
877 1433 929 1467 ὅτι
954 1436 986 1466 ἐν
1011 1435 1056 1475 τῇ
1090 1433 1167 1465 κατ’
1199 1431 1375 1476 ἀντίφασιν
1405 1442 1510 1475 μετα-

525 1480 609 1522 βολῇ
641 1481 681 1512 τὸ
713 1478 966 1524 μεταβεβληκὸς
996 1477 1092 1510 ἔσται
1126 1477 1158 1509 ἑν
1191 1477 1214 1518 ᾤ
1239 1475 1522 1521 μεταβέβληκεν,

523 1526 560 1557 Εἰ
584 1521 611 1556 δ’
634 1523 666 1556 ἐν
693 1522 820 1566 ταύτῃ,
846 1524 902 1554 καὶ
922 1523 953 1554 ἐν
973 1525 1048 1558 ταῖς
1068 1521 1199 1558 ἄλλαις·
1228 1521 1344 1564 ὁμοίως
1370 1519 1434 1566 γάρ
1452 1517 1509 1551 ἐπὶ

524 1571 600 1614 μιᾶς
624 1569 681 1599 καὶ
707 1568 771 1599 τῶν
799 1567 919 1598 ἄλλων.

451 1610 526 1644 ,Ετι
550 1609 587 1645 δὲ
610 1610 682 1643 καθ’
705 1610 850 1647 ἑκάστην
870 1608 1083 1661 λαμβάνουσι1
1097 1606 1248 1652 φανερόν,
1266 1609 1357 1662 εἴπερ
1377 1606 1507 1662 ἀνάγκη

447 2359 503 2392 Ἐν

523 1657 563 1689 τὸ
588 1654 840 1700 μεταβεβληκὸς
865 1650 948 1684 εἶναί
975 1664 1037 1684 που
1063 1654 1083 1688 η
1110 1652 1142 1683 ’έν
1168 1663 1245 1683 τινι.
1280 1653 1364 1684 Επεὶ
1387 1664 1451 1698 γαρ
1474 1650 1508 1691 ἐξ

523 1701 559 1733 οὗ
584 1698 834 1744 μεταβέβληκεν
862 1696 1099 1737 ἀπολέλοιπεν,
1119 1693 1248 1742 ἀνάγκη
1275 1691 1304 1726 δ’
1325 1693 1410 1728 εἶναί
1428 1707 1506 1736 που,

520 1744 541 1781 ἢ
566 1742 598 1776 ἐν
624 1742 734 1783 τούτῳ
761 1741 781 1778 ἦ
807 1742 839 1773 ἐν
866 1741 953 1781 ἄλλῳ
980 1741 1089 1774 ἔσται.
1118 1740 1155 1771 Εἰ
1179 1739 1238 1783 μὲν
1265 1737 1321 1772 οὖν
1347 1741 1379 1772 ἐν
1404 1739 1506 1780 ἄλλῳ,

520 1789 586 1820 οἷον
614 1789 645 1820 ἑν
671 1787 718 1827 τῷ
743 1788 778 1827 Γ,
801 1786 841 1818 τὸ
865 1786 909 1823 εἱς
936 1784 976 1816 τὸ
1000 1786 1024 1816 Β
1049 1783 1317 1828 μεταβεβληκὸς,
1345 1783 1446 1817 πάλιν
1473 1785 1508 1816 ὲκ

519 1834 581 1865 τοῦ
602 1834 622 1863 Γ
674 1829 855 1871 εταβάλλει
880 1830 924 1867 εἰς
951 1829 991 1860 τὸ
1015 1830 1052 1859 B·
1079 1828 1115 1859 mi
1140 1828 1204 1874 γάρ
1223 1827 1263 1868 ἦν
1282 1827 1442 1874 ἐχόμενον
1460 1829 1508 1870 τῷ

518 1879 554 1908 B·
574 1877 594 1912 η
611 1887 673 1922 γαρ
692 1873 867 1918 μεταβολή
884 1872 1036 1918 συνεχής.
1057 1871 1158 1904 ιὭστε
1177 1872 1217 1904 τὸ
1236 1872 1506 1917 μεταβεβληκὸς,

521 1920 578 1953 ὅτε
610 1918 862 1963 μεταβέβληκε,
895 1916 1107 1962 μεταβάλλει
1139 1917 1183 1954 εἰς
1215 1918 1230 1949 ὃ
1255 1917 1507 1960 μεταβέβληκε·

520 1965 625 1997 τοῦτο
649 1959 676 1994 δ’
708 1960 891 1995 ἀδύνατον·
920 1960 1050 2007 ἀνάγκη
1086 1961 1150 2004 α”ρα
1183 1962 1225 1993 τὸ
1255 1961 1509 2004 μεταβεβληκὸς

519 2006 603 2040 εἶναι
628 2008 660 2039 ἑν
686 2007 798 2048 τούτῳ
822 2007 867 2044 εὶς
894 2006 909 2037 ὃ
934 2005 1183 2049 μεταβέβληκε.
1210 2005 1356 2049 Φανερὸν
1379 2004 1434 2038 οὖν
1455 2004 1508 2038 ὅτι

517 2056 574 2085 καὶ
600 2052 640 2085 τὸ
663 2051 814 2098 γεγονός,
842 2050 900 2082 ὅτε
924 2050 1074 2097 γέγονεν,
1102 2048 1213 2091 ἔσται,
1239 2052 1297 2082 καὶ
1323 2050 1363 2083 τὸ
1392 2049 1508 2095 ἐφθαρ-

519 2097 615 2141 μένον
642 2098 701 2128 οὗκ
725 2096 836 2128 ἔσται’
857 2094 1003 2127 καθόλου
1020 2106 1059 2126 τε
1076 2093 1140 2140 γοὶρ
1159 2096 1289 2138 εἴρηται
1306 2095 1379 2139 περὶ
1398 2094 1508 2132 πάσης

519 2141 723 2186 μεταβολῆς,
749 2141 806 2171 καὶ
831 2139 984 2182 μάλιστα
1009 2133 1112 2174 δῆλον
1138 2135 1170 2170 ἑν
1196 2138 1242 2180 τῇ
1267 2139 1345 2171 κατ’
1368 2139 1508 2182 ἀντίφα-

518 2197 580 2217 σιν.
599 2184 676 2216 “Ὀτι
701 2184 760 2226 μέν
786 2185 898 2216 τοίνυν
923 2183 964 2216 τὸ
989 2181 1258 2226 μεταβεβληκὸς,
1277 2182 1335 2216 ὅτε
1361 2182 1508 2225 μεταβέ-

519 2230 619 2270 βληκε
644 2230 788 2273 πρῶτον,
816 2228 848 2260 ἐν
874 2228 984 2268 ἐκείνῳ
1012 2228 1098 2268 ἐστί,
1124 2222 1239 2263 δῆλον.

522 2360 544 2401 qi
563 2356 600 2392 δὲ
617 2359 734 2406 πρώτῳ
756 2358 992 2404 μεταβέβληκε
1017 2359 1058 2392 τὸ
1083 2357 1350 2402 μεταβεβληκός,
1375 2358 1505 2404 ἀνάγκη

521 2405 646 2448 ἄτομον
672 2402 767 2436 εἶναι.
803 2402 899 2448 Λέγω
924 2399 963 2435 δὲ
987 2405 1118 2446 πρῶτον
1145 2404 1161 2435 ὃ
1186 2403 1232 2447 μη
1259 2403 1307 2444 τῷ
1334 2401 1446 2445 ἕτερόν
1473 2414 1506 2436 τι

521 2447 626 2481 αὐτοῦ
657 2446 741 2480 εἶναι
773 2447 931 2480 τοιοῦτόν
964 2447 1068 2479 ἐστιν.
1097 2447 1210 2479 Ἔστω
1242 2446 1306 2492 γάρ
1336 2442 1504 2491 διαιρετὸν

519 2493 560 2525 τὸ
584 2494 631 2524 ΑΓ
655 2494 713 2524 καὶ
737 2488 903 2535 διῃρήσθω
927 2492 1023 2524 κατά
1047 2491 1087 2524 τὸ
1116 2493 1152 2522 Β.
1180 2492 1218 2522 Εἰ
1242 2491 1300 2534 μέν
1327 2489 1382 2523 οὖν
1405 2492 1437 2523 έν
1459 2493 1506 2533 τῷ

519 2537 569 2567 AB
600 2536 870 2581 μεταβέβληκεν,
902 2534 922 2572 ἦ
953 2535 1054 2568 πάλιν
1089 2536 1121 2567 έν
1147 2536 1193 2576 τῷ
1219 2536 1287 2576 ΒΓ,
1321 2537 1380 2568 οὐκ
1408 2534 1445 2567 ἂν
1472 2537 1504 2567 ἐν

519 2580 638 2625 πρώτῳ
663 2582 710 2622 τῷ
737 2582 783 2611 ΑΓ
809 2580 1061 2624 μεταβεβληκὸς
1087 2582 1148 2617 εἴη.
1179 2580 1218 2611 Εἰ
1242 2576 1270 2611 δ’
1300 2580 1332 2611 ἑν
1358 2579 1504 2624 ἐκατέρῳ

544 2625 724 2666 ετέβαλλεν
750 2623 899 2670 (ἀνάγκη
918 2624 981 2670 γάρ
1008 2623 1028 2660 ἦ
1053 2622 1344 2668 μεταβεβληκέναι
1363 2623 1384 2661 ἦ
1402 2636 1506 2667 μετα-

519 2636 654 2708 βάλλειν
681 2670 712 2700 ἐν
738 2668 926 2713 ἑκατέρῳ),
957 2667 1020 2700 κᾶν
1047 2669 1078 2700 ἑν
1105 2669 1152 2709 τῷ
1179 2667 1241 2709 ὅλῳ
1275 2668 1504 2711 μεταβάλλοι·

523 2713 594 2744 ἀλλ’
616 2710 655 2750 ἥν
680 2711 946 2756 μεταβεβληκός.
969 2713 1006 2743 '0
1031 2710 1134 2750 αὐτὸς
1159 2707 1195 2743 δὲ
1219 2711 1318 2757 λόγος
1343 2713 1402 2744 καὶ
1427 2713 1454 2743 εἰ
1473 2713 1505 2744 ἑν

521 2758 568 2797 τῷ
593 2758 651 2800 μέν
677 2756 898 2800 μεταβάλλει,
922 2754 953 2788 έν
979 2751 1016 2788 δὲ
1041 2757 1088 2797 τῷ
1113 2755 1381 2799 μεταβέβληκεν·
1408 2756 1506 2789 ἔσται

520 2800 584 2846 γάρ
610 2813 642 2833 τι
667 2802 729 2833 τοῦ
755 2799 887 2843 πρώτου
913 2798 1087 2844 πρότερον·
1114 2799 1191 2832 ὥστ’
1214 2800 1272 2831 οὐκ
1298 2800 1335 2832 dev
1355 2802 1403 2838 εἴη
1421 2796 1508 2833 διαι-

521 2845 616 2886 ρετὸν
649 2845 681 2876 ἐν
708 2844 730 2885 ᾧ
756 2843 1002 2887 μεταβέβληκε.
1036 2843 1182 2887 Φανερὸν
1215 2842 1269 2876 οὖν
1299 2843 1352 2877 ὅτι
1382 2847 1439 2877 καὶ
1465 2845 1506 2878 τὸ

522 2887 721 2933 ἐφθαρμένον
746 2890 802 2919 καὶ
828 2887 868 2920 τὸ
892 2887 1028 2933 γεγονὸς
1055 2888 1087 2918 ἑν
1115 2887 1230 2933 ἀτόμῳ
1251 2889 1292 2921 τὸ
1313 2889 1371 2930 μέν
1390 2888 1506 2934 ’ἐφθαρ-

523 2943 595 2972 ται,
622 2932 663 2964 τὸ
686 2927 723 2963 δὲ
746 2931 876 2985 γέγονε.

457 2971 605 3020 Λέγεται
629 2971 666 3007 δὲ
691 2975 731 3007 τὸ
757 2975 789 3007 ὲν
807 2987 830 3015 ῳ
849 2974 967 3018 πρώτῳ
993 2974 1225 3018 μεταβέβληκε
1250 2971 1364 3022 διχῶς,
1385 2976 1505 3030 τὸμὲν

459 3411 544 3444 ἔστω
567 3414 631 3459 γάρ
657 3425 807 3457 πρωτον,
835 3412 848 3446 ὲ

523 3019 555 3050 ἐν
581 3019 604 3061 ᾦ
629 3018 748 3063 πρώτῳ
767 3017 968 3055 ἐπετελέσθη
987 3020 1007 3054 η
1026 3019 1204 3062 μεταβολή
1223 3020 1322 3074 (τότε
1339 3020 1403 3076 γάρ
1426 3023 1508 3058 αλη-

522 3061 574 3099 θὲς
607 3063 710 3095 εἰπεῖν
744 3062 796 3094 ὅτι
827 3062 1100 3105 μεταβέβληκε),
1132 3063 1171 3096 τὸ
1204 3058 1241 3095 δε
1272 3065 1304 3096 ἐν
1335 3078 1358 3106 ῳ
1387 3065 1505 3108 πρώτῳ

523 3105 651 3150 ἤρξατο
677 3105 915 3150 μεταβάλλειν.
942 3106 986 3138 Τὸ
1012 3106 1069 3150 μὲν
1089 3105 1143 3138 οὖν
1161 3108 1255 3140 κατά
1272 3109 1312 3140 τὸ
1330 3108 1425 3146 τέλος
1444 3110 1506 3147 τῆς

522 3150 715 3193 μεταβολῆς
741 3151 870 3203 πρῶτον
895 3150 1073 3196 λεγόμενον
1101 3150 1243 3196 ὑπάρχει
1269 3164 1306 3185 τε
1326 3155 1382 3184 καὶ
1400 3153 1503 3186 ἔστιν·

522 3189 697 3238 ἐνδέχεται
730 3206 793 3240 γαρ
824 3193 1081 3230 ἐπιτελεσθῆναι
1117 3196 1311 3239 μεταβολήν
1343 3198 1400 3228 καὶ
1435 3198 1506 3229 ἔστι

547 3239 713 3278 εταβολῆς
739 3238 850 3278 τέλος,
871 3239 886 3269 ὃ
906 3234 947 3275 δη
972 3239 1029 3270 καὶ
1053 3233 1224 3272 δέδεικται
1244 3235 1432 3285 ἀδιαίρετον
1457 3240 1504 3282 ὂν,

521 3249 580 3314 διαὶ
610 3282 649 3314 τὸ
682 3281 784 3327 πέρας
809 3279 905 3314 εἶναι.
942 3282 986 3314 Τὸ
1011 3278 1047 3314 δέ
1070 3283 1166 3315 κατά
1189 3284 1252 3320 τήν
1287 3284 1391 3329 ἀρχήν
1425 3284 1506 3323 ὅλως

523 3327 581 3358 οὐκ
607 3326 710 3359 ἔστιν·
738 3327 774 3358 οὗ
798 3326 861 3371 γάρ
889 3326 980 3359 ἔστιν
1007 3326 1094 3372 ἀρχή
1119 3328 1313 3371 μεταβολῆς
1341 3323 1410 3360 οὐδ’
1432 3329 1464 3361 ἂν
1483 3330 1506 3371 ᾧ

523 3369 640 3413 πρώτῳ
666 3371 728 3402 τοῦ
753 3373 871 3416 χρόνου
897 3370 1119 3413 μετέβαλλεν·

707 3414 723 3423 ””
871 3415 879 3426 ’
909 3415 932 3456 ᾤ
957 3414 998 3447 τὸ
1023 3417 1083 3446 ΑΔ.
1111 3415 1221 3447 Τοῦτο
1245 3410 1288 3452 δη
1315 3410 1408 3448 ἀδιαί
1430 3428 1505 3449 ετον

551 3457 580 3488 ὲν
602 3457 661 3488 οὐκ
687 3458 769 3489 ἔστι·
789 3426 1000 3501 συμβήσεται
1018 3459 1082 3505 γάρ
1105 3459 1118 3491 ἑ
1148 3458 1250 3503 όμενα
1267 3456 1352 3492 εἶναι
1373 3428 1502 3493 τοςνῦν.

534 3501 591 3532 Em
616 3497 643 3531 δ’
665 3500 692 3532 εἱ
713 3499 743 3533 ὲν
762 3503 808 3543 τῷ
827 3503 875 3533 ΓΑ
897 3502 1003 3555 χρόνῳ
1027 3471 1266 3559 παντᾷ-ἠρεμεῖ
1289 3503 1424 3546 (κείσθω
1442 3505 1505 3550 γάρ

525 3543 702 3586 ἠρεμοῦν),
726 3548 783 3577 καὶ
809 3545 841 3577 ἐν
867 3558 913 3587 τῳ
938 3547 963 3578 Α
988 3547 1112 3591 ἠρεμεῖ·
1139 3547 1208 3579 ὥστ
1240 3547 1267 3579 εἱ
1293 3546 1409 3592 ἀμερές
1433 3549 1506 3581 ἐστι

526 3587 565 3619 τὸ
588 3588 656 3626 ΑΔ,
684 3587 753 3631 ἅμα
783 3588 940 3633 ἦρεμησει
968 3592 1026 3622 καὶ
1056 3591 1309 3634 μεταβεβληκὸς
1335 3592 1444 3624 ἔσται·
1472 3593 1504 3625 ἐν

525 3630 582 3674 μὲν
611 3631 674 3675 γάρ
706 3633 752 3671 τῷ
778 3634 800 3663 Δ
825 3632 957 3676 ἠρεμεῖ,
988 3635 1019 3666 ἑν
1045 3631 1082 3667 δὲ
1116 3636 1163 3677 τῷ
1190 3635 1211 3665 Δ
1236 3635 1501 3678 μεταβέβληκεν.

1562 903 1579 922 *
1602 903 1766 940 Quoniam
1789 909 1896 934 autem
1918 913 2014 934 omne
2037 904 2127 945 quod
2142 902 2292 943 mutatur,
2310 914 2347 935 ex
2362 904 2504 946 quodam
2517 904 2551 935 in
2569 904 2626 936 ali-

1629 946 1707 988 quid
1730 954 1880 986 mutatur,
1895 957 2020 978 necesse
2044 954 2090 978 est
2105 948 2195 989 quod
2208 954 2360 987 mutatur,
2375 958 2450 980 cum
2464 955 2626 980 mutatum

1630 997 1686 1030 est,
1710 1001 1778 1022 esse
1800 991 1833 1021 in
1857 1000 1923 1031 quo
1946 998 2105 1022 mutatum
2124 998 2181 1023 est.

1564 1035 1661 1072 Quod
1684 1041 1824 1066 mutatur
1856 1034 1951 1073 enim,
1982 1044 2018 1065 ex
2045 1045 2111 1076 quo
2135 1042 2275 1067 mutatur
2298 1035 2407 1075 distat,
2436 1043 2491 1067 aut
2521 1035 2627 1068 deficit

1629 1079 1754 1119 ipsum;
1779 1086 1809 1109 et
1831 1085 1885 1110 aut
1907 1078 1993 1109 idem
2016 1085 2062 1110 est
2076 1079 2192 1110 mutari
2208 1086 2238 1110 et
2253 1079 2396 1118 deficere,
2412 1086 2468 1110 aut
2482 1080 2624 1121 sequitur

1630 1123 1670 1153 ad
1693 1123 1807 1154 mutari
1830 1123 1937 1163 ipsum
1960 1122 2101 1162 deficere,
2121 1131 2175 1154 aut
2198 1124 2288 1164 quod
2303 1130 2349 1154 est
2367 1130 2527 1155 mutatum
2545 1133 2626 1164 esse,

1631 1167 1792 1198 defecisse:
1817 1166 1958 1197 similiter
1981 1166 2066 1197 enim
2082 1173 2254 1208 utrumque
2269 1176 2302 1197 se
2323 1167 2417 1198 habet
2439 1167 2479 1198 ad
2501 1174 2624 1199 utrum-

1630 1221 1702 1252 que.
1726 1211 1743 1230 *
1759 1211 1922 1248 Quoniam
1945 1220 2020 1251 ergo
2035 1221 2099 1241 una
2121 1210 2338 1242 mutationum
2351 1220 2433 1252 quae
2448 1211 2626 1243 secundum
2651 1221 2661 1230 ·

1631 1254 1909 1286 contradictionem
1932 1261 1989 1294 est,
2009 1254 2138 1295 quando
2161 1261 2321 1286 mutatum
2344 1261 2390 1286 est
2412 1255 2451 1286 ab
2474 1265 2513 1286 eo
2535 1255 2626 1296 quod

1630 1309 1695 1329 non
1720 1305 1766 1329 est
1794 1298 1827 1329 in
1850 1308 1928 1338 esse,
1953 1298 2066 1329 defecit
2095 1308 2162 1329 non
2185 1306 2257 1338 ens;
2287 1298 2344 1329 erit
2364 1298 2460 1339 igitur
2481 1299 2513 1330 in
2537 1306 2623 1331 esse:

1630 1352 1726 1373 omne
1742 1342 1827 1373 enim
1850 1352 1974 1374 necesse
1998 1349 2044 1374 est
2064 1348 2131 1373 esse
2154 1349 2208 1374 aut
2230 1353 2296 1373 non
2319 1351 2396 1374 esse.
2421 1342 2625 1375 Manifestum

1629 1386 1724 1427 igitur
1747 1387 1836 1428 quod
1858 1386 1891 1417 in
1918 1387 2095 1418 mutatione
2123 1386 2300 1418 secundum
2323 1386 2623 1427 contradictionem,

1629 1431 1718 1471 quod
1737 1437 1896 1462 mutatum
1920 1438 1966 1462 est
1989 1430 2045 1462 erit
2059 1430 2092 1461 in
2107 1440 2174 1471 quo
2198 1437 2358 1462 mutatum
2381 1437 2438 1462 est.
2461 1431 2494 1462 Si
2517 1437 2624 1463 autem

1628 1474 1661 1505 in
1677 1475 1746 1514 hac,
1758 1482 1788 1506 et
1801 1474 1834 1505 in
1850 1475 1917 1506 aliis
1933 1482 1993 1506 est:
2009 1474 2151 1506 similiter
2161 1475 2247 1506 enim
2260 1475 2295 1505 in
2310 1485 2376 1506 una
2390 1481 2421 1506 et
2435 1475 2469 1506 in
2484 1475 2552 1507 aliis
2567 1481 2625 1508 est.

1561 1612 1578 1631 *
1593 1612 1741 1653 Amplius
1756 1619 1862 1644 autem
1883 1619 1914 1644 et
1934 1613 2109 1644 secundum
2124 1623 2386 1655 unamquamque
2399 1612 2624 1654 accipientibus

1628 1657 1832 1688 manifestum
1856 1664 1917 1688 est:
1943 1657 2100 1699 siquidem
2130 1667 2255 1689 necesse
2278 1664 2325 1688 est
2352 1658 2442 1698 quod
2464 1663 2624 1689 mutatum

1628 1707 1675 1731 est
1697 1701 1810 1732 alicubi
1834 1711 1911 1741 esse,
1936 1709 1990 1733 aut
2006 1712 2043 1732 ex
2057 1712 2124 1743 quo
2142 1708 2303 1733 mutatum
2325 1708 2372 1733 est
2386 1708 2442 1733 aut
2455 1701 2489 1732 in
2504 1701 2623 1743 aliquo.

1628 1745 1792 1782 Quoniam
1815 1752 1922 1776 autem
1945 1755 1982 1776 ex
2004 1756 2070 1786 quo
2090 1753 2249 1777 mutatum
2273 1752 2330 1785 est,
2347 1745 2475 1784 defecit;
2499 1755 2624 1777 necesse

1629 1795 1675 1820 est
1697 1796 1805 1820 autem
1828 1799 1894 1820 esse
1917 1790 2050 1829 alicubi;
2074 1797 2129 1821 aut
2150 1790 2183 1821 in
2201 1790 2264 1821 hoc
2279 1796 2334 1821 aut
2355 1789 2389 1820 in
2412 1789 2474 1820 alio
2499 1789 2566 1821 erit.
2589 1789 2624 1821 Si

1627 1832 1723 1873 igitur
1745 1833 1778 1863 in
1801 1833 1875 1872 alio,
1892 1840 1927 1864 ut
1949 1833 1982 1864 in
1998 1834 2068 1874 ipso
2086 1833 2112 1865 C
2132 1834 2220 1874 quod
2243 1833 2276 1864 in
2297 1833 2404 1874 ipsum
2418 1833 2444 1864 B
2463 1840 2623 1865 mutatum

1629 1883 1684 1915 est,
1708 1877 1823 1908 iterum
1846 1887 1883 1908 ex
1907 1877 1933 1908 C
1954 1885 2095 1909 mutatur
2110 1877 2143 1908 in
2157 1878 2197 1908 B:
2213 1887 2280 1908 non
2299 1877 2385 1908 enim
2399 1884 2464 1908 erat
2478 1877 2624 1909 habitum

1626 1921 1687 1961 ipsi
1700 1922 1742 1959 B;
1759 1921 1894 1952 mutatio
1910 1921 1995 1952 enim
2009 1921 2159 1953 continua
2174 1928 2229 1952 est.
2243 1922 2349 1959 Quare
2363 1921 2452 1962 quod
2463 1926 2624 1952 mutatum

1628 1972 1684 2003 est,
1697 1965 1826 2006 quando
1841 1972 1999 1996 mutatum
2017 1973 2072 2004 est,
2086 1972 2226 1996 mutatur
2239 1965 2272 1996 in
2287 1965 2376 2006 quod
2391 1971 2552 1996 mutatum
2565 1967 2622 1997 est.

1626 2010 1699 2040 Hoc
1715 2017 1822 2040 autem
1837 2016 1883 2040 est
1897 2010 2102 2050 impossibile.
2122 2010 2255 2040 Necesse
2269 2017 2344 2050 ergo
2358 2009 2447 2050 quod
2462 2015 2624 2041 mutatum

1628 2060 1684 2093 est,
1699 2064 1766 2084 esse
1779 2053 1813 2084 in
1827 2054 1889 2085 hoc
1899 2054 1931 2084 in
1946 2054 2034 2095 quod
2048 2060 2208 2085 mutatum
2219 2060 2274 2084 est.
2286 2053 2303 2072 *
2313 2053 2519 2084 Manifestum
2528 2052 2624 2094 igitur

1627 2104 1674 2128 est
1689 2104 1719 2128 et
1735 2098 1823 2138 quod
1838 2098 1967 2136 factum,
1984 2108 2057 2128 cum
2077 2097 2196 2128 factum
2212 2104 2268 2136 est,
2285 2097 2356 2136 erit;
2369 2103 2400 2128 et
2415 2097 2501 2138 quod
2518 2106 2624 2128 corru-

1627 2149 1719 2181 ptum
1743 2149 1803 2180 est,
1827 2151 1893 2172 non
1910 2141 1975 2172 erit.
2000 2141 2223 2172 Universaliter
2241 2141 2326 2171 enim
2341 2141 2461 2171 dictum
2477 2147 2524 2172 est
2537 2147 2569 2172 et
2583 2141 2624 2172 de

1627 2186 1715 2216 omni
1734 2186 1925 2224 mutatione,
1942 2191 1972 2216 et
1995 2185 2131 2216 maxime
2147 2191 2193 2216 est
2211 2185 2415 2216 manifestum
2435 2184 2469 2215 in
2490 2194 2526 2215 ea
2540 2193 2624 2226 quae

1626 2236 1672 2260 est
1688 2230 1864 2260 secundum
1881 2229 2171 2260 contradictionem.
2185 2229 2282 2267 Quod
2293 2229 2388 2269 igitur
2406 2228 2440 2259 id
2454 2229 2544 2270 quod
2552 2238 2624 2261 mn·

1625 2279 1727 2304 tatum
1747 2281 1803 2312 est,
1823 2283 1897 2304 curn
1913 2280 2073 2305 mutatum
2096 2280 2142 2304 est
2160 2273 2276 2314 primo,
2293 2273 2326 2304 in
2339 2273 2396 2304 illo
2411 2279 2473 2312 est,
2492 2272 2623 2304 manife-

1626 2323 1711 2348 stum
1735 2325 1790 2349 est.

1559 2360 1576 2378 *
1593 2360 1627 2391 In
1651 2372 1716 2402 quo
1741 2368 1848 2393 autem
1862 2361 1969 2402 primo
1985 2368 2145 2393 mutatum
2168 2368 2214 2392 est
2227 2361 2259 2392 id
2277 2362 2367 2403 quod
2381 2367 2542 2392 mutatum
2559 2351 2623 2402 est',

1626 2415 1751 2437 necesse
1775 2412 1821 2436 est
1835 2413 1981 2437 atomum
2004 2416 2080 2436 esse.
2097 2405 2176 2436 Dico
2193 2412 2300 2436 autem
2315 2405 2432 2446 primo,
2449 2405 2538 2447 quod
2554 2403 2623 2436 non

1626 2457 1792 2490 propterea
1810 2451 1898 2491 quod
1913 2450 2047 2480 alterum
2061 2449 2179 2490 aliquid
2189 2449 2288 2490 ipsius
2303 2449 2354 2489 sit,
2368 2448 2554 2481 huiusmodi
2565 2452 2623 2481 ests

1627 2493 1673 2525 Sit
1687 2494 1783 2534 igitur
1799 2494 1953 2525 divisibile
1966 2494 2055 2535 quod
2071 2500 2116 2525 est
2138 2493 2208 2533 AC,
2225 2500 2256 2524 et
2271 2493 2428 2524 dividatur
2445 2493 2623 2525 secundum

1625 2538 1661 2569 B.
1686 2538 1718 2569 Si
1734 2538 1828 2578 igitur
1842 2538 1876 2568 in
1894 2539 1949 2569 AB
1967 2545 2127 2569 mutatum
2144 2544 2200 2577 est,
2217 2544 2272 2568 aut
2289 2537 2404 2568 iterum
2418 2537 2452 2568 in
2465 2536 2540 2576 BC,
2555 2546 2623 2568 non

1627 2582 1738 2623 utique
1756 2582 1789 2612 in
1807 2582 1912 2622 primo
1929 2583 2018 2623 quod
2038 2589 2084 2613 est
2105 2581 2174 2620 AC,
2196 2581 2285 2622 quod
2307 2588 2467 2613 mutatum
2486 2586 2532 2612 est
2554 2580 2621 2613 en't.

1627 2626 1659 2657 Si
1683 2633 1789 2657 autem
1807 2627 2072 2657 transmutabatur
2093 2626 2126 2656 in
2149 2632 2286 2666 utroque
2301 2624 2445 2668 (necesse
2468 2631 2514 2656 est
2537 2624 2623 2656 enim

1626 2670 1659 2701 in
1672 2677 1808 2712 utroque
1820 2677 2065 2701 transmutatum
2079 2679 2144 2701 esse
2157 2677 2212 2700 aut
2226 2667 2457 2712 transmutari),
2470 2675 2501 2700 et
2511 2668 2622 2710 utique

1626 2714 1659 2745 in
1671 2721 1740 2746 toto
1755 2715 2030 2750 transmutabitur:
2049 2714 2103 2744 sed
2119 2721 2183 2744 erat
2196 2720 2365 2745 mutatum.
2379 2713 2500 2744 Eadem
2513 2719 2622 2745 autem

1628 2759 1706 2790 ratio
1730 2766 1761 2790 et
1784 2759 1809 2790 si
1824 2759 1857 2790 in
1880 2759 1942 2790 hoc
1957 2758 2088 2799 quidem
2105 2764 2256 2796 mutatur,
2273 2757 2307 2788 in
2321 2758 2384 2789 hoc
2397 2764 2505 2788 autem
2519 2763 2622 2790 mutan.

1627 2810 1697 2834 tum
1716 2810 1778 2834 est:
1803 2804 1860 2834 erit
1883 2803 1968 2834 enim
1983 2802 2102 2844 aliquid
2125 2802 2228 2842 primo
2243 2802 2340 2842 prius.
2357 2803 2463 2840 Quare
2481 2811 2549 2832 nou
2562 2801 2623 2842 erit

1627 2848 1737 2891 utique
1753 2847 1905 2878 divisibile
1918 2847 1951 2877 in
1975 2857 2041 2890 quo
2065 2853 2224 2877 mutatum
2241 2853 2296 2878 est.
2319 2846 2336 2865 *
2350 2845 2554 2877 Manifestum
2576 2851 2623 2879 ent

1627 2891 1721 2931 igitur
1733 2891 1807 2933 quia
1818 2899 1848 2923 et
1864 2891 1953 2934 quod
1966 2898 2151 2931 corruptum
2166 2897 2211 2921 est
2225 2897 2258 2922 et
2273 2890 2362 2932 quod
2377 2889 2497 2921 factum
2511 2895 2573 2929 est,
2586 2888 2620 2921 in

1627 2942 1736 2967 atomo
1752 2936 1814 2966 hoc
1833 2935 1964 2979 quidem
1983 2941 2184 2976 corruptum,
2201 2934 2263 2965 hoc
2282 2940 2388 2965 autem
2407 2933 2526 2964 factum
2541 2938 2598 2964 est.

1560 2978 1681 3011 Dicitur
1704 2987 1810 3011 autem
1826 2980 1859 3010 in
1878 2989 1944 3022 quo
1967 2979 2071 3020 primo
2095 2985 2255 3010 mutatum
2275 2984 2322 3009 est
2340 2977 2518 3018 dupliciter:
2534 2976 2621 3008 aliud

1560 3419 1605 3450 Sit

1626 3025 1756 3066 quidem
1779 3024 1812 3054 in
1834 3033 1900 3064 quo
1924 3023 2029 3064 primo
2044 3022 2180 3064 perfecta
2203 3029 2250 3053 est
2271 3021 2406 3053 mutatio
2423 3019 2513 3064 (tunc
2535 3020 2621 3052 enim

1625 3079 1737 3100 verum
1753 3074 1799 3099 est
1817 3068 1919 3099 dicere
1938 3067 2027 3108 quod
2042 3073 2202 3098 mutatum
2216 3064 2293 3109 est);
2310 3065 2394 3097 aliud
2408 3075 2483 3096 vero
2501 3065 2535 3096 in
2553 3074 2620 3106 quo

1626 3113 1730 3154 primo
1747 3112 1829 3153 cepit
1839 3111 1963 3143 mutari.
1974 3111 1991 3130 ’¹‘
2001 3111 2183 3142 Secundum
2198 3110 2328 3152 quidem
2339 3110 2434 3151 igitur
2442 3109 2539 3140 finem
2552 3118 2622 3141 mu-

1626 3156 1770 3194 tationis,
1795 3155 1884 3197 quod
1907 3155 2047 3196 primum
2071 3154 2183 3186 dicitur
2206 3154 2307 3185 existit
2329 3161 2360 3185 et
2382 3160 2444 3187 est:
2469 3151 2622 3195 confingit

1626 3201 1711 3231 enim
1734 3199 1840 3241 perfici
1855 3199 2080 3238 mutationem,
2105 3205 2136 3230 et
2151 3205 2198 3230 est
2220 3197 2404 3229 mutationis
2427 3197 2515 3228 finis:
2531 3196 2621 3239 quod

1627 3251 1790 3276 ostensum
1806 3251 1852 3275 est
1866 3243 2053 3275 indivisibile
2069 3253 2146 3281 esse,
2163 3250 2292 3283 propter
2310 3242 2343 3273 id
2366 3242 2454 3283 quod
2473 3241 2544 3272 finis
2563 3247 2618 3272 est.

1627 3289 1724 3327 Quod
1747 3295 1854 3320 autem
1881 3287 2057 3319 secundum
2080 3286 2282 3327 principium,
2308 3286 2442 3317 omnino
2465 3295 2531 3317 non
2559 3291 2617 3316 est:

1626 3342 1692 3363 non
1708 3332 1792 3364 enim
1804 3331 1996 3373 principium
2007 3338 2054 3362 est
2067 3330 2262 3371 mutationis,
2275 3340 2378 3372 neque
2394 3329 2426 3361 in
2438 3340 2504 3371 quo
2514 3329 2618 3370 primo

1627 3377 1715 3418 quod
1737 3383 1864 3418 tempus
1887 3376 1937 3415 sit,
1961 3382 2120 3407 mutatum
2143 3382 2198 3406 est.

1628 3421 1713 3451 enim
1737 3421 1877 3462 primum
1903 3420 1936 3451 in
1964 3430 2030 3461 quo
2053 3419 2093 3450 sit
2116 3418 2186 3451 AD.
2218 3419 2290 3450 Hoc
2315 3418 2410 3459 igitur
2431 3416 2618 3449 indivisibile

1625 3464 1755 3506 quidem
1778 3475 1843 3495 non
1867 3471 1929 3495 est:
1954 3463 2072 3495 accidet
2094 3463 2180 3494 enim
2207 3462 2311 3494 habita
2335 3473 2402 3494 esse
2424 3462 2492 3503 ipsa
2515 3467 2618 3492 nune:

1628 3509 1763 3549 amplius
1787 3516 1904 3546 autem,
1922 3508 1947 3539 si
1962 3508 1995 3539 in
2011 3508 2069 3540 CA
2085 3514 2227 3548 tempore
2251 3506 2383 3538 omnino
2399 3505 2532 3548 quiescit
2547 3503 2617 3547 (po-

1628 3560 1719 3583 natur
1733 3553 1818 3584 enim
1841 3550 2030 3595 quiescens),
2046 3558 2077 3583 et
2090 3551 2124 3582 in
2137 3553 2166 3582 A
2181 3550 2321 3593 quiescit.
2346 3550 2451 3588 Quare
2467 3549 2493 3580 si
2506 3549 2619 3589 impar-

1627 3596 1711 3627 tibile
1735 3603 1782 3627 est
1812 3597 1887 3635 AD,
1911 3596 2007 3627 simul
2036 3595 2175 3638 quiescet
2198 3602 2229 3626 et
2255 3601 2414 3626 mutatum
2436 3593 2509 3624 erit:
2533 3591 2566 3623 in
2589 3594 2618 3622 Α

1625 3640 1754 3680 quidem
1777 3640 1862 3671 enim
1878 3639 2019 3681 quiescit,
2036 3639 2068 3670 in
2084 3639 2112 3670 D
2129 3645 2235 3670 autem
2251 3644 2410 3670 mutatum
2424 3643 2479 3668 est.
2495 3637 2514 3656 *
2529 3636 2618 3674 Quo-

2651 912 2662 922 ·
2668 910 2827 940 Εερπῐῐθηι
2836 935 2855 939 .,
2868 936 2870 941 ,

2648 1620 2791 1650 ‘Tema
2827 1651 2833 1654 ,

2650 2061 2659 2070 ·
2673 2059 2742 2082 Text.
2754 2065 2792 2089 43.

2649 2367 2793 2396 'Text.⁴4.

2647 2852 2658 2862 ·
2672 2850 2741 2875 Ten.
2754 2857 2790 2880 45.

2646 3115 2791 3143 'Text-4⁶·

2645 3644 2653 3652 ·
2669 3642 2735 3665 Text.
2749 3648 2787 3671 47.
2834 3651 2840 3663 x

2675 1219 2790 1248 Text-4⁸.
2833 1227 2864 1234 -·
