2982 4022
74 1449 88 1460 ⁸
100 1450 211 1470 naturram
229 1454 287 1470 scm

76 1481 111 1497 st.

82 1712 90 1720 ¹'
116 1710 181 1732 Lect.
207 1716 255 1732 xiv.
276 1721 286 1726 -

78 1736 148 1768 Quod
154 1738 234 1758 autem
243 1742 287 1757 an-

77 1765 192 1791 uquarum
204 1762 273 1784 codd.

77 1815 89 1826 ¹⁵
102 1814 166 1836 omni
177 1820 199 1837 F.
214 1808 218 1809 ⁷

78 1867 87 1876 ‘
95 1868 197 1888 naturae
204 1866 257 1888 add.
265 1873 286 1888 ιτ.

76 1920 89 1931 ⁸
102 1919 165 1941 Lect-
175 1925 224 1947 seq.

77 2028 89 2039 ¹*
131 2027 261 2055 repositum

78 2059 106 2075 co
124 2053 147 2075 d.
158 2059 261 2075 exedum

78 2083 100 2101 et
114 2086 128 2101 a
142 2079 181 2107 qui
195 2086 244 2101 om.

77 2106 101 2118 ⁴*
114 2106 185 2127 Num.
195 2111 215 2134 3.

78 2133 88 2142 '
115 2132 179 2153 Lect-
211 2138 289 2159 praec.

78 2165 103 2180 n.
117 2158 149 2180 ιδ.

77 2185 88 2197 ⁸
117 2185 207 2205 tantum
240 2189 288 2204 om.

79 2210 148 2232 codd.
164 2215 213 2231 exc.
228 2215 289 2230 futu

79 2242 129 2284 ἷιέεῑῐ.
144 2235 188 2283 ἐξ.
213 2241 290 2263 praec.

177 2297 194 2314 α

80 2392 91 2402 ·
106 2393 129 2413 et
148 2391 200 2413 add.
221 2391 290 2413 codd.

80 2423 130 2439 exc.
145 2423 259 2439 ncunnrz.

80 2602 90 2611 '¹
99 2603 156 2628 post
171 2606 291 2633 Αοιιςοατν

79 2633 234 2655 xia-propria
241 2634 291 2649 om.

77 2653 156 2676 iidem.

79 2705 208 2734 *Lect.1‚n.
215 2706 228 2728 6
238 2712 291 2734 sqq.

80 2969 91 2979 '¹
105 2967 176 2990 Num.
192 2968 216 2989 6.

77 3072 90 3083 ¹⁵
121 3071 278 3100 differentiam

77 3098 218 3120 nmunzab.
243 3098 279 3120 ef.

78 3130 175 3172 θήῃ.
190 3156 210 3178 ⁵.

1139 284 1249 320 CAP.
1277 283 1365 330 VII,
1395 283 1546 319 LECT.
1576 283 1645 318 XII

301 363 404 396 ’Ὥστε
428 358 531 399 δῆλον
557 362 592 394 ἐκ
616 363 681 395 τῶν
707 360 897 406 εἰρημένων,
914 360 966 393 ὅτι
991 360 1032 392 τὰ
1056 359 1250 405 γιγνόμενον
1270 358 1362 391 ἅπαν

378 406 428 439 ἀεὶ
453 405 612 438 σύνθετόν
639 405 723 445 ἐστι,
749 407 806 436 καὶ
832 405 905 437 ἔστι
929 405 988 448 μὲν
1010 415 1044 436 τι
1061 404 1270 449 γιγνόμενον,
1290 403 1363 435 ἔστι

375 447 414 482 δέ
439 462 472 483 τι
499 451 515 482 ὃ
541 451 646 482 τοῦτο
671 453 817 496 γίνεται·
834 451 891 479 καὶ
917 449 1023 480 τοῦτο
1044 443 1177 479 διττόν·
1196 446 1217 483 ἦ
1235 447 1299 493 γάρ
1321 447 1363 479 τὸ

377 495 594 535 ὑποκείμενον
619 493 640 530 ἦ
666 494 708 526 τὸ
734 493 974 535 ἀντικείμενον·
993 491 1032 522 λε’
1058 505 1082 522 ω
1100 487 1137 523 δὲ
1156 489 1364 523 ἀντικεῖσθαι

376 538 434 582 μὲν
460 538 500 571 τὰ
527 538 693 582 ἄμουσον,
721 536 917 569 ὑποκεῖσθαι
946 531 983 566 δὲ
1008 547 1067 567 τον
1094 534 1277 579 ἄνθρωπον·
1305 537 1362 566 καὶ

374 582 439 618 τήν
465 583 523 626 μὲν
550 581 786 626 ἀσχημοσύνην
810 583 868 611 καὶ
893 580 956 616 τήν
975 577 1139 623 ἀμορφίαν
1158 577 1178 615 ἦ
1196 579 1259 615 τήν
1279 579 1365 610 ἀτα-

376 625 450 666 ξίαν
477 627 517 659 τὸ
544 627 784 668 ἀντικείμενον,
804 624 863 656 τὸν
888 619 925 655 δὲ
949 624 1078 668 χαλκὸν
1105 622 1125 660 ἦ
1152 622 1210 655 τὸν
1234 622 1324 654 λίθον
1343 621 1363 659 ἦ

378 671 438 702 ‘cdv
461 670 581 716 χρυσὸν
607 669 647 701 τὸ
674 670 901 711 ὑποκείμενον.

365 769 513 796 Smops1s.
526 783 561 787 —
582 766 605 794 ιζ
619 767 828 802 Argumentum
844 771 871 793 et
885 764 986 792 divisio
1001 770 1101 792 textus.
1118 780 1136 785 -
1151 772 1177 792 2.
1193 765 1239 792 Ad
1253 764 1366 792 solven-

313 809 379 836 dam
400 805 607 835 dubitationem
627 811 724 833 utrum
746 805 801 832 sint
821 810 933 832 tantum
954 804 1012 832 duo
1034 810 1152 831 naturae
1170 803 1309 840 principia
1322 804 1366 831 vel

310 847 377 881 tria,
399 845 493 882 primo
514 844 668 872 dicendum
695 850 737 872 est
757 845 793 871 de
813 843 997 880 generatione
1017 843 1062 871 vel
1088 843 1210 870 factione
1234 843 1264 870 in
1285 852 1365 870 com-

311 885 392 914 muni
412 885 450 912 ad
469 892 571 912 omnes
592 883 699 920 species
719 882 901 911 mutationis:
924 882 991 919 quia
1012 882 1042 909 in
1063 882 1189 919 qualibet
1208 882 1366 910 mutatione

311 923 453 953 invenitur
473 923 620 960 quoddam
634 922 709 961 fieri
722 939 740 943 —
757 923 782 950 3.
797 923 904 950 Textus
925 921 1090 949 subdivisio.
1106 938 1125 942 -
1138 931 1166 956 4.
1188 923 1219 948 In
1238 921 1367 957 quolibet

311 963 380 999 fieri,
402 963 474 990 sicut
494 963 524 990 in
545 962 625 990 omni
647 962 820 996 mutatione,
842 961 984 989 hahentur
1004 962 1062 988 duo
1083 960 1206 996 termini,
1229 960 1277 997 qui
1298 970 1366 997 pos-

311 1009 377 1031 sunt
397 1002 486 1038 accipi
506 1008 538 1030 ut
559 1001 700 1038 simplices
721 1001 764 1029 vel
793 1000 954 1036 compositi.
970 1017 988 1022 —
1005 1001 1030 1028 5.
1052 1001 1168 1028 Attenta
1187 1006 1290 1027 natura
1310 1006 1366 1027 ter-

311 1042 458 1070 minorum
479 1041 510 1069 in
530 1041 697 1076 mutatione,
718 1040 826 1068 utimur
847 1039 952 1076 duplici
973 1040 1062 1067 modo
1078 1039 1232 1076 loquendi,
1254 1039 1364 1067 scilicet

311 1082 364 1110 hoc
377 1082 418 1120 fit
438 1081 501 1114 hoc,
523 1087 550 1108 et
571 1089 610 1108 ex
630 1081 683 1108 hoc
696 1080 737 1118 fit
757 1080 820 1108 hoc.
835 1096 854 1101 -
868 1081 1026 1114 Praeterea,
1041 1078 1091 1106 ubi
1105 1078 1218 1106 termini
1239 1079 1290 1106 τοῦ
1306 1078 1367 1106 fieri

311 1121 367 1149 sint
388 1120 539 1157 simpliceS‚
554 1119 711 1148 subiectum
733 1119 812 1156 quod
832 1119 864 1147 fit
884 1118 1001 1155 aliquid,
1023 1124 1172 1155 permanet
1193 1119 1310 1154 quando
1325 1118 1366 1146 fa-

312 1166 390 1188 cturn
411 1166 468 1188 est:
491 1160 540 1187 sed
560 1169 621 1187 non
648 1165 797 1195 permanet
823 1158 894 1186 illud
915 1159 994 1195 quod
1015 1164 1075 1185 erat
1102 1164 1257 1194 antequam
1278 1158 1366 1185 fieret.

310 1201 411 1236 Neque
432 1199 517 1227 etiam
545 1198 740 1234 compositum
760 1207 794 1226 ex
820 1197 948 1226 subiecto
975 1204 1003 1225 et
1030 1197 1164 1233 opposito
1192 1203 1330 1232 remanet.
1349 1214 1367 1218 —

312 1240 340 1267 6.
362 1237 525 1266 Subdivisio
545 1244 646 1266 textus.
662 1254 681 1259 -
696 1247 722 1274 7.
746 1239 777 1265 In
797 1237 932 1265 omnibus
954 1246 1027 1274 quae
1048 1237 1120 1264 fiunt
1141 1237 1300 1264 secundum
1315 1246 1367 1264 na-

311 1284 406 1306 turam
427 1278 480 1306 tria
500 1284 575 1312 sunt,
599 1276 755 1305 subiectum
776 1277 822 1305 cui
842 1276 1003 1305 attribuitur
1020 1276 1098 1312 fieri3
1120 1277 1150 1304 id
1171 1276 1199 1303 in
1221 1277 1296 1313 quod
1318 1285 1370 1312 per

439 1400 471 1427 „3
483 1382 564 1423 ’ξ’-η.
579 1384 755 1425 ostquam
778 1376 1030 1425 Philosophus
1048 1376 1232 1425 processit
1250 1376 1299 1412 ad
1317 1375 1370 1412 in-

436 1424 439 1429 *
461 1432 463 1434 ’
479 1418 507 1458 Ψ
522 1428 566 1493 ἦν
580 1429 843 1477 vestigandum
859 1430 1092 1466 numerum*
1098 1429 1370 1478 principiorum

371 1490 378 1502 ⁸
436 1475 566 1546 {xffifi
581 1482 804 1530 disputative
818 1512 826 1528 ,
864 1482 925 1518 hic
955 1482 1084 1531 incipit
1121 1482 1369 1519 determinare

399 1547 410 1553 ‘
437 1520 517 1574 ⁵¹⁷3&
525 1523 563 1561 ‘’is'‘
578 1535 788 1572 veritatem.
805 1536 854 1571 Et
869 1534 1047 1571 dividitur
1066 1534 1103 1572 in
1118 1543 1242 1583 partes
1263 1535 1369 1572 duas:

314 1589 352 1625 in
370 1587 494 1636 prima
514 1587 736 1624 determinat
762 1587 975 1632 veritatem;
997 1587 1035 1623 in
1055 1588 1221 1624 secunda
1242 1600 1287 1624 ex
1305 1601 1370 1625 ve-

314 1641 419 1678 ritate
439 1639 685 1676 determinata
714 1640 873 1676 excludit
899 1639 1150 1676 dubitationes
1170 1647 1206 1676 et
1225 1653 1370 1677 errores

314 1693 577 1741 antiquorum,
607 1692 682 1728 ibi:
725 1692 834 1734 Quod
859 1698 983 1729 autem
1007 1693 1250 1741 singulariter
1265 1694 1284 1714 ’¹‘
1301 1701 1369 1730 etc.

313 1746 442 1783 Prima
469 1745 647 1782 dividitur
673 1744 712 1781 in
734 1745 844 1781 duas:
874 1745 912 1781 in
939 1745 1063 1793 prima
1086 1745 1248 1782 ostendit
1266 1746 1372 1794 quod

315 1799 353 1836 in
372 1798 540 1846 quolibet
554 1798 573 1818 ’¹‘
587 1798 669 1834 fieri
698 1798 856 1834 naturali
878 1798 948 1834 tria
966 1798 1227 1844 inveniuntur3
1257 1798 1295 1835 in
1314 1812 1371 1836 se-

316 1851 440 1888 cunda
468 1862 513 1886 ex
538 1850 614 1887 hoc
642 1850 803 1887 ostendit
830 1850 899 1887 tria
928 1863 1008 1887 esse
1036 1851 1217 1899 principia
1238 1852 1269 1898 ³⁸,
1298 1852 1370 1888 ibi:

314 1904 562 1952 Manifestum
582 1904 698 1953 igitur
716 1903 816 1952 quod
830 1905 849 1924 ²¹*
865 1911 933 1940 etc.
965 1904 1073 1940 Circa
1100 1904 1268 1952 primum
1294 1906 1370 1942 duo

315 1957 416 1994 facit:
437 1956 561 2004 primo
579 1956 665 1993 dicit
681 1956 727 1992 de
743 1969 819 2004 quo
841 1964 896 1992 est
909 1956 1080 2002 intentio;
1102 1958 1269 1994 secundo
1286 1971 1372 2007 pro-

301 2009 483 2058 ,sequitur
501 2009 686 2045 intentum
703 2009 734 2055 ²¹⁶,
751 2009 818 2046 ibi:
839 2009 1009 2046 Dicimus
1027 2010 1125 2046 enim
1143 2011 1238 2057 fieri
1247 2011 1290 2032 ᾖ*
1302 2019 1370 2048 etc.

369 2074 404 2099 2.
463 2061 526 2098 uia
546 2074 633 2109 ergo
650 2074 763 2110 supra
775 2064 793 2081 ⁴⁶
806 2061 947 2098 dixerat
966 2062 1069 2110 quod
1085 2063 1242 2099 multam
1258 2064 1373 2100 habet

315 2114 590 2152 dubitationem
621 2121 748 2151 utrum
783 2114 855 2151 sint
882 2122 1027 2151 tantum
1058 2115 1077 2136 '¹‘
1105 2115 1181 2151 duo
1216 2124 1371 2153 naturae

315 2166 498 2215 principia
523 2167 586 2203 vel
610 2166 690 2213 tria,
721 2167 908 2203 concludit
935 2167 1040 2214 quod
1068 2167 1115 2203 de
1143 2168 1218 2204 hoc
1247 2169 1373 2206 dicen—

318 2220 410 2256 dum
431 2226 486 2255 est
498 2224 528 2264 α,
543 2218 667 2267 primo
689 2219 968 2255 considerantes
989 2219 1035 2255 de
1055 2220 1296 2266 generatione
1310 2222 1372 2258 vel

301 2271 478 2311 ⁴factione
493 2271 530 2307 in
546 2271 740 2307 communi
756 2271 804 2308 ad
820 2284 955 2308 omnes
979 2272 1122 2320 species
1142 2273 1370 2311 mutationis.

318 2326 360 2361 In
389 2323 554 2372 qualibet
585 2323 686 2360 enim
721 2324 929 2360 mutatione
958 2323 1148 2361 invenitur
1176 2326 1371 2373 quoddam

316 2377 411 2424 fieri,
437 2376 531 2412 sicut
563 2375 667 2425 quod
700 2377 875 2413 alteratur
903 2377 950 2413 de
983 2378 1069 2413 albo
1098 2378 1137 2414 in
1165 2378 1326 2426 nigrum,
1352 2380 1372 2400 '³‘

317 2430 365 2467 de
394 2429 480 2465 albo
509 2429 552 2465 fit
578 2441 656 2465 non
684 2429 834 2475 album,
865 2436 901 2465 et
930 2429 976 2465 de
1005 2442 1083 2466 non
1111 2430 1217 2478 nigro
1247 2432 1289 2468 fit
1318 2432 1372 2468 ni-

317 2494 447 2529 grum;
477 2488 513 2517 et
545 2481 713 2518 similiter
745 2489 800 2518 est
832 2482 870 2518 in
898 2481 977 2518 aliis
1010 2483 1292 2521 mutationibus.
1324 2486 1373 2521 Et

317 2534 501 2571 rationem
530 2534 669 2571 ordinis
699 2534 870 2582 assignat,
892 2534 979 2583 quia
998 2547 1151 2572 necesse
1172 2544 1227 2573 est
1244 2538 1371 2585 primo

318 2587 441 2624 dicere
475 2587 705 2634 communia,
735 2595 771 2624 et
797 2595 930 2636 postea
950 2589 969 2608 ’¹‘
989 2589 1173 2640 speculari
1202 2601 1247 2625 ea
1275 2603 1371 2639 quae

316 2639 468 2689 propria
496 2647 581 2676 sunt
607 2639 703 2676 circa
729 2641 1055 2690 unumquodque,
1085 2641 1179 2679 sicut
1205 2642 1244 2679 in
1272 2643 1371 2691 prin-

319 2692 415 2741 cipio
443 2691 525 2728 libri
554 2692 694 2729 dictum
725 2700 780 2729 est
800 2694 830 2730 ²¹².

373 2746 407 2782 3.
436 2745 584 2781 Deinde
613 2757 701 2781 cum
726 2745 833 2782 dicit:
861 2746 1031 2783 Dicimus
1050 2747 1148 2783 enim
1165 2748 1262 2794 fieri
1287 2755 1370 2795 etc.,

316 2796 556 2847 prosequitur
582 2798 830 2846 propositum.
865 2799 914 2834 Et
942 2799 1039 2836 circa
1066 2799 1139 2836 hoc
1168 2801 1244 2837 duo
1274 2800 1370 2837 facit:

316 2850 441 2899 primo
471 2850 572 2886 enim
592 2850 795 2898 praemittit
823 2851 1011 2900 quaedam
1041 2864 1138 2900 quae
1161 2853 1372 2890 necessaria

318 2910 404 2940 sunt
423 2902 471 2939 ad
489 2903 727 2951 propositum
747 2904 1041 2950 ostendendum3
1062 2906 1230 2942 secundo
1249 2913 1372 2943 osten-

319 2955 376 2997 dit,
397 2955 647 3004 propositum,
669 2956 739 2993 ibi:
768 2958 1032 2994 Determinatis
1051 2964 1174 2995 autem
1193 2959 1249 2995 his
1267 2959 1286 2980 *
1301 2967 1370 2996 etc.

319 3008 429 3045 Circa
455 3008 621 3056 primum
651 3010 727 3046 duo
756 3010 861 3046 facit:
890 3010 1013 3059 primo
1034 3011 1236 3059 praemittit
1254 3024 1371 3060 quan-

319 3060 408 3097 dam
437 3061 683 3106 divisionem;
715 3063 882 3099 secundo
912 3063 1073 3100 ostendit
1102 3064 1330 3101 differentias
1352 3067 1371 3087 ²¹²

317 3113 413 3150 inter
446 3121 569 3161 partes
602 3114 812 3162 divisionis,
841 3115 909 3152 ibi:
942 3117 1097 3153 Horum
1125 3123 1248 3154 autem
1266 3118 1370 3154 *ete

370 3177 407 3212 4.
432 3166 530 3203 Dicit
550 3178 638 3214 ergo
658 3167 781 3216 primo
802 3169 917 3216 quod,
940 3181 1027 3205 cum
1047 3169 1084 3206 in
1104 3170 1272 3218 quolibet
1290 3170 1372 3207 fieri

318 3217 422 3255 aliud
448 3218 590 3256 dicatur
617 3220 699 3257 fieri
728 3233 773 3258 ex
800 3221 887 3267 alio,
916 3229 1100 3270 quantum
1129 3222 1177 3259 ad
1205 3223 1287 3260 fieri
1316 3235 1372 3260 se-

371 3378 398 3410 α)
413 3378 554 3403 dicendum
568 3381 618 3407 est,
629 3378 720 3410 primo
732 3379 936 3405 considerantes.
945 3393 965 3400 -α
976 3380 1026 3405 Pro
1034 3381 1132 3412 primo,
1143 3382 1277 3413 primario
1295 3383 1372 3408 habet

318 3414 398 3438 codex
415 3413 449 3443 F,
464 3413 543 3444 prius
562 3414 641 3438 codex
660 3414 691 3444 S;
711 3414 820 3446 legimus
839 3422 897 3438 cum
917 3415 1007 3440 ceteris
1030 3416 1160 3441 codicibus
1181 3418 1291 3449 exceptis
1309 3418 1372 3448 MN,

318 3449 362 3481 qui
382 3456 438 3473 curn
459 3449 478 3472 P
498 3453 523 3472 et
541 3448 694 3472 editionibus
713 3449 754 3473 ab
772 3454 948 3481 transponunt,
963 3450 1054 3481 primo
1074 3451 1210 3476 dicendum
1230 3455 1269 3476 est
1287 3453 1372 3478 consi-

318 3484 456 3508 derantes:
474 3490 540 3515 quae
558 3483 722 3515 transpositio
741 3484 826 3508 minus
845 3484 910 3509 bene
929 3492 958 3509 se
976 3484 1063 3515 habet,
1084 3486 1143 3517 quia
1158 3486 1248 3518 primo
1267 3488 1298 3511 ad
1311 3495 1372 3512 con-

317 3519 465 3543 siderantes
483 3517 645 3543 referendum
665 3526 731 3548 esse,
746 3519 911 3544 manifestum
923 3524 962 3544 est
975 3525 1030 3544 tum
1045 3527 1075 3544 ex
1090 3525 1158 3545 textu
1176 3526 1232 3545 tum
1247 3529 1277 3546 ex
1295 3529 1372 3554 expo-

318 3553 411 3578 sitione
429 3561 507 3586 quam
526 3554 689 3586 prosequitur
707 3554 734 3578 S.
747 3553 872 3579 Thomas.

371 3587 396 3621 β)
415 3596 473 3613 cum
494 3588 604 3613 dicimus
622 3596 672 3613 non
693 3589 806 3614 musicus
823 3589 901 3614 homo
912 3590 949 3622 fit
966 3590 1160 3615 musicus.—1ta
1179 3592 1252 3616 codd.
1267 3597 1292 3616 et
1310 3592 1374 3617 Pab.

459 3641 527 3672 Opp.
543 3641 573 3664 D.
593 3641 704 3665 Tnomr:
723 3641 754 3665 T.
773 3641 800 3665 11.

2421 293 2466 328 41

1416 360 1435 378 ’κ’
1452 362 1556 398 Quare
1580 367 1743 391 ostensum
1772 370 1808 390 ex
1831 360 1919 390 dictis
1947 367 1992 390 est
2010 360 2165 400 quoniam
2183 360 2271 401 quod
2294 360 2329 390 fit
2352 371 2475 400 semper

1485 405 1700 445 compositum
1724 411 1778 435 est.
1803 405 1844 434 Et
1867 411 1913 434 est
1935 404 2065 444 quidem
2088 404 2208 444 aliquid
2230 404 2318 444 quod
2346 404 2398 442 fit,
2429 411 2476 434 est

1485 456 1591 479 autem
1620 448 1739 488 aliquid
1763 448 1851 488 quod
1880 448 1941 478 hoc
1971 447 2025 485 fit,
2057 454 2087 478 et
2117 448 2178 478 hoc
2209 448 2390 488 dupliciter;
2421 454 2476 478 aut

1485 492 1570 522 enirn
1594 492 1770 522 subiectum
1794 499 1848 522 aut
1878 491 2073 531 oppositum.
2105 491 2184 522 Dico
2216 499 2322 522 autem
2353 491 2475 531 opponi

1485 536 1614 576 quidem
1637 535 1892 573 non-musicum,
1917 535 2028 565 subiici
2051 542 2157 565 autem
2175 535 2354 565 hominem:
2380 535 2475 577 etqin-

1483 579 1705 618 figurationem
1729 586 1759 609 et
1781 579 2040 609 informationem
2063 585 2094 609 et
2116 579 2396 616 inordinationem,
2421 589 2477 618 op-

1484 623 1641 662 positum,
1670 633 1720 652 aes
1743 630 1850 653 autern
1873 629 1903 653 et
1925 623 2064 663 lapidem
2087 629 2118 653 et
2140 633 2254 653 aurum
2285 623 2355 653 dico
2375 623 2476 652 subie-

1485 674 1582 697 ctum.

1420 763 1610 791 mutationem
1625 763 1784 790 subiectum
1799 763 1915 797 transit;
1931 763 1961 790 id
1972 771 2011 791 ex
2021 771 2075 799 quo
2091 762 2251 790 subiectum
2268 762 2376 790 transit.
2390 763 2477 797 Quod

1419 803 1568 837 ultimum,
1591 802 1721 839 quamvis
1742 812 1803 830 non
1824 812 1946 830 numero
1967 802 2012 830 vel
2032 802 2170 837 subiecto,
2186 802 2367 839 distinguitur
2381 809 2477 830 tamen

1419 852 1436 870 a
1463 842 1591 870 subiecto
1618 842 1710 878 specie
1738 842 1782 869 vel
1809 842 1930 870 ratione.
1955 858 1974 863 -
1989 842 2022 870 8.
2049 842 2136 876 Quod
2170 848 2266 870 autem
2298 841 2476 877 subiectum,

1418 882 1483 909 licet
1503 891 1594 909 unum
1616 881 1651 908 sit
1671 890 1809 916 numero,
1832 891 1892 909 non
1914 888 1956 909 est
1977 881 2054 909 idem
2075 880 2169 916 specie
2190 881 2235 908 vel
2255 881 2381 915 ratione,
2409 890 2477 917 pro-

1419 922 1503 948 batur
1524 920 1681 957 dupliciter.
1704 923 1731 955 a)
1753 921 1784 947 In
1806 920 1934 948 subiecto
1955 920 2001 948 cui
2023 920 2185 948 attribuitur
2205 920 2281 955 fieri,
2305 926 2347 947 est
2367 920 2476 956 aliquid

1420 961 1500 997 quod
1521 966 1669 996 permanet
1697 966 1724 987 et
1744 959 1853 995 aliquid
1874 961 1954 996 quod
1975 969 2036 987 non
2057 966 2220 996 permanet:
2242 966 2391 996 permanet
2412 960 2478 987 sub-

1421 1000 1540 1033 iectum,
1568 1008 1629 1026 non
1657 1006 1805 1034 permanet
1830 999 1859 1026 id
1885 1008 1925 1027 ex
1951 1008 2005 1036 quo
2027 999 2187 1027 subiectum
2207 1005 2341 1027 mutatur.
2360 1016 2380 1020 -
2401 1008 2427 1034 9.
2450 999 2478 1034 b)

1421 1039 1556 1066 Diversus
1578 1039 1682 1066 modus
1704 1039 1841 1074 loquendi
1865 1038 1942 1066 idern
1964 1039 2097 1066 insinuat.
2115 1055 2134 1060 —
2156 1048 2198 1066 10.
2222 1039 2310 1073 Quod
2331 1045 2426 1066 autem
2448 1038 2479 1066 in

1421 1078 1501 1106 omni
1523 1077 1645 1106 factione
1667 1077 1788 1105 naturali
1812 1084 1926 1113 oportet
1947 1087 2007 1105 esse
2029 1078 2204 1113 subiectum,
2226 1079 2365 1114 probatur
2386 1077 2479 1113 dupli-

1421 1118 1497 1146 citer.
1513 1119 1541 1152 α)
1558 1119 1612 1145 Per
1623 1117 1819 1144 inductionem
1835 1119 1914 1152 (narn
1930 1118 2052 1153 probare
2067 1118 2122 1145 hoc
2136 1127 2187 1153 per
2201 1117 2342 1145 rationem
2357 1117 2480 1153 pertinet

1421 1158 1458 1185 ad
1478 1156 1719 1193 metaphysicam)
1742 1165 1775 1184 ex
1796 1163 1875 1192 parte
1897 1166 1998 1184 eorum
2025 1166 2098 1193 quae
2119 1157 2206 1191 fiunt,
2231 1166 2297 1185 cum
2318 1156 2479 1184 accidenta-

1421 1197 1483 1224 liter
1503 1206 1554 1224 seu
1582 1196 1739 1224 secundum
1762 1196 1846 1232 quid,
1871 1202 1932 1223 tum
1955 1196 2175 1224 substantialiter
2201 1206 2251 1224 seu
2272 1196 2445 1232 simpliciter.
2461 1212 2481 1218 -

1427 1246 1469 1264 11.
1486 1236 1512 1271 b)
1529 1237 1570 1263 Ex
1583 1242 1663 1272 parte
1682 1236 1838 1263 modorum
1852 1235 1948 1263 fiendi.
1965 1252 1983 1256 —
2002 1243 2044 1263 12.
2061 1236 2250 1263 Concluditur
2264 1236 2343 1272 quod
2358 1235 2387 1263 in
2410 1245 2480 1272 qua-

1422 1276 1491 1303 libet
1511 1274 1633 1303 factione
1654 1274 1708 1302 tria
1729 1281 1804 1310 sunt,
1826 1275 1992 1308 subiectum,
2015 1275 2155 1302 terminus
2176 1282 2203 1302 et
2224 1275 2393 1312 oppositum.

1426 1375 1592 1412 cundum
1622 1387 1703 1411 esse
1732 1374 1985 1421 substantiale,
2013 1376 2075 1411 vel
2103 1375 2262 1412 alterum
2283 1388 2328 1412 ex
2351 1376 2480 1422 altero,

1425 1435 1610 1476 quantum
1630 1427 1678 1464 ad
1698 1427 1779 1464 fieri
1799 1429 2011 1465 secundum
2031 1440 2113 1464 esse
2134 1428 2374 1478 accidentale,
2395 1442 2482 1477 pro-

1424 1489 1508 1530 pter
1522 1482 1597 1518 hoc
1613 1480 1718 1529 quod
1733 1481 1859 1517 omnis
1874 1481 2031 1517 mutatio
2046 1482 2161 1518 habet
2176 1481 2272 1518 duos
2287 1482 2481 1528 terminos;

1426 1534 1622 1582 dupliciter
1650 1533 1829 1581 contingit
1855 1535 1930 1570 hoc
1958 1533 2094 1581 dicere,
2127 1547 2172 1571 eo
2202 1534 2307 1583 quod
2333 1535 2483 1571 termini

1426 1587 1582 1623 alicuius
1609 1586 1780 1623 factionis
1798 1587 1861 1622 vel
1881 1587 2099 1623 mutationis
2126 1595 2287 1636 possunt
2306 1588 2424 1637 accipi
2443 1596 2485 1624 ut

1425 1639 1613 1687 simplices
1627 1641 1688 1676 vel
1704 1641 1723 1658 ’Ὃ
1740 1639 1950 1687 compositi.
1972 1640 2020 1675 Et
2043 1640 2118 1676 hoc
2141 1640 2193 1676 sic
2214 1641 2412 1688 exponitur
2427 1642 2481 1679 **.

1426 1692 1640 1740 Aliquando
1658 1691 1759 1728 enim
1780 1692 1940 1728 dicimus
1958 1693 2070 1728 homo
2081 1694 2134 1740 fit
2150 1694 2323 1739 musicus,
2341 1701 2377 1729 et
2395 1701 2484 1730 tunc

1425 1745 1503 1781 ‘duo
1533 1744 1681 1780 termini
1709 1744 1880 1780 factionis
1909 1753 1995 1781 sunt
2023 1745 2228 1793 simplices;
2260 1754 2295 1782 et
2318 1746 2484 1783 similiter

1427 1797 1581 1846 quando
1603 1797 1764 1834 dicimus
1784 1797 1888 1845 quod
1908 1809 1982 1834 non
2003 1799 2185 1834 musicum
2203 1800 2256 1846 fit
2281 1800 2481 1836 musicum:

1427 1850 1495 1887 sed
1515 1850 1669 1899 quando
1686 1850 1846 1886 dicimus
1862 1862 1936 1886 non
1956 1851 2119 1886 musicus
2137 1852 2249 1887 homo
2258 1853 2311 1899 fit
2323 1853 2485 1889 musicus

1425 1905 1550 1949 homo,
1571 1911 1661 1940 ωηο
1687 1911 1847 1951 uterque
1874 1903 2124 1939 terminorum
2155 1911 2210 1940 est
2238 1905 2483 1953 compositus.

1427 1956 1527 2002 Quia
1548 1969 1635 1992 cum
1655 1956 1737 1992 fieri
1757 1955 1967 1992 attribuitur
1985 1956 2130 1992 homini
2150 1957 2210 1993 vel
2231 1970 2310 1994 non
2325 1959 2484 2005 musico,

1426 2017 1584 2058 uterque
1602 2010 1621 2030 '¹‘
1641 2016 1695 2045 est
1714 2009 1888 2057 simplex;
1919 2017 1955 2045 et
1983 2009 2034 2045 sic
2054 2009 2092 2045 id
2114 2010 2217 2057 quod
2238 2010 2290 2057 fit,
2313 2010 2408 2047 idest
2427 2012 2485 2048 cui

1427 2062 1637 2099 attribuitur
1660 2062 1760 2109 fieri,
1790 2061 2019 2109 significatur
2037 2062 2118 2098 fieri
2135 2063 2154 2083 ’⁸
2174 2070 2215 2099 ut
2243 2063 2418 2111 simplex3
2448 2064 2485 2101 id

1425 2128 1519 2152 vero
1540 2115 1578 2151 in
1597 2115 1702 2163 quod
1722 2115 1943 2151 terminatur
1962 2115 2087 2163 ipsum
2107 2115 2200 2162 fieri,
2225 2117 2328 2164 quod
2349 2117 2486 2164 signifi-

1427 2175 1531 2204 catur
1549 2168 1630 2204 fieri
1644 2169 1664 2188 ’Κ
1683 2175 1724 2204 ut
1738 2167 1908 2215 simplex,
1926 2175 1981 2203 est
2000 2167 2206 2214 musicum;
2231 2177 2273 2205 ut
2293 2182 2380 2206 cum
2401 2170 2485 2206 dico

1426 2222 1536 2256 homo
1546 2222 1599 2267 fit
1615 2220 1788 2266 musicus,
1804 2221 1866 2256 vel
1886 2232 1959 2256 non
1980 2221 2142 2257 musicus
2149 2223 2203 2268 fit
2219 2223 2391 2259 musicus.
2411 2223 2486 2259 Sed

1426 2279 1515 2309 tunc
1541 2279 1745 2321 utrumque
1773 2273 2001 2320 significatur
2021 2273 2101 2309 fieri
2117 2274 2136 2294 ’¹‘
2160 2281 2202 2310 ut
2231 2275 2486 2323 compositum

1428 2325 1585 2372 (scilicet
1612 2331 1648 2361 et
1674 2326 1775 2373 quod
1789 2327 1855 2373 fit,
1885 2325 1982 2362 idest
2009 2326 2047 2362 id
2068 2326 2127 2362 cui
2155 2327 2364 2364 attribuitur
2391 2328 2484 2375 fieri,

1426 2385 1464 2414 et
1479 2378 1580 2426 quod
1596 2379 1746 2426 factum
1775 2384 1838 2424 est,
1866 2378 1962 2416 idest
1989 2378 2028 2415 id
2057 2379 2106 2415 ad
2133 2382 2237 2428 quod
2266 2382 2486 2418 terminatur

1426 2431 1540 2476 fieri),
1558 2431 1577 2451 ²¹⁴
1595 2443 1682 2467 cum
1704 2430 1863 2467 dicimus
1892 2443 1965 2467 non
1986 2433 2147 2468 musicus
2165 2434 2276 2470 homo
2295 2436 2348 2481 fit
2373 2434 2485 2470 musi-

1427 2496 1491 2520 cus
1504 2483 1533 2529 β,
1549 2491 1638 2520 ωηο
1659 2483 1761 2520 enim
1778 2485 1798 2504 ‘⁸
1814 2491 1869 2520 est
1893 2485 2119 2532 compositio
2141 2497 2184 2521 ex
2203 2494 2309 2534 parte
2329 2487 2486 2523 subiecti

1426 2544 1582 2582 tantum,
1601 2543 1636 2572 et
1651 2536 1866 2585 simplicitas
1887 2549 1931 2572 ex
1949 2545 2054 2585 parte
2068 2538 2293 2585 praedicati:
2315 2540 2382 2576 sed
2398 2553 2485 2577 cum

1427 2589 1511 2626 dico
1547 2601 1620 2625 non
1650 2590 1812 2625 musicus
1839 2590 1950 2626 homo
1969 2591 2023 2637 fit
2047 2591 2209 2627 musicus
2236 2593 2366 2639 homo,
2396 2601 2486 2629 tunc

1427 2649 1481 2678 est
1499 2643 1519 2663 ’¹‘
1540 2642 1765 2690 compositio
1796 2654 1841 2678 ex
1868 2649 1974 2690 parte
2002 2643 2209 2692 utriusque.

1483 2696 1515 2732 5.
1539 2695 1688 2731 Deinde
1708 2707 1796 2731 cum
1817 2694 1918 2731 dicit:
1940 2696 2094 2732 Horum
2114 2702 2237 2733 autem
2258 2705 2340 2744 etc„
2363 2705 2486 2735 osten-

1427 2747 1479 2784 dit
1498 2747 1591 2784 duas
1613 2747 1840 2784 differentias
1869 2747 1963 2784 inter
1983 2749 2184 2797 praedicta.
2215 2751 2388 2797 Quarum
2412 2751 2485 2800 pri-

1426 2813 1490 2836 ma
1519 2807 1573 2836 est
1600 2801 1704 2848 quod
1732 2800 1770 2837 in
1799 2801 2027 2849 quibusdam
2054 2803 2352 2850 praemissorum
2378 2805 2397 2825 Ἐ
2417 2805 2486 2841 uti-

1426 2865 1513 2889 mur
1532 2853 1670 2901 duplici
1689 2854 1806 2890 modo
1835 2854 2032 2902 loquendi,
2063 2855 2201 2892 scilicet
2221 2857 2326 2904 quod
2350 2858 2420 2894 hoc
2435 2859 2490 2905 fit

1425 2907 1515 2951 hoc,
1547 2913 1582 2942 et
1609 2918 1658 2942 ex
1677 2907 1748 2942 hoc
1764 2907 1817 2953 fit
1841 2907 1932 2943 hoc.-
1962 2907 2121 2944 dicimus
2148 2909 2249 2945 enim
2279 2910 2381 2958 quod
2411 2923 2485 2947 non

1425 2959 1608 2995 musicum
1626 2960 1680 3006 fit
1705 2959 1899 3005 musicum,
1931 2967 1966 2996 et
1992 2973 2042 2996 ex
2069 2973 2142 2998 non
2169 2963 2309 2998 musico
2326 2964 2380 3010 fit
2405 2976 2486 3000 mu-

1424 3012 1553 3048 sicum.
1585 3011 1661 3048 Sed
1681 3024 1759 3048 non
1778 3012 1816 3048 in
1836 3012 2014 3049 omnibus
2035 3013 2087 3049 sic
2107 3014 2256 3051 dicitur:
2286 3028 2363 3052 non
2385 3016 2486 3053 enim

1426 3064 1560 3101 dicitur
1587 3076 1636 3100 ex
1662 3065 1812 3101 homine
1828 3066 1881 3112 fit
1906 3066 2082 3112 musicus,
2113 3067 2180 3103 sed
2198 3069 2310 3104 homo
2327 3070 2379 3115 fit
2406 3082 2486 3106 mu-

1425 3129 1532 3153 szcus.

1480 3169 1696 3206 Secundam
1736 3169 1984 3207 differentiam
2012 3172 2119 3220 ponit
2146 3172 2217 3208 ibi:
2246 3174 2391 3209 Eorum
2419 3185 2485 3209 au-

1426 3228 1497 3258 tem
1526 3234 1622 3270 quae
1647 3224 1753 3269 fiunt
1779 3229 1846 3259 etc.
1883 3225 1932 3260 Et
1960 3224 2047 3260 dicit
2080 3225 2185 3272 quod
2218 3237 2305 3261 cum
2325 3226 2485 3270 ‚duobus

1427 3383 1522 3408 Confer
1541 3385 1673 3416 antiquam
1686 3385 1834 3409 versionem
1850 3392 1927 3416 supra
1940 3384 2059 3417 positam,
2071 3392 2137 3416 quae
2152 3386 2291 3416 respondet
2304 3386 2381 3411 textui
2394 3396 2486 3421 graeco

1426 3427 1440 3443 a
1460 3418 1576 3444 Tauchn.
1596 3420 1706 3444 exhibito
1726 3420 1807 3451 (Lips.
1826 3418 1910 3452 1831),
1930 3417 2091 3453 συγκείμενον
2110 3417 2147 3451 δὲ,
2167 3417 2210 3444 καὶ
2225 3415 2239 3444 ὃ
2254 3419 2377 3455 γίγνεται,
2392 3421 2434 3448 καὶ
2454 3421 2484 3448 τὸ

1426 3451 1590 3487 γιγνόμενον,
1619 3451 1680 3479 ὅταν
1701 3451 1744 3478 τὸν
1765 3452 1797 3487 μὴ
1818 3451 1940 3487 μουσικὸν
1961 3452 2091 3486 ἄνθρωπον
2111 3456 2194 3488 φῶμεν
2216 3453 2343 3489 γίγνεσθαι
2362 3456 2376 3490 ἢ
2397 3467 2485 3492 μουσι-

1426 3485 1481 3518 κὸν,
1497 3486 1650 3530 ily-ouantes!
1671 3485 1808 3521 ἄνθρωπον.
1832 3489 1962 3513 Bekkerus
1982 3490 2082 3521 planius
2102 3490 2209 3521 legitz...
2225 3488 2286 3516 ὅταν
2305 3489 2349 3518 τὸν
2370 3491 2403 3527 μή
2424 3502 2486 3527 μου-

1427 3521 1498 3548 σικὸν
1518 3522 1648 3557 ανθρωπον
1669 3525 1751 3557 φῶμεν
1770 3521 1897 3556 γίγνεσθαι
1917 3520 2040 3557 μουσικὸν
2060 3520 2200 3557 ἄνθρωπον,
2216 3534 2275 3551 cum
2291 3534 2341 3552 non
2358 3530 2485 3554 musicum

1427 3558 1557 3584 hominem
1578 3559 1689 3583 dicimus
1701 3558 1765 3591 fieri
1783 3558 1910 3583 musicum
1923 3559 2068 3584 hominem:
2087 3560 2127 3584 cui
2146 3561 2247 3586 lectioni
2262 3562 2435 3588 conformatur
2448 3565 2486 3589 la-

1426 3593 1478 3618 tina
1496 3594 1582 3618 versio
1602 3594 1682 3626 ipsius
1701 3593 1786 3628 Didot.

2291 3650 2307 3674 6
2356 3651 2360 3655 .

2501 371 2509 379 ·’
2524 370 2591 392 Text.
2606 371 2646 398 64.

2510 1649 2521 1660 ⁸
2536 1650 2562 1670 ut
2576 1648 2627 1669 add.
2644 1655 2694 1670 naz.

2510 1675 2533 1686 ‘⁵‘
2546 1675 2642 1702 exponit
2652 1674 2722 1696 codd.

2511 1707 2559 1723 exc.
2570 1707 2622 1722 unz.

2512 2026 2646 2052 *utrumque
2655 2025 2725 2046 codd.

2513 2058 2562 2073 exc.
2574 2058 2612 2072 nr.

2512 2082 2589 2109 *fieri
2597 2088 2644 2103 om.
2655 2081 2725 2103 codd.

2514 2115 2563 2129 exc.
2574 2115 2597 2129 x.

2514 2186 2589 2213 *fieri
2597 2193 2644 2208 om.
2655 2186 2725 2208 codd.

2514 2219 2562 2234 exc.
2574 2219 2595 2234 Β.

2514 2292 2587 2319 'fieri
2599 2298 2646 2314 om.
2655 2291 2723 2313 codd.

2511 2450 2522 2461 ⁴⁵
2537 2451 2563 2471 ut
2575 2449 2627 2472 add.
2641 2457 2665 2471 x.

2611 2499 2625 2532 β

2512 2533 2523 2545 ⁴¹
2537 2534 2596 2554 enim
2612 2540 2660 2555 om.
2675 2539 2716 2555 Να-

2514 2666 2523 2675 ”
2531 2665 2565 2692 fit
2577 2671 2672 2687 eumz.

2512 2816 2524 2826 ⁴*
2536 2815 2725 2842 praemissorum

2513 2848 2560 2863 om.
2568 2847 2726 2866 Aeuzoosvxr.
