2982 4022
217 283 226 293 ·
241 282 303 303 Lect.
319 287 341 302 v.

215 494 227 505 ⁴
241 494 358 520 acceptam
369 498 428 513 acm(

216 525 347 541 Lonsrvxvz
359 535 364 545 ‚
387 524 428 539 as-

216 547 331 573 sumptam
345 551 361 566 ι.

217 599 226 608 ·
241 597 312 619 Num.
322 603 342 625 3.

306 867 323 882 α

220 969 229 977 '
241 972 286 994 pro
300 971 347 987 om.
358 971 430 987 noim.

217 998 348 1018 οακςτνκγ.

216 1073 228 1084 ⁴
243 1073 266 1093 in
279 1078 326 1093 om.
337 1077 430 1092 pocomi

217 1098 284 1120 nzab.

217 1126 226 1135 ·
234 1124 337 1146 secunda
348 1123 400 1145 add.
409 1130 428 1144 s.

217 1232 228 1242 ⁸
245 1232 270 1251 ut
290 1236 337 1251 om.
359 1228 429 1250 codd.

218 1263 268 1278 exc.
280 1262 316 1277 ao.

217 1284 239 1295 ⁶*
255 1285 280 1304 ul
291 1288 339 1303 om.
349 1287 430 1306 1²1>qu

218 1309 284 1331 nzab.

219 1338 227 1345 '
242 1337 285 1357 aut
298 1334 372 1360 mab,
388 1335 431 1355 aut

218 1364 245 1383 ut
257 1367 333 1383 nnsz.

219 1391 226 1399 ·
235 1390 277 1409 aut
284 1390 309 1409 ut
320 1386 429 1408 vesunuh.

220 1417 228 1424 “
243 1414 306 1442 quod
314 1419 431 1437 Acmxoqr

217 1447 271 1462 νιν.

218 1469 228 1479 “
243 1467 306 1495 quod
315 1473 362 1488 om.
378 1472 431 1487 Aen(

218 1500 342 1541 gainem.
357 1525 382 1545 1¹3
403 1524 432 1539 eo

218 1547 262 1568 lac.

219 1574 230 1584 ⁸
245 1573 281 1594 vel
299 1573 332 1593 sit
348 1577 431 1593 aci-‘nm

219 1605 323 1624 ervxv.

319 1982 335 2007 Υ

222 2079 233 2089 “
247 2078 340 2100 omnino
360 2084 408 2099 om.

224 2105 293 2126 codd.
304 2111 354 2126 exc.
371 2111 408 2126 Eo.

227 2830 238 2840 ¹⁸
253 2830 286 2851 sit
299 2829 370 2851 suem.
386 2831 438 2850 tan-

228 2858 274 2876 tum
295 2861 438 2881 ACFIKLOQST

228 2888 280 2903 νιν.

464 204 506 229 12

455 283 552 317 rum,
574 270 642 307 ibi:
662 270 713 306 Et
738 282 787 306 ex
816 270 947 318 quihus
975 269 1232 305 demonstrant
1258 268 1278 288 ’¹‘
1309 275 1376 304 ete.
1408 267 1517 304 Circa

454 323 623 372 primum
643 323 719 359 duo
749 322 850 358 facit:
871 322 996 370 primo
1027 320 1192 369 disputat
1212 327 1343 357 contra
1361 320 1517 368 positio-

455 388 545 412 nem
565 377 674 422 hanc,
699 387 764 411 ens
792 381 846 411 est
873 387 1001 419 unum,
1021 386 1090 422 per
1118 373 1304 410 rationem
1325 380 1517 422 sumptam

457 441 502 465 ex
538 436 643 477 parte
678 428 788 473 entis,
819 427 923 476 quod
952 434 1007 463 est
1034 426 1246 463 subiectum
1279 426 1318 462 in
1344 426 1518 474 proposi-

456 481 573 527 tione;
604 480 772 517 secundo
792 493 861 529 per
888 480 1074 516 rationem
1094 487 1287 528 sumptam
1308 480 1328 500 ’²‘
1349 491 1393 515 ex
1411 486 1517 527 parte

457 535 576 581 unius,
607 533 711 582 quod
740 541 795 570 est
821 533 1098 582 praedicatum,
1129 532 1200 568 ibi:
1229 531 1401 580 Amplius
1429 543 1518 580 quo-

457 587 559 623 niam
580 586 600 607 '³‘
630 594 698 622 etc.

511 651 545 675 2.
575 638 675 675 Dicit
713 651 800 686 ergo
835 638 960 687 primo
997 637 1102 686 quod
1135 636 1174 674 id
1210 637 1315 686 quod
1353 636 1518 673 maxime

457 691 719 740 accipiendum
758 698 813 727 est
839 703 909 739 pro
944 690 1129 739 principio
1164 690 1212 726 ad
1247 689 1518 738 disputandum

457 752 587 781 contra
613 744 844 792 positionem
871 743 1116 792 praedictam,
1143 750 1198 779 est
1226 743 1330 791 quod
1354 741 1394 779 id
1421 742 1522 790 quod

457 803 520 843 est,
549 797 646 834 idest
673 810 753 844 ens,
783 796 917 833 dicitur
951 795 1213 844 multipliciter.
1245 795 1519 842 Quaerendum

459 850 560 886 enim
581 857 636 887 est
663 851 710 886 ab
731 849 784 886 eis
804 855 820 871 α
841 849 904 898 qui
930 849 1057 886 dicunt
1077 861 1143 885 ens
1164 861 1246 885 esse
1262 860 1404 895 unum,
1425 860 1519 897 quo-

457 903 575 940 modo
606 902 789 952 accipiant
818 915 901 939 ens:
930 909 1059 939 utrum
1088 901 1227 939 scilicet
1248 913 1319 950 pro
1349 901 1519 937 substan-

457 955 518 1003 tia,
534 956 596 993 vel
614 968 684 1005 pro
705 956 725 976 '¹‘
746 955 933 1004 qualitate,
954 956 1015 991 vel
1035 967 1105 1004 pro
1131 955 1256 1003 aliquo
1277 954 1438 991 aliorum
1458 966 1519 1001 ge-

456 1021 604 1045 nerum.
632 1009 680 1045 Et
708 1009 796 1056 quia
824 1008 1031 1045 substantia
1060 1007 1239 1045 dividitur
1261 1007 1299 1044 in
1326 1006 1520 1043 universa-

456 1062 531 1098 lem
553 1069 588 1098 et
601 1061 877 1110 particularem,
894 1061 990 1098 idest
1005 1061 1042 1097 in
1057 1061 1077 1082 *
1094 1060 1340 1098 substantiam
1355 1059 1520 1109 primam

458 1122 493 1151 et
512 1114 733 1162 secundam,
756 1122 791 1151 et
809 1115 828 1135 '¹‘
847 1114 984 1151 iterum
1009 1114 1046 1150 in
1071 1115 1207 1151 multas
1227 1113 1384 1162 species,
1406 1125 1519 1161 quae-

458 1168 620 1205 rendum
653 1175 709 1204 est
740 1175 869 1204 utrum
890 1168 1015 1204 dicant
1041 1179 1107 1204 ens
1137 1179 1218 1204 esse
1251 1178 1374 1203 unum
1393 1173 1434 1202 ut
1452 1166 1520 1202 ho-

458 1221 602 1258 minem
620 1233 762 1267 unum,
793 1228 857 1257 aut
883 1228 924 1258 ut
940 1222 960 1242 *
985 1232 1127 1269 equum
1159 1232 1298 1266 unum,
1328 1226 1391 1255 aut
1422 1226 1463 1255 ut
1481 1219 1522 1239 ³³³*

458 1274 626 1311 animam
658 1285 797 1320 unam;
837 1281 900 1310 aut
931 1282 973 1311 ut
1009 1273 1227 1322 qualitatem
1259 1284 1395 1318 unam,
1430 1279 1472 1308 ut
1501 1272 1520 1292 ‘⁸

458 1328 587 1375 album
608 1334 672 1363 aut
692 1326 856 1363 calidum
876 1335 940 1364 aut
954 1327 974 1348 '¹‘
991 1326 1144 1375 aliquod
1163 1324 1403 1363 huiusmodi:
1425 1324 1520 1361 mul-

458 1389 540 1417 tum
561 1380 662 1417 enim
683 1379 807 1416 differt
835 1380 1106 1428 quodcumque
1136 1379 1155 1399 *
1175 1379 1334 1415 istorum
1364 1377 1519 1414 dicatur.

461 1434 622 1482 Oportet
649 1433 759 1480 igitur
778 1433 883 1482 quod
902 1433 922 1453 ἦ
943 1433 972 1469 si
1002 1445 1068 1468 ens
1089 1439 1144 1468 est
1170 1444 1304 1478 unum,
1326 1430 1432 1479 quod
1459 1431 1521 1466 vel

460 1486 504 1523 sit
528 1486 734 1523 substantia
755 1493 791 1522 et
810 1485 984 1522 accidens
1004 1485 1135 1531 simul,
1161 1485 1223 1521 vel
1244 1484 1289 1521 sit
1309 1485 1327 1502 ⁴*
1347 1482 1521 1520 accidens

459 1547 624 1586 tantum,
654 1539 716 1575 vel
745 1538 1007 1581 *substantia
1043 1545 1202 1574 tantum.
1239 1537 1278 1573 Si
1311 1544 1439 1573 autem
1477 1535 1523 1572 sit

459 1592 666 1629 substantia
695 1598 730 1627 et
759 1591 933 1637 accidens
959 1591 1082 1636 simul,
1104 1603 1182 1627 non
1211 1589 1278 1626 erit
1306 1602 1427 1626 unum
1457 1601 1524 1625 ens

459 1653 625 1692 tanturn,
656 1644 724 1681 sed
757 1644 846 1681 duo.
885 1645 969 1681 Nec
1007 1644 1132 1680 differt
1160 1650 1344 1692 quantum
1374 1643 1423 1679 ad
1449 1643 1524 1678 hoc

458 1706 586 1735 utrum
615 1697 822 1734 substantia
851 1705 886 1733 et
913 1697 1088 1733 accidens
1108 1696 1180 1733 sint
1199 1696 1310 1732 simul
1330 1695 1368 1732 in
1386 1707 1465 1732 uno
1485 1702 1525 1731 ut

459 1748 580 1788 unum
599 1751 661 1788 vel
681 1750 831 1787 diversa
849 1748 886 1787 βε
917 1750 1005 1799 quia
1033 1750 1118 1786 licet
1146 1749 1217 1786 sint
1245 1749 1356 1785 simul
1376 1748 1414 1785 in
1432 1761 1523 1796 uno,

460 1817 538 1841 non
566 1812 695 1840 tamen
716 1810 802 1840 sunt
820 1816 939 1840 unum
961 1802 1188 1851 simpliciter,
1210 1802 1277 1839 sed
1295 1814 1417 1839 unum
1438 1802 1525 1838 sub-

460 1857 570 1894 iecto.
596 1858 645 1893 Et
672 1856 725 1892 sic
743 1856 924 1905 ponendo
944 1855 1191 1893 substantiam
1213 1867 1299 1891 cum
1320 1855 1524 1901 accidente,

462 1910 630 1958 sequitur
670 1909 774 1957 quod
812 1922 890 1946 non
931 1908 1003 1945 sint
1039 1921 1160 1945 unum
1199 1908 1418 1956 simpliciter
1459 1908 1526 1945 sed

462 1964 580 2000 multa
599 1968 626 1999 ⁷.
649 1963 689 1999 Si
720 1975 813 1999 vero
849 1960 992 1999 dicatur
1025 1962 1130 2010 quod
1156 1961 1201 1998 sit
1233 1961 1409 1998 accidens
1446 1968 1526 1997 tan-

462 2024 544 2053 tum
566 2023 601 2052 et
628 2028 706 2052 non
735 2015 952 2061 substantia,
973 2016 1048 2052 hoc
1077 2022 1131 2051 est
1160 2014 1318 2051 omnino
1353 2014 1527 2063 impossi-

462 2070 554 2106 bile:
576 2081 666 2105 nam
695 2068 869 2105 accidens
889 2068 968 2105 sine
989 2068 1196 2105 substantia
1225 2067 1383 2104 omnino
1405 2069 1423 2088 '³‘
1445 2080 1526 2104 esse

463 2135 541 2159 non
565 2129 709 2170 potest;
731 2122 860 2158 omnia
889 2121 990 2157 enim
1011 2121 1218 2158 accidentia
1247 2121 1293 2157 de
1321 2121 1527 2157 substantia

465 2176 638 2213 dicuntur
670 2175 764 2211 sicut
784 2175 830 2211 de
851 2174 1038 2222 subiecto,
1060 2182 1095 2211 et
1122 2174 1160 2211 in
1179 2175 1254 2211 hoc
1277 2174 1370 2210 ratio
1393 2186 1527 2210 eorum

465 2228 642 2266 consistit.
665 2228 704 2265 Si
732 2241 826 2265 vero
849 2228 992 2265 dicatur
1011 2227 1115 2276 quod
1139 2227 1185 2264 sit
1213 2226 1420 2263 substantia
1447 2233 1526 2262 tan-

464 2290 546 2318 turn
575 2282 654 2318 sine
679 2281 883 2327 accidente,
905 2281 1074 2329 sequitur
1102 2281 1206 2329 quod
1235 2292 1312 2316 non
1337 2279 1383 2316 sit
1400 2282 1527 2327 ‘quan-

465 2335 568 2381 titas,
595 2347 684 2371 nam
709 2334 894 2383 quantitas
914 2333 1088 2370 accidens
1109 2341 1183 2370 est:
1212 2340 1247 2369 et
1265 2334 1340 2369 hoc
1364 2340 1419 2369 est
1438 2345 1527 2369 con—

465 2396 520 2424 tra
557 2388 785 2436 positionem
815 2387 969 2424 Melissi.
990 2387 1123 2423 Posuit
1143 2386 1243 2423 enim
1274 2398 1339 2422 ens
1370 2398 1450 2422 esse
1472 2385 1526 2422 in-

465 2441 636 2487 finitum;
665 2441 766 2478 unde
796 2441 963 2489 sequitur
991 2440 1095 2488 quod
1124 2439 1170 2476 sit
1204 2447 1408 2487 quantum,
1439 2439 1528 2487 quia

465 2494 654 2531 infinitum
674 2507 742 2543 per
761 2506 800 2530 se
821 2491 835 2514 δ
854 2493 1045 2542 loquendo
1075 2505 1153 2529 non
1180 2499 1235 2528 est
1262 2492 1332 2529 nisi
1351 2491 1390 2528 in
1410 2505 1527 2540 quan-

465 2547 583 2593 titate,
610 2548 676 2584 sed
697 2547 903 2583 substantia
924 2554 959 2583 et
979 2547 1135 2595 qualitas
1157 2553 1192 2582 et
1210 2545 1429 2582 huiusmodi
1448 2548 1527 2581 non

466 2600 640 2637 dicuntur
658 2600 802 2637 infinita
822 2599 891 2636 nisi
910 2612 979 2648 per
1002 2599 1188 2644 accidens,
1209 2598 1434 2647 inquantum
1459 2598 1527 2634 sci-

465 2653 549 2689 licet
572 2661 658 2690 sunt
677 2653 788 2690 simul
813 2666 901 2689 cum
922 2652 1139 2701 quantitate.
1168 2652 1267 2687 Cum
1289 2663 1377 2698 ergo
1399 2651 1525 2687 Melis-

466 2718 529 2742 sus
557 2714 674 2754 ponat
702 2719 768 2743 ens
796 2706 998 2752 infinitum,
1020 2718 1097 2741 non
1116 2712 1240 2753 potest
1266 2716 1410 2752 ponere
1440 2705 1527 2740 sub-

466 2759 639 2795 stantiam
661 2759 739 2796 sine
760 2759 974 2807 quantitate.
998 2758 1037 2794 Si
1063 2770 1150 2805 ergo
1182 2765 1237 2794 est
1262 2757 1468 2794 substantia
1493 2765 1528 2793 et

467 2812 651 2860 quantitas
681 2811 810 2858 simul,
841 2811 1008 2860 sequitur
1045 2810 1149 2859 quod
1186 2823 1265 2846 non
1303 2810 1348 2847 sit
1381 2817 1527 2847 tantum

465 2877 586 2901 unum
609 2877 686 2912 ens,
703 2865 770 2901 sed
791 2864 886 2910 duo;
908 2864 938 2900 si
952 2876 1045 2901 vero
1067 2864 1112 2900 sit
1131 2864 1255 2900 solum
1275 2863 1482 2917 substantia
1496 2864 1526 2910 *,

521 2995 547 3027 α)
565 2994 750 3024 Quaerendum
765 2994 833 3019 enim
848 2998 887 3019 est
899 2995 931 3018 ab
945 2995 990 3019 eis.
1000 3008 1019 3012 —
1029 2995 1110 3019 Codd.
1122 2995 1416 3025 ABCDFIKOQTVXY
1431 2996 1527 3027 legunt,

469 3029 504 3057 Et
516 3029 694 3061 quaerendum
706 3032 745 3054 est
754 3030 786 3054 ab
798 3029 847 3058 eis;
858 3030 971 3058 amab,
985 3030 1172 3059 Quaerendum
1188 3033 1227 3055 est
1236 3030 1268 3054 ab
1278 3030 1329 3060 eis;
1339 3030 1432 3054 MNRZ
1441 3036 1466 3055 et
1479 3031 1526 3060 sL,

469 3064 656 3094 Quaerendum
676 3068 715 3089 est
734 3071 798 3097 ergo
810 3065 843 3089 ab
858 3065 909 3089 eis:
923 3073 990 3097 quae
1005 3065 1079 3089 lectio
1095 3065 1142 3090 hoc
1158 3066 1182 3089 in
1198 3066 1255 3090 loco
1270 3065 1337 3090 bona
1351 3066 1460 3097 videtur,
1474 3066 1527 3090 imo

468 3105 558 3124 ceteris
572 3099 738 3132 praeferenda
749 3099 791 3132 (cf.
802 3108 826 3124 n.
839 3100 878 3132 3);
890 3101 906 3124 S
916 3105 940 3124 et
951 3101 997 3132 pL,
1010 3100 1044 3125 Et
1054 3101 1232 3133 quaerendum
1244 3104 1282 3125 est
1292 3108 1388 3134 ergo.—
1399 3102 1479 3126 Paulo
1490 3102 1527 3126 in-

468 3135 505 3159 fra
516 3134 721 3165 AlKOQTVXY
733 3139 790 3159 ante
800 3143 853 3166 pro
867 3135 1015 3159 substantia
1025 3144 1076 3160 om.
1088 3136 1194 3164 scilicet,
1210 3137 1282 3160 cuius
1293 3136 1350 3161 loco
1361 3137 1381 3161 C
1391 3137 1467 3161 habet
1479 3138 1526 3162 vel.

522 3169 546 3202 β)
566 3170 619 3195 sint
637 3170 717 3194 simul
736 3170 761 3194 in
782 3178 834 3195 uno
853 3173 882 3195 ut
899 3178 978 3194 unum
993 3171 1033 3195 vel
1048 3171 1162 3196 diversa.
1174 3185 1192 3190 —-
1206 3171 1271 3195 Edd.
1284 3172 1325 3196 ab
1341 3177 1366 3196 et
1385 3173 1458 3196 codd.
1474 3180 1527 3197 exc.

467 3205 512 3229 DN
534 3206 633 3237 legunt,
652 3206 705 3229 sint
723 3205 802 3230 simul
821 3205 847 3230 in
868 3213 919 3230 uno
939 3206 978 3230 vel
996 3206 1050 3230 sint
1070 3205 1187 3239 (EHMab
1206 3214 1258 3230 om.
1273 3207 1336 3239 sint)
1357 3207 1477 3236 diversas
1495 3208 1526 3237 D,

467 3240 502 3264 sit
522 3248 601 3264 unum
617 3240 696 3265 simul
715 3241 740 3264 in
761 3248 813 3265 uno
831 3241 871 3265 vel
891 3241 1013 3269 diver-sm
1033 3241 1053 3265 N
1069 3241 1126 3265 hab.
1143 3242 1189 3266 lac.
1201 3255 1220 3261 -
1232 3242 1269 3266 Cf.
1284 3242 1342 3266 lect.
1354 3250 1388 3273 vi,
1409 3252 1433 3267 n.
1449 3243 1472 3268 5.

520 3277 546 3308 γ)
567 3283 617 3299 non
638 3279 725 3300 tamen
745 3279 807 3300 sunt
826 3284 933 3301 unum...
947 3276 993 3301 sed
1013 3277 1104 3301 multa.
1118 3290 1136 3295 —-
1151 3277 1169 3300 P
1185 3277 1279 3301 omittit
1299 3277 1334 3301 Et
1352 3278 1389 3302 sic
1402 3278 1526 3309 ponendo

467 3317 551 3341 usque
570 3311 600 3334 ad
621 3311 703 3334 multa
722 3311 853 3335 inclusive.
873 3312 991 3336 Attamen
1011 3311 1073 3336 hacc
1093 3312 1223 3336 conclusio
1242 3319 1362 3344 expresse
1381 3313 1488 3338 habetur
1501 3314 1526 3337 in

469 3345 543 3368 codd.
565 3345 851 3375 ACDiKtOQSTVXZ
878 3351 902 3371 et
927 3347 959 3377 B,
985 3346 1029 3379 qui
1061 3351 1146 3371 tamen
1171 3347 1263 3371 omittit
1284 3347 1330 3371 sed
1355 3349 1447 3373 multa.
1472 3349 1527 3373 Cet.

469 3386 532 3402 vero
547 3380 620 3403 codd.
640 3385 665 3404 et
678 3387 694 3404 a
706 3381 720 3405 b
735 3389 791 3405 eam
807 3381 941 3406 manifeste
957 3382 1081 3406 indicant:
1098 3382 1184 3415 legunt
1198 3383 1274 3412 enim,
1290 3390 1341 3407 non
1359 3386 1445 3408 tamen
1465 3387 1528 3408 sunt

470 3421 550 3437 unum
569 3414 722 3446 simpliciter
740 3416 786 3440 sed
805 3417 896 3441 multa.
917 3417 953 3441 Ex
972 3425 1025 3449 quo
1044 3417 1179 3442 manifeste
1198 3422 1266 3449 patet
1280 3418 1349 3450 quod
1370 3425 1475 3451 propter
1487 3426 1526 3443 re-

470 3456 574 3472 cursum
595 3450 732 3474 ctu-undem
755 3459 860 3481 vocum,
881 3459 961 3476 unum
980 3453 1134 3484 simpliciter
1153 3453 1211 3481 sed,
1230 3453 1367 3478 oscitanter
1385 3454 1528 3478 omiserunt

470 3483 632 3514 intermedia,
652 3486 720 3516 quod
741 3485 885 3518 frequenter
904 3487 1103 3512 amanuensibus
1123 3488 1270 3521 contingere
1289 3489 1363 3513 solet.
1378 3502 1397 3508 -
1410 3489 1528 3514 Secunda

470 3525 548 3542 manu
568 3519 599 3548 G,
618 3519 663 3543 sed
682 3519 804 3545 subiecto.
825 3521 855 3545 Si
874 3529 944 3546 vero,

1098 189 1444 226 PHYSICORUM
1471 189 1820 226 ARISTOTELIS
1850 190 1944 226 LIB.
1975 191 1990 226 Ι

1571 275 1650 300 non
1679 271 1734 300 est
1760 263 1962 313 infinitum,
1985 265 2073 315 quia
2093 267 2113 288 ‘¹‘
2133 279 2211 304 non
2230 268 2384 306 habebit
2411 270 2635 318 magnitudi-

1572 328 1663 352 nem
1683 329 1809 365 neque
1833 318 2097 366 quantitatem:
2119 321 2220 356 nullo
2241 320 2350 368 igitur
2368 323 2487 360 modo
2510 331 2636 372 potest

1573 381 1655 406 esse
1675 381 1813 406 verum
1829 371 1849 391 '¹‘
1869 371 1974 419 quod
1993 372 2169 409 Melissus
2193 373 2290 420 dicit,
2312 386 2378 411 ens
2399 387 2480 413 esse
2499 389 2633 415 unum.

1628 423 1662 458 3.
1693 421 1842 460 Deinde
1885 436 1974 460 cum
2016 424 2104 462 dicit
2124 438 2132 461 :
2170 426 2342 475 Amplius
2383 429 2561 476 quoniam
2602 436 2639 467 et

1573 474 1694 523 ipsum
1724 482 1806 524 etc„
1821 477 1929 525 ponit
1948 478 2155 515 secundam
2176 479 2362 516 rationem
2391 489 2586 530 acceptam
2614 483 2635 503 ”⁸

1574 539 1619 563 ex
1646 535 1751 576 parte
1781 529 1901 566 unius.
1923 531 1972 567 Et
1999 530 2097 567 circa
2115 532 2190 568 hoc
2210 532 2286 569 duo
2307 532 2408 570 facit:
2423 534 2548 582 primo
2567 547 2636 583 po-

1573 580 1626 616 nit
1645 580 1849 628 rationem;
1872 583 2040 620 secundo
2070 585 2233 622 ostendit
2252 587 2450 634 quomodo
2481 587 2636 636 quidam

1575 641 1795 671 erraverunt
1813 634 1852 671 in
1871 636 2057 673 solutione
2078 637 2206 686 ipsius,
2222 638 2294 675 ibi:
2320 640 2542 677 Conturbati
2553 646 2639 678 sunt

1574 691 1698 722 autem
1729 688 1748 708 ‘¹‘
1778 694 1845 724 etc.
1872 688 1972 725 Dicit
2007 701 2094 737 ergo
2131 691 2257 739 primo
2301 694 2406 741 quod
2440 693 2536 730 sicut
2570 706 2637 731 ens

1575 738 1709 775 dicitur
1731 740 1995 790 multipliciter,
2011 742 2062 779 ita
2082 750 2117 780 et
2135 756 2277 781 unum:
2299 753 2334 782 et
2353 746 2440 783 ideo
2466 746 2637 784 conside-

1575 791 1738 828 randum
1754 801 1810 829 est
1825 795 2023 842 quomodo
2054 796 2213 834 dicant*
2237 798 2367 836 omnia
2396 811 2478 836 esse
2501 812 2635 837 unum.

1574 844 1719 881 Dicitur
1757 846 1858 883 enirn
1894 859 2016 884 unum
2050 849 2256 898 tripliciter:
2290 852 2353 888 vel
2390 852 2484 889 sicut
2521 853 2637 890 conti-

1574 908 1695 934 nuum
1725 906 1780 935 est
1806 911 1940 949 unum,
1964 909 2006 938 ut
2033 901 2131 939 linea
2159 911 2195 940 et
2224 905 2244 925 ’¹‘
2273 917 2428 953 corpus;
2454 906 2518 943 vel
2543 906 2639 944 sicut

1574 950 1800 988 indivisibile
1816 960 1872 989 est
1890 965 2023 1002 unum,
2044 962 2086 992 ut
2099 964 2304 1004 punctum;
2324 959 2387 994 vel
2408 959 2503 995 sicut
2515 971 2637 997 unum

1576 1003 1750 1040 dicuntur
1773 1005 1834 1042 illa
1862 1018 2027 1055 quorum
2056 1009 2149 1045 ratio
2180 1017 2235 1046 est
2253 1022 2341 1057 una,
2362 1023 2430 1048 seu
2455 1012 2635 1060 definitio,

1575 1056 1670 1093 sicut
1692 1069 1820 1106 vappa
1840 1066 1876 1095 et
1894 1059 2028 1096 vinum
2049 1061 2224 1099 dicuntur
2242 1075 2375 1100 unum.
2397 1063 2526 1101 Primo
2548 1077 2636 1113 ergo

1575 1109 1738 1146 ostendit
1773 1111 1878 1159 quod
1910 1125 1989 1149 non
2015 1122 2176 1162 possunt
2213 1115 2337 1152 dicere
2366 1117 2472 1165 quod
2509 1118 2639 1155 omnia

1575 1170 1662 1199 sunt
1675 1175 1796 1200 unum
1813 1164 2092 1203 continuatione
2103 1173 2126 1215 ⁸,
2139 1167 2227 1216 quia
2238 1169 2460 1206 continuum
2476 1178 2531 1207 est
2545 1183 2639 1220 quo-

1576 1215 1787 1253 dammodo
1817 1218 1956 1254 multa:
1986 1231 2101 1256 omne
2138 1220 2239 1257 enim
2266 1222 2488 1260 continuum
2519 1231 2574 1260 est
2600 1224 2639 1266 in

1574 1268 1764 1306 infinitum
1794 1270 1994 1319 divisibile,
2017 1279 2052 1308 et
2080 1272 2133 1308 sic
2153 1273 2318 1311 continet
2336 1275 2375 1313 in
2403 1288 2442 1313 se
2463 1277 2600 1314 multas
2619 1278 2639 1299 *

1574 1329 1711 1369 partes.
1733 1322 1842 1359 Unde
1863 1323 1927 1371 qui
1946 1325 2053 1372 ponit
2073 1337 2140 1362 ens
2157 1327 2392 1377 continuum,
2409 1341 2563 1366 necesse
2585 1338 2640 1368 est

1576 1374 1682 1422 quod
1708 1383 1827 1423 ponat
1855 1377 2145 1424 quodammodo
2175 1381 2304 1418 multa.

1629 1427 1678 1463 Et
1702 1440 1781 1464 non
1810 1429 1935 1465 solum
1954 1438 2110 1480 propter
2144 1433 2424 1471 multitudinem
2452 1434 2638 1484 partium,

1576 1479 1643 1516 sed
1668 1481 1780 1517 etiam
1798 1489 1955 1531 propter
1983 1483 2239 1523 diversitatem
2263 1499 2360 1535 quae
2387 1487 2539 1525 videtur
2558 1500 2640 1524 esse

1576 1532 1673 1570 inter
1690 1540 1813 1571 totum
1835 1543 1871 1571 et
1887 1543 2013 1584 partes
2034 1538 2064 1575 ³¹³.
2095 1538 2163 1576 Est
2183 1539 2284 1576 enirn
2305 1540 2486 1578 dubitatio
2511 1549 2639 1578 utrum

1578 1593 1701 1622 totum
1731 1595 1766 1624 et
1792 1595 1919 1636 partes
1939 1589 1952 1615 ζ
1980 1589 2052 1627 sint
2082 1604 2203 1629 unum
2233 1600 2297 1630 aut
2328 1595 2448 1643 plura.
2479 1595 2529 1632 Et
2556 1594 2641 1632 licet

1579 1639 1733 1676 forsitan
1760 1641 1857 1678 haec
1885 1642 2066 1680 dubitatio
2096 1645 2144 1682 ad
2166 1647 2406 1695 propositum
2429 1661 2508 1685 non
2530 1647 2642 1698 perti-

1580 1699 1678 1740 neat,
1698 1701 1827 1730 tamen
1844 1707 1914 1743 per
1933 1707 1974 1731 se
2001 1696 2124 1745 ipsam
2151 1699 2250 1736 utilis
2269 1708 2326 1737 est
2344 1701 2392 1738 ad
2412 1714 2643 1749 cognoscen-

1581 1746 1685 1782 dum.
1716 1748 1764 1783 Et
1791 1759 1870 1784 non
1898 1749 2022 1786 solum
2052 1751 2098 1788 de
2120 1752 2205 1789 totis
2226 1753 2423 1801 continuis,
2444 1755 2510 1792 sed
2531 1755 2644 1792 etiam

1581 1799 1627 1834 de
1656 1799 1742 1836 totis
1771 1801 1966 1850 contiguis,
1988 1815 2153 1852 quorum
2180 1814 2306 1854 partes
2334 1803 2412 1844 non
2441 1815 2527 1845 sunt
2556 1821 2644 1845 con-

1581 1851 1727 1900 tinuae;
1754 1854 1849 1891 sicut
1874 1863 2000 1904 partes
2020 1857 2171 1906 domus,
2188 1872 2286 1908 quae
2306 1868 2392 1897 sunt
2409 1873 2532 1899 unum
2557 1873 2646 1898 con-

1581 1911 1683 1942 tactu
1712 1914 1748 1943 et
1776 1909 2065 1957 compositione.
2095 1912 2144 1948 Et
2163 1913 2406 1950 manifestum
2424 1916 2443 1936 '¹‘
2463 1922 2518 1951 est
2541 1914 2646 1964 quod

1582 1966 1704 1995 totum
1733 1962 1945 1998 secundum
1975 1963 2066 2012 quid
2095 1972 2150 2002 est
2182 1965 2285 2003 idem
2313 1967 2409 2016 parti
2424 1968 2456 2014 *,
2486 1980 2566 2004 non
2593 1975 2646 2005 ta-

1583 2024 1674 2048 men
1702 2013 1721 2032 '³⁵

1584 2072 1681 2101 esset
1695 2065 1798 2102 idem
1817 2068 1884 2104 uni
1898 2069 2074 2117 partium,
2089 2071 2223 2108 eadem
2239 2073 2383 2109 ratione
2400 2081 2497 2110 esset
2515 2073 2647 2118 idem*

1584 2118 1687 2154 alteri
1710 2119 1896 2167 partium3
1927 2134 2024 2170 quae
2046 2130 2174 2160 autem
2193 2125 2259 2161 uni
2281 2133 2316 2162 et
2335 2125 2460 2163 eidem
2481 2134 2567 2163 sunt
2586 2139 2647 2164 ea-

1585 2171 1694 2218 dem,
1728 2172 1798 2209 sibi
1830 2173 1995 2211 invicem
2029 2184 2116 2213 sunt
2149 2177 2305 2226 eadem3
2336 2186 2372 2215 et
2399 2180 2452 2216 sic
2480 2179 2648 2229 sequitur

1584 2224 1689 2272 quod
1713 2226 1849 2263 ambae
1877 2235 2015 2276 partes,
2045 2229 2074 2266 si
2101 2239 2293 2278 ponantur
2320 2232 2538 2282 simpliciter
2566 2246 2648 2271 esse

1583 2277 1686 2326 idem
1706 2279 1785 2327 toti,
1803 2281 1908 2328 quod
1927 2281 1999 2317 sint
2018 2282 2120 2319 idem
2135 2284 2156 2304 *
2179 2284 2227 2321 ad
2247 2284 2423 2322 invicem.
2450 2287 2500 2323 Et
2518 2285 2571 2322 sic
2589 2299 2647 2323 se-

1584 2339 1763 2379 queretur
1778 2334 1797 2354 *
1817 2334 1922 2382 quod
1941 2341 2063 2372 totum
2083 2335 2129 2372 sit
2146 2336 2384 2386 indivisibile,
2405 2351 2483 2376 non
2501 2339 2647 2377 habens

1585 2384 1840 2423 diversitatem
1868 2386 2045 2435 partium.

1635 2450 1673 2485 4.
1694 2439 1842 2476 Deinde
1864 2453 1951 2476 cum
1973 2441 2081 2478 dicit:
2101 2442 2154 2478 At
2169 2454 2260 2480 vero
2288 2444 2322 2480 si
2338 2450 2393 2480 est
2419 2451 2500 2492 etc„
2522 2451 2646 2482 osten-

1584 2490 1637 2528 dit
1664 2492 1770 2540 quod
1793 2493 1923 2530 omnia
1950 2507 2029 2531 non
2047 2504 2208 2543 possunt
2236 2509 2318 2533 esse
2337 2509 2457 2534 unum
2478 2497 2574 2535 sicut
2591 2498 2645 2535 in-

1585 2544 1769 2581 divisibile
1790 2554 1845 2582 est
1862 2559 2005 2584 unum:
2023 2548 2111 2597 quia
2130 2549 2234 2597 quod
2250 2557 2305 2587 est
2323 2549 2548 2588 indivisibile
2567 2564 2646 2589 non

1582 2605 1707 2646 potest
1727 2611 1808 2635 esse
1833 2608 2030 2648 quantum,
2052 2613 2139 2638 curn
2160 2602 2284 2639 omnis
2314 2603 2499 2652 quantitas
2527 2603 2573 2640 sit
2591 2604 2645 2642 di-

1582 2651 1754 2698 visibilis;
1777 2659 1812 2688 et
1829 2665 1899 2701 per
1919 2666 2156 2703 consequens
2179 2668 2257 2692 non
2275 2664 2400 2705 potest
2419 2669 2501 2694 esse
2522 2658 2644 2706 quale,

1582 2711 1623 2740 ut
1646 2703 1868 2753 intelligatur
1892 2707 1938 2743 de
1963 2708 2138 2756 qualitate
2168 2721 2264 2757 quae
2288 2709 2467 2747 fundatur
2490 2722 2604 2760 super
2626 2711 2647 2732 *

1584 2758 1842 2806 quantitatem,
1863 2761 1913 2796 Et
1940 2761 1971 2797 si
1999 2774 2077 2798 non
2107 2769 2161 2798 est
2189 2770 2386 2811 quantum,
2415 2775 2494 2800 non
2519 2770 2646 2812 potest

1585 2823 1666 2847 esse
1695 2811 1856 2860 finitum,
1882 2813 1977 2850 sicut
2005 2814 2094 2851 dixit
2121 2816 2380 2863 Parmenides,
2409 2828 2533 2864 neque
2562 2816 2645 2853 infi-

1583 2863 1716 2911 nitum,
1737 2865 1832 2902 sicut
1861 2866 1950 2903 dixit
1978 2867 2169 2915 Melissus;
2195 2869 2282 2918 quia
2309 2869 2492 2906 terminus
2511 2868 2644 2906 indivi-

1635 2995 1660 3028 ὃ)
1681 2997 1812 3029 infinitum
1827 3006 1880 3030 per
1897 3006 1925 3024 se
1939 3004 1987 3024 etc.
2001 3014 2020 3018 —
2033 3000 2164 3033 infinitum
2180 3008 2233 3025 om.
2246 3000 2322 3033 pEG3
2342 3000 2399 3025 loco
2413 3007 2466 3032 per
2483 3007 2523 3030 se,
2542 3001 2643 3027 ACIKL

1582 3031 1749 3062 OQSTVXY
1768 3034 1856 3065 legunt
1875 3034 1908 3059 de
1925 3041 1962 3069 se,
1975 3049 1994 3053 —
2007 3035 2245 3060 AKLSTVYsIOX
2263 3036 2322 3060 loco
2340 3043 2392 3060 non
2407 3039 2447 3060 est
2465 3035 2529 3066 nisi,
2549 3036 2644 3062 habent

1582 3070 1636 3097 est,·
1665 3067 1740 3100 RplO
1769 3076 1822 3093 om.
1845 3069 1905 3094 nisi.
1924 3083 1943 3089 -
1962 3070 2024 3095 Post
2051 3071 2158 3095 alteram
2186 3071 2278 3095 lineam
2307 3071 2474 3102 BFIKQVY,
2499 3072 2644 3097 secundum

1581 3102 1680 3130 accid.,·
1698 3104 1734 3133 A,
1753 3105 1896 3129 secundum
1911 3112 1964 3137 per
1982 3105 2065 3130 accid.
2077 3118 2097 3124 ·-
2109 3106 2132 3130 D
2157 3114 2210 3130 om.
2224 3106 2336 3136 scilicet,
2356 3114 2404 3139 pro
2422 3114 2476 3139 quo
2499 3107 2644 3132 ABCFIKL

1582 3137 1748 3167 OQSTVXY
1770 3139 1898 3165 videlicet.
1917 3154 1935 3160 -
1954 3140 2126 3173 PELMstK
2145 3146 2171 3166 et
2188 3142 2238 3171 ab,
2257 3141 2337 3166 simul
2355 3141 2381 3166 in
2397 3141 2555 3174 quantitate.

1634 3173 1656 3206 ε)
1681 3174 1765 3199 Unum
1785 3175 1983 3200 continuatione
1997 3181 2045 3200 etc.
2058 3190 2076 3195 —
2088 3176 2390 3207 ACDIKLOQSTVXY,
2404 3184 2484 3201 unum
2501 3178 2644 3203 secundum

1582 3208 1614 3240 (D
1625 3216 1677 3233 om.
1687 3210 1805 3242 secund.)
1818 3210 2034 3241 continuitatem5
2047 3211 2218 3242 BFHMNRZ,
2233 3220 2313 3237 unum
2326 3212 2535 3238 continuitate.—
2544 3213 2644 3238 Omnes

1582 3244 1664 3274 codd„
1683 3245 1879 3276 quodammodo
1898 3249 1952 3275 est,·
1970 3246 2047 3271 iidem
2061 3254 2115 3272 exc.
2130 3247 2184 3278 EG,
2199 3247 2327 3272 divisibile
2342 3247 2368 3272 in
2386 3247 2527 3280 infinitum.
2541 3262 2560 3267 —-
2573 3246 2644 3273 Loc'o

1586 3279 1659 3303 Unde
1678 3280 1730 3311 qui,
1750 3280 1769 3304 P
1783 3285 1808 3305 et
1824 3281 1888 3306 forte
1907 3281 1949 3314 pG
1963 3281 2059 3306 habent
2077 3285 2103 3306 et
2121 3282 2166 3314 qui
2172 3290 2181 3312 ;
2200 3283 2246 3307 sed
2262 3290 2401 3316 processus
2417 3283 2643 3315 argumentationis

1581 3313 1630 3338 hoc
1650 3316 1674 3338 in
1694 3315 1750 3339 loco
1770 3317 1851 3349 magis
1871 3317 1972 3350 exigere
1985 3317 2085 3342 videtur
2099 3318 2249 3350 particulam
2267 3318 2391 3343 illativum
2410 3319 2488 3350 unde,
2503 3325 2582 3351 quam
2600 3325 2642 3342 co-

1581 3349 1720 3381 pulativam
1738 3353 1773 3375 et.

1634 3384 1659 3418 ζ)
1676 3385 1712 3410 Et
1720 3389 1814 3417 partes
1829 3391 1876 3412 etc.
1890 3401 1908 3406 —
1921 3388 2002 3412 Codd.
2013 3395 2066 3412 exc.
2080 3387 2127 3412 EG
2141 3388 2230 3419 legunt
2243 3391 2270 3413 et
2279 3396 2355 3421 pars,
2366 3393 2392 3414 et
2405 3388 2472 3414 forte
2483 3387 2566 3420 magis
2580 3394 2643 3412 con-

1582 3426 1702 3452 gruenter
1715 3421 1745 3445 ad
1761 3422 1903 3453 sequentia,
1913 3426 1996 3448 totum
2010 3423 2152 3448 secundum
2166 3423 2231 3455 quid
2244 3427 2283 3448 est
2297 3424 2366 3448 idem
2376 3423 2454 3456 partu·
2467 3427 2515 3448 etc.
2529 3435 2548 3441 -
2559 3422 2642 3447 Codd.

1583 3463 1663 3480 unum
1684 3456 1731 3480 vel.
1746 3470 1765 3475 -
1779 3457 2075 3488 ABCFIKOQSTVXY.
2091 3458 2151 3483 licet
2162 3457 2264 3492 sorte...
2279 3466 2330 3483 non
2347 3459 2484 3491 pertineat
2494 3457 2532 3482 ad
2541 3464 2642 3490 propo-

1582 3491 1689 3516 situm...
1702 3492 1845 3517 secundum
1859 3500 1886 3518 se
1899 3493 1999 3525 ipsam5
2019 3493 2049 3524 R,
2064 3493 2101 3517 ad
2118 3500 2146 3518 se
2161 3493 2281 3525 ipsam.—
2293 3493 2408 3519 BCFox
2426 3501 2481 3519 om.
2493 3492 2626 3526 contiguis
2632 3499 2642 3522 ,-

1584 3526 1633 3558 plL
1653 3525 1748 3551 habent
1767 3527 1893 3552 lacunam.

1756 2013 1985 2063 simpliciter.
2017 2017 2057 2053 Si
2086 2018 2187 2054 enim
2209 2020 2251 2040 ²¹²*
2279 2019 2497 2068 simpliciter
2523 2027 2646 2058 totum
2669 2007 2688 2039 Β

2661 280 2670 289 ·
2685 279 2727 306 qui
2739 285 2766 307 ι’,
2784 279 2847 308 quod
2862 285 2876 302 Β

2682 311 2720 327 rr.

2659 389 2670 400 ⁶
2679 394 2758 410 verum
2767 394 2815 410 om.
2821 394 2874 411 wa.

2663 489 2671 499 ·
2686 491 2801 517 numptam
2815 495 2837 511 n.

2663 699 2674 709 '
2688 697 2751 720 Lect.
2762 705 2811 727 seq.

2664 807 2674 817 ⁶
2688 806 2798 829 dicantur
2811 813 2866 830 pm«.

2663 917 2675 929 ⁶
2690 916 2727 939 vel
2739 923 2841 940 unauna.

2664 1286 2675 1298 ⁴¹
2683 1285 2794 1308 diversas
2808 1285 2877 1309 codd.

2666 1318 2715 1334 exc.
2725 1318 2762 1334 m.

2666 1555 2675 1564 ·
2686 1555 2782 1582 partem
2795 1559 2846 1576 aaz.

2674 1923 2682 1932 ·
2697 1921 2874 1951 intelligendum

2671 1949 2724 1970 vab.

2673 1976 2683 1984 ’
2697 1977 2722 1996 et
2729 1975 2800 2002 paru·
2810 1981 2884 2001 Λιιατ

2689 2007 2781 2075 ιεῗῗιοπ
2793 2033 2885 2050 mrem

2672 2080 2695 2091 ⁸·
2710 2069 2788 2102 utitem
2801 2080 2853 2102 rab.

2673 2108 2683 2118 ”
2697 2106 2758 2128 idem
2773 2112 2821 2128 om.
2830 2112 2885 2129 toa.

2673 2300 2804 2322 “nnumin

2673 2348 2684 2360 ⁴
2698 2350 2810 2376 sequetur
2824 2354 2885 2371 eom

2673 2380 2711 2401 nn,
2725 2375 2832 2403 sequitur
2841 2378 2885 2398 cet.

2673 2406 2723 2423 exc.
2737 2407 2790 2423 unz.

2671 2719 2683 2731 '⁵
2697 2719 2721 2740 {n
2735 2725 2792 2746 oon
2808 2725 2884 2747 qm-

2671 2745 2740 2767 maee
2748 2745 2818 2768 iidem
2830 2750 2884 2768 mm

2670 2778 2781 2798 Auimus-
