2898 3996
1128 319 1240 355 CAP.
1270 317 1336 366 1v,

333 398 511 436 Secundo
546 410 590 435 ex
624 398 702 435 eius
734 398 950 435 intentione.
981 397 1127 434 Inducit
1156 396 1257 434 enim
1285 396 1334 433 ad

277 451 520 500 probandum
539 450 578 488 id
597 450 701 500 quod
729 458 894 488 mutatur
909 463 990 487 esse
1011 450 1209 487 divisibile:
1231 449 1334 498 quod

278 516 358 541 non
396 511 526 553 posset
563 503 736 540 concludi
771 515 817 540 ex
848 502 1064 551 praemissis
1091 503 1121 538 ³³.
1159 502 1270 538 Unde
1300 508 1335 537 et

278 558 500 605 Avempace
529 556 635 604 dixit,
664 556 768 604 quod
796 568 874 592 non
901 555 1058 592 intendit
1083 553 1145 590 hic
1170 553 1333 602 probare

280 609 384 658 quod
404 609 545 646 mobile
573 608 619 645 sit
647 607 829 646 divisibile
856 607 895 644 in
913 614 1038 655 partes
1059 605 1332 654 quantitativas,

280 661 346 698 sed
366 662 576 699 secundum
596 661 755 697 formas:
775 660 998 708 inquantum
1017 658 1156 695 scilicet
1173 658 1211 695 id
1231 659 1335 706 quod

280 721 446 751 mutatur
474 714 520 751 de
549 713 734 750 contrario
762 711 801 748 in
830 711 1072 758 contrarium,
1102 710 1195 747 dum
1224 718 1279 747 est
1297 711 1335 748 in

280 766 363 815 ipso
391 766 540 813 mutari,
569 765 683 802 habet
709 763 850 812 aliquid
877 763 924 800 de
952 770 1114 812 utroque
1135 763 1333 801 contrario.

282 819 359 856 Sed
385 818 540 863 intentio
573 815 780 854 Aristotelis
813 822 869 852 est
905 827 1101 863 expresse,
1137 817 1334 853 ostendere

281 871 385 920 quod
417 870 558 907 mobile
587 875 641 905 est
669 867 853 905 divisibile
881 868 919 905 in
947 880 1034 905 suas
1060 876 1186 917 partes
1218 882 1335 917 quan-

279 922 460 968 titativas,
490 921 585 958 sicut
611 928 648 957 et
675 920 746 957 alia
774 920 963 958 continua.
1002 922 1052 958 Et
1079 921 1131 958 sic
1158 921 1272 958 utitur
1298 922 1337 959 in

279 974 521 1023 'sequentibus
551 972 934 1010 demonstrationibus
955 974 987 1010 ⁵¹⁵.

286 1052 289 1055 -
331 1027 415 1064 Nec
442 1026 516 1063 hoc
543 1025 694 1063 videtur
721 1038 802 1063 esse
827 1026 1059 1063 conveniens
1087 1026 1190 1075 quod
1211 1026 1338 1064 dicunt

279 1078 445 1128 quidam,
466 1078 569 1128 quod
587 1091 658 1127 per*
682 1079 756 1116 hoc
774 1079 956 1127 probatur
975 1078 1087 1116 etiam
1108 1078 1338 1116 divisibilitas

278 1131 429 1169 mobilis
461 1131 672 1169 secundum
701 1131 995 1168 continuitatem.
1034 1131 1134 1178 Quia
1169 1144 1238 1180 per
1264 1133 1338 1169 hoc

279 1184 383 1233 quod
403 1184 556 1232 mobile,
582 1184 674 1221 dum
693 1191 890 1232 movetur,
918 1184 1116 1233 participat
1133 1191 1337 1233 utrumque

279 1237 496 1284 terminum,
519 1237 554 1274 et
572 1249 651 1274 non
670 1237 794 1274 statim
811 1237 926 1274 habet
943 1237 1109 1285 perfecte
1132 1237 1337 1274 terminum

280 1288 329 1327 ad
351 1301 480 1338 quem,
510 1289 751 1326 manifestum
772 1297 928 1339 apparet
946 1291 966 1310 ⁴*
986 1289 1235 1326 mutationem
1256 1302 1338 1326 esse

281 1341 506 1389 divisibilem
526 1342 738 1379 secundum
766 1342 1067 1379 continuitatem:
1097 1349 1132 1378 et
1158 1342 1220 1389 ita,
1250 1355 1338 1379 cum

281 1394 465 1432 divisibile
484 1407 563 1432 non
581 1395 700 1444 possit
718 1407 799 1432 esse
823 1395 862 1432 in
880 1394 1094 1432 indivisibili
1112 1400 1144 1440 ²,
1173 1395 1339 1443 sequitur

281 1449 384 1496 quod
419 1447 531 1484 etiam
564 1445 705 1484 mobile
738 1447 784 1484 sit
815 1448 999 1485 divisibile
1030 1454 1071 1484 ut
1103 1447 1336 1484 continuum.

282 1500 481 1537 Manifeste
514 1500 616 1536 enirn
649 1499 867 1537 Aristoteles
899 1500 938 1537 in
971 1499 1285 1549 subsequentibus
1319 1501 1338 1522 2

283 1552 445 1590 ostendit
464 1554 484 1574 ss
505 1552 730 1590 divisionem
750 1560 877 1590 motus
897 1565 942 1590 ex
962 1552 1147 1590 divisione
1175 1553 1336 1590 mobilis.

281 1605 392 1643 Unde
411 1604 442 1642 si
460 1605 671 1642 intenderet
698 1605 923 1642 concludere
944 1605 1169 1642 divisionem
1189 1605 1339 1642 mobilis

280 1670 350 1706 per
378 1657 604 1695 divisionem
631 1664 758 1695 motus
786 1655 819 1704 Ε,
850 1665 947 1695 esset
975 1657 1244 1694 demonstratio
1272 1658 1340 1695 cir-

283 1709 440 1747 cularis„
630 1757 634 1760 γ

285 1764 288 1766 ’
334 1762 466 1799 Tertio
486 1769 641 1812 apparet
667 1763 766 1799 hanc
794 1762 1068 1810 expositionem
1101 1774 1182 1798 esse
1211 1763 1339 1799 incon-

281 1814 498 1853 venientem
532 1827 576 1852 ex
610 1815 690 1864 ipsa
725 1814 956 1864 expositione
989 1814 1216 1861 Aristotelis,
1253 1828 1339 1852 curn

282 1867 388 1905 dicit:
417 1867 513 1904 Dico
533 1873 658 1904 autem
680 1867 717 1904 in
746 1867 846 1916 quod
871 1873 1037 1904 mutatur
1057 1869 1075 1888 ²³
1089 1867 1258 1914 primum
1285 1880 1339 1904 se-

281 2038 287 2040 “
334 2033 357 2066 ν)
377 2040 429 2058 non
444 2033 531 2066 possit
549 2040 603 2059 esse
622 2033 648 2058 in
668 2033 857 2059 indivisibili.-
871 2041 922 2059 non
938 2037 1028 2070 potest
1045 2041 1101 2063 esse
1120 2034 1145 2058 in
1161 2034 1286 2059 divisibili
1304 2034 1339 2065 R,

282 2075 333 2095 non
347 2069 436 2101 possit
453 2069 480 2093 in
499 2069 656 2094 indivisibili
673 2069 775 2094 moveri
793 2069 829 2100 N,
851 2069 999 2101 praecessit
1017 2069 1188 2094 indivisibilia
1206 2069 1230 2100 1;
1249 2070 1267 2093 S
1286 2070 1340 2100 lac3

281 2111 336 2130 esee
353 2112 407 2129 om.
425 2109 474 2129 cet.
493 2111 546 2129 exc.
564 2104 640 2129 DFN.

1366 318 1516 355 LECT.
1545 320 1580 355 V

1387 397 1549 433 cundum
1577 398 1828 435 mutationem.
1859 399 1917 434 Ex
1948 410 2023 446 quo
2053 405 2208 446 apparet
2236 397 2340 446 quod
2368 410 2446 434 non

1387 449 1543 486 intendit
1584 450 1707 487 dicere
1736 456 1747 470 ⁰
1785 451 1887 498 quod
1915 450 2050 499 partim
2083 451 2128 487 sit
2163 450 2202 487 in
2233 449 2394 486 termino
2423 462 2446 486 a

1389 514 1465 550 quo
1495 509 1530 538 et
1548 502 1684 550 partim
1703 502 1741 539 in
1769 503 1929 539 termino
1959 503 2007 540 ad
2036 515 2171 552 quem,
2191 510 2345 551 propter
2372 503 2447 538 hoc

1388 555 1493 602 quod
1521 554 1567 590 sit
1598 554 1636 591 in
1669 554 1812 602 medio,
1842 555 1949 603 quasi
1981 555 2206 604 participans
2241 562 2445 603 utrumque

1389 614 1620 652 extremum;
1651 608 1717 644 sed
1736 607 1825 655 quia
1850 609 2059 644 secundum
2086 620 2203 644 unam
2222 615 2369 656 partem
2390 607 2447 643 sui

1390 666 1444 695 est
1462 659 1500 696 in
1518 672 1596 696 uno
1618 666 1805 706 extremos
1820 667 1855 696 et
1878 661 2088 697 secundum
2109 660 2220 696 aliam
2244 660 2282 697 in
2305 659 2445 696 medio.

1449 724 1504 759 19.
1536 712 1614 748 Sed
1647 712 1743 748 circa
1768 714 1786 732 “³⁵
1811 713 1908 749 hanc
1937 713 2211 761 expositionem
2239 712 2447 750 Aristotelis

1390 764 1549 801 dubium
1579 777 1659 801 esse
1686 764 1837 801 videtur
1865 765 1967 813 quod
1997 765 2084 802 dicit
2110 766 2147 801 in
2163 766 2263 813 quod
2278 765 2447 813 primum

1389 823 1556 854 mutatur·
1570 818 1601 854 ⁴⁵.
1624 818 1715 853 Non
1735 817 1836 854 enim
1850 817 1999 854 videtur
2017 830 2129 866 posse
2150 817 2267 865 accipi
2286 817 2324 853 in
2344 817 2449 866 quod

1389 869 1557 918 primurn
1577 877 1752 917 mutatur,
1772 877 1928 918 propter
1948 870 2238 907 divisibilitatem
2262 869 2446 917 magnitu-

1391 922 1486 959 dinis
1506 922 1544 958 in
1563 922 1764 959 infinitum.
1794 923 1843 959 Et
1861 923 1947 959 ideo
1969 922 2172 959 dicendum
2193 929 2257 968 est,
2288 922 2391 970 quod
2410 921 2448 958 id

1390 974 1428 1011 in
1448 975 1551 1023 quod
1578 975 1746 1023 primum
1774 982 1940 1012 mutatur
1966 975 2005 1011 in
2032 982 2141 1012 motu
2167 974 2288 1020 locali,
2318 974 2450 1011 dicitur

1391 1028 1496 1064 locus
1511 1027 1576 1074 qui
1592 1027 1799 1074 contingit*
1815 1029 1941 1064 locum
1954 1040 1976 1064 a
1991 1040 2067 1076 quo
2087 1034 2263 1073 mutatur,
2280 1027 2330 1063 ita
2344 1027 2448 1075 quod

1391 1079 1482 1116 nihil
1502 1086 1557 1115 est
1578 1079 1668 1116 eius.
1691 1079 1730 1116 Si
1750 1080 1850 1116 enim
1879 1080 2111 1128 acciperetur
2135 1079 2323 1116 secundus
2343 1080 2449 1116 locus

1392 1131 1456 1180 qui
1484 1132 1640 1168 haberet
1663 1131 1802 1179 aliquid
1821 1132 1944 1180 primi,
1969 1145 2048 1168 non
2069 1139 2165 1169 esset
2184 1132 2354 1180 accipere
2372 1131 2447 1180 pri-

1392 1196 1499 1221 mum
1523 1184 1651 1220 locum
1679 1184 1718 1220 in
1746 1196 1861 1232 quem
1895 1192 2072 1222 mutatur.
2113 1185 2229 1231 Quod
2261 1184 2314 1221 sic
2335 1191 2448 1233 patet.

1392 1237 1447 1274 Sit
1473 1237 1579 1273 locus
1605 1236 1708 1273 unde
1738 1244 1903 1273 mutatur
1930 1237 2084 1286 aliquod
2112 1237 2252 1274 mobile
2291 1238 2379 1284 AB,
2414 1244 2451 1273 et

1391 1290 1496 1326 locus
1525 1288 1559 1325 ei
1587 1296 1779 1326 contactus
1801 1290 1820 1310 '¹‘
1839 1289 2003 1338 aequalis
2031 1289 2076 1325 sit
2106 1290 2184 1326 BC.
2216 1289 2316 1336 Quia
2348 1289 2450 1325 enim

1392 1343 1458 1378 AB
1488 1341 1672 1379 divisibile
1702 1349 1768 1389 est,
1796 1342 1983 1379 dividatur
2009 1342 2047 1378 in
2074 1349 2215 1390 puncto
2244 1343 2296 1388 D5
2327 1349 2363 1378 et
2390 1353 2450 1378 su-

1393 1402 1518 1431 matur
1542 1394 1694 1432 deloco
1723 1395 1787 1431 BC
1815 1407 1950 1431 versus
1980 1395 2027 1442 C,
2057 1394 2161 1443 quod
2189 1394 2235 1430 sit
2255 1395 2274 1415 ’³⁴
2294 1394 2450 1442 aequale

1394 1447 1427 1483 ei
1447 1447 1552 1496 quod
1572 1453 1627 1483 est
1653 1448 1738 1492 BD;
1770 1453 1805 1483 et
1832 1447 1878 1484 sit
1900 1447 1991 1484 illud
2020 1447 2100 1484 GC.
2131 1446 2376 1484 Manifestum
2397 1453 2451 1482 est

1392 1499 1501 1547 igitur
1519 1498 1625 1548 quod
1652 1499 1793 1536 mobile
1816 1499 1919 1548 prius
1954 1507 2120 1536 mutatur
2147 1500 2196 1536 ad
2223 1500 2351 1536 locum
2378 1499 2452 1536 DG

1393 1564 1510 1601 quam
1539 1553 1588 1589 ad
1615 1553 1743 1588 locum
1771 1553 1849 1589 BC.
1879 1553 1928 1589 Et
1954 1552 2103 1599 iterum,
2126 1563 2213 1600 cum
2232 1552 2303 1588 AD
2333 1551 2379 1588 sit
2398 1550 2451 1588 di-

1392 1605 1560 1652 visibile,
1596 1605 1663 1641 erit
1690 1605 1859 1653 accipere
1892 1605 2007 1641 alium
2035 1605 2163 1641 locum
2190 1604 2380 1655 priorem3
2415 1610 2452 1640 et

1392 1657 1445 1694 sic
1463 1657 1501 1694 in
1520 1658 1720 1694 infinitum,
1737 1679 1760 1685 —
1782 1658 1830 1694 Et
1848 1657 2015 1694 similiter
2033 1657 2071 1693 in
2091 1664 2199 1694 motu
2226 1656 2452 1693 alterationis

1393 1710 1656 1758 accipiendum
1676 1717 1731 1746 est
1748 1710 1916 1758 primum
1944 1709 1982 1746 in
2001 1710 2107 1758 quod
2134 1716 2300 1746 mutatur
2321 1710 2351 1756 ³¹²,
2372 1721 2451 1745 me-

1394 1762 1499 1799 dium
1520 1762 1668 1799 alterius
1688 1762 1846 1811 speciei;
1876 1762 1970 1798 sicut
1998 1775 2086 1799 cum
2106 1769 2271 1799 mutatur
2290 1761 2336 1798 de
2364 1761 2450 1798 albo

1393 1814 1430 1851 in
1459 1815 1618 1862 nigrum,
1649 1815 1767 1864 accipi
1795 1815 1908 1852 debet
1926 1815 2088 1863 fuscum,
2119 1827 2197 1851 non
2226 1822 2353 1851 autem
2381 1813 2451 1851 rni-

1395 1879 1464 1904 nus
1492 1867 1634 1904 album.

2370 320 2445 367 287

1394 2034 1631 2093 NRTgansponunt
1649 2033 1751 2058 mobilis
1776 2038 1801 2058 et
1819 2036 1905 2058 motus
1923 2033 2031 2058 invicem
2043 2052 2049 2064 ,
2074 2033 2209 2058 manifeste
2234 2037 2321 2057 contra
2340 2037 2453 2058 mentem

1397 2077 1419 2093 s.
1480 2077 1564 2094 omae.

1451 2103 1477 2138 ο)
1497 2104 1568 2136 quod
1586 2111 1638 2129 non
1658 2104 1772 2129 intendit
1793 2104 1917 2128 dicere.-
1929 2107 1980 2128 non
2000 2104 2068 2128 male
2086 2111 2139 2128 om.
2158 2104 2232 2129 codd.
2252 2111 2305 2128 exc.
2323 2103 2422 2128 DNRZ.
2435 2116 2456 2123 κ

336 2137 359 2172 ξ)
378 2139 533 2171 divisionem
558 2139 660 2165 mobilis
680 2146 732 2171 per
757 2138 911 2164 divisionem
936 2143 1030 2164 motus.
1048 2152 1067 2158 -
1091 2139 1172 2164 Codd.
1196 2139 1342 2164 exc..DFH
1398 2140 1448 2164 Pro
1466 2140 1543 2172 quasi
1556 2139 1732 2172 participans,
1752 2139 1822 2172 quod
1835 2138 1984 2171 participat
2003 2139 2064 2164 Pab.

2475 720 2485 729 ’
2500 721 2582 740 contra
2595 724 2686 740 Etcum

2475 751 2513 766 on.

2476 825 2486 834 '¹
2502 825 2577 845 mutat
2595 823 2687 845 codices

2476 856 2526 871 exe.
2540 856 2589 872 Lsz.

2477 1033 2486 1042 ·
2501 1032 2623 1060 contangit
2636 1038 2659 1054 Ρ.

2478 1297 2488 1306 '
2503 1298 2636 1318 contractus
2647 1302 2670 1317 P.

2479 1403 2489 1413 *
2504 1403 2540 1423 est
2552 1408 2574 1423 Γ.

2479 1717 2490 1728 “
2510 1717 2585 1738 mutat
2604 1717 2648 1738 »ab
2668 1720 2691 1738 et
2745 1713 2748 1717 ’

2480 1743 2548 1765 codd.
2556 1749 2605 1765 exc.
2615 1750 2638 1765 F.
