<?xml version="1.0" encoding="UTF-8"?>
<!DOCTYPE html PUBLIC "-//W3C//DTD XHTML 1.0 Transitional//EN"
    "http://www.w3.org/TR/xhtml1/DTD/xhtml1-transitional.dtd">
<html xmlns="http://www.w3.org/1999/xhtml" xml:lang="en" lang="en">
 <head>
  <title>
</title>
<meta http-equiv="Content-Type" content="text/html;charset=utf-8" />
  <meta name='ocr-system' content='tesseract 3.04.00' />
  <meta name='ocr-capabilities' content='ocr_page ocr_carea ocr_par ocr_line ocrx_word'/>
</head>
<body>
  <div class='ocr_page' id='page_1' title='image "./operaomniaiussui02thom/operaomniaiussui02thom_0088.png"; bbox 0 0 2982 4022; ppageno 0'>
   <div class='ocr_carea' id='block_1_1' title="bbox 291 364 504 412">
    <p class='ocr_par' dir='ltr' id='par_1_1' title="bbox 291 364 504 412">
     <span class='ocr_line' id='line_1_1' title="bbox 292 364 504 386; baseline -0.014 1"><span class='ocrx_word' id='word_1_1' title='bbox 292 365 303 377; x_wconf 82' lang='lat'>⁸</span> <span class='ocrx_word' id='word_1_2' title='bbox 313 364 452 386; x_wconf 76' lang='lat' dir='ltr'><strong>conveniant</strong></span> <span class='ocrx_word' id='word_1_3' title='bbox 463 369 504 385; x_wconf 89' lang='lat' dir='ltr'><strong>co-</strong></span> 
     </span>
     <span class='ocr_line' id='line_1_2' title="bbox 291 391 463 412; baseline -0.006 0"><span class='ocrx_word' id='word_1_4' title='bbox 291 391 353 412; x_wconf 81' lang='lat' dir='ltr'><strong>dices</strong></span> <span class='ocrx_word' id='word_1_5' title='bbox 368 396 416 411; x_wconf 85' lang='lat' dir='ltr'><strong>exc.</strong></span> <span class='ocrx_word' id='word_1_6' title='bbox 427 396 463 411; x_wconf 73' lang='lat' dir='ltr'><strong>vz.</strong></span> 
     </span>
    </p>
   </div>
   <div class='ocr_carea' id='block_1_2' title="bbox 292 832 504 911">
    <p class='ocr_par' dir='ltr' id='par_1_2' title="bbox 292 832 504 911">
     <span class='ocr_line' id='line_1_3' title="bbox 292 832 504 854; baseline 0 -1"><span class='ocrx_word' id='word_1_7' title='bbox 292 833 303 843; x_wconf 80' lang='lat'><strong>&#39;¹</strong></span> <span class='ocrx_word' id='word_1_8' title='bbox 318 832 388 854; x_wconf 83' lang='lat' dir='ltr'><strong>etiam</strong></span> <span class='ocrx_word' id='word_1_9' title='bbox 402 838 449 853; x_wconf 91' lang='lat' dir='ltr'><strong>om.</strong></span> <span class='ocrx_word' id='word_1_10' title='bbox 460 837 504 853; x_wconf 74' lang='lat' dir='ltr'><strong>nm</strong></span> 
     </span>
     <span class='ocr_line' id='line_1_4' title="bbox 292 865 348 880; baseline 0 -1"><span class='ocrx_word' id='word_1_11' title='bbox 292 865 348 880; x_wconf 68' lang='grc' dir='ltr'>ι-ικκ.</span> 
     </span>
     <span class='ocr_line' id='line_1_5' title="bbox 292 884 494 911; baseline -0.005 -5"><span class='ocrx_word' id='word_1_12' title='bbox 292 886 302 895; x_wconf 79' lang='grc'><em>“</em></span> <span class='ocrx_word' id='word_1_13' title='bbox 315 885 430 911; x_wconf 81' lang='lat' dir='ltr'><strong>probatur</strong></span> <span class='ocrx_word' id='word_1_14' title='bbox 443 884 494 905; x_wconf 71' lang='lat' dir='ltr'><strong>pah.</strong></span> 
     </span>
    </p>
   </div>
   <div class='ocr_carea' id='block_1_3' title="bbox 293 1200 506 1300">
    <p class='ocr_par' dir='ltr' id='par_1_3' title="bbox 293 1200 506 1251">
     <span class='ocr_line' id='line_1_6' title="bbox 294 1200 506 1221; baseline 0 0"><span class='ocrx_word' id='word_1_15' title='bbox 294 1200 460 1221; x_wconf 72' lang='lat' dir='ltr'><strong>·.m1·isbstant</strong></span> <span class='ocrx_word' id='word_1_16' title='bbox 478 1206 506 1221; x_wconf 67' lang='lat' dir='ltr'><strong>Pr·-</strong></span> 
     </span>
     <span class='ocr_line' id='line_1_7' title="bbox 293 1206 478 1251; baseline -0.006 -4"><span class='ocrx_word' id='word_1_17' title='bbox 293 1230 345 1251; x_wconf 64' lang='lat' dir='ltr'><strong>mne</strong></span> <span class='ocrx_word' id='word_1_18' title='bbox 347 1233 374 1248; x_wconf 79' lang='lat' dir='ltr'><strong>GH</strong></span> <span class='ocrx_word' id='word_1_19' title='bbox 377 1233 412 1247; x_wconf 68' lang='lat' dir='ltr'><strong>xv.</strong></span> <span class='ocrx_word' id='word_1_20' title='bbox 408 1227 447 1251; x_wconf 85' lang='lat' dir='ltr'><strong>)a</strong></span> <span class='ocrx_word' id='word_1_21' title='bbox 449 1206 478 1247; x_wconf 48' lang='grc' dir='ltr'><strong>δὴ)</strong></span> 
     </span>
    </p>

    <p class='ocr_par' dir='ltr' id='par_1_4' title="bbox 293 1252 505 1300">
     <span class='ocr_line' id='line_1_8' title="bbox 293 1252 505 1274; baseline -0.005 0"><span class='ocrx_word' id='word_1_22' title='bbox 293 1254 302 1263; x_wconf 79' lang='grc'><strong>“</strong></span> <span class='ocrx_word' id='word_1_23' title='bbox 322 1253 345 1274; x_wconf 82' lang='lat' dir='ltr'><strong>in</strong></span> <span class='ocrx_word' id='word_1_24' title='bbox 367 1259 414 1274; x_wconf 91' lang='lat' dir='ltr'><strong>om.</strong></span> <span class='ocrx_word' id='word_1_25' title='bbox 437 1258 464 1273; x_wconf 93' lang='lat' dir='ltr'><strong>co</strong></span> <span class='ocrx_word' id='word_1_26' title='bbox 450 1252 505 1274; x_wconf 81' lang='lat' dir='ltr'><strong>odd.</strong></span> 
     </span>
     <span class='ocr_line' id='line_1_9' title="bbox 294 1285 380 1300; baseline 0 0"><span class='ocrx_word' id='word_1_27' title='bbox 294 1285 342 1300; x_wconf 84' lang='lat' dir='ltr'><strong>exc.</strong></span> <span class='ocrx_word' id='word_1_28' title='bbox 358 1286 380 1300; x_wconf 80' lang='lat' dir='ltr'><strong>n.</strong></span> 
     </span>
    </p>
   </div>
   <div class='ocr_carea' id='block_1_4' title="bbox 294 1620 424 1646">
    <p class='ocr_par' dir='ltr' id='par_1_5' title="bbox 294 1620 424 1646">
     <span class='ocr_line' id='line_1_10' title="bbox 294 1620 424 1646; baseline -0.008 -5"><span class='ocrx_word' id='word_1_29' title='bbox 294 1620 305 1631; x_wconf 72' lang='lat'>⁸</span> <span class='ocrx_word' id='word_1_30' title='bbox 320 1620 388 1641; x_wconf 87' lang='lat' dir='ltr'><strong>Num.</strong></span> <span class='ocrx_word' id='word_1_31' title='bbox 404 1626 424 1646; x_wconf 88' lang='lat'><strong>7.</strong></span> 
     </span>
    </p>
   </div>
   <div class='ocr_carea' id='block_1_5' title="bbox 295 1773 425 1856">
    <p class='ocr_par' dir='ltr' id='par_1_6' title="bbox 295 1773 425 1856">
     <span class='ocr_line' id='line_1_11' title="bbox 296 1773 423 1801; baseline 0 -7"><span class='ocrx_word' id='word_1_32' title='bbox 296 1774 305 1784; x_wconf 68' lang='lat'>⁸</span> <span class='ocrx_word' id='word_1_33' title='bbox 320 1773 388 1795; x_wconf 90' lang='lat' dir='ltr'><strong>Num.</strong></span> <span class='ocrx_word' id='word_1_34' title='bbox 404 1780 423 1801; x_wconf 85' lang='grc'><strong>5,</strong></span> 
     </span>
     <span class='ocr_line' id='line_1_12' title="bbox 295 1835 425 1856; baseline 0 0"><span class='ocrx_word' id='word_1_35' title='bbox 295 1836 305 1846; x_wconf 77' lang='lat'><em>*</em></span> <span class='ocrx_word' id='word_1_36' title='bbox 319 1835 391 1856; x_wconf 76' lang='lat' dir='ltr'><strong>Num;</strong></span> <span class='ocrx_word' id='word_1_37' title='bbox 404 1835 425 1856; x_wconf 81' lang='lat'><strong>6.</strong></span> 
     </span>
    </p>
   </div>
   <div class='ocr_carea' id='block_1_6' title="bbox 294 1934 447 1956">
    <p class='ocr_par' dir='ltr' id='par_1_7' title="bbox 294 1934 447 1956">
     <span class='ocr_line' id='line_1_13' title="bbox 294 1934 447 1956; baseline -0.007 0"><span class='ocrx_word' id='word_1_38' title='bbox 294 1936 303 1946; x_wconf 70' lang='lat'><strong>⁸*</strong></span> <span class='ocrx_word' id='word_1_39' title='bbox 318 1934 397 1956; x_wconf 78' lang='lat' dir='ltr'><strong>eodem</strong></span> <span class='ocrx_word' id='word_1_40' title='bbox 412 1940 447 1955; x_wconf 74' lang='lat' dir='ltr'><strong>sc.</strong></span> 
     </span>
    </p>
   </div>
   <div class='ocr_carea' id='block_1_7' title="bbox 295 3202 466 3222">
    <p class='ocr_par' dir='ltr' id='par_1_8' title="bbox 295 3202 466 3222">
     <span class='ocr_line' id='line_1_14' title="bbox 295 3202 466 3222; baseline 0 0"><span class='ocrx_word' id='word_1_41' title='bbox 295 3203 305 3211; x_wconf 77' lang='lat'><strong><em>⁴</em></strong></span> <span class='ocrx_word' id='word_1_42' title='bbox 321 3202 397 3222; x_wconf 79' lang='lat' dir='ltr'><strong>altero</strong></span> <span class='ocrx_word' id='word_1_43' title='bbox 412 3207 466 3222; x_wconf 74' lang='lat' dir='ltr'><strong>nim.</strong></span> 
     </span>
    </p>
   </div>
   <div class='ocr_carea' id='block_1_8' title="bbox 299 3254 508 3300">
    <p class='ocr_par' dir='ltr' id='par_1_9' title="bbox 299 3254 508 3300">
     <span class='ocr_line' id='line_1_15' title="bbox 299 3254 508 3275; baseline 0.005 -1"><span class='ocrx_word' id='word_1_44' title='bbox 299 3255 307 3264; x_wconf 86' lang='grc'><em>“</em></span> <span class='ocrx_word' id='word_1_45' title='bbox 323 3254 437 3275; x_wconf 78' lang='lat' dir='ltr'><strong>intellectu</strong></span> <span class='ocrx_word' id='word_1_46' title='bbox 452 3260 508 3275; x_wconf 73' lang='lat' dir='ltr'><strong>nrm</strong></span> 
     </span>
     <span class='ocr_line' id='line_1_16' title="bbox 299 3287 311 3300; baseline 0 0"><span class='ocrx_word' id='word_1_47' title='bbox 299 3287 311 3300; x_wconf 87' lang='grc' dir='ltr'><strong>Ι-</strong></span> 
     </span>
    </p>
   </div>
   <div class='ocr_carea' id='block_1_9' title="bbox 530 274 578 310">
    <p class='ocr_par' dir='ltr' id='par_1_10' title="bbox 530 274 578 310">
     <span class='ocr_line' id='line_1_17' title="bbox 530 274 578 310; baseline 0 0"><span class='ocrx_word' id='word_1_48' title='bbox 530 274 578 310; x_wconf 82' lang='lat'><strong>62</strong></span> 
     </span>
    </p>
   </div>
   <div class='ocr_carea' id='block_1_10' title="bbox 529 351 1595 2554">
    <p class='ocr_par' dir='ltr' id='par_1_11' title="bbox 529 351 1592 1439">
     <span class='ocr_line' id='line_1_18' title="bbox 530 351 1588 401; baseline -0.001 -11"><span class='ocrx_word' id='word_1_49' title='bbox 530 351 636 401; x_wconf 90' lang='lat' dir='ltr'><strong>quod</strong></span> <span class='ocrx_word' id='word_1_50' title='bbox 670 351 936 389; x_wconf 85' lang='lat' dir='ltr'><strong>mathematica</strong></span> <span class='ocrx_word' id='word_1_51' title='bbox 973 359 1009 388; x_wconf 92' lang='lat' dir='ltr'><strong>et</strong></span> <span class='ocrx_word' id='word_1_52' title='bbox 1040 351 1197 400; x_wconf 90' lang='lat' dir='ltr'><strong>physica</strong></span> <span class='ocrx_word' id='word_1_53' title='bbox 1235 351 1465 389; x_wconf 88' lang='lat' dir='ltr'><strong>conveniunt</strong></span> <span class='ocrx_word' id='word_1_54' title='bbox 1492 354 1511 372; x_wconf 75' lang='lat'><strong>⁴*</strong></span> <span class='ocrx_word' id='word_1_55' title='bbox 1540 353 1588 390; x_wconf 91' lang='lat' dir='ltr'><strong>ad</strong></span> 
     </span>
     <span class='ocr_line' id='line_1_19' title="bbox 531 404 1590 452; baseline 0.001 -11"><span class='ocrx_word' id='word_1_56' title='bbox 531 405 657 442; x_wconf 89' lang='lat' dir='ltr'><strong>minus</strong></span> <span class='ocrx_word' id='word_1_57' title='bbox 685 405 723 441; x_wconf 90' lang='lat' dir='ltr'><strong>in</strong></span> <span class='ocrx_word' id='word_1_58' title='bbox 750 405 822 440; x_wconf 92' lang='lat' dir='ltr'><strong>hac</strong></span> <span class='ocrx_word' id='word_1_59' title='bbox 847 411 965 452; x_wconf 87' lang='lat' dir='ltr'><strong>parte.</strong></span> <span class='ocrx_word' id='word_1_60' title='bbox 1006 404 1121 450; x_wconf 90' lang='lat' dir='ltr'><strong>Quod</strong></span> <span class='ocrx_word' id='word_1_61' title='bbox 1155 411 1283 441; x_wconf 89' lang='lat' dir='ltr'><strong>autem</strong></span> <span class='ocrx_word' id='word_1_62' title='bbox 1312 404 1511 452; x_wconf 84' lang='lat' dir='ltr'>astrologia</span> <span class='ocrx_word' id='word_1_63' title='bbox 1544 405 1590 442; x_wconf 92' lang='lat' dir='ltr'><strong>sit</strong></span> 
     </span>
     <span class='ocr_line' id='line_1_20' title="bbox 529 456 1588 507; baseline 0.001 -13"><span class='ocrx_word' id='word_1_64' title='bbox 529 470 617 506; x_wconf 92' lang='lat' dir='ltr'><strong>pars</strong></span> <span class='ocrx_word' id='word_1_65' title='bbox 644 457 840 506; x_wconf 80' lang='lat' dir='ltr'>physicae,</span> <span class='ocrx_word' id='word_1_66' title='bbox 869 457 1006 504; x_wconf 90' lang='lat' dir='ltr'><strong>probat</strong></span> <span class='ocrx_word' id='word_1_67' title='bbox 1039 456 1244 505; x_wconf 86' lang='lat' dir='ltr'><strong>dupliciter.</strong></span> <span class='ocrx_word' id='word_1_68' title='bbox 1274 457 1404 494; x_wconf 85' lang='lat' dir='ltr'><strong>Primo</strong></span> <span class='ocrx_word' id='word_1_69' title='bbox 1433 457 1588 507; x_wconf 90' lang='lat' dir='ltr'><strong>quidem</strong></span> 
     </span>
     <span class='ocr_line' id='line_1_21' title="bbox 529 509 1587 558; baseline 0 -12"><span class='ocrx_word' id='word_1_70' title='bbox 529 522 598 558; x_wconf 90' lang='lat' dir='ltr'><strong>per</strong></span> <span class='ocrx_word' id='word_1_71' title='bbox 618 509 803 546; x_wconf 89' lang='lat' dir='ltr'><strong>rationem</strong></span> <span class='ocrx_word' id='word_1_72' title='bbox 818 509 942 545; x_wconf 89' lang='lat' dir='ltr'><strong>talem.</strong></span> <span class='ocrx_word' id='word_1_73' title='bbox 963 510 1024 546; x_wconf 92' lang='lat' dir='ltr'><strong>Ad</strong></span> <span class='ocrx_word' id='word_1_74' title='bbox 1045 521 1327 558; x_wconf 90' lang='lat' dir='ltr'><strong>quemcumque</strong></span> <span class='ocrx_word' id='word_1_75' title='bbox 1346 509 1507 558; x_wconf 85' lang='lat' dir='ltr'>pertinet</span> <span class='ocrx_word' id='word_1_76' title='bbox 1526 523 1587 547; x_wconf 90' lang='lat' dir='ltr'><strong>co-</strong></span> 
     </span>
     <span class='ocr_line' id='line_1_22' title="bbox 530 561 1587 611; baseline 0 -12"><span class='ocrx_word' id='word_1_77' title='bbox 530 574 710 610; x_wconf 87' lang='lat' dir='ltr'>gnoscere</span> <span class='ocrx_word' id='word_1_78' title='bbox 742 561 966 598; x_wconf 82' lang='lat' dir='ltr'>substantias</span> <span class='ocrx_word' id='word_1_79' title='bbox 995 569 1031 598; x_wconf 91' lang='lat' dir='ltr'><strong>et</strong></span> <span class='ocrx_word' id='word_1_80' title='bbox 1049 569 1198 598; x_wconf 85' lang='lat' dir='ltr'><strong>naturas</strong></span> <span class='ocrx_word' id='word_1_81' title='bbox 1217 562 1428 611; x_wconf 89' lang='lat' dir='ltr'><strong>aliquarum</strong></span> <span class='ocrx_word' id='word_1_82' title='bbox 1448 575 1587 610; x_wconf 89' lang='lat' dir='ltr'><strong>rerum,</strong></span> 
     </span>
     <span class='ocr_line' id='line_1_23' title="bbox 531 614 1588 662; baseline 0.002 -12"><span class='ocrx_word' id='word_1_83' title='bbox 531 615 579 651; x_wconf 91' lang='lat' dir='ltr'><strong>ad</strong></span> <span class='ocrx_word' id='word_1_84' title='bbox 609 627 697 650; x_wconf 91' lang='lat' dir='ltr'><strong>eum</strong></span> <span class='ocrx_word' id='word_1_85' title='bbox 727 614 840 650; x_wconf 90' lang='lat' dir='ltr'><strong>etiam</strong></span> <span class='ocrx_word' id='word_1_86' title='bbox 867 614 1028 662; x_wconf 82' lang='lat' dir='ltr'><strong>pertinet</strong></span> <span class='ocrx_word' id='word_1_87' title='bbox 1056 614 1293 651; x_wconf 90' lang='lat' dir='ltr'><strong>considerare</strong></span> <span class='ocrx_word' id='word_1_88' title='bbox 1314 615 1520 652; x_wconf 90' lang='lat' dir='ltr'><strong>accidentia</strong></span> <span class='ocrx_word' id='word_1_89' title='bbox 1548 616 1588 652; x_wconf 94' lang='lat' dir='ltr'><strong>il-</strong></span> 
     </span>
     <span class='ocr_line' id='line_1_24' title="bbox 529 666 1590 715; baseline 0.001 -12"><span class='ocrx_word' id='word_1_90' title='bbox 529 668 670 712; x_wconf 74' lang='lat' dir='ltr'><strong>larum,</strong></span> <span class='ocrx_word' id='word_1_91' title='bbox 695 666 762 703; x_wconf 90' lang='lat' dir='ltr'><strong>sed</strong></span> <span class='ocrx_word' id='word_1_92' title='bbox 781 667 830 703; x_wconf 92' lang='lat' dir='ltr'><strong>ad</strong></span> <span class='ocrx_word' id='word_1_93' title='bbox 858 667 1069 703; x_wconf 83' lang='lat' dir='ltr'><strong>naturalem</strong></span> <span class='ocrx_word' id='word_1_94' title='bbox 1088 667 1248 715; x_wconf 87' lang='lat' dir='ltr'><strong>pertinet</strong></span> <span class='ocrx_word' id='word_1_95' title='bbox 1267 667 1505 704; x_wconf 90' lang='lat' dir='ltr'><strong>considerare</strong></span> <span class='ocrx_word' id='word_1_96' title='bbox 1526 680 1590 704; x_wconf 91' lang='lat' dir='ltr'><strong>na-</strong></span> 
     </span>
     <span class='ocr_line' id='line_1_25' title="bbox 530 719 1590 767; baseline 0.002 -12"><span class='ocrx_word' id='word_1_97' title='bbox 530 727 654 755; x_wconf 87' lang='lat' dir='ltr'><strong>turam</strong></span> <span class='ocrx_word' id='word_1_98' title='bbox 693 726 729 755; x_wconf 89' lang='lat' dir='ltr'><strong>et</strong></span> <span class='ocrx_word' id='word_1_99' title='bbox 766 719 1012 755; x_wconf 81' lang='lat' dir='ltr'><strong>substantiam</strong></span> <span class='ocrx_word' id='word_1_100' title='bbox 1050 719 1139 757; x_wconf 91' lang='lat' dir='ltr'><strong>solis</strong></span> <span class='ocrx_word' id='word_1_101' title='bbox 1168 727 1204 756; x_wconf 91' lang='lat' dir='ltr'><strong>et</strong></span> <span class='ocrx_word' id='word_1_102' title='bbox 1231 720 1362 767; x_wconf 90' lang='lat' dir='ltr'><strong>lunae,</strong></span> <span class='ocrx_word' id='word_1_103' title='bbox 1394 733 1481 756; x_wconf 91' lang='lat' dir='ltr'><strong>cum</strong></span> <span class='ocrx_word' id='word_1_104' title='bbox 1519 721 1590 757; x_wconf 92' lang='lat' dir='ltr'><strong>sint</strong></span> 
     </span>
     <span class='ocr_line' id='line_1_26' title="bbox 531 771 1591 821; baseline 0.003 -14"><span class='ocrx_word' id='word_1_105' title='bbox 531 771 720 820; x_wconf 87' lang='lat' dir='ltr'><strong>quaedam</strong></span> <span class='ocrx_word' id='word_1_106' title='bbox 741 783 901 819; x_wconf 89' lang='lat' dir='ltr'><strong>corpora</strong></span> <span class='ocrx_word' id='word_1_107' title='bbox 919 772 1116 817; x_wconf 90' lang='lat' dir='ltr'><strong>naturalia;</strong></span> <span class='ocrx_word' id='word_1_108' title='bbox 1145 783 1233 819; x_wconf 90' lang='lat' dir='ltr'><strong>ergo</strong></span> <span class='ocrx_word' id='word_1_109' title='bbox 1254 772 1303 809; x_wconf 92' lang='lat' dir='ltr'><strong>ad</strong></span> <span class='ocrx_word' id='word_1_110' title='bbox 1323 785 1411 809; x_wconf 90' lang='lat' dir='ltr'><strong>eum</strong></span> <span class='ocrx_word' id='word_1_111' title='bbox 1430 772 1591 821; x_wconf 87' lang='lat' dir='ltr'><strong>pertinet</strong></span> 
     </span>
     <span class='ocr_line' id='line_1_27' title="bbox 532 823 1588 873; baseline 0.002 -13"><span class='ocrx_word' id='word_1_112' title='bbox 532 823 645 860; x_wconf 89' lang='lat' dir='ltr'><strong>etiarn</strong></span> <span class='ocrx_word' id='word_1_113' title='bbox 669 824 689 845; x_wconf 55' lang='lat'><strong>’³</strong></span> <span class='ocrx_word' id='word_1_114' title='bbox 717 823 955 860; x_wconf 88' lang='lat' dir='ltr'><strong>considerare</strong></span> <span class='ocrx_word' id='word_1_115' title='bbox 988 837 1057 872; x_wconf 91' lang='lat' dir='ltr'><strong>per</strong></span> <span class='ocrx_word' id='word_1_116' title='bbox 1094 835 1133 860; x_wconf 89' lang='lat' dir='ltr'><strong>se</strong></span> <span class='ocrx_word' id='word_1_117' title='bbox 1162 824 1369 861; x_wconf 89' lang='lat' dir='ltr'><strong>accidentia</strong></span> <span class='ocrx_word' id='word_1_118' title='bbox 1406 825 1588 873; x_wconf 86' lang='lat' dir='ltr'><strong>ipsorum.</strong></span> 
     </span>
     <span class='ocr_line' id='line_1_28' title="bbox 532 876 1590 926; baseline 0.003 -14"><span class='ocrx_word' id='word_1_119' title='bbox 532 877 618 913; x_wconf 93' lang='lat' dir='ltr'><strong>Hoc</strong></span> <span class='ocrx_word' id='word_1_120' title='bbox 647 876 759 912; x_wconf 89' lang='lat' dir='ltr'><strong>etiam</strong></span> <span class='ocrx_word' id='word_1_121' title='bbox 778 877 915 924; x_wconf 89' lang='lat' dir='ltr'><strong>probat</strong></span> <span class='ocrx_word' id='word_1_122' title='bbox 935 876 954 896; x_wconf 65' lang='lat'><strong>³²</strong></span> <span class='ocrx_word' id='word_1_123' title='bbox 985 889 1029 913; x_wconf 88' lang='lat' dir='ltr'><strong>ex</strong></span> <span class='ocrx_word' id='word_1_124' title='bbox 1055 877 1326 914; x_wconf 89' lang='lat' dir='ltr'><strong>consuetudine</strong></span> <span class='ocrx_word' id='word_1_125' title='bbox 1344 877 1590 926; x_wconf 92' lang='lat' dir='ltr'><strong>philosopho-</strong></span> 
     </span>
     <span class='ocr_line' id='line_1_29' title="bbox 531 928 1590 977; baseline 0.002 -12"><span class='ocrx_word' id='word_1_126' title='bbox 531 941 638 966; x_wconf 88' lang='lat' dir='ltr'><strong>rum:</strong></span> <span class='ocrx_word' id='word_1_127' title='bbox 669 941 759 965; x_wconf 90' lang='lat' dir='ltr'><strong>nam</strong></span> <span class='ocrx_word' id='word_1_128' title='bbox 787 928 1004 977; x_wconf 90' lang='lat' dir='ltr'><strong>philosophi</strong></span> <span class='ocrx_word' id='word_1_129' title='bbox 1032 930 1219 966; x_wconf 89' lang='lat' dir='ltr'><strong>naturales</strong></span> <span class='ocrx_word' id='word_1_130' title='bbox 1247 930 1490 967; x_wconf 86' lang='lat' dir='ltr'><strong>inveniuntur</strong></span> <span class='ocrx_word' id='word_1_131' title='bbox 1527 931 1590 968; x_wconf 94' lang='lat' dir='ltr'><strong>de-</strong></span> 
     </span>
     <span class='ocr_line' id='line_1_30' title="bbox 530 981 1591 1028; baseline 0.002 -10"><span class='ocrx_word' id='word_1_132' title='bbox 530 981 752 1018; x_wconf 87' lang='lat' dir='ltr'><strong>terminasse</strong></span> <span class='ocrx_word' id='word_1_133' title='bbox 781 981 828 1018; x_wconf 92' lang='lat' dir='ltr'><strong>de</strong></span> <span class='ocrx_word' id='word_1_134' title='bbox 861 982 982 1028; x_wconf 84' lang='lat' dir='ltr'><strong>figura</strong></span> <span class='ocrx_word' id='word_1_135' title='bbox 1018 981 1107 1018; x_wconf 88' lang='lat' dir='ltr'><strong>solis</strong></span> <span class='ocrx_word' id='word_1_136' title='bbox 1136 989 1172 1018; x_wconf 90' lang='lat' dir='ltr'><strong>et</strong></span> <span class='ocrx_word' id='word_1_137' title='bbox 1204 982 1316 1019; x_wconf 90' lang='lat' dir='ltr'><strong>lunae</strong></span> <span class='ocrx_word' id='word_1_138' title='bbox 1344 990 1380 1019; x_wconf 91' lang='lat' dir='ltr'><strong>et</strong></span> <span class='ocrx_word' id='word_1_139' title='bbox 1406 989 1526 1020; x_wconf 91' lang='lat' dir='ltr'><strong>terrae</strong></span> <span class='ocrx_word' id='word_1_140' title='bbox 1556 990 1591 1020; x_wconf 89' lang='lat' dir='ltr'><strong>et</strong></span> 
     </span>
     <span class='ocr_line' id='line_1_31' title="bbox 530 1033 1590 1082; baseline 0.002 -12"><span class='ocrx_word' id='word_1_141' title='bbox 530 1034 644 1070; x_wconf 89' lang='lat' dir='ltr'><strong>totius</strong></span> <span class='ocrx_word' id='word_1_142' title='bbox 671 1033 825 1080; x_wconf 90' lang='lat' dir='ltr'><strong>mundi,</strong></span> <span class='ocrx_word' id='word_1_143' title='bbox 859 1033 956 1070; x_wconf 91' lang='lat' dir='ltr'><strong>circa</strong></span> <span class='ocrx_word' id='word_1_144' title='bbox 984 1034 1089 1082; x_wconf 92' lang='lat' dir='ltr'><strong>quod</strong></span> <span class='ocrx_word' id='word_1_145' title='bbox 1116 1034 1266 1071; x_wconf 90' lang='lat' dir='ltr'><strong>insudat</strong></span> <span class='ocrx_word' id='word_1_146' title='bbox 1294 1035 1407 1072; x_wconf 90' lang='lat' dir='ltr'><strong>etiam</strong></span> <span class='ocrx_word' id='word_1_147' title='bbox 1435 1037 1590 1073; x_wconf 92' lang='lat' dir='ltr'><strong>astrolo-</strong></span> 
     </span>
     <span class='ocr_line' id='line_1_32' title="bbox 532 1085 1591 1135; baseline 0.003 -13"><span class='ocrx_word' id='word_1_148' title='bbox 532 1098 667 1134; x_wconf 91' lang='lat' dir='ltr'><strong>gorum</strong></span> <span class='ocrx_word' id='word_1_149' title='bbox 701 1086 869 1123; x_wconf 90' lang='lat' dir='ltr'><strong>intentio.</strong></span> <span class='ocrx_word' id='word_1_150' title='bbox 910 1085 972 1123; x_wconf 90' lang='lat' dir='ltr'><strong>Sic</strong></span> <span class='ocrx_word' id='word_1_151' title='bbox 1004 1087 1113 1135; x_wconf 86' lang='lat' dir='ltr'><strong>igitur</strong></span> <span class='ocrx_word' id='word_1_152' title='bbox 1140 1087 1340 1135; x_wconf 85' lang='lat' dir='ltr'><strong>astrologia</strong></span> <span class='ocrx_word' id='word_1_153' title='bbox 1367 1094 1404 1124; x_wconf 89' lang='lat' dir='ltr'><strong>et</strong></span> <span class='ocrx_word' id='word_1_154' title='bbox 1437 1088 1591 1125; x_wconf 89' lang='lat' dir='ltr'><strong>scientia</strong></span> 
     </span>
     <span class='ocr_line' id='line_1_33' title="bbox 530 1138 1591 1178; baseline 0.002 -2"><span class='ocrx_word' id='word_1_155' title='bbox 530 1138 708 1176; x_wconf 92' lang='lat' dir='ltr'><strong>naturalis</strong></span> <span class='ocrx_word' id='word_1_156' title='bbox 738 1138 970 1175; x_wconf 90' lang='lat' dir='ltr'><strong>conveniunt</strong></span> <span class='ocrx_word' id='word_1_157' title='bbox 1002 1151 1081 1176; x_wconf 91' lang='lat' dir='ltr'><strong>non</strong></span> <span class='ocrx_word' id='word_1_158' title='bbox 1109 1140 1234 1176; x_wconf 90' lang='lat' dir='ltr'><strong>solum</strong></span> <span class='ocrx_word' id='word_1_159' title='bbox 1261 1139 1300 1176; x_wconf 91' lang='lat' dir='ltr'><strong>in</strong></span> <span class='ocrx_word' id='word_1_160' title='bbox 1329 1140 1472 1177; x_wconf 85' lang='lat' dir='ltr'><strong>eisdem</strong></span> <span class='ocrx_word' id='word_1_161' title='bbox 1505 1142 1591 1178; x_wconf 90' lang='lat' dir='ltr'><strong>sub-</strong></span> 
     </span>
     <span class='ocr_line' id='line_1_34' title="bbox 532 1190 1590 1238; baseline 0.003 -11"><span class='ocrx_word' id='word_1_162' title='bbox 532 1191 634 1228; x_wconf 89' lang='lat' dir='ltr'><strong>iectis</strong></span> <span class='ocrx_word' id='word_1_163' title='bbox 654 1191 693 1238; x_wconf 66' lang='lat'><strong>²¹⁵,</strong></span> <span class='ocrx_word' id='word_1_164' title='bbox 724 1190 792 1227; x_wconf 91' lang='lat' dir='ltr'><strong>sed</strong></span> <span class='ocrx_word' id='word_1_165' title='bbox 826 1191 939 1227; x_wconf 87' lang='lat' dir='ltr'><strong>etiam</strong></span> <span class='ocrx_word' id='word_1_166' title='bbox 971 1191 1010 1228; x_wconf 90' lang='lat' dir='ltr'><strong>in</strong></span> <span class='ocrx_word' id='word_1_167' title='bbox 1045 1191 1344 1229; x_wconf 88' lang='lat' dir='ltr'><strong>consideratione</strong></span> <span class='ocrx_word' id='word_1_168' title='bbox 1380 1193 1590 1230; x_wconf 89' lang='lat' dir='ltr'><strong>eorundem</strong></span> 
     </span>
     <span class='ocr_line' id='line_1_35' title="bbox 532 1243 1590 1291; baseline 0.002 -10"><span class='ocrx_word' id='word_1_169' title='bbox 532 1243 801 1291; x_wconf 88' lang='lat' dir='ltr'><strong>accidentium,</strong></span> <span class='ocrx_word' id='word_1_170' title='bbox 841 1251 877 1280; x_wconf 93' lang='lat' dir='ltr'><strong>et</strong></span> <span class='ocrx_word' id='word_1_171' title='bbox 913 1243 951 1280; x_wconf 92' lang='lat' dir='ltr'><strong>in</strong></span> <span class='ocrx_word' id='word_1_172' title='bbox 974 1244 994 1264; x_wconf 69' lang='lat'><strong>²²</strong></span> <span class='ocrx_word' id='word_1_173' title='bbox 1024 1244 1345 1282; x_wconf 87' lang='lat' dir='ltr'><strong>demonstratione</strong></span> <span class='ocrx_word' id='word_1_174' title='bbox 1384 1246 1590 1283; x_wconf 90' lang='lat' dir='ltr'><strong>earundem</strong></span> 
     </span>
     <span class='ocr_line' id='line_1_36' title="bbox 533 1296 1592 1346; baseline 0.004 -14"><span class='ocrx_word' id='word_1_175' title='bbox 533 1296 833 1333; x_wconf 88' lang='lat' dir='ltr'><strong>conclusionum.</strong></span> <span class='ocrx_word' id='word_1_176' title='bbox 873 1296 983 1333; x_wconf 88' lang='lat' dir='ltr'><strong>Unde</strong></span> <span class='ocrx_word' id='word_1_177' title='bbox 1011 1297 1161 1334; x_wconf 87' lang='lat' dir='ltr'><strong>videtur</strong></span> <span class='ocrx_word' id='word_1_178' title='bbox 1189 1298 1293 1346; x_wconf 93' lang='lat' dir='ltr'><strong>quod</strong></span> <span class='ocrx_word' id='word_1_179' title='bbox 1321 1298 1520 1346; x_wconf 83' lang='lat' dir='ltr'><strong>astrologia</strong></span> <span class='ocrx_word' id='word_1_180' title='bbox 1547 1299 1592 1336; x_wconf 89' lang='lat' dir='ltr'><strong>sit</strong></span> 
     </span>
     <span class='ocr_line' id='line_1_37' title="bbox 531 1349 1590 1399; baseline 0.003 -14"><span class='ocrx_word' id='word_1_181' title='bbox 531 1361 619 1398; x_wconf 91' lang='lat' dir='ltr'><strong>pars</strong></span> <span class='ocrx_word' id='word_1_182' title='bbox 646 1349 845 1397; x_wconf 87' lang='lat' dir='ltr'><strong>physicae;</strong></span> <span class='ocrx_word' id='word_1_183' title='bbox 884 1357 921 1385; x_wconf 92' lang='lat' dir='ltr'><strong>et</strong></span> <span class='ocrx_word' id='word_1_184' title='bbox 950 1362 1020 1398; x_wconf 91' lang='lat' dir='ltr'><strong>per</strong></span> <span class='ocrx_word' id='word_1_185' title='bbox 1053 1362 1289 1399; x_wconf 81' lang='lat' dir='ltr'><strong>consequens</strong></span> <span class='ocrx_word' id='word_1_186' title='bbox 1322 1351 1479 1399; x_wconf 85' lang='lat' dir='ltr'><strong>physica</strong></span> <span class='ocrx_word' id='word_1_187' title='bbox 1513 1364 1590 1388; x_wconf 93' lang='lat' dir='ltr'><strong>non</strong></span> 
     </span>
     <span class='ocr_line' id='line_1_38' title="bbox 532 1401 1223 1439; baseline 0.001 -1"><span class='ocrx_word' id='word_1_188' title='bbox 532 1401 693 1438; x_wconf 88' lang='lat' dir='ltr'><strong>totaliter</strong></span> <span class='ocrx_word' id='word_1_189' title='bbox 721 1401 868 1438; x_wconf 85' lang='lat' dir='ltr'><strong>differat</strong></span> <span class='ocrx_word' id='word_1_190' title='bbox 896 1413 918 1437; x_wconf 89' lang='lat' dir='ltr'><strong>a</strong></span> <span class='ocrx_word' id='word_1_191' title='bbox 946 1403 1223 1439; x_wconf 89' lang='lat' dir='ltr'><strong>mathematica.</strong></span> 
     </span>
    </p>

    <p class='ocr_par' dir='ltr' id='par_1_12' title="bbox 534 1454 1594 1868">
     <span class='ocr_line' id='line_1_39' title="bbox 589 1454 1591 1504; baseline 0.002 -14"><span class='ocrx_word' id='word_1_192' title='bbox 589 1455 622 1491; x_wconf 87' lang='lat'><strong>3.</strong></span> <span class='ocrx_word' id='word_1_193' title='bbox 643 1454 790 1491; x_wconf 92' lang='lat' dir='ltr'><strong>Deinde</strong></span> <span class='ocrx_word' id='word_1_194' title='bbox 820 1466 907 1490; x_wconf 92' lang='lat' dir='ltr'><strong>cum</strong></span> <span class='ocrx_word' id='word_1_195' title='bbox 934 1454 1040 1490; x_wconf 87' lang='lat' dir='ltr'><strong>dicit:</strong></span> <span class='ocrx_word' id='word_1_196' title='bbox 1061 1456 1120 1491; x_wconf 91' lang='lat' dir='ltr'><strong>De</strong></span> <span class='ocrx_word' id='word_1_197' title='bbox 1138 1456 1194 1491; x_wconf 84' lang='lat' dir='ltr'><strong>his</strong></span> <span class='ocrx_word' id='word_1_198' title='bbox 1212 1455 1359 1502; x_wconf 86' lang='lat' dir='ltr'><strong>quidem</strong></span> <span class='ocrx_word' id='word_1_199' title='bbox 1379 1455 1495 1504; x_wconf 84' lang='lat' dir='ltr'><strong>igitur</strong></span> <span class='ocrx_word' id='word_1_200' title='bbox 1509 1463 1591 1503; x_wconf 92' lang='lat' dir='ltr'><strong>etc.,</strong></span> 
     </span>
     <span class='ocr_line' id='line_1_40' title="bbox 534 1506 1592 1555; baseline 0 -11"><span class='ocrx_word' id='word_1_201' title='bbox 534 1507 646 1544; x_wconf 89' lang='lat' dir='ltr'><strong>solvit</strong></span> <span class='ocrx_word' id='word_1_202' title='bbox 672 1506 923 1554; x_wconf 89' lang='lat' dir='ltr'><strong>praemissam</strong></span> <span class='ocrx_word' id='word_1_203' title='bbox 942 1507 1216 1555; x_wconf 91' lang='lat' dir='ltr'><strong>quaestionem.</strong></span> <span class='ocrx_word' id='word_1_204' title='bbox 1238 1508 1286 1543; x_wconf 90' lang='lat' dir='ltr'><strong>Et</strong></span> <span class='ocrx_word' id='word_1_205' title='bbox 1306 1506 1403 1543; x_wconf 91' lang='lat' dir='ltr'><strong>circa</strong></span> <span class='ocrx_word' id='word_1_206' title='bbox 1421 1508 1496 1544; x_wconf 92' lang='lat' dir='ltr'><strong>hoc</strong></span> <span class='ocrx_word' id='word_1_207' title='bbox 1515 1507 1592 1544; x_wconf 93' lang='lat' dir='ltr'><strong>duo</strong></span> 
     </span>
     <span class='ocr_line' id='line_1_41' title="bbox 534 1558 1593 1607; baseline 0 -11"><span class='ocrx_word' id='word_1_208' title='bbox 534 1560 640 1596; x_wconf 88' lang='lat' dir='ltr'><strong>facit:</strong></span> <span class='ocrx_word' id='word_1_209' title='bbox 669 1559 793 1607; x_wconf 92' lang='lat' dir='ltr'><strong>primo</strong></span> <span class='ocrx_word' id='word_1_210' title='bbox 831 1558 939 1606; x_wconf 90' lang='lat' dir='ltr'><strong>ponit</strong></span> <span class='ocrx_word' id='word_1_211' title='bbox 971 1559 1220 1604; x_wconf 88' lang='lat' dir='ltr'><strong>solutionem;</strong></span> <span class='ocrx_word' id='word_1_212' title='bbox 1250 1559 1418 1596; x_wconf 89' lang='lat' dir='ltr'><strong>secundo</strong></span> <span class='ocrx_word' id='word_1_213' title='bbox 1457 1561 1593 1597; x_wconf 90' lang='lat' dir='ltr'><strong>confir-</strong></span> 
     </span>
     <span class='ocr_line' id='line_1_42' title="bbox 535 1610 1592 1661; baseline 0.002 -13"><span class='ocrx_word' id='word_1_214' title='bbox 535 1619 614 1648; x_wconf 90' lang='lat' dir='ltr'><strong>mat</strong></span> <span class='ocrx_word' id='word_1_215' title='bbox 642 1624 744 1658; x_wconf 89' lang='lat' dir='ltr'><strong>earn,</strong></span> <span class='ocrx_word' id='word_1_216' title='bbox 765 1610 832 1647; x_wconf 88' lang='lat' dir='ltr'><strong>ibi:</strong></span> <span class='ocrx_word' id='word_1_217' title='bbox 860 1611 944 1647; x_wconf 86' lang='lat' dir='ltr'><strong>Fiet</strong></span> <span class='ocrx_word' id='word_1_218' title='bbox 960 1617 1083 1647; x_wconf 80' lang='lat' dir='ltr'><strong>autem</strong></span> <span class='ocrx_word' id='word_1_219' title='bbox 1109 1611 1232 1659; x_wconf 86' lang='lat' dir='ltr'><strong>utique</strong></span> <span class='ocrx_word' id='word_1_220' title='bbox 1251 1611 1271 1632; x_wconf 87' lang='grc'><strong>*</strong></span> <span class='ocrx_word' id='word_1_221' title='bbox 1301 1619 1369 1649; x_wconf 88' lang='lat' dir='ltr'><strong>etc.</strong></span> <span class='ocrx_word' id='word_1_222' title='bbox 1391 1612 1501 1649; x_wconf 88' lang='lat' dir='ltr'><strong>Circa</strong></span> <span class='ocrx_word' id='word_1_223' title='bbox 1518 1613 1592 1661; x_wconf 89' lang='lat' dir='ltr'><strong>pri-</strong></span> 
     </span>
     <span class='ocr_line' id='line_1_43' title="bbox 535 1662 1592 1712; baseline 0.002 -12"><span class='ocrx_word' id='word_1_224' title='bbox 535 1676 643 1700; x_wconf 91' lang='lat' dir='ltr'><strong>mum</strong></span> <span class='ocrx_word' id='word_1_225' title='bbox 672 1663 741 1700; x_wconf 90' lang='lat' dir='ltr'><strong>tria</strong></span> <span class='ocrx_word' id='word_1_226' title='bbox 773 1662 878 1699; x_wconf 86' lang='lat' dir='ltr'><strong>facit:</strong></span> <span class='ocrx_word' id='word_1_227' title='bbox 910 1662 1035 1711; x_wconf 90' lang='lat' dir='ltr'><strong>primo</strong></span> <span class='ocrx_word' id='word_1_228' title='bbox 1074 1664 1187 1701; x_wconf 90' lang='lat' dir='ltr'><strong>solvit</strong></span> <span class='ocrx_word' id='word_1_229' title='bbox 1217 1664 1502 1712; x_wconf 61' lang='lat' dir='ltr'><strong>quaestionem</strong></span> <span class='ocrx_word' id='word_1_230' title='bbox 1536 1678 1592 1702; x_wconf 93' lang='lat' dir='ltr'><strong>se-</strong></span> 
     </span>
     <span class='ocr_line' id='line_1_44' title="bbox 535 1715 1592 1766; baseline 0.001 -13"><span class='ocrx_word' id='word_1_231' title='bbox 535 1717 660 1754; x_wconf 93' lang='lat' dir='ltr'><strong>cundo</strong></span> <span class='ocrx_word' id='word_1_232' title='bbox 690 1715 879 1752; x_wconf 90' lang='lat' dir='ltr'><strong>concludit</strong></span> <span class='ocrx_word' id='word_1_233' title='bbox 898 1716 1094 1763; x_wconf 89' lang='lat' dir='ltr'><strong>quoddam</strong></span> <span class='ocrx_word' id='word_1_234' title='bbox 1115 1716 1355 1753; x_wconf 89' lang='lat' dir='ltr'><strong>corollarium</strong></span> <span class='ocrx_word' id='word_1_235' title='bbox 1375 1729 1421 1754; x_wconf 84' lang='lat' dir='ltr'><strong>ex</strong></span> <span class='ocrx_word' id='word_1_236' title='bbox 1442 1718 1592 1766; x_wconf 88' lang='lat' dir='ltr'><strong>praedi-</strong></span> 
     </span>
     <span class='ocr_line' id='line_1_45' title="bbox 535 1768 1594 1817; baseline 0 -11"><span class='ocrx_word' id='word_1_237' title='bbox 535 1769 622 1817; x_wconf 89' lang='lat' dir='ltr'><strong>ctis,</strong></span> <span class='ocrx_word' id='word_1_238' title='bbox 652 1769 723 1805; x_wconf 88' lang='lat' dir='ltr'><strong>ibi:</strong></span> <span class='ocrx_word' id='word_1_239' title='bbox 758 1768 864 1805; x_wconf 86' lang='lat' dir='ltr'><strong>Unde</strong></span> <span class='ocrx_word' id='word_1_240' title='bbox 891 1773 927 1804; x_wconf 88' lang='lat' dir='ltr'><strong>et</strong></span> <span class='ocrx_word' id='word_1_241' title='bbox 951 1769 1168 1805; x_wconf 80' lang='lat' dir='ltr'><strong>abstrahit*</strong></span> <span class='ocrx_word' id='word_1_242' title='bbox 1188 1775 1274 1814; x_wconf 86' lang='lat' dir='ltr'><strong>etc.;</strong></span> <span class='ocrx_word' id='word_1_243' title='bbox 1295 1769 1402 1805; x_wconf 88' lang='lat' dir='ltr'><strong>tertio</strong></span> <span class='ocrx_word' id='word_1_244' title='bbox 1433 1770 1594 1808; x_wconf 86' lang='lat' dir='ltr'><strong>excludit</strong></span> 
     </span>
     <span class='ocr_line' id='line_1_46' title="bbox 535 1821 1349 1868; baseline -0.001 -10"><span class='ocrx_word' id='word_1_245' title='bbox 535 1833 724 1868; x_wconf 88' lang='lat' dir='ltr'><strong>errorem,</strong></span> <span class='ocrx_word' id='word_1_246' title='bbox 754 1821 826 1857; x_wconf 89' lang='lat' dir='ltr'><strong>ibi:</strong></span> <span class='ocrx_word' id='word_1_247' title='bbox 856 1821 965 1856; x_wconf 87' lang='lat' dir='ltr'><strong>Latet</strong></span> <span class='ocrx_word' id='word_1_248' title='bbox 990 1827 1114 1857; x_wconf 85' lang='lat' dir='ltr'><strong>autem</strong></span> <span class='ocrx_word' id='word_1_249' title='bbox 1142 1822 1212 1857; x_wconf 85' lang='lat' dir='ltr'><strong>hoc</strong></span> <span class='ocrx_word' id='word_1_250' title='bbox 1231 1821 1251 1841; x_wconf 85' lang='lat'><em>*</em></span> <span class='ocrx_word' id='word_1_251' title='bbox 1282 1829 1349 1857; x_wconf 91' lang='lat' dir='ltr'><strong>etc.</strong></span> 
     </span>
    </p>

    <p class='ocr_par' dir='ltr' id='par_1_13' title="bbox 533 1868 1595 2437">
     <span class='ocr_line' id='line_1_47' title="bbox 587 1868 1592 1922; baseline 0 -12"><span class='ocrx_word' id='word_1_252' title='bbox 587 1886 623 1920; x_wconf 87' lang='lat'><strong>4.</strong></span> <span class='ocrx_word' id='word_1_253' title='bbox 641 1873 740 1910; x_wconf 92' lang='lat' dir='ltr'><strong>Dicit</strong></span> <span class='ocrx_word' id='word_1_254' title='bbox 755 1868 844 1919; x_wconf 89' lang='lat' dir='ltr'><strong>ergo</strong></span> <span class='ocrx_word' id='word_1_255' title='bbox 858 1873 983 1921; x_wconf 90' lang='lat' dir='ltr'><strong>primo</strong></span> <span class='ocrx_word' id='word_1_256' title='bbox 1009 1873 1113 1922; x_wconf 90' lang='lat' dir='ltr'><strong>quod</strong></span> <span class='ocrx_word' id='word_1_257' title='bbox 1128 1874 1416 1910; x_wconf 90' lang='lat' dir='ltr'><strong>mathematicus</strong></span> <span class='ocrx_word' id='word_1_258' title='bbox 1437 1881 1473 1910; x_wconf 91' lang='lat' dir='ltr'><strong>et</strong></span> <span class='ocrx_word' id='word_1_259' title='bbox 1486 1881 1592 1910; x_wconf 91' lang='lat' dir='ltr'><strong>natu-</strong></span> 
     </span>
     <span class='ocr_line' id='line_1_48' title="bbox 534 1925 1594 1975; baseline 0 -12"><span class='ocrx_word' id='word_1_260' title='bbox 534 1926 619 1963; x_wconf 90' lang='lat' dir='ltr'><strong>ralis</strong></span> <span class='ocrx_word' id='word_1_261' title='bbox 649 1925 900 1962; x_wconf 89' lang='lat' dir='ltr'><strong>determinant</strong></span> <span class='ocrx_word' id='word_1_262' title='bbox 929 1925 975 1962; x_wconf 90' lang='lat' dir='ltr'><strong>de</strong></span> <span class='ocrx_word' id='word_1_263' title='bbox 1005 1926 1149 1962; x_wconf 88' lang='lat' dir='ltr'><strong>eisdem</strong></span> <span class='ocrx_word' id='word_1_264' title='bbox 1165 1926 1195 1972; x_wconf 52' lang='lat'><strong>³³,</strong></span> <span class='ocrx_word' id='word_1_265' title='bbox 1216 1925 1355 1962; x_wconf 90' lang='lat' dir='ltr'><strong>scilicet</strong></span> <span class='ocrx_word' id='word_1_266' title='bbox 1372 1927 1533 1975; x_wconf 89' lang='lat' dir='ltr'><strong>punctis,</strong></span> <span class='ocrx_word' id='word_1_267' title='bbox 1554 1926 1594 1963; x_wconf 93' lang='lat' dir='ltr'><strong>li-</strong></span> 
     </span>
     <span class='ocr_line' id='line_1_49' title="bbox 533 1978 1594 2026; baseline 0.001 -11"><span class='ocrx_word' id='word_1_268' title='bbox 533 1979 614 2016; x_wconf 91' lang='lat' dir='ltr'><strong>neis</strong></span> <span class='ocrx_word' id='word_1_269' title='bbox 643 1986 679 2015; x_wconf 90' lang='lat' dir='ltr'><strong>et</strong></span> <span class='ocrx_word' id='word_1_270' title='bbox 707 1978 980 2026; x_wconf 89' lang='lat' dir='ltr'><strong>superficiebus</strong></span> <span class='ocrx_word' id='word_1_271' title='bbox 1008 1986 1045 2015; x_wconf 90' lang='lat' dir='ltr'><strong>et</strong></span> <span class='ocrx_word' id='word_1_272' title='bbox 1071 1978 1303 2026; x_wconf 90' lang='lat' dir='ltr'><strong>huiusmodi,</strong></span> <span class='ocrx_word' id='word_1_273' title='bbox 1328 1979 1396 2015; x_wconf 92' lang='lat' dir='ltr'><strong>sed</strong></span> <span class='ocrx_word' id='word_1_274' title='bbox 1423 1991 1503 2016; x_wconf 90' lang='lat' dir='ltr'><strong>non</strong></span> <span class='ocrx_word' id='word_1_275' title='bbox 1531 1992 1594 2016; x_wconf 92' lang='lat' dir='ltr'><strong>eo-</strong></span> 
     </span>
     <span class='ocr_line' id='line_1_50' title="bbox 534 2030 1595 2080; baseline -0.001 -11"><span class='ocrx_word' id='word_1_276' title='bbox 534 2033 623 2069; x_wconf 90' lang='lat' dir='ltr'><strong>dem</strong></span> <span class='ocrx_word' id='word_1_277' title='bbox 653 2031 783 2068; x_wconf 88' lang='lat' dir='ltr'><strong>modo.</strong></span> <span class='ocrx_word' id='word_1_278' title='bbox 805 2031 896 2066; x_wconf 91' lang='lat' dir='ltr'><strong>Non</strong></span> <span class='ocrx_word' id='word_1_279' title='bbox 925 2031 1027 2066; x_wconf 90' lang='lat' dir='ltr'><strong>enim</strong></span> <span class='ocrx_word' id='word_1_280' title='bbox 1053 2030 1341 2067; x_wconf 90' lang='lat' dir='ltr'><strong>mathematicus</strong></span> <span class='ocrx_word' id='word_1_281' title='bbox 1370 2031 1595 2080; x_wconf 88' lang='lat' dir='ltr'><strong>determinat</strong></span> 
     </span>
     <span class='ocr_line' id='line_1_51' title="bbox 534 2084 1593 2132; baseline 0 -11"><span class='ocrx_word' id='word_1_282' title='bbox 534 2084 580 2121; x_wconf 90' lang='lat' dir='ltr'><strong>de</strong></span> <span class='ocrx_word' id='word_1_283' title='bbox 611 2084 664 2120; x_wconf 91' lang='lat' dir='ltr'><strong>eis</strong></span> <span class='ocrx_word' id='word_1_284' title='bbox 691 2084 916 2132; x_wconf 88' lang='lat' dir='ltr'><strong>inquantum</strong></span> <span class='ocrx_word' id='word_1_285' title='bbox 943 2084 1246 2132; x_wconf 89' lang='lat' dir='ltr'><strong>unumquodque</strong></span> <span class='ocrx_word' id='word_1_286' title='bbox 1277 2096 1411 2120; x_wconf 88' lang='lat' dir='ltr'><strong>eorum</strong></span> <span class='ocrx_word' id='word_1_287' title='bbox 1441 2091 1495 2121; x_wconf 91' lang='lat' dir='ltr'><strong>est</strong></span> <span class='ocrx_word' id='word_1_288' title='bbox 1522 2092 1593 2121; x_wconf 91' lang='lat' dir='ltr'><strong>ter-</strong></span> 
     </span>
     <span class='ocr_line' id='line_1_52' title="bbox 534 2136 1594 2185; baseline 0.001 -12"><span class='ocrx_word' id='word_1_289' title='bbox 534 2137 659 2173; x_wconf 89' lang='lat' dir='ltr'><strong>minus</strong></span> <span class='ocrx_word' id='word_1_290' title='bbox 697 2136 865 2185; x_wconf 91' lang='lat' dir='ltr'><strong>corporis</strong></span> <span class='ocrx_word' id='word_1_291' title='bbox 902 2136 1101 2183; x_wconf 90' lang='lat' dir='ltr'><strong>naturalis;</strong></span> <span class='ocrx_word' id='word_1_292' title='bbox 1131 2148 1256 2184; x_wconf 90' lang='lat' dir='ltr'><strong>neque</strong></span> <span class='ocrx_word' id='word_1_293' title='bbox 1300 2137 1512 2174; x_wconf 90' lang='lat' dir='ltr'><strong>considerat</strong></span> <span class='ocrx_word' id='word_1_294' title='bbox 1549 2150 1594 2174; x_wconf 91' lang='lat' dir='ltr'><strong>ea</strong></span> 
     </span>
     <span class='ocr_line' id='line_1_53' title="bbox 534 2188 1592 2238; baseline 0 -12"><span class='ocrx_word' id='word_1_295' title='bbox 534 2202 632 2238; x_wconf 89' lang='lat' dir='ltr'><strong>quae</strong></span> <span class='ocrx_word' id='word_1_296' title='bbox 653 2189 827 2225; x_wconf 91' lang='lat' dir='ltr'><strong>accidunt</strong></span> <span class='ocrx_word' id='word_1_297' title='bbox 850 2188 904 2225; x_wconf 90' lang='lat' dir='ltr'><strong>eis</strong></span> <span class='ocrx_word' id='word_1_298' title='bbox 927 2188 1152 2236; x_wconf 89' lang='lat' dir='ltr'><strong>inquantum</strong></span> <span class='ocrx_word' id='word_1_299' title='bbox 1175 2196 1262 2225; x_wconf 92' lang='lat' dir='ltr'><strong>sunt</strong></span> <span class='ocrx_word' id='word_1_300' title='bbox 1286 2189 1434 2226; x_wconf 86' lang='lat' dir='ltr'><strong>termini</strong></span> <span class='ocrx_word' id='word_1_301' title='bbox 1459 2202 1592 2238; x_wconf 87' lang='lat' dir='ltr'><strong>corpo-</strong></span> 
     </span>
     <span class='ocr_line' id='line_1_54' title="bbox 534 2241 1594 2290; baseline 0.001 -12"><span class='ocrx_word' id='word_1_302' title='bbox 534 2242 583 2278; x_wconf 88' lang='lat' dir='ltr'><strong>ris</strong></span> <span class='ocrx_word' id='word_1_303' title='bbox 611 2242 808 2287; x_wconf 81' lang='lat' dir='ltr'><strong>naturalis3</strong></span> <span class='ocrx_word' id='word_1_304' title='bbox 828 2253 897 2290; x_wconf 91' lang='lat' dir='ltr'><strong>per</strong></span> <span class='ocrx_word' id='word_1_305' title='bbox 916 2253 1031 2290; x_wconf 90' lang='lat' dir='ltr'><strong>quern</strong></span> <span class='ocrx_word' id='word_1_306' title='bbox 1056 2241 1217 2278; x_wconf 89' lang='lat' dir='ltr'><strong>modum</strong></span> <span class='ocrx_word' id='word_1_307' title='bbox 1238 2241 1285 2278; x_wconf 94' lang='lat' dir='ltr'><strong>de</strong></span> <span class='ocrx_word' id='word_1_308' title='bbox 1306 2242 1357 2278; x_wconf 91' lang='lat' dir='ltr'><strong>eis</strong></span> <span class='ocrx_word' id='word_1_309' title='bbox 1382 2242 1594 2279; x_wconf 88' lang='lat' dir='ltr'><strong>considerat</strong></span> 
     </span>
     <span class='ocr_line' id='line_1_55' title="bbox 535 2294 1593 2332; baseline 0.001 -1"><span class='ocrx_word' id='word_1_310' title='bbox 535 2295 688 2331; x_wconf 90' lang='lat' dir='ltr'><strong>scientia</strong></span> <span class='ocrx_word' id='word_1_311' title='bbox 725 2294 912 2330; x_wconf 89' lang='lat' dir='ltr'><strong>naturalis.</strong></span> <span class='ocrx_word' id='word_1_312' title='bbox 944 2294 1035 2330; x_wconf 92' lang='lat' dir='ltr'><strong>Non</strong></span> <span class='ocrx_word' id='word_1_313' title='bbox 1070 2302 1124 2330; x_wconf 90' lang='lat' dir='ltr'><strong>est</strong></span> <span class='ocrx_word' id='word_1_314' title='bbox 1157 2301 1284 2330; x_wconf 90' lang='lat' dir='ltr'><strong>autem</strong></span> <span class='ocrx_word' id='word_1_315' title='bbox 1321 2294 1593 2332; x_wconf 87' lang='lat' dir='ltr'><strong>inconveniens</strong></span> 
     </span>
     <span class='ocr_line' id='line_1_56' title="bbox 534 2346 1591 2396; baseline 0 -12"><span class='ocrx_word' id='word_1_316' title='bbox 534 2347 639 2396; x_wconf 92' lang='lat' dir='ltr'><strong>quod</strong></span> <span class='ocrx_word' id='word_1_317' title='bbox 667 2347 770 2384; x_wconf 89' lang='lat' dir='ltr'><strong>idem</strong></span> <span class='ocrx_word' id='word_1_318' title='bbox 800 2347 908 2383; x_wconf 88' lang='lat' dir='ltr'><strong>cadat</strong></span> <span class='ocrx_word' id='word_1_319' title='bbox 936 2347 1006 2382; x_wconf 94' lang='lat' dir='ltr'><strong>sub</strong></span> <span class='ocrx_word' id='word_1_320' title='bbox 1027 2346 1327 2383; x_wconf 88' lang='lat' dir='ltr'><strong>consideratione</strong></span> <span class='ocrx_word' id='word_1_321' title='bbox 1357 2347 1591 2384; x_wconf 87' lang='lat' dir='ltr'><strong>diversarum</strong></span> 
     </span>
     <span class='ocr_line' id='line_1_57' title="bbox 535 2399 1591 2437; baseline 0.001 -1"><span class='ocrx_word' id='word_1_322' title='bbox 535 2400 777 2437; x_wconf 90' lang='lat' dir='ltr'><strong>scientiarum</strong></span> <span class='ocrx_word' id='word_1_323' title='bbox 812 2399 1023 2436; x_wconf 90' lang='lat' dir='ltr'><strong>secundum</strong></span> <span class='ocrx_word' id='word_1_324' title='bbox 1057 2399 1224 2436; x_wconf 87' lang='lat' dir='ltr'><strong>diversas</strong></span> <span class='ocrx_word' id='word_1_325' title='bbox 1260 2399 1591 2437; x_wconf 89' lang='lat' dir='ltr'><strong>considerationes.</strong></span> 
     </span>
    </p>

    <p class='ocr_par' dir='ltr' id='par_1_14' title="bbox 535 2452 1592 2554">
     <span class='ocr_line' id='line_1_58' title="bbox 592 2452 1592 2500; baseline -0.001 -10"><span class='ocrx_word' id='word_1_326' title='bbox 592 2454 623 2490; x_wconf 88' lang='lat'><strong>5.</strong></span> <span class='ocrx_word' id='word_1_327' title='bbox 641 2453 788 2489; x_wconf 89' lang='lat' dir='ltr'><strong>Deinde</strong></span> <span class='ocrx_word' id='word_1_328' title='bbox 810 2464 898 2488; x_wconf 91' lang='lat' dir='ltr'><strong>cum</strong></span> <span class='ocrx_word' id='word_1_329' title='bbox 914 2452 1017 2488; x_wconf 89' lang='lat' dir='ltr'><strong>dicit:</strong></span> <span class='ocrx_word' id='word_1_330' title='bbox 1043 2453 1148 2489; x_wconf 87' lang='lat' dir='ltr'><strong>Unde</strong></span> <span class='ocrx_word' id='word_1_331' title='bbox 1163 2458 1199 2488; x_wconf 90' lang='lat' dir='ltr'><strong>et</strong></span> <span class='ocrx_word' id='word_1_332' title='bbox 1210 2453 1391 2489; x_wconf 83' lang='lat' dir='ltr'><strong>abstrahit</strong></span> <span class='ocrx_word' id='word_1_333' title='bbox 1404 2459 1485 2500; x_wconf 61' lang='lat' dir='ltr'><strong>ete„</strong></span> <span class='ocrx_word' id='word_1_334' title='bbox 1503 2465 1592 2489; x_wconf 89' lang='lat' dir='ltr'><strong>con-</strong></span> 
     </span>
     <span class='ocr_line' id='line_1_59' title="bbox 535 2504 1592 2554; baseline 0.001 -13"><span class='ocrx_word' id='word_1_335' title='bbox 535 2505 648 2542; x_wconf 89' lang='lat' dir='ltr'><strong>cludit</strong></span> <span class='ocrx_word' id='word_1_336' title='bbox 667 2504 863 2554; x_wconf 89' lang='lat' dir='ltr'><strong>quoddam</strong></span> <span class='ocrx_word' id='word_1_337' title='bbox 886 2506 905 2526; x_wconf 86' lang='lat'><strong>*</strong></span> <span class='ocrx_word' id='word_1_338' title='bbox 933 2505 1171 2541; x_wconf 91' lang='lat' dir='ltr'><strong>corollarium</strong></span> <span class='ocrx_word' id='word_1_339' title='bbox 1192 2517 1237 2541; x_wconf 87' lang='lat' dir='ltr'><strong>ex</strong></span> <span class='ocrx_word' id='word_1_340' title='bbox 1255 2504 1467 2553; x_wconf 88' lang='lat' dir='ltr'><strong>praedictis.</strong></span> <span class='ocrx_word' id='word_1_341' title='bbox 1493 2505 1592 2551; x_wconf 89' lang='lat' dir='ltr'><strong>Quia</strong></span> 
     </span>
    </p>
   </div>
   <div class='ocr_carea' id='block_1_11' title="bbox 500 2557 1593 2606">
    <p class='ocr_par' dir='ltr' id='par_1_15' title="bbox 500 2557 1593 2606">
     <span class='ocr_line' id='line_1_60' title="bbox 500 2557 1593 2606; baseline 0 -12"><span class='ocrx_word' id='word_1_342' title='bbox 500 2582 505 2587; x_wconf 91' lang='lat'>-</span> <span class='ocrx_word' id='word_1_343' title='bbox 535 2558 636 2594; x_wconf 91' lang='lat' dir='ltr'><strong>enim</strong></span> <span class='ocrx_word' id='word_1_344' title='bbox 669 2557 957 2594; x_wconf 88' lang='lat' dir='ltr'><strong>mathematicus</strong></span> <span class='ocrx_word' id='word_1_345' title='bbox 993 2557 1204 2594; x_wconf 90' lang='lat' dir='ltr'><strong>considerat</strong></span> <span class='ocrx_word' id='word_1_346' title='bbox 1235 2558 1353 2594; x_wconf 91' lang='lat' dir='ltr'><strong>lineas</strong></span> <span class='ocrx_word' id='word_1_347' title='bbox 1386 2565 1422 2594; x_wconf 94' lang='lat' dir='ltr'><strong>et</strong></span> <span class='ocrx_word' id='word_1_348' title='bbox 1452 2565 1593 2606; x_wconf 87' lang='lat' dir='ltr'><strong>puncta</strong></span> 
     </span>
    </p>
   </div>
   <div class='ocr_carea' id='block_1_12' title="bbox 535 2610 1591 2658">
    <p class='ocr_par' dir='ltr' id='par_1_16' title="bbox 535 2610 1591 2658">
     <span class='ocr_line' id='line_1_61' title="bbox 535 2610 1591 2658; baseline -0.001 -11"><span class='ocrx_word' id='word_1_349' title='bbox 535 2618 570 2647; x_wconf 90' lang='lat' dir='ltr'><strong>et</strong></span> <span class='ocrx_word' id='word_1_350' title='bbox 589 2610 808 2658; x_wconf 90' lang='lat' dir='ltr'><strong>superficies</strong></span> <span class='ocrx_word' id='word_1_351' title='bbox 829 2618 864 2646; x_wconf 90' lang='lat' dir='ltr'><strong>et</strong></span> <span class='ocrx_word' id='word_1_352' title='bbox 882 2610 1102 2646; x_wconf 91' lang='lat' dir='ltr'><strong>huiusmodi</strong></span> <span class='ocrx_word' id='word_1_353' title='bbox 1130 2618 1165 2646; x_wconf 90' lang='lat' dir='ltr'><strong>et</strong></span> <span class='ocrx_word' id='word_1_354' title='bbox 1186 2611 1206 2630; x_wconf 65' lang='lat'><strong>²⁸</strong></span> <span class='ocrx_word' id='word_1_355' title='bbox 1231 2610 1437 2646; x_wconf 91' lang='lat' dir='ltr'><strong>accidentia</strong></span> <span class='ocrx_word' id='word_1_356' title='bbox 1457 2622 1591 2646; x_wconf 92' lang='lat' dir='ltr'><strong>eorum</strong></span> 
     </span>
    </p>
   </div>
   <div class='ocr_carea' id='block_1_13' title="bbox 480 2662 1590 2711">
    <p class='ocr_par' dir='ltr' id='par_1_17' title="bbox 480 2662 1590 2711">
     <span class='ocr_line' id='line_1_62' title="bbox 480 2662 1590 2711; baseline -0.002 -11"><span class='ocrx_word' id='word_1_357' title='bbox 480 2691 485 2695; x_wconf 87' lang='lat'><em>-</em></span> <span class='ocrx_word' id='word_1_358' title='bbox 533 2676 612 2700; x_wconf 92' lang='lat' dir='ltr'><strong>non</strong></span> <span class='ocrx_word' id='word_1_359' title='bbox 640 2663 863 2711; x_wconf 87' lang='lat' dir='ltr'><strong>inquantum</strong></span> <span class='ocrx_word' id='word_1_360' title='bbox 901 2670 987 2699; x_wconf 91' lang='lat' dir='ltr'><strong>sunt</strong></span> <span class='ocrx_word' id='word_1_361' title='bbox 1015 2662 1163 2699; x_wconf 89' lang='lat' dir='ltr'><strong>termini</strong></span> <span class='ocrx_word' id='word_1_362' title='bbox 1192 2662 1360 2710; x_wconf 90' lang='lat' dir='ltr'><strong>corporis</strong></span> <span class='ocrx_word' id='word_1_363' title='bbox 1393 2662 1590 2709; x_wconf 88' lang='lat' dir='ltr'><strong>naturalis,</strong></span> 
     </span>
    </p>
   </div>
   <div class='ocr_carea' id='block_1_14' title="bbox 533 2714 1591 2815">
    <p class='ocr_par' dir='ltr' id='par_1_18' title="bbox 533 2714 1591 2815">
     <span class='ocr_line' id='line_1_63' title="bbox 533 2714 1591 2753; baseline -0.002 -1"><span class='ocrx_word' id='word_1_364' title='bbox 533 2716 619 2753; x_wconf 92' lang='lat' dir='ltr'><strong>ideo</strong></span> <span class='ocrx_word' id='word_1_365' title='bbox 641 2715 773 2752; x_wconf 90' lang='lat' dir='ltr'><strong>dicitur</strong></span> <span class='ocrx_word' id='word_1_366' title='bbox 793 2716 1009 2751; x_wconf 87' lang='lat' dir='ltr'><strong>abstrahere</strong></span> <span class='ocrx_word' id='word_1_367' title='bbox 1029 2727 1051 2751; x_wconf 89' lang='lat' dir='ltr'><strong>a</strong></span> <span class='ocrx_word' id='word_1_368' title='bbox 1071 2714 1228 2751; x_wconf 91' lang='lat' dir='ltr'><strong>materia</strong></span> <span class='ocrx_word' id='word_1_369' title='bbox 1247 2714 1411 2751; x_wconf 89' lang='lat' dir='ltr'><strong>sensibili</strong></span> <span class='ocrx_word' id='word_1_370' title='bbox 1432 2721 1468 2750; x_wconf 89' lang='lat' dir='ltr'><strong>et</strong></span> <span class='ocrx_word' id='word_1_371' title='bbox 1485 2722 1591 2751; x_wconf 85' lang='lat' dir='ltr'><strong>natu-</strong></span> 
     </span>
     <span class='ocr_line' id='line_1_64' title="bbox 534 2767 1590 2815; baseline 0 -11"><span class='ocrx_word' id='word_1_372' title='bbox 534 2768 611 2804; x_wconf 89' lang='lat' dir='ltr'><strong>rali.</strong></span> <span class='ocrx_word' id='word_1_373' title='bbox 642 2769 690 2805; x_wconf 92' lang='lat' dir='ltr'><strong>Et</strong></span> <span class='ocrx_word' id='word_1_374' title='bbox 719 2780 831 2804; x_wconf 91' lang='lat' dir='ltr'><strong>causa</strong></span> <span class='ocrx_word' id='word_1_375' title='bbox 860 2780 976 2815; x_wconf 91' lang='lat' dir='ltr'><strong>quare</strong></span> <span class='ocrx_word' id='word_1_376' title='bbox 1004 2774 1126 2814; x_wconf 90' lang='lat' dir='ltr'><strong>potest</strong></span> <span class='ocrx_word' id='word_1_377' title='bbox 1144 2767 1164 2786; x_wconf 63' lang='lat'><strong>²¹⁵</strong></span> <span class='ocrx_word' id='word_1_378' title='bbox 1183 2767 1409 2814; x_wconf 80' lang='lat' dir='ltr'><strong>abstrahere,</strong></span> <span class='ocrx_word' id='word_1_379' title='bbox 1432 2774 1487 2803; x_wconf 93' lang='lat' dir='ltr'><strong>est</strong></span> <span class='ocrx_word' id='word_1_380' title='bbox 1505 2767 1590 2804; x_wconf 87' lang='lat' dir='ltr'><strong>ista:</strong></span> 
     </span>
    </p>
   </div>
   <div class='ocr_carea' id='block_1_15' title="bbox 486 2820 1590 2869">
    <p class='ocr_par' dir='ltr' id='par_1_19' title="bbox 486 2820 1590 2869">
     <span class='ocr_line' id='line_1_65' title="bbox 486 2820 1590 2869; baseline -0.001 -12"><span class='ocrx_word' id='word_1_381' title='bbox 486 2839 497 2853; x_wconf 86' lang='lat' dir='ltr'><strong>e</strong></span> <span class='ocrx_word' id='word_1_382' title='bbox 535 2821 623 2869; x_wconf 91' lang='lat' dir='ltr'><strong>quia</strong></span> <span class='ocrx_word' id='word_1_383' title='bbox 643 2820 854 2857; x_wconf 91' lang='lat' dir='ltr'><strong>secundum</strong></span> <span class='ocrx_word' id='word_1_384' title='bbox 875 2820 1103 2855; x_wconf 89' lang='lat' dir='ltr'><strong>intellectum</strong></span> <span class='ocrx_word' id='word_1_385' title='bbox 1123 2826 1210 2855; x_wconf 91' lang='lat' dir='ltr'><strong>sunt</strong></span> <span class='ocrx_word' id='word_1_386' title='bbox 1229 2820 1413 2855; x_wconf 90' lang='lat' dir='ltr'><strong>abstracta</strong></span> <span class='ocrx_word' id='word_1_387' title='bbox 1428 2832 1449 2856; x_wconf 93' lang='lat' dir='ltr'><strong>a</strong></span> <span class='ocrx_word' id='word_1_388' title='bbox 1469 2827 1590 2856; x_wconf 83' lang='lat' dir='ltr'><strong>motu.</strong></span> 
     </span>
    </p>
   </div>
   <div class='ocr_carea' id='block_1_16' title="bbox 535 2871 1594 3446">
    <p class='ocr_par' dir='ltr' id='par_1_20' title="bbox 535 2871 1594 3446">
     <span class='ocr_line' id='line_1_66' title="bbox 587 2871 1591 2910; baseline -0.001 -1"><span class='ocrx_word' id='word_1_389' title='bbox 587 2873 648 2910; x_wconf 92' lang='lat' dir='ltr'><strong>Ad</strong></span> <span class='ocrx_word' id='word_1_390' title='bbox 677 2873 782 2908; x_wconf 91' lang='lat' dir='ltr'><strong>cuius</strong></span> <span class='ocrx_word' id='word_1_391' title='bbox 811 2884 946 2908; x_wconf 88' lang='lat' dir='ltr'><strong>causae</strong></span> <span class='ocrx_word' id='word_1_392' title='bbox 966 2872 986 2892; x_wconf 67' lang='lat'><strong>&#39;⁸</strong></span> <span class='ocrx_word' id='word_1_393' title='bbox 1015 2871 1243 2908; x_wconf 82' lang='lat' dir='ltr'><strong>evidentiam</strong></span> <span class='ocrx_word' id='word_1_394' title='bbox 1273 2871 1591 2909; x_wconf 88' lang='lat' dir='ltr'><strong>considerandum</strong></span> 
     </span>
     <span class='ocr_line' id='line_1_67' title="bbox 536 2923 1591 2973; baseline -0.001 -11"><span class='ocrx_word' id='word_1_395' title='bbox 536 2933 590 2962; x_wconf 90' lang='lat' dir='ltr'><strong>est</strong></span> <span class='ocrx_word' id='word_1_396' title='bbox 619 2925 723 2973; x_wconf 92' lang='lat' dir='ltr'><strong>quod</strong></span> <span class='ocrx_word' id='word_1_397' title='bbox 751 2925 869 2960; x_wconf 90' lang='lat' dir='ltr'><strong>multa</strong></span> <span class='ocrx_word' id='word_1_398' title='bbox 897 2931 983 2960; x_wconf 93' lang='lat' dir='ltr'><strong>sunt</strong></span> <span class='ocrx_word' id='word_1_399' title='bbox 1015 2923 1214 2960; x_wconf 89' lang='lat' dir='ltr'><strong>coniuncta</strong></span> <span class='ocrx_word' id='word_1_400' title='bbox 1250 2925 1461 2960; x_wconf 89' lang='lat' dir='ltr'><strong>secundum</strong></span> <span class='ocrx_word' id='word_1_401' title='bbox 1490 2937 1591 2972; x_wconf 90' lang='lat' dir='ltr'><strong>rem,</strong></span> 
     </span>
     <span class='ocr_line' id='line_1_68' title="bbox 535 2976 1594 3025; baseline 0 -12"><span class='ocrx_word' id='word_1_402' title='bbox 535 2989 698 3025; x_wconf 89' lang='lat' dir='ltr'><strong>quorum</strong></span> <span class='ocrx_word' id='word_1_403' title='bbox 726 2989 847 3013; x_wconf 92' lang='lat' dir='ltr'><strong>unum</strong></span> <span class='ocrx_word' id='word_1_404' title='bbox 867 2989 944 3012; x_wconf 91' lang='lat' dir='ltr'><strong>non</strong></span> <span class='ocrx_word' id='word_1_405' title='bbox 964 2984 1019 3012; x_wconf 92' lang='lat' dir='ltr'><strong>est</strong></span> <span class='ocrx_word' id='word_1_406' title='bbox 1039 2976 1085 3012; x_wconf 91' lang='lat' dir='ltr'><strong>de</strong></span> <span class='ocrx_word' id='word_1_407' title='bbox 1104 2976 1291 3013; x_wconf 89' lang='lat' dir='ltr'><strong>intellectu</strong></span> <span class='ocrx_word' id='word_1_408' title='bbox 1311 2976 1478 3013; x_wconf 89' lang='lat' dir='ltr'><strong>alterius:</strong></span> <span class='ocrx_word' id='word_1_409' title='bbox 1499 2977 1594 3013; x_wconf 88' lang='lat' dir='ltr'><strong>sicut</strong></span> 
     </span>
     <span class='ocr_line' id='line_1_69' title="bbox 536 3029 1592 3078; baseline -0.001 -12"><span class='ocrx_word' id='word_1_410' title='bbox 536 3030 664 3066; x_wconf 92' lang='lat' dir='ltr'><strong>album</strong></span> <span class='ocrx_word' id='word_1_411' title='bbox 694 3036 729 3065; x_wconf 91' lang='lat' dir='ltr'><strong>et</strong></span> <span class='ocrx_word' id='word_1_412' title='bbox 748 3029 936 3065; x_wconf 90' lang='lat' dir='ltr'><strong>musicum</strong></span> <span class='ocrx_word' id='word_1_413' title='bbox 967 3029 1242 3076; x_wconf 89' lang='lat' dir='ltr'><strong>coniunguntur</strong></span> <span class='ocrx_word' id='word_1_414' title='bbox 1261 3029 1299 3065; x_wconf 93' lang='lat' dir='ltr'><strong>in</strong></span> <span class='ocrx_word' id='word_1_415' title='bbox 1323 3029 1448 3078; x_wconf 90' lang='lat' dir='ltr'><strong>aliquo</strong></span> <span class='ocrx_word' id='word_1_416' title='bbox 1470 3029 1592 3066; x_wconf 90' lang='lat' dir='ltr'><strong>subie-</strong></span> 
     </span>
     <span class='ocr_line' id='line_1_70' title="bbox 536 3081 1590 3129; baseline 0.001 -12"><span class='ocrx_word' id='word_1_417' title='bbox 536 3090 608 3128; x_wconf 86' lang='lat' dir='ltr'><strong>cto,</strong></span> <span class='ocrx_word' id='word_1_418' title='bbox 630 3089 666 3118; x_wconf 93' lang='lat' dir='ltr'><strong>et</strong></span> <span class='ocrx_word' id='word_1_419' title='bbox 685 3089 812 3118; x_wconf 91' lang='lat' dir='ltr'><strong>tamen</strong></span> <span class='ocrx_word' id='word_1_420' title='bbox 840 3093 959 3118; x_wconf 89' lang='lat' dir='ltr'><strong>unum</strong></span> <span class='ocrx_word' id='word_1_421' title='bbox 982 3093 1060 3118; x_wconf 91' lang='lat' dir='ltr'><strong>non</strong></span> <span class='ocrx_word' id='word_1_422' title='bbox 1081 3089 1135 3117; x_wconf 90' lang='lat' dir='ltr'><strong>est</strong></span> <span class='ocrx_word' id='word_1_423' title='bbox 1156 3081 1202 3117; x_wconf 90' lang='lat' dir='ltr'><strong>de</strong></span> <span class='ocrx_word' id='word_1_424' title='bbox 1223 3081 1410 3118; x_wconf 90' lang='lat' dir='ltr'><strong>intellectu</strong></span> <span class='ocrx_word' id='word_1_425' title='bbox 1429 3082 1590 3129; x_wconf 90' lang='lat' dir='ltr'><strong>alterius,</strong></span> 
     </span>
     <span class='ocr_line' id='line_1_71' title="bbox 537 3133 1590 3183; baseline 0 -13"><span class='ocrx_word' id='word_1_426' title='bbox 537 3142 572 3171; x_wconf 91' lang='lat' dir='ltr'><strong>et</strong></span> <span class='ocrx_word' id='word_1_427' title='bbox 591 3134 676 3170; x_wconf 90' lang='lat' dir='ltr'><strong>ideo</strong></span> <span class='ocrx_word' id='word_1_428' title='bbox 696 3142 821 3183; x_wconf 90' lang='lat' dir='ltr'><strong>potest</strong></span> <span class='ocrx_word' id='word_1_429' title='bbox 839 3146 958 3170; x_wconf 89' lang='lat' dir='ltr'><strong>unum</strong></span> <span class='ocrx_word' id='word_1_430' title='bbox 979 3134 1179 3182; x_wconf 90' lang='lat' dir='ltr'><strong>separatim</strong></span> <span class='ocrx_word' id='word_1_431' title='bbox 1200 3133 1350 3181; x_wconf 87' lang='lat' dir='ltr'><strong>intelligi</strong></span> <span class='ocrx_word' id='word_1_432' title='bbox 1370 3133 1450 3171; x_wconf 92' lang='lat' dir='ltr'><strong>sine</strong></span> <span class='ocrx_word' id='word_1_433' title='bbox 1469 3134 1541 3171; x_wconf 92' lang='lat' dir='ltr'><strong>alio</strong></span> <span class='ocrx_word' id='word_1_434' title='bbox 1561 3135 1590 3170; x_wconf 86' lang='grc'><strong>*.</strong></span> 
     </span>
     <span class='ocr_line' id='line_1_72' title="bbox 536 3187 1591 3223; baseline 0 0"><span class='ocrx_word' id='word_1_435' title='bbox 536 3187 584 3223; x_wconf 91' lang='lat' dir='ltr'><strong>Et</strong></span> <span class='ocrx_word' id='word_1_436' title='bbox 603 3187 677 3223; x_wconf 93' lang='lat' dir='ltr'><strong>hoc</strong></span> <span class='ocrx_word' id='word_1_437' title='bbox 697 3194 751 3223; x_wconf 92' lang='lat' dir='ltr'><strong>est</strong></span> <span class='ocrx_word' id='word_1_438' title='bbox 769 3199 889 3223; x_wconf 90' lang='lat' dir='ltr'><strong>unum</strong></span> <span class='ocrx_word' id='word_1_439' title='bbox 914 3187 1140 3223; x_wconf 88' lang='lat' dir='ltr'><strong>intellectum</strong></span> <span class='ocrx_word' id='word_1_440' title='bbox 1156 3187 1175 3207; x_wconf 66' lang='lat'><strong>’³‘</strong></span> <span class='ocrx_word' id='word_1_441' title='bbox 1195 3199 1276 3223; x_wconf 89' lang='lat' dir='ltr'><strong>esse</strong></span> <span class='ocrx_word' id='word_1_442' title='bbox 1296 3187 1524 3223; x_wconf 88' lang='lat' dir='ltr'><strong>abstractum</strong></span> <span class='ocrx_word' id='word_1_443' title='bbox 1545 3187 1591 3223; x_wconf 90' lang='lat' dir='ltr'><strong>ab</strong></span> 
     </span>
     <span class='ocr_line' id='line_1_73' title="bbox 535 3239 1593 3287; baseline 0 -12"><span class='ocrx_word' id='word_1_444' title='bbox 535 3239 620 3275; x_wconf 90' lang='lat' dir='ltr'><strong>alio.</strong></span> <span class='ocrx_word' id='word_1_445' title='bbox 642 3239 886 3276; x_wconf 89' lang='lat' dir='ltr'><strong>Manifestum</strong></span> <span class='ocrx_word' id='word_1_446' title='bbox 916 3246 971 3275; x_wconf 91' lang='lat' dir='ltr'><strong>est</strong></span> <span class='ocrx_word' id='word_1_447' title='bbox 999 3247 1125 3280; x_wconf 88' lang='lat' dir='ltr'><strong>autem</strong></span> <span class='ocrx_word' id='word_1_448' title='bbox 1146 3239 1249 3287; x_wconf 91' lang='lat' dir='ltr'><strong>quod</strong></span> <span class='ocrx_word' id='word_1_449' title='bbox 1277 3239 1487 3287; x_wconf 90' lang='lat' dir='ltr'><strong>posteriora</strong></span> <span class='ocrx_word' id='word_1_450' title='bbox 1514 3252 1593 3276; x_wconf 92' lang='lat' dir='ltr'><strong>non</strong></span> 
     </span>
     <span class='ocr_line' id='line_1_74' title="bbox 536 3291 1592 3340; baseline 0 -12"><span class='ocrx_word' id='word_1_451' title='bbox 536 3299 621 3328; x_wconf 90' lang='lat' dir='ltr'><strong>sunt</strong></span> <span class='ocrx_word' id='word_1_452' title='bbox 651 3291 698 3328; x_wconf 87' lang='lat' dir='ltr'><strong>de</strong></span> <span class='ocrx_word' id='word_1_453' title='bbox 727 3292 914 3328; x_wconf 87' lang='lat' dir='ltr'><strong>intellectu</strong></span> <span class='ocrx_word' id='word_1_454' title='bbox 931 3291 1114 3340; x_wconf 88' lang='lat' dir='ltr'><strong>priorum,</strong></span> <span class='ocrx_word' id='word_1_455' title='bbox 1135 3292 1201 3328; x_wconf 91' lang='lat' dir='ltr'><strong>sed</strong></span> <span class='ocrx_word' id='word_1_456' title='bbox 1221 3304 1242 3328; x_wconf 90' lang='lat' dir='ltr'><strong>e</strong></span> <span class='ocrx_word' id='word_1_457' title='bbox 1263 3303 1465 3329; x_wconf 86' lang='lat' dir='ltr'><strong>converso:</strong></span> <span class='ocrx_word' id='word_1_458' title='bbox 1490 3291 1592 3328; x_wconf 91' lang='lat' dir='ltr'><strong>unde</strong></span> 
     </span>
     <span class='ocr_line' id='line_1_75' title="bbox 535 3343 1592 3393; baseline -0.001 -12"><span class='ocrx_word' id='word_1_459' title='bbox 535 3344 661 3391; x_wconf 87' lang='lat' dir='ltr'><strong>priora</strong></span> <span class='ocrx_word' id='word_1_460' title='bbox 679 3352 839 3393; x_wconf 90' lang='lat' dir='ltr'><strong>possunt</strong></span> <span class='ocrx_word' id='word_1_461' title='bbox 866 3344 1015 3392; x_wconf 88' lang='lat' dir='ltr'><strong>intelligi</strong></span> <span class='ocrx_word' id='word_1_462' title='bbox 1044 3344 1123 3381; x_wconf 87' lang='lat' dir='ltr'><strong>sine</strong></span> <span class='ocrx_word' id='word_1_463' title='bbox 1146 3343 1429 3392; x_wconf 81' lang='lat' dir='ltr'><strong>posterioribus,</strong></span> <span class='ocrx_word' id='word_1_464' title='bbox 1451 3352 1487 3380; x_wconf 89' lang='lat' dir='ltr'><strong>et</strong></span> <span class='ocrx_word' id='word_1_465' title='bbox 1516 3357 1592 3381; x_wconf 91' lang='lat' dir='ltr'><strong>non</strong></span> 
     </span>
     <span class='ocr_line' id='line_1_76' title="bbox 537 3396 1592 3446; baseline 0.002 -15"><span class='ocrx_word' id='word_1_466' title='bbox 537 3408 557 3431; x_wconf 89' lang='lat' dir='ltr'><strong>e</strong></span> <span class='ocrx_word' id='word_1_467' title='bbox 578 3409 774 3434; x_wconf 82' lang='lat' dir='ltr'><strong>converSO.</strong></span> <span class='ocrx_word' id='word_1_468' title='bbox 802 3397 905 3434; x_wconf 87' lang='lat' dir='ltr'><strong>Sicut</strong></span> <span class='ocrx_word' id='word_1_469' title='bbox 923 3405 1025 3446; x_wconf 88' lang='lat' dir='ltr'><strong>patet</strong></span> <span class='ocrx_word' id='word_1_470' title='bbox 1045 3397 1149 3446; x_wconf 92' lang='lat' dir='ltr'><strong>quod</strong></span> <span class='ocrx_word' id='word_1_471' title='bbox 1169 3397 1307 3434; x_wconf 87' lang='lat' dir='ltr'><strong>animal</strong></span> <span class='ocrx_word' id='word_1_472' title='bbox 1328 3404 1383 3433; x_wconf 89' lang='lat' dir='ltr'><strong>est</strong></span> <span class='ocrx_word' id='word_1_473' title='bbox 1401 3396 1503 3446; x_wconf 89' lang='lat' dir='ltr'><strong>prius</strong></span> <span class='ocrx_word' id='word_1_474' title='bbox 1523 3397 1592 3433; x_wconf 92' lang='lat' dir='ltr'><strong>ho-</strong></span> 
     </span>
    </p>
   </div>
   <div class='ocr_carea' id='block_1_17' title="bbox 537 3544 1590 3614">
    <p class='ocr_par' dir='ltr' id='par_1_21' title="bbox 537 3544 1590 3614">
     <span class='ocr_line' id='line_1_77' title="bbox 590 3544 1590 3577; baseline 0.003 -9"><span class='ocrx_word' id='word_1_475' title='bbox 590 3544 617 3577; x_wconf 89' lang='grc' dir='ltr'><strong>α)</strong></span> <span class='ocrx_word' id='word_1_476' title='bbox 637 3545 778 3570; x_wconf 70' lang='lat' dir='ltr'><strong>subiectam</strong></span> <span class='ocrx_word' id='word_1_477' title='bbox 798 3546 888 3571; x_wconf 83' lang='lat' dir='ltr'><strong>motui.</strong></span> <span class='ocrx_word' id='word_1_478' title='bbox 903 3560 920 3565; x_wconf 90' lang='lat'><strong>—-</strong></span> <span class='ocrx_word' id='word_1_479' title='bbox 934 3546 1098 3571; x_wconf 78' lang='lat' dir='ltr'><strong>coniunctam</strong></span> <span class='ocrx_word' id='word_1_480' title='bbox 1119 3546 1202 3572; x_wconf 81' lang='lat' dir='ltr'><strong>motui</strong></span> <span class='ocrx_word' id='word_1_481' title='bbox 1226 3545 1464 3576; x_wconf 81' lang='lat' dir='ltr'><strong>ACIKOQTVXY3</strong></span> <span class='ocrx_word' id='word_1_482' title='bbox 1483 3546 1590 3571; x_wconf 83' lang='lat' dir='ltr'><strong>coniun-</strong></span> 
     </span>
     <span class='ocr_line' id='line_1_78' title="bbox 537 3579 1589 3614; baseline 0.005 -12"><span class='ocrx_word' id='word_1_483' title='bbox 537 3581 605 3603; x_wconf 80' lang='lat' dir='ltr'><strong>ctam</strong></span> <span class='ocrx_word' id='word_1_484' title='bbox 625 3579 660 3603; x_wconf 86' lang='lat' dir='ltr'><strong>al.</strong></span> <span class='ocrx_word' id='word_1_485' title='bbox 675 3579 838 3605; x_wconf 81' lang='lat' dir='ltr'><strong>subiunctam</strong></span> <span class='ocrx_word' id='word_1_486' title='bbox 865 3581 948 3606; x_wconf 75' lang='lat' dir='ltr'><strong>motui</strong></span> <span class='ocrx_word' id='word_1_487' title='bbox 966 3582 991 3605; x_wconf 88' lang='lat' dir='ltr'><strong>S.</strong></span> <span class='ocrx_word' id='word_1_488' title='bbox 1011 3596 1030 3601; x_wconf 88' lang='lat'>—</span> <span class='ocrx_word' id='word_1_489' title='bbox 1051 3582 1107 3606; x_wconf 84' lang='lat' dir='ltr'><strong>Lin.</strong></span> <span class='ocrx_word' id='word_1_490' title='bbox 1122 3589 1177 3614; x_wconf 86' lang='lat' dir='ltr'><strong>seq.</strong></span> <span class='ocrx_word' id='word_1_491' title='bbox 1197 3589 1243 3614; x_wconf 87' lang='lat' dir='ltr'><strong>pro</strong></span> <span class='ocrx_word' id='word_1_492' title='bbox 1258 3584 1347 3613; x_wconf 78' lang='lat' dir='ltr'><strong>potest</strong></span> <span class='ocrx_word' id='word_1_493' title='bbox 1369 3588 1400 3606; x_wconf 87' lang='lat' dir='ltr'><strong>ea</strong></span> <span class='ocrx_word' id='word_1_494' title='bbox 1422 3581 1589 3611; x_wconf 78' lang='lat' dir='ltr'><strong>abstrahere,</strong></span> 
     </span>
    </p>
   </div>
   <div class='ocr_carea' id='block_1_18' title="bbox 1166 258 2068 311">
    <p class='ocr_par' dir='ltr' id='par_1_22' title="bbox 1166 258 2068 311">
     <span class='ocr_line' id='line_1_79' title="bbox 1166 258 2068 311; baseline -0.002 -1"><span class='ocrx_word' id='word_1_495' title='bbox 1166 272 1509 311; x_wconf 84' lang='lat' dir='ltr'><strong>PHYSICORUM</strong></span> <span class='ocrx_word' id='word_1_496' title='bbox 1535 258 1882 311; x_wconf 78' lang='lat' dir='ltr'>ARISTOTELIS</span> <span class='ocrx_word' id='word_1_497' title='bbox 1912 273 2005 309; x_wconf 88' lang='lat' dir='ltr'><strong>LIB.</strong></span> <span class='ocrx_word' id='word_1_498' title='bbox 2036 273 2068 308; x_wconf 94' lang='lat'><strong>11</strong></span> 
     </span>
    </p>
   </div>
   <div class='ocr_carea' id='block_1_19' title="bbox 1643 351 2755 664">
    <p class='ocr_par' dir='ltr' id='par_1_23' title="bbox 1643 351 2702 664">
     <span class='ocr_line' id='line_1_80' title="bbox 1643 351 2702 401; baseline 0.001 -12"><span class='ocrx_word' id='word_1_499' title='bbox 1643 352 1758 400; x_wconf 90' lang='lat' dir='ltr'><strong>mine,</strong></span> <span class='ocrx_word' id='word_1_500' title='bbox 1775 360 1811 389; x_wconf 91' lang='lat' dir='ltr'><strong>et</strong></span> <span class='ocrx_word' id='word_1_501' title='bbox 1829 353 1948 389; x_wconf 90' lang='lat' dir='ltr'><strong>homo</strong></span> <span class='ocrx_word' id='word_1_502' title='bbox 1969 360 2025 389; x_wconf 91' lang='lat' dir='ltr'><strong>est</strong></span> <span class='ocrx_word' id='word_1_503' title='bbox 2043 351 2147 401; x_wconf 90' lang='lat' dir='ltr'><strong>prius</strong></span> <span class='ocrx_word' id='word_1_504' title='bbox 2162 352 2236 389; x_wconf 91' lang='lat' dir='ltr'><strong>hoc</strong></span> <span class='ocrx_word' id='word_1_505' title='bbox 2254 351 2410 390; x_wconf 91' lang='lat' dir='ltr'><strong>homine</strong></span> <span class='ocrx_word' id='word_1_506' title='bbox 2426 354 2530 400; x_wconf 90' lang='lat' dir='ltr'><strong>(nam</strong></span> <span class='ocrx_word' id='word_1_507' title='bbox 2549 354 2668 390; x_wconf 91' lang='lat' dir='ltr'><strong>homo</strong></span> <span class='ocrx_word' id='word_1_508' title='bbox 2683 355 2702 375; x_wconf 69' lang='lat'><strong>&#39;¹‘</strong></span> 
     </span>
     <span class='ocr_line' id='line_1_81' title="bbox 1644 397 2755 453; baseline 0.002 -12"><span class='ocrx_word' id='word_1_509' title='bbox 1644 417 1684 442; x_wconf 92' lang='lat' dir='ltr'><strong>se</strong></span> <span class='ocrx_word' id='word_1_510' title='bbox 1712 405 1826 442; x_wconf 89' lang='lat' dir='ltr'><strong>habet</strong></span> <span class='ocrx_word' id='word_1_511' title='bbox 1855 417 1899 441; x_wconf 88' lang='lat' dir='ltr'><strong>ex</strong></span> <span class='ocrx_word' id='word_1_512' title='bbox 1933 405 2125 442; x_wconf 89' lang='lat' dir='ltr'><strong>additione</strong></span> <span class='ocrx_word' id='word_1_513' title='bbox 2154 405 2203 442; x_wconf 92' lang='lat' dir='ltr'><strong>ad</strong></span> <span class='ocrx_word' id='word_1_514' title='bbox 2240 405 2395 453; x_wconf 86' lang='lat' dir='ltr'><strong>animal,</strong></span> <span class='ocrx_word' id='word_1_515' title='bbox 2423 413 2459 443; x_wconf 91' lang='lat' dir='ltr'><strong>et</strong></span> <span class='ocrx_word' id='word_1_516' title='bbox 2485 406 2547 443; x_wconf 90' lang='lat' dir='ltr'><strong>hic</strong></span> <span class='ocrx_word' id='word_1_517' title='bbox 2580 397 2755 443; x_wconf 66' lang='lat' dir='ltr'><strong>homom</strong></span> 
     </span>
     <span class='ocr_line' id='line_1_82' title="bbox 1644 457 2699 506; baseline 0.001 -12"><span class='ocrx_word' id='word_1_518' title='bbox 1644 470 1689 494; x_wconf 88' lang='lat' dir='ltr'><strong>ex</strong></span> <span class='ocrx_word' id='word_1_519' title='bbox 1717 457 1908 495; x_wconf 89' lang='lat' dir='ltr'><strong>additione</strong></span> <span class='ocrx_word' id='word_1_520' title='bbox 1928 458 1976 494; x_wconf 92' lang='lat' dir='ltr'><strong>ad</strong></span> <span class='ocrx_word' id='word_1_521' title='bbox 1995 458 2220 504; x_wconf 86' lang='lat' dir='ltr'><strong>hominem);</strong></span> <span class='ocrx_word' id='word_1_522' title='bbox 2241 465 2278 494; x_wconf 90' lang='lat' dir='ltr'><strong>et</strong></span> <span class='ocrx_word' id='word_1_523' title='bbox 2303 465 2458 506; x_wconf 91' lang='lat' dir='ltr'><strong>propter</strong></span> <span class='ocrx_word' id='word_1_524' title='bbox 2484 459 2558 495; x_wconf 89' lang='lat' dir='ltr'><strong>hoc</strong></span> <span class='ocrx_word' id='word_1_525' title='bbox 2581 459 2699 495; x_wconf 89' lang='lat' dir='ltr'><strong>homo</strong></span> 
     </span>
     <span class='ocr_line' id='line_1_83' title="bbox 1644 510 2700 558; baseline 0.001 -11"><span class='ocrx_word' id='word_1_526' title='bbox 1644 522 1722 547; x_wconf 94' lang='lat' dir='ltr'><strong>non</strong></span> <span class='ocrx_word' id='word_1_527' title='bbox 1750 518 1806 547; x_wconf 91' lang='lat' dir='ltr'><strong>est</strong></span> <span class='ocrx_word' id='word_1_528' title='bbox 1833 511 1880 548; x_wconf 91' lang='lat' dir='ltr'><strong>de</strong></span> <span class='ocrx_word' id='word_1_529' title='bbox 1908 510 2097 547; x_wconf 90' lang='lat' dir='ltr'><strong>intellectu</strong></span> <span class='ocrx_word' id='word_1_530' title='bbox 2130 510 2321 558; x_wconf 87' lang='lat' dir='ltr'><strong>animalis,</strong></span> <span class='ocrx_word' id='word_1_531' title='bbox 2351 522 2422 547; x_wconf 91' lang='lat' dir='ltr'><strong>nec</strong></span> <span class='ocrx_word' id='word_1_532' title='bbox 2450 511 2624 548; x_wconf 89' lang='lat' dir='ltr'><strong>Socrates</strong></span> <span class='ocrx_word' id='word_1_533' title='bbox 2653 511 2700 548; x_wconf 91' lang='lat' dir='ltr'><strong>de</strong></span> 
     </span>
     <span class='ocr_line' id='line_1_84' title="bbox 1644 562 2700 611; baseline 0.002 -13"><span class='ocrx_word' id='word_1_534' title='bbox 1644 563 1832 599; x_wconf 89' lang='lat' dir='ltr'><strong>intellectu</strong></span> <span class='ocrx_word' id='word_1_535' title='bbox 1867 563 2052 600; x_wconf 88' lang='lat' dir='ltr'><strong>hominis:</strong></span> <span class='ocrx_word' id='word_1_536' title='bbox 2082 563 2183 599; x_wconf 87' lang='lat' dir='ltr'><strong>unde</strong></span> <span class='ocrx_word' id='word_1_537' title='bbox 2218 562 2356 599; x_wconf 90' lang='lat' dir='ltr'><strong>animal</strong></span> <span class='ocrx_word' id='word_1_538' title='bbox 2394 570 2517 611; x_wconf 91' lang='lat' dir='ltr'><strong>potest</strong></span> <span class='ocrx_word' id='word_1_539' title='bbox 2549 563 2700 611; x_wconf 87' lang='lat' dir='ltr'><strong>intelligi</strong></span> 
     </span>
     <span class='ocr_line' id='line_1_85' title="bbox 1644 615 2701 664; baseline 0 -12"><span class='ocrx_word' id='word_1_540' title='bbox 1644 616 1788 664; x_wconf 91' lang='lat' dir='ltr'><strong>absque</strong></span> <span class='ocrx_word' id='word_1_541' title='bbox 1816 616 1983 662; x_wconf 89' lang='lat' dir='ltr'><strong>homine,</strong></span> <span class='ocrx_word' id='word_1_542' title='bbox 2005 623 2041 652; x_wconf 87' lang='lat' dir='ltr'><strong>et</strong></span> <span class='ocrx_word' id='word_1_543' title='bbox 2067 616 2186 652; x_wconf 90' lang='lat' dir='ltr'><strong>homo</strong></span> <span class='ocrx_word' id='word_1_544' title='bbox 2207 616 2350 664; x_wconf 88' lang='lat' dir='ltr'><strong>absque</strong></span> <span class='ocrx_word' id='word_1_545' title='bbox 2380 616 2534 652; x_wconf 91' lang='lat' dir='ltr'><strong>Socrate</strong></span> <span class='ocrx_word' id='word_1_546' title='bbox 2558 622 2595 652; x_wconf 90' lang='lat' dir='ltr'><strong>et</strong></span> <span class='ocrx_word' id='word_1_547' title='bbox 2621 615 2701 664; x_wconf 84' lang='lat' dir='ltr'><strong>aliis</strong></span> 
     </span>
    </p>
   </div>
   <div class='ocr_carea' id='block_1_20' title="bbox 1643 667 2737 705">
    <p class='ocr_par' dir='ltr' id='par_1_24' title="bbox 1643 667 2737 705">
     <span class='ocr_line' id='line_1_86' title="bbox 1643 667 2737 705; baseline 0 -1"><span class='ocrx_word' id='word_1_548' title='bbox 1643 667 1859 705; x_wconf 90' lang='lat' dir='ltr'><strong>individuis.</strong></span> <span class='ocrx_word' id='word_1_549' title='bbox 1893 669 1942 704; x_wconf 91' lang='lat' dir='ltr'><strong>Et</strong></span> <span class='ocrx_word' id='word_1_550' title='bbox 1963 668 2042 705; x_wconf 89' lang='lat' dir='ltr'><strong>hoc</strong></span> <span class='ocrx_word' id='word_1_551' title='bbox 2071 676 2126 705; x_wconf 90' lang='lat' dir='ltr'><strong>est</strong></span> <span class='ocrx_word' id='word_1_552' title='bbox 2153 668 2368 704; x_wconf 87' lang='lat' dir='ltr'><strong>abstrahere</strong></span> <span class='ocrx_word' id='word_1_553' title='bbox 2392 668 2412 688; x_wconf 76' lang='lat'><em>*</em></span> <span class='ocrx_word' id='word_1_554' title='bbox 2438 667 2651 704; x_wconf 88' lang='lat' dir='ltr'><strong>universale</strong></span> <span class='ocrx_word' id='word_1_555' title='bbox 2679 680 2701 704; x_wconf 92' lang='lat' dir='ltr'><strong>a</strong></span> <span class='ocrx_word' id='word_1_556' title='bbox 2726 679 2737 690; x_wconf 88' lang='lat'><em>·</em></span> 
     </span>
    </p>
   </div>
   <div class='ocr_carea' id='block_1_21' title="bbox 1644 721 2702 1085">
    <p class='ocr_par' dir='ltr' id='par_1_25' title="bbox 1644 721 1868 769">
     <span class='ocr_line' id='line_1_87' title="bbox 1644 721 1868 769; baseline 0 -12"><span class='ocrx_word' id='word_1_557' title='bbox 1644 721 1868 769; x_wconf 89' lang='lat' dir='ltr'><strong>particulari.</strong></span> 
     </span>
    </p>

    <p class='ocr_par' dir='ltr' id='par_1_26' title="bbox 1644 771 2702 1085">
     <span class='ocr_line' id='line_1_88' title="bbox 1700 771 2700 820; baseline -0.001 -11"><span class='ocrx_word' id='word_1_558' title='bbox 1700 773 1876 810; x_wconf 87' lang='lat' dir='ltr'><strong>Similiter</strong></span> <span class='ocrx_word' id='word_1_559' title='bbox 1903 780 2031 810; x_wconf 90' lang='lat' dir='ltr'><strong>autern</strong></span> <span class='ocrx_word' id='word_1_560' title='bbox 2057 774 2076 794; x_wconf 72' lang='lat'><strong>’¹‘</strong></span> <span class='ocrx_word' id='word_1_561' title='bbox 2099 772 2194 809; x_wconf 89' lang='lat' dir='ltr'><strong>inter</strong></span> <span class='ocrx_word' id='word_1_562' title='bbox 2213 771 2419 809; x_wconf 87' lang='lat' dir='ltr'><strong>accidentia</strong></span> <span class='ocrx_word' id='word_1_563' title='bbox 2447 771 2576 808; x_wconf 90' lang='lat' dir='ltr'><strong>omnia</strong></span> <span class='ocrx_word' id='word_1_564' title='bbox 2604 783 2700 820; x_wconf 86' lang='lat' dir='ltr'><strong>quae</strong></span> 
     </span>
     <span class='ocr_line' id='line_1_89' title="bbox 1646 823 2701 874; baseline -0.002 -12"><span class='ocrx_word' id='word_1_565' title='bbox 1646 826 1852 863; x_wconf 90' lang='lat' dir='ltr'><strong>adveniunt</strong></span> <span class='ocrx_word' id='word_1_566' title='bbox 1879 825 2127 872; x_wconf 90' lang='lat' dir='ltr'><strong>substantiae,</strong></span> <span class='ocrx_word' id='word_1_567' title='bbox 2161 825 2284 874; x_wconf 91' lang='lat' dir='ltr'><strong>primo</strong></span> <span class='ocrx_word' id='word_1_568' title='bbox 2314 824 2467 861; x_wconf 90' lang='lat' dir='ltr'><strong>advenit</strong></span> <span class='ocrx_word' id='word_1_569' title='bbox 2494 825 2528 861; x_wconf 92' lang='lat' dir='ltr'><strong>ei</strong></span> <span class='ocrx_word' id='word_1_570' title='bbox 2557 823 2701 873; x_wconf 90' lang='lat' dir='ltr'><strong>quanti-</strong></span> 
     </span>
     <span class='ocr_line' id='line_1_90' title="bbox 1645 877 2701 927; baseline -0.002 -12"><span class='ocrx_word' id='word_1_571' title='bbox 1645 886 1725 925; x_wconf 91' lang='lat' dir='ltr'><strong>tas,</strong></span> <span class='ocrx_word' id='word_1_572' title='bbox 1755 886 1792 914; x_wconf 90' lang='lat' dir='ltr'><strong>et</strong></span> <span class='ocrx_word' id='word_1_573' title='bbox 1828 878 1966 916; x_wconf 87' lang='lat' dir='ltr'><strong>deinde</strong></span> <span class='ocrx_word' id='word_1_574' title='bbox 2003 878 2198 927; x_wconf 90' lang='lat' dir='ltr'><strong>qualitates</strong></span> <span class='ocrx_word' id='word_1_575' title='bbox 2231 877 2425 914; x_wconf 91' lang='lat' dir='ltr'><strong>sensibiles</strong></span> <span class='ocrx_word' id='word_1_576' title='bbox 2463 884 2498 914; x_wconf 92' lang='lat' dir='ltr'><strong>et</strong></span> <span class='ocrx_word' id='word_1_577' title='bbox 2535 877 2701 913; x_wconf 88' lang='lat' dir='ltr'><strong>actiones</strong></span> 
     </span>
     <span class='ocr_line' id='line_1_91' title="bbox 1646 929 2702 979; baseline -0.002 -12"><span class='ocrx_word' id='word_1_578' title='bbox 1646 939 1682 967; x_wconf 92' lang='lat' dir='ltr'><strong>et</strong></span> <span class='ocrx_word' id='word_1_579' title='bbox 1718 931 1913 979; x_wconf 91' lang='lat' dir='ltr'><strong>passiones</strong></span> <span class='ocrx_word' id='word_1_580' title='bbox 1957 938 1993 967; x_wconf 89' lang='lat' dir='ltr'><strong>et</strong></span> <span class='ocrx_word' id='word_1_581' title='bbox 2029 938 2155 967; x_wconf 88' lang='lat' dir='ltr'><strong>motus</strong></span> <span class='ocrx_word' id='word_1_582' title='bbox 2197 937 2471 978; x_wconf 88' lang='lat' dir='ltr'><strong>consequentes</strong></span> <span class='ocrx_word' id='word_1_583' title='bbox 2508 929 2702 966; x_wconf 88' lang='lat' dir='ltr'><strong>sensibiles</strong></span> 
     </span>
     <span class='ocr_line' id='line_1_92' title="bbox 1646 981 2701 1032; baseline -0.002 -12"><span class='ocrx_word' id='word_1_584' title='bbox 1646 983 1851 1032; x_wconf 90' lang='lat' dir='ltr'><strong>qualitates.</strong></span> <span class='ocrx_word' id='word_1_585' title='bbox 1873 983 1935 1020; x_wconf 92' lang='lat' dir='ltr'><strong>Sic</strong></span> <span class='ocrx_word' id='word_1_586' title='bbox 1953 983 2062 1031; x_wconf 88' lang='lat' dir='ltr'><strong>igitur</strong></span> <span class='ocrx_word' id='word_1_587' title='bbox 2081 982 2266 1031; x_wconf 90' lang='lat' dir='ltr'><strong>quantitas</strong></span> <span class='ocrx_word' id='word_1_588' title='bbox 2285 995 2363 1019; x_wconf 92' lang='lat' dir='ltr'><strong>non</strong></span> <span class='ocrx_word' id='word_1_589' title='bbox 2383 981 2520 1019; x_wconf 89' lang='lat' dir='ltr'><strong>claudit</strong></span> <span class='ocrx_word' id='word_1_590' title='bbox 2547 982 2585 1018; x_wconf 92' lang='lat' dir='ltr'><strong>in</strong></span> <span class='ocrx_word' id='word_1_591' title='bbox 2613 981 2701 1018; x_wconf 82' lang='lat' dir='ltr'><strong>sui*</strong></span> 
     </span>
     <span class='ocr_line' id='line_1_93' title="bbox 1644 1034 2702 1085; baseline -0.002 -13"><span class='ocrx_word' id='word_1_592' title='bbox 1644 1036 1832 1073; x_wconf 90' lang='lat' dir='ltr'><strong>intellectu</strong></span> <span class='ocrx_word' id='word_1_593' title='bbox 1864 1036 2059 1085; x_wconf 90' lang='lat' dir='ltr'><strong>qualitates</strong></span> <span class='ocrx_word' id='word_1_594' title='bbox 2092 1035 2285 1072; x_wconf 89' lang='lat' dir='ltr'><strong>sensibiles</strong></span> <span class='ocrx_word' id='word_1_595' title='bbox 2320 1035 2382 1072; x_wconf 83' lang='lat' dir='ltr'><strong>vel</strong></span> <span class='ocrx_word' id='word_1_596' title='bbox 2409 1034 2605 1083; x_wconf 83' lang='lat' dir='ltr'><strong>passiones</strong></span> <span class='ocrx_word' id='word_1_597' title='bbox 2641 1034 2702 1070; x_wconf 90' lang='lat' dir='ltr'><strong>vel</strong></span> 
     </span>
    </p>
   </div>
   <div class='ocr_carea' id='block_1_22' title="bbox 1646 1087 2739 1125">
    <p class='ocr_par' dir='ltr' id='par_1_27' title="bbox 1646 1087 2739 1125">
     <span class='ocr_line' id='line_1_94' title="bbox 1646 1087 2739 1125; baseline -0.002 0"><span class='ocrx_word' id='word_1_598' title='bbox 1646 1095 1790 1125; x_wconf 89' lang='lat' dir='ltr'><strong>motus:</strong></span> <span class='ocrx_word' id='word_1_599' title='bbox 1818 1088 1955 1125; x_wconf 90' lang='lat' dir='ltr'><strong>claudit</strong></span> <span class='ocrx_word' id='word_1_600' title='bbox 1982 1095 2110 1124; x_wconf 90' lang='lat' dir='ltr'><strong>tamen</strong></span> <span class='ocrx_word' id='word_1_601' title='bbox 2129 1087 2167 1124; x_wconf 94' lang='lat' dir='ltr'><strong>in</strong></span> <span class='ocrx_word' id='word_1_602' title='bbox 2195 1087 2285 1123; x_wconf 75' lang='lat' dir='ltr'><strong>sui*</strong></span> <span class='ocrx_word' id='word_1_603' title='bbox 2312 1087 2499 1123; x_wconf 89' lang='lat' dir='ltr'><strong>intellectu</strong></span> <span class='ocrx_word' id='word_1_604' title='bbox 2531 1088 2701 1123; x_wconf 91' lang='lat' dir='ltr'><strong>substan·</strong></span> <span class='ocrx_word' id='word_1_605' title='bbox 2727 1096 2739 1107; x_wconf 72' lang='lat'>⁴</span> 
     </span>
    </p>
   </div>
   <div class='ocr_carea' id='block_1_23' title="bbox 1645 1138 2705 1348">
    <p class='ocr_par' dir='ltr' id='par_1_28' title="bbox 1645 1138 2705 1348">
     <span class='ocr_line' id='line_1_95' title="bbox 1645 1138 2703 1187; baseline -0.003 -9"><span class='ocrx_word' id='word_1_606' title='bbox 1645 1141 1748 1178; x_wconf 89' lang='lat' dir='ltr'><strong>tiam.</strong></span> <span class='ocrx_word' id='word_1_607' title='bbox 1786 1142 1915 1177; x_wconf 90' lang='lat' dir='ltr'><strong>Potest</strong></span> <span class='ocrx_word' id='word_1_608' title='bbox 1954 1140 2063 1187; x_wconf 90' lang='lat' dir='ltr'><strong>igitur</strong></span> <span class='ocrx_word' id='word_1_609' title='bbox 2098 1139 2248 1186; x_wconf 90' lang='lat' dir='ltr'><strong>intelligi</strong></span> <span class='ocrx_word' id='word_1_610' title='bbox 2284 1139 2469 1186; x_wconf 90' lang='lat' dir='ltr'><strong>quantitas</strong></span> <span class='ocrx_word' id='word_1_611' title='bbox 2506 1138 2586 1175; x_wconf 90' lang='lat' dir='ltr'><strong>sine</strong></span> <span class='ocrx_word' id='word_1_612' title='bbox 2623 1151 2703 1175; x_wconf 92' lang='lat' dir='ltr'><strong>ma-</strong></span> 
     </span>
     <span class='ocr_line' id='line_1_96' title="bbox 1645 1191 2703 1240; baseline -0.003 -10"><span class='ocrx_word' id='word_1_613' title='bbox 1645 1193 1737 1230; x_wconf 91' lang='lat' dir='ltr'><strong>teria</strong></span> <span class='ocrx_word' id='word_1_614' title='bbox 1764 1193 1931 1230; x_wconf 88' lang='lat' dir='ltr'><strong>subiecta</strong></span> <span class='ocrx_word' id='word_1_615' title='bbox 1959 1192 2078 1229; x_wconf 92' lang='lat' dir='ltr'><strong>motui</strong></span> <span class='ocrx_word' id='word_1_616' title='bbox 2111 1199 2148 1228; x_wconf 88' lang='lat' dir='ltr'><strong>et</strong></span> <span class='ocrx_word' id='word_1_617' title='bbox 2175 1191 2414 1240; x_wconf 87' lang='lat' dir='ltr'><strong>qualitatibus</strong></span> <span class='ocrx_word' id='word_1_618' title='bbox 2446 1191 2703 1238; x_wconf 84' lang='lat' dir='ltr'><strong>sensibilibus,</strong></span> 
     </span>
     <span class='ocr_line' id='line_1_97' title="bbox 1646 1243 2705 1293; baseline -0.003 -10"><span class='ocrx_word' id='word_1_619' title='bbox 1646 1258 1725 1283; x_wconf 91' lang='lat' dir='ltr'><strong>non</strong></span> <span class='ocrx_word' id='word_1_620' title='bbox 1744 1253 1871 1282; x_wconf 89' lang='lat' dir='ltr'><strong>tamen</strong></span> <span class='ocrx_word' id='word_1_621' title='bbox 1899 1245 2042 1293; x_wconf 90' lang='lat' dir='ltr'><strong>absque</strong></span> <span class='ocrx_word' id='word_1_622' title='bbox 2067 1243 2283 1280; x_wconf 85' lang='lat' dir='ltr'><strong>substantia.</strong></span> <span class='ocrx_word' id='word_1_623' title='bbox 2305 1244 2353 1280; x_wconf 91' lang='lat' dir='ltr'><strong>Et</strong></span> <span class='ocrx_word' id='word_1_624' title='bbox 2370 1243 2457 1280; x_wconf 90' lang='lat' dir='ltr'><strong>ideo</strong></span> <span class='ocrx_word' id='word_1_625' title='bbox 2486 1243 2705 1280; x_wconf 91' lang='lat' dir='ltr'><strong>huiusmodi</strong></span> 
     </span>
     <span class='ocr_line' id='line_1_98' title="bbox 1647 1295 2704 1348; baseline -0.003 -13"><span class='ocrx_word' id='word_1_626' title='bbox 1647 1298 1870 1348; x_wconf 89' lang='lat' dir='ltr'><strong>quantitates</strong></span> <span class='ocrx_word' id='word_1_627' title='bbox 1898 1305 1935 1333; x_wconf 89' lang='lat' dir='ltr'><strong>et</strong></span> <span class='ocrx_word' id='word_1_628' title='bbox 1950 1298 1969 1318; x_wconf 67' lang='lat'><strong>‘¹‘</strong></span> <span class='ocrx_word' id='word_1_629' title='bbox 1998 1308 2096 1345; x_wconf 90' lang='lat' dir='ltr'><strong>quae</strong></span> <span class='ocrx_word' id='word_1_630' title='bbox 2112 1296 2165 1332; x_wconf 93' lang='lat' dir='ltr'><strong>eis</strong></span> <span class='ocrx_word' id='word_1_631' title='bbox 2185 1295 2368 1343; x_wconf 92' lang='lat' dir='ltr'><strong>accidunt,</strong></span> <span class='ocrx_word' id='word_1_632' title='bbox 2390 1303 2475 1333; x_wconf 89' lang='lat' dir='ltr'><strong>sunt</strong></span> <span class='ocrx_word' id='word_1_633' title='bbox 2493 1295 2704 1333; x_wconf 88' lang='lat' dir='ltr'><strong>secundum</strong></span> 
     </span>
    </p>
   </div>
   <div class='ocr_carea' id='block_1_24' title="bbox 1646 1349 2721 1389">
    <p class='ocr_par' dir='ltr' id='par_1_29' title="bbox 1646 1349 2721 1389">
     <span class='ocr_line' id='line_1_99' title="bbox 1646 1349 2721 1389; baseline -0.002 -2"><span class='ocrx_word' id='word_1_634' title='bbox 1646 1351 1875 1388; x_wconf 89' lang='lat' dir='ltr'><strong>intellectum</strong></span> <span class='ocrx_word' id='word_1_635' title='bbox 1904 1350 2088 1386; x_wconf 88' lang='lat' dir='ltr'><strong>abstracta</strong></span> <span class='ocrx_word' id='word_1_636' title='bbox 2112 1361 2135 1385; x_wconf 91' lang='lat' dir='ltr'><strong>a</strong></span> <span class='ocrx_word' id='word_1_637' title='bbox 2162 1355 2270 1384; x_wconf 89' lang='lat' dir='ltr'><strong>motu</strong></span> <span class='ocrx_word' id='word_1_638' title='bbox 2298 1355 2334 1384; x_wconf 88' lang='lat' dir='ltr'><strong>et</strong></span> <span class='ocrx_word' id='word_1_639' title='bbox 2357 1360 2379 1385; x_wconf 89' lang='lat' dir='ltr'><strong>a</strong></span> <span class='ocrx_word' id='word_1_640' title='bbox 2407 1349 2563 1389; x_wconf 86' lang='lat' dir='ltr'><strong>materia</strong></span> <span class='ocrx_word' id='word_1_641' title='bbox 2589 1349 2721 1386; x_wconf 89' lang='lat' dir='ltr'><strong>sensi-&#39;</strong></span> 
     </span>
    </p>
   </div>
   <div class='ocr_carea' id='block_1_25' title="bbox 1647 1400 2706 1554">
    <p class='ocr_par' dir='ltr' id='par_1_30' title="bbox 1647 1400 2706 1554">
     <span class='ocr_line' id='line_1_100' title="bbox 1647 1400 2706 1449; baseline -0.002 -9"><span class='ocrx_word' id='word_1_642' title='bbox 1647 1403 1728 1448; x_wconf 85' lang='lat' dir='ltr'><strong>bili,</strong></span> <span class='ocrx_word' id='word_1_643' title='bbox 1753 1415 1832 1439; x_wconf 92' lang='lat' dir='ltr'><strong>non</strong></span> <span class='ocrx_word' id='word_1_644' title='bbox 1859 1409 1987 1438; x_wconf 89' lang='lat' dir='ltr'><strong>autem</strong></span> <span class='ocrx_word' id='word_1_645' title='bbox 2015 1413 2037 1438; x_wconf 89' lang='lat' dir='ltr'><strong>a</strong></span> <span class='ocrx_word' id='word_1_646' title='bbox 2065 1400 2222 1438; x_wconf 90' lang='lat' dir='ltr'><strong>materia</strong></span> <span class='ocrx_word' id='word_1_647' title='bbox 2253 1400 2484 1449; x_wconf 86' lang='lat' dir='ltr'><strong>intelligibili,</strong></span> <span class='ocrx_word' id='word_1_648' title='bbox 2502 1408 2546 1438; x_wconf 88' lang='lat' dir='ltr'><strong>ut</strong></span> <span class='ocrx_word' id='word_1_649' title='bbox 2573 1401 2706 1438; x_wconf 89' lang='lat' dir='ltr'><strong>dicitur</strong></span> 
     </span>
     <span class='ocr_line' id='line_1_101' title="bbox 1647 1455 2060 1502; baseline -0.005 -10"><span class='ocrx_word' id='word_1_650' title='bbox 1647 1456 1685 1492; x_wconf 92' lang='lat' dir='ltr'><strong>in</strong></span> <span class='ocrx_word' id='word_1_651' title='bbox 1713 1456 1780 1492; x_wconf 89' lang='lat' dir='ltr'><strong>VII</strong></span> <span class='ocrx_word' id='word_1_652' title='bbox 1809 1455 2060 1502; x_wconf 76' lang='lat' dir='ltr'><strong>Metaphys.*</strong></span> 
     </span>
     <span class='ocr_line' id='line_1_102' title="bbox 1701 1505 2704 1554; baseline -0.001 -11"><span class='ocrx_word' id='word_1_653' title='bbox 1701 1507 1802 1554; x_wconf 88' lang='lat' dir='ltr'><strong>Quia</strong></span> <span class='ocrx_word' id='word_1_654' title='bbox 1820 1506 1929 1554; x_wconf 89' lang='lat' dir='ltr'><strong>igitur</strong></span> <span class='ocrx_word' id='word_1_655' title='bbox 1947 1506 2000 1543; x_wconf 89' lang='lat' dir='ltr'><strong>sic</strong></span> <span class='ocrx_word' id='word_1_656' title='bbox 2019 1513 2105 1543; x_wconf 91' lang='lat' dir='ltr'><strong>sunt</strong></span> <span class='ocrx_word' id='word_1_657' title='bbox 2123 1506 2307 1542; x_wconf 87' lang='lat' dir='ltr'><strong>abstracta</strong></span> <span class='ocrx_word' id='word_1_658' title='bbox 2327 1517 2350 1542; x_wconf 89' lang='lat' dir='ltr'><strong>a</strong></span> <span class='ocrx_word' id='word_1_659' title='bbox 2368 1512 2476 1542; x_wconf 91' lang='lat' dir='ltr'><strong>motu</strong></span> <span class='ocrx_word' id='word_1_660' title='bbox 2494 1505 2704 1542; x_wconf 88' lang='lat' dir='ltr'><strong>secundum</strong></span> 
     </span>
    </p>
   </div>
   <div class='ocr_carea' id='block_1_26' title="bbox 1647 1558 2741 1608">
    <p class='ocr_par' dir='ltr' id='par_1_31' title="bbox 1647 1558 2741 1608">
     <span class='ocr_line' id='line_1_103' title="bbox 1647 1558 2741 1608; baseline -0.002 -12"><span class='ocrx_word' id='word_1_661' title='bbox 1647 1559 1890 1607; x_wconf 86' lang='lat' dir='ltr'><strong>intellectum,</strong></span> <span class='ocrx_word' id='word_1_662' title='bbox 1904 1559 2007 1608; x_wconf 92' lang='lat' dir='ltr'><strong>quod</strong></span> <span class='ocrx_word' id='word_1_663' title='bbox 2027 1571 2104 1595; x_wconf 93' lang='lat' dir='ltr'><strong>non</strong></span> <span class='ocrx_word' id='word_1_664' title='bbox 2124 1558 2302 1595; x_wconf 90' lang='lat' dir='ltr'><strong>claudunt</strong></span> <span class='ocrx_word' id='word_1_665' title='bbox 2321 1558 2359 1595; x_wconf 91' lang='lat' dir='ltr'><strong>in</strong></span> <span class='ocrx_word' id='word_1_666' title='bbox 2378 1570 2448 1594; x_wconf 92' lang='lat' dir='ltr'><strong>suo</strong></span> <span class='ocrx_word' id='word_1_667' title='bbox 2469 1559 2489 1579; x_wconf 70' lang='lat'><strong>²⁴</strong></span> <span class='ocrx_word' id='word_1_668' title='bbox 2516 1558 2705 1595; x_wconf 77' lang='lat' dir='ltr'><strong>intellectu</strong></span> <span class='ocrx_word' id='word_1_669' title='bbox 2730 1573 2741 1585; x_wconf 80' lang='lat'><strong>·</strong></span> 
     </span>
    </p>
   </div>
   <div class='ocr_carea' id='block_1_27' title="bbox 1647 1610 2705 1817">
    <p class='ocr_par' dir='ltr' id='par_1_32' title="bbox 1647 1610 2705 1817">
     <span class='ocr_line' id='line_1_104' title="bbox 1649 1610 2705 1657; baseline -0.001 -8"><span class='ocrx_word' id='word_1_670' title='bbox 1649 1612 1845 1649; x_wconf 88' lang='lat' dir='ltr'><strong>materiam</strong></span> <span class='ocrx_word' id='word_1_671' title='bbox 1867 1611 2082 1648; x_wconf 89' lang='lat' dir='ltr'><strong>sensibilem</strong></span> <span class='ocrx_word' id='word_1_672' title='bbox 2102 1610 2310 1648; x_wconf 90' lang='lat' dir='ltr'><strong>subiectam</strong></span> <span class='ocrx_word' id='word_1_673' title='bbox 2329 1610 2449 1647; x_wconf 89' lang='lat' dir='ltr'><strong>motui</strong></span> <span class='ocrx_word' id='word_1_674' title='bbox 2464 1616 2496 1657; x_wconf 74' lang='lat'><strong>“3</strong></span> <span class='ocrx_word' id='word_1_675' title='bbox 2517 1610 2604 1647; x_wconf 91' lang='lat' dir='ltr'><strong>ideo</strong></span> <span class='ocrx_word' id='word_1_676' title='bbox 2623 1623 2705 1648; x_wconf 86' lang='lat' dir='ltr'><strong>ma-</strong></span> 
     </span>
     <span class='ocr_line' id='line_1_105' title="bbox 1647 1663 2704 1713; baseline -0.002 -11"><span class='ocrx_word' id='word_1_677' title='bbox 1647 1665 1870 1702; x_wconf 90' lang='lat' dir='ltr'><strong>thematicus</strong></span> <span class='ocrx_word' id='word_1_678' title='bbox 1888 1671 2013 1713; x_wconf 89' lang='lat' dir='ltr'><strong>potest</strong></span> <span class='ocrx_word' id='word_1_679' title='bbox 2027 1676 2072 1700; x_wconf 91' lang='lat' dir='ltr'><strong>ea</strong></span> <span class='ocrx_word' id='word_1_680' title='bbox 2086 1664 2302 1700; x_wconf 90' lang='lat' dir='ltr'><strong>abstrahere</strong></span> <span class='ocrx_word' id='word_1_681' title='bbox 2317 1675 2339 1700; x_wconf 89' lang='lat' dir='ltr'><strong>a</strong></span> <span class='ocrx_word' id='word_1_682' title='bbox 2354 1663 2511 1700; x_wconf 84' lang='lat' dir='ltr'><strong>maten&#39;a</strong></span> <span class='ocrx_word' id='word_1_683' title='bbox 2529 1663 2704 1700; x_wconf 73' lang='lat' dir='ltr'><strong>sensibili.</strong></span> 
     </span>
     <span class='ocr_line' id='line_1_106' title="bbox 1648 1715 2704 1765; baseline -0.001 -11"><span class='ocrx_word' id='word_1_684' title='bbox 1648 1719 1697 1754; x_wconf 93' lang='lat' dir='ltr'><strong>Et</strong></span> <span class='ocrx_word' id='word_1_685' title='bbox 1715 1717 1805 1754; x_wconf 88' lang='lat' dir='ltr'><strong>nihil</strong></span> <span class='ocrx_word' id='word_1_686' title='bbox 1829 1717 1954 1754; x_wconf 85' lang='lat' dir='ltr'><strong>differt</strong></span> <span class='ocrx_word' id='word_1_687' title='bbox 1981 1724 2165 1765; x_wconf 86' lang='lat' dir='ltr'><strong>quantum</strong></span> <span class='ocrx_word' id='word_1_688' title='bbox 2193 1716 2242 1753; x_wconf 92' lang='lat' dir='ltr'><strong>ad</strong></span> <span class='ocrx_word' id='word_1_689' title='bbox 2265 1715 2462 1753; x_wconf 89' lang='lat' dir='ltr'><strong>veritatem</strong></span> <span class='ocrx_word' id='word_1_690' title='bbox 2491 1715 2704 1753; x_wconf 89' lang='lat' dir='ltr'><strong>considera-</strong></span> 
     </span>
     <span class='ocr_line' id='line_1_107' title="bbox 1647 1768 2704 1817; baseline -0.001 -11"><span class='ocrx_word' id='word_1_691' title='bbox 1647 1770 1770 1817; x_wconf 90' lang='lat' dir='ltr'><strong>tionis,</strong></span> <span class='ocrx_word' id='word_1_692' title='bbox 1800 1777 1928 1806; x_wconf 90' lang='lat' dir='ltr'><strong>utrum</strong></span> <span class='ocrx_word' id='word_1_693' title='bbox 1956 1769 2009 1806; x_wconf 90' lang='lat' dir='ltr'><strong>sic</strong></span> <span class='ocrx_word' id='word_1_694' title='bbox 2036 1770 2098 1807; x_wconf 84' lang='lat' dir='ltr'><strong>vel</strong></span> <span class='ocrx_word' id='word_1_695' title='bbox 2126 1769 2177 1805; x_wconf 92' lang='lat' dir='ltr'><strong>sic</strong></span> <span class='ocrx_word' id='word_1_696' title='bbox 2198 1768 2494 1805; x_wconf 88' lang='lat' dir='ltr'><strong>considerentur.</strong></span> <span class='ocrx_word' id='word_1_697' title='bbox 2517 1768 2704 1815; x_wconf 86' lang='lat' dir='ltr'><strong>Quamvis</strong></span> 
     </span>
    </p>
   </div>
   <div class='ocr_carea' id='block_1_28' title="bbox 1649 1821 2741 1868">
    <p class='ocr_par' dir='ltr' id='par_1_33' title="bbox 1649 1821 2741 1868">
     <span class='ocr_line' id='line_1_108' title="bbox 1649 1821 2741 1868; baseline -0.002 -9"><span class='ocrx_word' id='word_1_698' title='bbox 1649 1822 1750 1859; x_wconf 89' lang='lat' dir='ltr'><strong>enim</strong></span> <span class='ocrx_word' id='word_1_699' title='bbox 1783 1834 1861 1859; x_wconf 92' lang='lat' dir='ltr'><strong>non</strong></span> <span class='ocrx_word' id='word_1_700' title='bbox 1895 1822 2004 1859; x_wconf 78' lang='lat' dir='ltr'><strong>sint*</strong></span> <span class='ocrx_word' id='word_1_701' title='bbox 2031 1822 2217 1858; x_wconf 91' lang='lat' dir='ltr'><strong>abstracta</strong></span> <span class='ocrx_word' id='word_1_702' title='bbox 2244 1821 2455 1858; x_wconf 89' lang='lat' dir='ltr'><strong>secundum</strong></span> <span class='ocrx_word' id='word_1_703' title='bbox 2494 1833 2596 1868; x_wconf 88' lang='lat' dir='ltr'><strong>esse,</strong></span> <span class='ocrx_word' id='word_1_704' title='bbox 2626 1832 2705 1858; x_wconf 87' lang='lat' dir='ltr'><strong>non</strong></span> <span class='ocrx_word' id='word_1_705' title='bbox 2729 1832 2741 1844; x_wconf 67' lang='lat'>⁶</span> 
     </span>
    </p>
   </div>
   <div class='ocr_carea' id='block_1_29' title="bbox 1646 1873 2707 2342">
    <p class='ocr_par' dir='ltr' id='par_1_34' title="bbox 1646 1873 2707 2342">
     <span class='ocr_line' id='line_1_109' title="bbox 1646 1873 2704 1912; baseline -0.002 0"><span class='ocrx_word' id='word_1_706' title='bbox 1646 1883 1775 1912; x_wconf 82' lang='lat' dir='ltr'><strong>tamen</strong></span> <span class='ocrx_word' id='word_1_707' title='bbox 1816 1874 2073 1911; x_wconf 89' lang='lat' dir='ltr'><strong>mathematici</strong></span> <span class='ocrx_word' id='word_1_708' title='bbox 2115 1874 2372 1910; x_wconf 85' lang='lat' dir='ltr'><strong>abstrahentes</strong></span> <span class='ocrx_word' id='word_1_709' title='bbox 2411 1886 2456 1910; x_wconf 91' lang='lat' dir='ltr'><strong>ea</strong></span> <span class='ocrx_word' id='word_1_710' title='bbox 2492 1873 2704 1911; x_wconf 84' lang='lat' dir='ltr'><strong>secundum</strong></span> 
     </span>
     <span class='ocr_line' id='line_1_110' title="bbox 1647 1926 2706 1975; baseline -0.001 -11"><span class='ocrx_word' id='word_1_711' title='bbox 1647 1928 1895 1974; x_wconf 86' lang='lat' dir='ltr'><strong>intellectum,</strong></span> <span class='ocrx_word' id='word_1_712' title='bbox 1930 1926 2182 1963; x_wconf 80' lang='lat' dir='ltr'><strong>mentiuntur:</strong></span> <span class='ocrx_word' id='word_1_713' title='bbox 2221 1926 2310 1975; x_wconf 86' lang='lat' dir='ltr'><strong>quia</strong></span> <span class='ocrx_word' id='word_1_714' title='bbox 2342 1938 2421 1963; x_wconf 90' lang='lat' dir='ltr'><strong>non</strong></span> <span class='ocrx_word' id='word_1_715' title='bbox 2457 1933 2629 1963; x_wconf 86' lang='lat' dir='ltr'><strong>asserunt</strong></span> <span class='ocrx_word' id='word_1_716' title='bbox 2660 1938 2706 1963; x_wconf 89' lang='lat' dir='ltr'><strong>ea</strong></span> 
     </span>
     <span class='ocr_line' id='line_1_111' title="bbox 1649 1979 2706 2025; baseline -0.001 -9"><span class='ocrx_word' id='word_1_717' title='bbox 1649 1993 1730 2017; x_wconf 90' lang='lat' dir='ltr'><strong>esse</strong></span> <span class='ocrx_word' id='word_1_718' title='bbox 1759 1987 1861 2016; x_wconf 86' lang='lat' dir='ltr'><strong>extra</strong></span> <span class='ocrx_word' id='word_1_719' title='bbox 1894 1979 2091 2016; x_wconf 88' lang='lat' dir='ltr'><strong>materiam</strong></span> <span class='ocrx_word' id='word_1_720' title='bbox 2120 1979 2335 2016; x_wconf 87' lang='lat' dir='ltr'><strong>sensibilem</strong></span> <span class='ocrx_word' id='word_1_721' title='bbox 2351 1979 2449 2025; x_wconf 88' lang='lat' dir='ltr'><strong>(hoc</strong></span> <span class='ocrx_word' id='word_1_722' title='bbox 2477 1979 2579 2016; x_wconf 88' lang='lat' dir='ltr'><strong>enim</strong></span> <span class='ocrx_word' id='word_1_723' title='bbox 2608 1986 2706 2015; x_wconf 90' lang='lat' dir='ltr'><strong>esset</strong></span> 
     </span>
     <span class='ocr_line' id='line_1_112' title="bbox 1649 2031 2705 2080; baseline -0.001 -11"><span class='ocrx_word' id='word_1_724' title='bbox 1649 2033 1925 2080; x_wconf 85' lang='lat' dir='ltr'><strong>mendacium),</strong></span> <span class='ocrx_word' id='word_1_725' title='bbox 1947 2031 2014 2068; x_wconf 92' lang='lat' dir='ltr'><strong>sed</strong></span> <span class='ocrx_word' id='word_1_726' title='bbox 2034 2031 2272 2068; x_wconf 90' lang='lat' dir='ltr'><strong>considerant</strong></span> <span class='ocrx_word' id='word_1_727' title='bbox 2295 2031 2343 2068; x_wconf 89' lang='lat' dir='ltr'><strong>de</strong></span> <span class='ocrx_word' id='word_1_728' title='bbox 2372 2031 2424 2068; x_wconf 91' lang='lat' dir='ltr'><strong>eis</strong></span> <span class='ocrx_word' id='word_1_729' title='bbox 2443 2032 2587 2080; x_wconf 87' lang='lat' dir='ltr'><strong>absque</strong></span> <span class='ocrx_word' id='word_1_730' title='bbox 2615 2043 2705 2069; x_wconf 91' lang='lat' dir='ltr'><strong>con-</strong></span> 
     </span>
     <span class='ocr_line' id='line_1_113' title="bbox 1649 2084 2705 2133; baseline -0.002 -11"><span class='ocrx_word' id='word_1_731' title='bbox 1649 2085 1875 2122; x_wconf 91' lang='lat' dir='ltr'><strong>sideratione</strong></span> <span class='ocrx_word' id='word_1_732' title='bbox 1894 2084 2073 2121; x_wconf 89' lang='lat' dir='ltr'><strong>materiae</strong></span> <span class='ocrx_word' id='word_1_733' title='bbox 2093 2084 2289 2132; x_wconf 88' lang='lat' dir='ltr'><strong>sensibilis,</strong></span> <span class='ocrx_word' id='word_1_734' title='bbox 2309 2084 2414 2133; x_wconf 92' lang='lat' dir='ltr'><strong>quod</strong></span> <span class='ocrx_word' id='word_1_735' title='bbox 2435 2084 2579 2132; x_wconf 90' lang='lat' dir='ltr'><strong>absque</strong></span> <span class='ocrx_word' id='word_1_736' title='bbox 2598 2096 2705 2121; x_wconf 89' lang='lat' dir='ltr'><strong>men-</strong></span> 
     </span>
     <span class='ocr_line' id='line_1_114' title="bbox 1649 2136 2706 2186; baseline -0.001 -12"><span class='ocrx_word' id='word_1_737' title='bbox 1649 2138 1757 2174; x_wconf 90' lang='lat' dir='ltr'><strong>dacio</strong></span> <span class='ocrx_word' id='word_1_738' title='bbox 1777 2137 1858 2174; x_wconf 87' lang='lat' dir='ltr'><strong>fieri</strong></span> <span class='ocrx_word' id='word_1_739' title='bbox 1877 2145 2020 2186; x_wconf 86' lang='lat' dir='ltr'><strong>potest:</strong></span> <span class='ocrx_word' id='word_1_740' title='bbox 2042 2137 2136 2173; x_wconf 91' lang='lat' dir='ltr'><strong>sicut</strong></span> <span class='ocrx_word' id='word_1_741' title='bbox 2163 2137 2296 2184; x_wconf 87' lang='lat' dir='ltr'><strong>aliquis</strong></span> <span class='ocrx_word' id='word_1_742' title='bbox 2318 2144 2444 2185; x_wconf 92' lang='lat' dir='ltr'><strong>potest</strong></span> <span class='ocrx_word' id='word_1_743' title='bbox 2467 2136 2706 2173; x_wconf 87' lang='lat' dir='ltr'><strong>considerare</strong></span> 
     </span>
     <span class='ocr_line' id='line_1_115' title="bbox 1648 2188 2706 2238; baseline -0.001 -11"><span class='ocrx_word' id='word_1_744' title='bbox 1648 2190 1864 2227; x_wconf 91' lang='lat' dir='ltr'><strong>albedinem</strong></span> <span class='ocrx_word' id='word_1_745' title='bbox 1892 2190 2036 2238; x_wconf 92' lang='lat' dir='ltr'><strong>absque</strong></span> <span class='ocrx_word' id='word_1_746' title='bbox 2064 2189 2225 2237; x_wconf 90' lang='lat' dir='ltr'><strong>musica,</strong></span> <span class='ocrx_word' id='word_1_747' title='bbox 2255 2196 2291 2225; x_wconf 90' lang='lat' dir='ltr'><strong>et</strong></span> <span class='ocrx_word' id='word_1_748' title='bbox 2317 2201 2424 2236; x_wconf 89' lang='lat' dir='ltr'><strong>vere,</strong></span> <span class='ocrx_word' id='word_1_749' title='bbox 2454 2188 2539 2226; x_wconf 85' lang='lat' dir='ltr'><strong>lieet</strong></span> <span class='ocrx_word' id='word_1_750' title='bbox 2567 2201 2706 2226; x_wconf 88' lang='lat' dir='ltr'><strong>conve-</strong></span> 
     </span>
     <span class='ocr_line' id='line_1_116' title="bbox 1648 2242 2707 2280; baseline 0 -1"><span class='ocrx_word' id='word_1_751' title='bbox 1648 2243 1751 2280; x_wconf 92' lang='lat' dir='ltr'><strong>niant</strong></span> <span class='ocrx_word' id='word_1_752' title='bbox 1778 2243 1816 2279; x_wconf 92' lang='lat' dir='ltr'><strong>in</strong></span> <span class='ocrx_word' id='word_1_753' title='bbox 1845 2242 1984 2279; x_wconf 91' lang='lat' dir='ltr'><strong>eodem</strong></span> <span class='ocrx_word' id='word_1_754' title='bbox 2013 2242 2199 2278; x_wconf 89' lang='lat' dir='ltr'><strong>subiecto:</strong></span> <span class='ocrx_word' id='word_1_755' title='bbox 2228 2253 2306 2278; x_wconf 91' lang='lat' dir='ltr'><strong>non</strong></span> <span class='ocrx_word' id='word_1_756' title='bbox 2334 2249 2462 2278; x_wconf 89' lang='lat' dir='ltr'><strong>tamen</strong></span> <span class='ocrx_word' id='word_1_757' title='bbox 2490 2249 2588 2278; x_wconf 89' lang='lat' dir='ltr'><strong>esset</strong></span> <span class='ocrx_word' id='word_1_758' title='bbox 2614 2253 2707 2279; x_wconf 84' lang='lat' dir='ltr'><strong>vera</strong></span> 
     </span>
     <span class='ocr_line' id='line_1_117' title="bbox 1649 2293 2704 2342; baseline 0 -11"><span class='ocrx_word' id='word_1_759' title='bbox 1649 2295 1910 2342; x_wconf 90' lang='lat' dir='ltr'><strong>consideratio,</strong></span> <span class='ocrx_word' id='word_1_760' title='bbox 1923 2294 1953 2331; x_wconf 92' lang='lat' dir='ltr'><strong>si</strong></span> <span class='ocrx_word' id='word_1_761' title='bbox 1968 2301 2151 2332; x_wconf 90' lang='lat' dir='ltr'><strong>assereret</strong></span> <span class='ocrx_word' id='word_1_762' title='bbox 2165 2295 2294 2330; x_wconf 91' lang='lat' dir='ltr'><strong>album</strong></span> <span class='ocrx_word' id='word_1_763' title='bbox 2309 2306 2388 2331; x_wconf 90' lang='lat' dir='ltr'><strong>non</strong></span> <span class='ocrx_word' id='word_1_764' title='bbox 2404 2306 2486 2331; x_wconf 91' lang='lat' dir='ltr'><strong>esse</strong></span> <span class='ocrx_word' id='word_1_765' title='bbox 2502 2293 2704 2331; x_wconf 87' lang='lat' dir='ltr'><strong>musicum.</strong></span> 
     </span>
    </p>
   </div>
   <div class='ocr_carea' id='block_1_30' title="bbox 1702 2347 2709 2395">
    <p class='ocr_par' dir='ltr' id='par_1_35' title="bbox 1702 2347 2709 2395">
     <span class='ocr_line' id='line_1_118' title="bbox 1702 2347 2709 2395; baseline -0.002 -10"><span class='ocrx_word' id='word_1_766' title='bbox 1702 2350 1737 2385; x_wconf 84' lang='lat'><strong>6.</strong></span> <span class='ocrx_word' id='word_1_767' title='bbox 1758 2348 1907 2385; x_wconf 89' lang='lat' dir='ltr'><strong>Deinde</strong></span> <span class='ocrx_word' id='word_1_768' title='bbox 1936 2359 2023 2384; x_wconf 84' lang='lat' dir='ltr'><strong>curn</strong></span> <span class='ocrx_word' id='word_1_769' title='bbox 2053 2347 2157 2383; x_wconf 90' lang='lat' dir='ltr'><strong>dicit:</strong></span> <span class='ocrx_word' id='word_1_770' title='bbox 2182 2348 2292 2383; x_wconf 88' lang='lat' dir='ltr'><strong>Latet</strong></span> <span class='ocrx_word' id='word_1_771' title='bbox 2315 2352 2440 2383; x_wconf 87' lang='lat' dir='ltr'><strong>autem</strong></span> <span class='ocrx_word' id='word_1_772' title='bbox 2467 2347 2538 2383; x_wconf 88' lang='lat' dir='ltr'><strong>hoc</strong></span> <span class='ocrx_word' id='word_1_773' title='bbox 2551 2347 2709 2395; x_wconf 68' lang='lat' dir='ltr'><strong>faciem·</strong></span> 
     </span>
    </p>
   </div>
   <div class='ocr_carea' id='block_1_31' title="bbox 1645 2398 2705 3445">
    <p class='ocr_par' dir='ltr' id='par_1_36' title="bbox 1645 2398 2705 3445">
     <span class='ocr_line' id='line_1_119' title="bbox 1647 2398 2702 2447; baseline -0.003 -9"><span class='ocrx_word' id='word_1_774' title='bbox 1647 2407 1698 2438; x_wconf 86' lang='lat' dir='ltr'><strong>tes</strong></span> <span class='ocrx_word' id='word_1_775' title='bbox 1726 2408 1808 2447; x_wconf 90' lang='lat' dir='ltr'><strong>etc.,</strong></span> <span class='ocrx_word' id='word_1_776' title='bbox 1839 2399 2001 2436; x_wconf 86' lang='lat' dir='ltr'><strong>excludit</strong></span> <span class='ocrx_word' id='word_1_777' title='bbox 2028 2411 2072 2435; x_wconf 86' lang='lat' dir='ltr'><strong>ex</strong></span> <span class='ocrx_word' id='word_1_778' title='bbox 2098 2399 2308 2447; x_wconf 86' lang='lat' dir='ltr'><strong>praedictis</strong></span> <span class='ocrx_word' id='word_1_779' title='bbox 2328 2410 2495 2436; x_wconf 90' lang='lat' dir='ltr'><strong>errorem</strong></span> <span class='ocrx_word' id='word_1_780' title='bbox 2525 2398 2702 2436; x_wconf 88' lang='lat' dir='ltr'><strong>Platonis.</strong></span> 
     </span>
     <span class='ocr_line' id='line_1_120' title="bbox 1647 2450 2704 2499; baseline -0.003 -9"><span class='ocrx_word' id='word_1_781' title='bbox 1647 2453 1747 2499; x_wconf 88' lang='lat' dir='ltr'><strong>Quia</strong></span> <span class='ocrx_word' id='word_1_782' title='bbox 1767 2452 1867 2490; x_wconf 90' lang='lat' dir='ltr'><strong>enim</strong></span> <span class='ocrx_word' id='word_1_783' title='bbox 1887 2452 2025 2489; x_wconf 89' lang='lat' dir='ltr'><strong>latebat</strong></span> <span class='ocrx_word' id='word_1_784' title='bbox 2053 2464 2142 2488; x_wconf 88' lang='lat' dir='ltr'><strong>eum</strong></span> <span class='ocrx_word' id='word_1_785' title='bbox 2163 2450 2360 2498; x_wconf 87' lang='lat' dir='ltr'><strong>quomodo</strong></span> <span class='ocrx_word' id='word_1_786' title='bbox 2374 2450 2595 2488; x_wconf 90' lang='lat' dir='ltr'><strong>-intellectus</strong></span> <span class='ocrx_word' id='word_1_787' title='bbox 2613 2463 2704 2488; x_wconf 88' lang='lat' dir='ltr'><strong>vere</strong></span> 
     </span>
     <span class='ocr_line' id='line_1_121' title="bbox 1646 2504 2704 2554; baseline -0.002 -12"><span class='ocrx_word' id='word_1_788' title='bbox 1646 2506 1808 2554; x_wconf 78' lang='lat' dir='ltr'><strong>posset*</strong></span> <span class='ocrx_word' id='word_1_789' title='bbox 1827 2505 2043 2541; x_wconf 88' lang='lat' dir='ltr'><strong>abstrahere</strong></span> <span class='ocrx_word' id='word_1_790' title='bbox 2063 2516 2108 2540; x_wconf 90' lang='lat' dir='ltr'><strong>ea</strong></span> <span class='ocrx_word' id='word_1_791' title='bbox 2127 2515 2224 2552; x_wconf 90' lang='lat' dir='ltr'><strong>quae</strong></span> <span class='ocrx_word' id='word_1_792' title='bbox 2243 2515 2322 2540; x_wconf 91' lang='lat' dir='ltr'><strong>non</strong></span> <span class='ocrx_word' id='word_1_793' title='bbox 2340 2510 2426 2540; x_wconf 91' lang='lat' dir='ltr'><strong>sunt</strong></span> <span class='ocrx_word' id='word_1_794' title='bbox 2444 2504 2628 2540; x_wconf 87' lang='lat' dir='ltr'><strong>abstracta</strong></span> <span class='ocrx_word' id='word_1_795' title='bbox 2647 2515 2704 2540; x_wconf 91' lang='lat' dir='ltr'><strong>se-</strong></span> 
     </span>
     <span class='ocr_line' id='line_1_122' title="bbox 1647 2556 2704 2605; baseline -0.002 -10"><span class='ocrx_word' id='word_1_796' title='bbox 1647 2558 1816 2595; x_wconf 89' lang='lat' dir='ltr'><strong>cundum</strong></span> <span class='ocrx_word' id='word_1_797' title='bbox 1846 2569 1939 2604; x_wconf 83' lang='lat' dir='ltr'><strong>esse,</strong></span> <span class='ocrx_word' id='word_1_798' title='bbox 1969 2556 2095 2605; x_wconf 92' lang='lat' dir='ltr'><strong>posuit</strong></span> <span class='ocrx_word' id='word_1_799' title='bbox 2123 2556 2252 2593; x_wconf 89' lang='lat' dir='ltr'><strong>omnia</strong></span> <span class='ocrx_word' id='word_1_800' title='bbox 2279 2568 2377 2604; x_wconf 91' lang='lat' dir='ltr'><strong>quae</strong></span> <span class='ocrx_word' id='word_1_801' title='bbox 2405 2563 2492 2593; x_wconf 90' lang='lat' dir='ltr'><strong>sunt</strong></span> <span class='ocrx_word' id='word_1_802' title='bbox 2519 2556 2704 2593; x_wconf 89' lang='lat' dir='ltr'><strong>abstracta</strong></span> 
     </span>
     <span class='ocr_line' id='line_1_123' title="bbox 1646 2608 2703 2656; baseline -0.002 -9"><span class='ocrx_word' id='word_1_803' title='bbox 1646 2610 1856 2647; x_wconf 91' lang='lat' dir='ltr'><strong>secundum</strong></span> <span class='ocrx_word' id='word_1_804' title='bbox 1884 2609 2134 2656; x_wconf 90' lang='lat' dir='ltr'><strong>intellectum,</strong></span> <span class='ocrx_word' id='word_1_805' title='bbox 2165 2621 2246 2645; x_wconf 89' lang='lat' dir='ltr'><strong>esse</strong></span> <span class='ocrx_word' id='word_1_806' title='bbox 2275 2609 2460 2645; x_wconf 88' lang='lat' dir='ltr'><strong>abstracta</strong></span> <span class='ocrx_word' id='word_1_807' title='bbox 2491 2608 2703 2646; x_wconf 91' lang='lat' dir='ltr'><strong>secundum</strong></span> 
     </span>
     <span class='ocr_line' id='line_1_124' title="bbox 1647 2661 2702 2709; baseline -0.002 -9"><span class='ocrx_word' id='word_1_808' title='bbox 1647 2675 1738 2700; x_wconf 90' lang='lat' dir='ltr'><strong>rem.</strong></span> <span class='ocrx_word' id='word_1_809' title='bbox 1769 2662 1879 2699; x_wconf 88' lang='lat' dir='ltr'><strong>Unde</strong></span> <span class='ocrx_word' id='word_1_810' title='bbox 1908 2674 1986 2698; x_wconf 91' lang='lat' dir='ltr'><strong>non</strong></span> <span class='ocrx_word' id='word_1_811' title='bbox 2010 2662 2134 2698; x_wconf 91' lang='lat' dir='ltr'><strong>solum</strong></span> <span class='ocrx_word' id='word_1_812' title='bbox 2162 2661 2323 2709; x_wconf 56' lang='lat' dir='ltr'><strong>posuitss</strong></span> <span class='ocrx_word' id='word_1_813' title='bbox 2352 2661 2619 2698; x_wconf 89' lang='lat' dir='ltr'><strong>mathematica</strong></span> <span class='ocrx_word' id='word_1_814' title='bbox 2637 2662 2702 2698; x_wconf 89' lang='lat' dir='ltr'><strong>ab-</strong></span> 
     </span>
     <span class='ocr_line' id='line_1_125' title="bbox 1645 2713 2705 2763; baseline -0.001 -11"><span class='ocrx_word' id='word_1_815' title='bbox 1645 2723 1791 2762; x_wconf 88' lang='lat' dir='ltr'><strong>stracta,</strong></span> <span class='ocrx_word' id='word_1_816' title='bbox 1811 2722 1966 2763; x_wconf 91' lang='lat' dir='ltr'><strong>propter</strong></span> <span class='ocrx_word' id='word_1_817' title='bbox 1983 2715 2058 2750; x_wconf 93' lang='lat' dir='ltr'><strong>hoc</strong></span> <span class='ocrx_word' id='word_1_818' title='bbox 2086 2713 2190 2762; x_wconf 93' lang='lat' dir='ltr'><strong>quod</strong></span> <span class='ocrx_word' id='word_1_819' title='bbox 2218 2714 2507 2750; x_wconf 89' lang='lat' dir='ltr'><strong>mathematicus</strong></span> <span class='ocrx_word' id='word_1_820' title='bbox 2526 2713 2705 2751; x_wconf 87' lang='lat' dir='ltr'><strong>abstrahit</strong></span> 
     </span>
     <span class='ocr_line' id='line_1_126' title="bbox 1646 2766 2702 2815; baseline -0.001 -11"><span class='ocrx_word' id='word_1_821' title='bbox 1646 2781 1668 2804; x_wconf 91' lang='lat' dir='ltr'><strong>a</strong></span> <span class='ocrx_word' id='word_1_822' title='bbox 1687 2767 1845 2804; x_wconf 89' lang='lat' dir='ltr'><strong>materia</strong></span> <span class='ocrx_word' id='word_1_823' title='bbox 1868 2766 2049 2813; x_wconf 75' lang='lat' dir='ltr'><strong>sensibili,</strong></span> <span class='ocrx_word' id='word_1_824' title='bbox 2070 2766 2136 2803; x_wconf 89' lang='lat' dir='ltr'><strong>sed</strong></span> <span class='ocrx_word' id='word_1_825' title='bbox 2157 2766 2271 2803; x_wconf 89' lang='lat' dir='ltr'><strong>etiam</strong></span> <span class='ocrx_word' id='word_1_826' title='bbox 2289 2766 2417 2815; x_wconf 89' lang='lat' dir='ltr'><strong>posuit</strong></span> <span class='ocrx_word' id='word_1_827' title='bbox 2434 2766 2534 2815; x_wconf 90' lang='lat' dir='ltr'><strong>ipsas</strong></span> <span class='ocrx_word' id='word_1_828' title='bbox 2558 2778 2618 2803; x_wconf 89' lang='lat' dir='ltr'><strong>res</strong></span> <span class='ocrx_word' id='word_1_829' title='bbox 2636 2779 2702 2804; x_wconf 89' lang='lat' dir='ltr'><strong>na·</strong></span> 
     </span>
     <span class='ocr_line' id='line_1_127' title="bbox 1645 2818 2704 2868; baseline -0.001 -11"><span class='ocrx_word' id='word_1_830' title='bbox 1645 2821 1782 2857; x_wconf 88' lang='lat' dir='ltr'><strong>turales</strong></span> <span class='ocrx_word' id='word_1_831' title='bbox 1820 2820 2022 2856; x_wconf 86' lang='lat' dir='ltr'><strong>abstractas</strong></span> <span class='ocrx_word' id='word_1_832' title='bbox 2038 2849 2047 2866; x_wconf 93' lang='lat'><strong>,</strong></span> <span class='ocrx_word' id='word_1_833' title='bbox 2085 2826 2239 2868; x_wconf 90' lang='lat' dir='ltr'><strong>propter</strong></span> <span class='ocrx_word' id='word_1_834' title='bbox 2275 2819 2349 2856; x_wconf 89' lang='lat' dir='ltr'><strong>hoc</strong></span> <span class='ocrx_word' id='word_1_835' title='bbox 2385 2819 2490 2868; x_wconf 92' lang='lat' dir='ltr'><strong>quod</strong></span> <span class='ocrx_word' id='word_1_836' title='bbox 2526 2818 2704 2856; x_wconf 85' lang='lat' dir='ltr'><strong>naturalis</strong></span> 
     </span>
     <span class='ocr_line' id='line_1_128' title="bbox 1646 2870 2702 2919; baseline -0.001 -10"><span class='ocrx_word' id='word_1_837' title='bbox 1646 2873 1799 2909; x_wconf 86' lang='lat' dir='ltr'><strong>scientia</strong></span> <span class='ocrx_word' id='word_1_838' title='bbox 1827 2880 1882 2909; x_wconf 92' lang='lat' dir='ltr'><strong>est</strong></span> <span class='ocrx_word' id='word_1_839' title='bbox 1910 2872 1956 2908; x_wconf 88' lang='lat' dir='ltr'><strong>de</strong></span> <span class='ocrx_word' id='word_1_840' title='bbox 1988 2871 2264 2909; x_wconf 89' lang='lat' dir='ltr'><strong>universalibus</strong></span> <span class='ocrx_word' id='word_1_841' title='bbox 2298 2879 2334 2908; x_wconf 92' lang='lat' dir='ltr'><strong>et</strong></span> <span class='ocrx_word' id='word_1_842' title='bbox 2361 2884 2439 2908; x_wconf 91' lang='lat' dir='ltr'><strong>non</strong></span> <span class='ocrx_word' id='word_1_843' title='bbox 2467 2871 2514 2909; x_wconf 89' lang='lat' dir='ltr'><strong>de</strong></span> <span class='ocrx_word' id='word_1_844' title='bbox 2542 2870 2702 2919; x_wconf 85' lang='lat' dir='ltr'><strong>singula-</strong></span> 
     </span>
     <span class='ocr_line' id='line_1_129' title="bbox 1647 2924 2703 2972; baseline -0.002 -10"><span class='ocrx_word' id='word_1_845' title='bbox 1647 2925 1760 2962; x_wconf 92' lang='lat' dir='ltr'><strong>ribus.</strong></span> <span class='ocrx_word' id='word_1_846' title='bbox 1781 2925 1892 2962; x_wconf 92' lang='lat' dir='ltr'><strong>Unde</strong></span> <span class='ocrx_word' id='word_1_847' title='bbox 1910 2924 2037 2972; x_wconf 91' lang='lat' dir='ltr'><strong>posuit</strong></span> <span class='ocrx_word' id='word_1_848' title='bbox 2055 2924 2252 2961; x_wconf 92' lang='lat' dir='ltr'><strong>hominem</strong></span> <span class='ocrx_word' id='word_1_849' title='bbox 2273 2936 2354 2960; x_wconf 89' lang='lat' dir='ltr'><strong>esse</strong></span> <span class='ocrx_word' id='word_1_850' title='bbox 2375 2925 2394 2945; x_wconf 57' lang='lat'><strong>&#39;⁴‘</strong></span> <span class='ocrx_word' id='word_1_851' title='bbox 2423 2930 2650 2972; x_wconf 88' lang='lat' dir='ltr'><strong>separatum,</strong></span> <span class='ocrx_word' id='word_1_852' title='bbox 2667 2931 2703 2960; x_wconf 90' lang='lat' dir='ltr'><strong>et</strong></span> 
     </span>
     <span class='ocr_line' id='line_1_130' title="bbox 1648 2975 2702 3026; baseline -0.001 -12"><span class='ocrx_word' id='word_1_853' title='bbox 1648 2990 1787 3026; x_wconf 91' lang='lat' dir='ltr'><strong>equum</strong></span> <span class='ocrx_word' id='word_1_854' title='bbox 1804 2985 1840 3014; x_wconf 90' lang='lat' dir='ltr'><strong>et</strong></span> <span class='ocrx_word' id='word_1_855' title='bbox 1854 2977 2020 3026; x_wconf 89' lang='lat' dir='ltr'><strong>lapidem</strong></span> <span class='ocrx_word' id='word_1_856' title='bbox 2040 2983 2075 3012; x_wconf 89' lang='lat' dir='ltr'><strong>et</strong></span> <span class='ocrx_word' id='word_1_857' title='bbox 2094 2977 2165 3013; x_wconf 88' lang='lat' dir='ltr'><strong>alia</strong></span> <span class='ocrx_word' id='word_1_858' title='bbox 2179 2976 2414 3021; x_wconf 90' lang='lat' dir='ltr'><strong>huiusmodi;</strong></span> <span class='ocrx_word' id='word_1_859' title='bbox 2435 2988 2532 3024; x_wconf 90' lang='lat' dir='ltr'><strong>quae</strong></span> <span class='ocrx_word' id='word_1_860' title='bbox 2547 2975 2702 3024; x_wconf 86' lang='lat' dir='ltr'><strong>quidem</strong></span> 
     </span>
     <span class='ocr_line' id='line_1_131' title="bbox 1647 3028 2703 3079; baseline -0.001 -13"><span class='ocrx_word' id='word_1_861' title='bbox 1647 3037 1818 3079; x_wconf 90' lang='lat' dir='ltr'><strong>separata</strong></span> <span class='ocrx_word' id='word_1_862' title='bbox 1847 3029 1994 3066; x_wconf 89' lang='lat' dir='ltr'><strong>dicebat</strong></span> <span class='ocrx_word' id='word_1_863' title='bbox 2014 3041 2096 3065; x_wconf 91' lang='lat' dir='ltr'><strong>esse</strong></span> <span class='ocrx_word' id='word_1_864' title='bbox 2115 3028 2239 3066; x_wconf 90' lang='lat' dir='ltr'><strong>ideas:</strong></span> <span class='ocrx_word' id='word_1_865' title='bbox 2267 3041 2355 3065; x_wconf 92' lang='lat' dir='ltr'><strong>cum</strong></span> <span class='ocrx_word' id='word_1_866' title='bbox 2374 3036 2502 3065; x_wconf 89' lang='lat' dir='ltr'><strong>tamen</strong></span> <span class='ocrx_word' id='word_1_867' title='bbox 2521 3028 2703 3065; x_wconf 90' lang='lat' dir='ltr'><strong>naturalia</strong></span> 
     </span>
     <span class='ocr_line' id='line_1_132' title="bbox 1647 3081 2702 3130; baseline -0.001 -11"><span class='ocrx_word' id='word_1_868' title='bbox 1647 3083 1718 3119; x_wconf 91' lang='lat' dir='ltr'><strong>sint</strong></span> <span class='ocrx_word' id='word_1_869' title='bbox 1737 3082 1869 3119; x_wconf 86' lang='lat' dir='ltr'><strong>minus&#39;</strong></span> <span class='ocrx_word' id='word_1_870' title='bbox 1890 3082 2074 3118; x_wconf 90' lang='lat' dir='ltr'><strong>abstracta</strong></span> <span class='ocrx_word' id='word_1_871' title='bbox 2102 3093 2218 3130; x_wconf 90' lang='lat' dir='ltr'><strong>quam</strong></span> <span class='ocrx_word' id='word_1_872' title='bbox 2251 3081 2527 3118; x_wconf 88' lang='lat' dir='ltr'><strong>mathematica.</strong></span> <span class='ocrx_word' id='word_1_873' title='bbox 2555 3081 2702 3118; x_wconf 86' lang='lat' dir='ltr'><strong>Mathe-</strong></span> 
     </span>
     <span class='ocr_line' id='line_1_133' title="bbox 1647 3133 2704 3171; baseline -0.001 0"><span class='ocrx_word' id='word_1_874' title='bbox 1647 3135 1783 3171; x_wconf 88' lang='lat' dir='ltr'><strong>matica</strong></span> <span class='ocrx_word' id='word_1_875' title='bbox 1821 3134 1921 3171; x_wconf 91' lang='lat' dir='ltr'><strong>enim</strong></span> <span class='ocrx_word' id='word_1_876' title='bbox 1959 3141 2045 3170; x_wconf 92' lang='lat' dir='ltr'><strong>sunt</strong></span> <span class='ocrx_word' id='word_1_877' title='bbox 2076 3134 2232 3170; x_wconf 89' lang='lat' dir='ltr'><strong>omnino</strong></span> <span class='ocrx_word' id='word_1_878' title='bbox 2270 3134 2455 3171; x_wconf 89' lang='lat' dir='ltr'><strong>abstracta</strong></span> <span class='ocrx_word' id='word_1_879' title='bbox 2491 3146 2513 3170; x_wconf 90' lang='lat' dir='ltr'><strong>a</strong></span> <span class='ocrx_word' id='word_1_880' title='bbox 2546 3133 2704 3171; x_wconf 88' lang='lat' dir='ltr'><strong>materia</strong></span> 
     </span>
     <span class='ocr_line' id='line_1_134' title="bbox 1647 3186 2702 3235; baseline -0.001 -11"><span class='ocrx_word' id='word_1_881' title='bbox 1647 3186 1811 3224; x_wconf 89' lang='lat' dir='ltr'><strong>sensibili</strong></span> <span class='ocrx_word' id='word_1_882' title='bbox 1840 3186 2050 3224; x_wconf 93' lang='lat' dir='ltr'><strong>secundum</strong></span> <span class='ocrx_word' id='word_1_883' title='bbox 2070 3186 2310 3234; x_wconf 90' lang='lat' dir='ltr'><strong>intellectum,</strong></span> <span class='ocrx_word' id='word_1_884' title='bbox 2331 3186 2418 3235; x_wconf 90' lang='lat' dir='ltr'><strong>quia</strong></span> <span class='ocrx_word' id='word_1_885' title='bbox 2444 3186 2599 3224; x_wconf 89' lang='lat' dir='ltr'><strong>materia</strong></span> <span class='ocrx_word' id='word_1_886' title='bbox 2618 3198 2702 3224; x_wconf 91' lang='lat' dir='ltr'><strong>sen-</strong></span> 
     </span>
     <span class='ocr_line' id='line_1_135' title="bbox 1647 3238 2701 3297; baseline 0 -21"><span class='ocrx_word' id='word_1_887' title='bbox 1647 3239 1761 3276; x_wconf 92' lang='lat' dir='ltr'><strong>sibilis</strong></span> <span class='ocrx_word' id='word_1_888' title='bbox 1776 3251 1853 3276; x_wconf 89' lang='lat' dir='ltr'><strong>non</strong></span> <span class='ocrx_word' id='word_1_889' title='bbox 1868 3239 2087 3276; x_wconf 90' lang='lat' dir='ltr'><strong>includitur</strong></span> <span class='ocrx_word' id='word_1_890' title='bbox 2079 3251 2117 3276; x_wconf 83' lang='lat' dir='ltr'><strong>in</strong></span> <span class='ocrx_word' id='word_1_891' title='bbox 2131 3238 2318 3276; x_wconf 90' lang='lat' dir='ltr'><strong>intellectu</strong></span> <span class='ocrx_word' id='word_1_892' title='bbox 2333 3239 2701 3297; x_wconf 80' lang='lat' dir='ltr'><strong>mathematicorum,</strong></span> 
     </span>
     <span class='ocr_line' id='line_1_136' title="bbox 1647 3282 2702 3341; baseline -0.001 -13"><span class='ocrx_word' id='word_1_893' title='bbox 1647 3305 1770 3341; x_wconf 92' lang='lat' dir='ltr'><strong>neque</strong></span> <span class='ocrx_word' id='word_1_894' title='bbox 1799 3292 1836 3329; x_wconf 92' lang='lat' dir='ltr'><strong>in</strong></span> <span class='ocrx_word' id='word_1_895' title='bbox 1864 3291 2068 3328; x_wconf 83' lang='lat' dir='ltr'><strong>universali</strong></span> <span class='ocrx_word' id='word_1_896' title='bbox 2093 3288 2217 3341; x_wconf 81' lang='lat' dir='ltr'><strong>neque</strong></span> <span class='ocrx_word' id='word_1_897' title='bbox 2246 3282 2287 3329; x_wconf 92' lang='lat' dir='ltr'><strong>in</strong></span> <span class='ocrx_word' id='word_1_898' title='bbox 2310 3292 2543 3340; x_wconf 87' lang='lat' dir='ltr'><strong>particulari.</strong></span> <span class='ocrx_word' id='word_1_899' title='bbox 2572 3290 2671 3329; x_wconf 90' lang='lat' dir='ltr'><strong>sed</strong></span> <span class='ocrx_word' id='word_1_900' title='bbox 2662 3303 2702 3327; x_wconf 81' lang='lat' dir='ltr'><strong>in</strong></span> 
     </span>
     <span class='ocr_line' id='line_1_137' title="bbox 1646 3343 2701 3394; baseline -0.001 -13"><span class='ocrx_word' id='word_1_901' title='bbox 1646 3345 1832 3382; x_wconf 89' lang='lat' dir='ltr'><strong>intellectu</strong></span> <span class='ocrx_word' id='word_1_902' title='bbox 1852 3344 2063 3394; x_wconf 89' lang='lat' dir='ltr'><strong>specierum</strong></span> <span class='ocrx_word' id='word_1_903' title='bbox 2083 3344 2308 3382; x_wconf 83' lang='lat' dir='ltr'><strong>naturalium</strong></span> <span class='ocrx_word' id='word_1_904' title='bbox 2329 3344 2527 3382; x_wconf 90' lang='lat' dir='ltr'><strong>includitur</strong></span> <span class='ocrx_word' id='word_1_905' title='bbox 2546 3343 2701 3394; x_wconf 88' lang='lat' dir='ltr'><strong>quidem</strong></span> 
     </span>
     <span class='ocr_line' id='line_1_138' title="bbox 1647 3395 2702 3445; baseline -0.002 -11"><span class='ocrx_word' id='word_1_906' title='bbox 1647 3397 1803 3434; x_wconf 89' lang='lat' dir='ltr'><strong>materia</strong></span> <span class='ocrx_word' id='word_1_907' title='bbox 1831 3397 2026 3445; x_wconf 89' lang='lat' dir='ltr'><strong>sensibilis,</strong></span> <span class='ocrx_word' id='word_1_908' title='bbox 2053 3397 2119 3435; x_wconf 91' lang='lat' dir='ltr'><strong>sed</strong></span> <span class='ocrx_word' id='word_1_909' title='bbox 2147 3410 2225 3435; x_wconf 91' lang='lat' dir='ltr'><strong>non</strong></span> <span class='ocrx_word' id='word_1_910' title='bbox 2253 3397 2410 3434; x_wconf 74' lang='lat' dir='ltr'><strong>materia</strong></span> <span class='ocrx_word' id='word_1_911' title='bbox 2445 3395 2702 3442; x_wconf 84' lang='lat' dir='ltr'><strong>individualis;</strong></span> 
     </span>
    </p>
   </div>
   <div class='ocr_carea' id='block_1_32' title="bbox 1641 3543 2698 3579">
    <p class='ocr_par' dir='ltr' id='par_1_37' title="bbox 1641 3543 2698 3579">
     <span class='ocr_line' id='line_1_139' title="bbox 1641 3543 2698 3579; baseline -0.004 -7"><span class='ocrx_word' id='word_1_912' title='bbox 1641 3550 1730 3578; x_wconf 81' lang='lat' dir='ltr'><strong>potest</strong></span> <span class='ocrx_word' id='word_1_913' title='bbox 1744 3554 1800 3572; x_wconf 83' lang='lat' dir='ltr'><strong>eam</strong></span> <span class='ocrx_word' id='word_1_914' title='bbox 1815 3547 1968 3572; x_wconf 79' lang='lat' dir='ltr'><strong>abstrahere</strong></span> <span class='ocrx_word' id='word_1_915' title='bbox 1983 3547 2013 3578; x_wconf 90' lang='lat' dir='ltr'><strong>D,</strong></span> <span class='ocrx_word' id='word_1_916' title='bbox 2020 3549 2114 3579; x_wconf 76' lang='lat' dir='ltr'><strong>postea</strong></span> <span class='ocrx_word' id='word_1_917' title='bbox 2129 3546 2282 3572; x_wconf 81' lang='lat' dir='ltr'><strong>abstrahere</strong></span> <span class='ocrx_word' id='word_1_918' title='bbox 2296 3546 2327 3578; x_wconf 87' lang='lat' dir='ltr'><strong>X,</strong></span> <span class='ocrx_word' id='word_1_919' title='bbox 2338 3549 2427 3579; x_wconf 80' lang='lat' dir='ltr'><strong>potest</strong></span> <span class='ocrx_word' id='word_1_920' title='bbox 2440 3545 2582 3571; x_wconf 78' lang='lat' dir='ltr'><strong>extrahere</strong></span> <span class='ocrx_word' id='word_1_921' title='bbox 2594 3550 2625 3569; x_wconf 84' lang='lat' dir='ltr'><strong>ea</strong></span> <span class='ocrx_word' id='word_1_922' title='bbox 2638 3543 2683 3569; x_wconf 85' lang='lat' dir='ltr'><strong>EG</strong></span> <span class='ocrx_word' id='word_1_923' title='bbox 2691 3552 2698 3575; x_wconf 88' lang='lat'>;</span> 
     </span>
    </p>
   </div>
   <div class='ocr_carea' id='block_1_33' title="bbox 1645 3582 1981 3612">
    <p class='ocr_par' dir='ltr' id='par_1_38' title="bbox 1645 3582 1981 3612">
     <span class='ocr_line' id='line_1_140' title="bbox 1645 3582 1981 3612; baseline 0 -5"><span class='ocrx_word' id='word_1_924' title='bbox 1645 3582 1855 3612; x_wconf 77' lang='lat' dir='ltr'><strong>PAlKOQTVab</strong></span> <span class='ocrx_word' id='word_1_925' title='bbox 1873 3589 1926 3607; x_wconf 87' lang='lat' dir='ltr'><strong>om.</strong></span> <span class='ocrx_word' id='word_1_926' title='bbox 1941 3588 1981 3607; x_wconf 79' lang='lat' dir='ltr'><strong>ea.</strong></span> 
     </span>
    </p>
   </div>
   <div class='ocr_carea' id='block_1_34' title="bbox 2727 365 2939 413">
    <p class='ocr_par' dir='ltr' id='par_1_39' title="bbox 2727 365 2939 413">
     <span class='ocr_line' id='line_1_141' title="bbox 2727 365 2939 413; baseline 0.005 -27.146"><span class='ocrx_word' id='word_1_927' title='bbox 2727 365 2822 413; x_wconf 47' lang='lat' dir='ltr'><strong>{Rhome</strong></span> <span class='ocrx_word' id='word_1_928' title='bbox 2840 371 2939 394; x_wconf 81' lang='lat' dir='ltr'><strong>namque</strong></span> 
     </span>
    </p>
   </div>
   <div class='ocr_carea' id='block_1_35' title="bbox 2752 680 2926 703">
    <p class='ocr_par' dir='ltr' id='par_1_40' title="bbox 2752 680 2926 703">
     <span class='ocr_line' id='line_1_142' title="bbox 2752 680 2926 703; baseline 0.006 -2"><span class='ocrx_word' id='word_1_929' title='bbox 2752 680 2876 702; x_wconf 75' lang='lat' dir='ltr'><strong>extrahere</strong></span> <span class='ocrx_word' id='word_1_930' title='bbox 2889 686 2926 703; x_wconf 76' lang='lat' dir='ltr'><strong>m.</strong></span> 
     </span>
    </p>
   </div>
   <div class='ocr_carea' id='block_1_36' title="bbox 2727 779 2881 828">
    <p class='ocr_par' dir='ltr' id='par_1_41' title="bbox 2727 779 2881 828">
     <span class='ocr_line' id='line_1_143' title="bbox 2727 779 2881 807; baseline 0.017 -7.444"><span class='ocrx_word' id='word_1_931' title='bbox 2727 779 2777 800; x_wconf 74' lang='lat' dir='ltr'><strong>⁴*et</strong></span> <span class='ocrx_word' id='word_1_932' title='bbox 2789 779 2842 802; x_wconf 74' lang='lat' dir='ltr'><strong>add.</strong></span> <span class='ocrx_word' id='word_1_933' title='bbox 2855 785 2881 807; x_wconf 73' lang='grc' dir='ltr'><strong>ι»,</strong></span> 
     </span>
     <span class='ocr_line' id='line_1_144' title="bbox 2727 805 2834 828; baseline 0.02 -2"><span class='ocrx_word' id='word_1_934' title='bbox 2727 805 2798 827; x_wconf 81' lang='lat' dir='ltr'><strong>etiam</strong></span> <span class='ocrx_word' id='word_1_935' title='bbox 2811 811 2834 828; x_wconf 71' lang='lat' dir='ltr'><strong>n.</strong></span> 
     </span>
    </p>
   </div>
   <div class='ocr_carea' id='block_1_37' title="bbox 2728 989 2863 1012">
    <p class='ocr_par' dir='ltr' id='par_1_42' title="bbox 2728 989 2863 1012">
     <span class='ocr_line' id='line_1_145' title="bbox 2728 989 2863 1012; baseline 0.007 -1"><span class='ocrx_word' id='word_1_936' title='bbox 2728 989 2796 1011; x_wconf 69' lang='lat' dir='ltr'><strong>*suo</strong></span> <span class='ocrx_word' id='word_1_937' title='bbox 2810 995 2863 1012; x_wconf 72' lang='lat' dir='ltr'><strong>m.</strong></span> 
     </span>
    </p>
   </div>
   <div class='ocr_carea' id='block_1_38' title="bbox 2731 1307 2902 1330">
    <p class='ocr_par' dir='ltr' id='par_1_43' title="bbox 2731 1307 2902 1330">
     <span class='ocr_line' id='line_1_146' title="bbox 2731 1307 2902 1330; baseline 0.012 -2"><span class='ocrx_word' id='word_1_938' title='bbox 2731 1307 2742 1319; x_wconf 75' lang='lat'>⁸</span> <span class='ocrx_word' id='word_1_939' title='bbox 2756 1313 2786 1329; x_wconf 82' lang='lat' dir='ltr'><strong>ea</strong></span> <span class='ocrx_word' id='word_1_940' title='bbox 2798 1307 2851 1330; x_wconf 74' lang='lat' dir='ltr'><strong>edd.</strong></span> <span class='ocrx_word' id='word_1_941' title='bbox 2865 1313 2902 1330; x_wconf 77' lang='lat' dir='ltr'><strong>m.</strong></span> 
     </span>
    </p>
   </div>
   <div class='ocr_carea' id='block_1_39' title="bbox 2731 1463 2943 1598">
    <p class='ocr_par' dir='ltr' id='par_1_44' title="bbox 2731 1463 2943 1598">
     <span class='ocr_line' id='line_1_147' title="bbox 2731 1463 2943 1518; baseline 0.005 -7"><span class='ocrx_word' id='word_1_942' title='bbox 2731 1463 2943 1518; x_wconf 62' lang='lat' dir='ltr'><strong>h{·.l}t.¹⁰tr¹f,²;,</strong></span> 
     </span>
     <span class='ocr_line' id='line_1_148' title="bbox 2732 1521 2806 1544; baseline 0.014 -7"><span class='ocrx_word' id='word_1_943' title='bbox 2732 1521 2761 1543; x_wconf 64' lang='grc' dir='ltr'><strong>ιι,</strong></span> <span class='ocrx_word' id='word_1_944' title='bbox 2775 1521 2806 1544; x_wconf 81' lang='lat'><strong>¹3·</strong></span> 
     </span>
     <span class='ocr_line' id='line_1_149' title="bbox 2754 1572 2873 1598; baseline 0.008 -4"><span class='ocrx_word' id='word_1_945' title='bbox 2754 1572 2793 1598; x_wconf 63' lang='lat' dir='ltr'><strong>Qut</strong></span> <span class='ocrx_word' id='word_1_946' title='bbox 2804 1578 2873 1595; x_wconf 70' lang='lat' dir='ltr'><strong>tour«.</strong></span> 
     </span>
    </p>
   </div>
   <div class='ocr_carea' id='block_1_40' title="bbox 2730 2514 2944 2563">
    <p class='ocr_par' dir='ltr' id='par_1_45' title="bbox 2730 2514 2944 2563">
     <span class='ocr_line' id='line_1_150' title="bbox 2730 2514 2944 2563; baseline 0.005 -1"><span class='ocrx_word' id='word_1_947' title='bbox 2730 2514 2944 2563; x_wconf 49' lang='lat' dir='ltr'><strong>{sssess‘sffissfd‘</strong></span> 
     </span>
    </p>
   </div>
   <div class='ocr_carea' id='block_1_41' title="bbox 2726 2666 2942 2742">
    <p class='ocr_par' dir='ltr' id='par_1_46' title="bbox 2726 2666 2942 2742">
     <span class='ocr_line' id='line_1_151' title="bbox 2726 2666 2942 2721; baseline -0.032 0"><span class='ocrx_word' id='word_1_948' title='bbox 2726 2666 2942 2721; x_wconf 36' lang='lat' dir='ltr'><strong>Lam&amp;</strong></span> 
     </span>
     <span class='ocr_line' id='line_1_152' title="bbox 2730 2724 2903 2742; baseline 0.006 -1"><span class='ocrx_word' id='word_1_949' title='bbox 2730 2725 2779 2741; x_wconf 61' lang='grc' dir='ltr'><strong>ἕζο-</strong></span> <span class='ocrx_word' id='word_1_950' title='bbox 2793 2724 2903 2742; x_wconf 65' lang='lat' dir='ltr'><strong>muz,</strong></span> 
     </span>
    </p>
   </div>
   <div class='ocr_carea' id='block_1_42' title="bbox 2728 2923 2982 2965">
    <p class='ocr_par' dir='ltr' id='par_1_47' title="bbox 2728 2923 2982 2965">
     <span class='ocr_line' id='line_1_153' title="bbox 2728 2923 2982 2965; baseline 0.004 -11"><span class='ocrx_word' id='word_1_951' title='bbox 2728 2932 2740 2943; x_wconf 67' lang='lat'>⁵</span> <span class='ocrx_word' id='word_1_952' title='bbox 2754 2938 2806 2955; x_wconf 75' lang='lat' dir='ltr'><strong>ene</strong></span> <span class='ocrx_word' id='word_1_953' title='bbox 2815 2936 2948 2965; x_wconf 46' lang='grc' dir='ltr'><strong>οωηωπ..</strong></span> <span class='ocrx_word' id='word_1_954' title='bbox 2979 2923 2982 2925; x_wconf 44' lang='grc'><em>”</em></span> 
     </span>
    </p>
   </div>
  </div>
 </body>
</html>
