2950 4004
458 221 505 256 82
1094 222 1437 258 PHYSICORUM
1465 221 1813 257 ARISTOTELIS
1844 222 1937 257 LIB.
1969 223 2000 258 II

1571 298 1781 345 sanitatem,
1811 299 1905 335 sicut
1933 307 1988 335 est
2013 300 2178 347 spiritus,
2208 300 2305 338 idest
2331 311 2478 353 ventus,
2510 313 2545 342 et
2573 318 2633 343 36-

1570 358 1647 386 51115
1664 357 1699 386 61
1714 351 1862 387 abrasio
1884 352 2013 400 capitis
2028 358 2054 388 ¹:
2075 353 2263 401 numquid
2282 354 2390 402 igitur
2409 358 2632 405 quodlibet*
2661 387 2671 397 .
2686 362 2785 414 aliquoi,
2796 393 2824 409 m

1570 403 1729 440 istorum
1749 411 1804 440 est
1823 416 1937 441 631153
1955 417 2024 453 per
2048 404 2251 441 accidens?
2272 407 2349 444 Sed
2369 409 2458 456 quia
2478 423 2592 459 supra
2611 412 2631 433 *
2661 413 2672 423 ”
2686 412 2748 434 Lec‘·
2765 403 2838 441 ‘’mec'-

1570 454 1733 492 diximus
1751 456 1858 504 'quod
1877 457 2027 494 fortuna
2055 457 2220 494 maxime
2250 458 2382 496 dicitur
2398 462 2417 482 *
2433 474 2545 499 causa
2563 476 2634 512 per
2659 470 2735 517 23³0
2749 470 2801 492 add.
2811 477 2874 492 »Μ

457 301 618 338 ostendit
637 300 834 350 quomodo
854 301 978 349 prima
998 300 1126 348 opinio
1142 300 1340 336 veritatem
1360 299 1513 334 habeat:

457 361 493 390 et
522 353 608 390 dicit
636 353 740 402 quod
775 353 1066 402 quodammodo
1102 360 1157 389 est
1183 364 1319 389 verum
1350 351 1475 387 dicere
1495 350 1514 370 ’¹‘

456 407 560 454 quod
581 419 603 442 a
626 407 774 443 fortuna
802 406 891 442 nihil
920 406 973 443 fit.
1004 406 1110 441 Haec
1139 404 1239 440 enim
1269 403 1397 440 omnia
1417 414 1514 450 quae

457 460 503 495 ab
524 458 603 494 aliis
624 459 721 495 dicta
749 466 835 495 sunt
855 459 901 495 de
922 459 1082 504 fortuna,
1104 456 1394 505 quodammodo
1415 461 1513 490 recte

217 360 228 370 ⁸*
256 359 334 380 dicere
361 365 407 380 om.

217 386 286 407 codd.

2660 445 2723 460 num.
2739 440 2760 461 8.

214 680 224 690 ⁴
235 684 280 705 per
295 685 341 700 om.
357 685 377 700 1’,

212 1364 222 1374 “
233 1363 363 1390 spectacula
374 1369 421 1383 rnz.

210 1787 217 1794 ·
236 1785 305 1806 Num.
322 1785 343 1806 6.

208 1939 219 1949 ⁴*
234 1938 302 1959 Num.
318 1944 337 1965 5.

211 2002 220 2011 ·
231 2000 334 2027 jbrtuna
352 1999 419 2021 codd.

210 2032 258 2047 exc.
274 2033 308 2047 Εγ.

209 2311 219 2320 ⁸
235 2313 257 2332 et
271 2317 317 2332 om.
335 2311 385 2332 rab.

210 2421 219 2430 ⁸
235 2421 259 2440 ut
275 2425 321 2440 orn.
332 2425 419 2440 mem-z

210 2449 231 2466 et
246 2451 260 2466 α
271 2446 290 2466 b.

211 2684 222 2693 ⁶
236 2684 371 2710 contingunt
386 2683 418 2709 pb,

211 2710 347 2730 conveniunt
355 2709 390 2731 cd.
397 2716 419 2730 a.

210 2736 221 2745 ⁸
236 2742 307 2756 causa
322 2743 342 2757 Ρ.

212 2783 221 2793 ⁸
236 2786 270 2804 est
283 2790 395 2805 nrmmnz.

457 511 650 558 dicuntur,
681 512 767 559 quia
805 511 990 547 rationem
1024 510 1188 558 aliquam
1226 509 1376 544 habent.
1414 507 1514 542 Cum

456 563 557 600 enim
592 564 740 600 fortuna
777 563 822 599 sit
859 575 972 599 causa
1008 575 1077 610 per
1113 561 1307 607 accidens,
1347 558 1515 607 sequitur

456 616 559 664 quod
588 629 610 653 a
638 617 787 652 fortuna
820 615 865 652 sit
902 615 1041 663 aliquid
1072 627 1142 662 per
1175 613 1371 658 accidens;
1410 611 1514 659 quod

455 677 581 705 autem
602 677 658 705 est
675 667 970 717 perssaccidens‚
987 679 1065 703 non
1085 674 1140 702 est
1158 665 1390 714 simpliciter;
1411 663 1514 700 unde

454 721 621 770 sequitur
639 721 744 769 quod
764 722 913 757 fortuna
932 718 1148 767 simpliciter
1167 718 1302 754 nullius
1322 717 1368 753 sit
1388 728 1511 752 causa.

454 775 503 811 Et
529 775 603 810 hoc
632 774 736 822 quod
765 773 906 810 dixerat
926 772 1022 808 circa
1049 778 1251 818 utramque
1276 769 1511 817 opinionem,

453 827 666 863 manifestat
683 839 752 874 per
767 825 959 872 exempla:
990 831 1026 860 et
1041 822 1127 859 dicit
1147 822 1251 871 quod
1270 822 1365 858 sicut
1384 821 1512 857 aedifi-

454 888 557 916 cator
570 878 587 907 1³
602 886 657 915 est
677 890 789 915 631153
811 889 880 925 per
900 889 938 914 se
960 876 1097 912 domus
1119 882 1155 911 et
1173 874 1400 922 simpliciter,
1430 873 1511 910 tibi-

454 945 524 969 cen
544 939 670 968 autem
692 938 745 967 est
765 942 878 966 causa
897 931 1034 966 domus
1053 940 1122 976 per
1141 927 1328 973 accidens;
1345 926 1512 963 similiter

454 985 558 1032 quod
577 983 709 1031 aliquis
737 982 864 1019 veniat
882 982 931 1018 ad
960 981 1123 1028 aliquem
1145 981 1274 1016 locum
1298 992 1377 1016 non
1398 991 1511 1015 causa

453 1036 676 1085 deportandi
690 1041 704 1061 γ
719 1041 927 1081 argentum,
950 1041 1004 1069 est
1024 1045 1137 1069 causa
1157 1031 1419 1080 reportationis
1443 1043 1512 1079 per

453 1089 637 1125 accidens.
670 1087 746 1124 Sed
773 1088 867 1123 11366
903 1098 1016 1122 631153
1048 1097 1118 1133 Ρ61·
1154 1084 1329 1121 accidens
1366 1084 1512 1120 infinita

452 1149 524 1178 est:
554 1141 642 1189 quia
670 1139 821 1176 infinitis
841 1138 920 1175 aliis
950 1139 996 1175 de
1018 1137 1138 1174 causis
1165 1145 1291 1186 potest
1318 1137 1437 1173 homo
1457 1137 1510 1174 ire

451 1194 500 1230 ad
536 1194 664 1229 locum
699 1193 824 1238 illum;
853 1199 944 1240 puta
978 1191 1007 1227 si
1040 1190 1156 1227 vadat
1193 1202 1307 1226 causa
1334 1189 1511 1227 visitandi

451 1246 627 1294 aliquem,
647 1246 709 1282 vel
729 1257 842 1281 causa
859 1243 1113 1293 persequendi
1132 1244 1294 1289 hostem,
1315 1243 1377 1279 vel
1398 1255 1511 1279 causa

450 1298 615 1346 fugiendi
643 1305 945 1346 persequentem,
971 1297 1033 1333 vel
1063 1308 1175 1332 631153
1202 1295 1359 1332 videndi
1387 1295 1512 1344 aliqua

450 1351 666 1400 spectabilia
675 1352 705 1387 ³³².
728 1350 870 1387 Omnia
885 1357 1011 1386 autem
1031 1349 1099 1385 ista
1120 1356 1155 1385 et
1179 1360 1443 1397 quaecumque
1464 1349 1510 1385 si-

450 1405 552 1441 milia
581 1411 666 1441 sunt
695 1416 807 1440 causa
836 1401 1097 1451 reportationis
1126 1401 1267 1449 argenti
1292 1413 1391 1449 quae
1421 1414 1510 1438 con-

450 1457 554 1505 tingit
582 1470 603 1493 a
631 1457 789 1493 fortuna.

505 1512 539 1547 3.
561 1509 709 1546 Deinde
738 1520 826 1544 cum
856 1507 956 1544 dicit:
986 1508 1036 1543 Et
1050 1508 1254 1554 fortunam
1283 1507 1406 1543 dicere
1425 1514 1507 1554 etc.,

450 1562 611 1610 assignat
630 1562 814 1597 rationem
835 1571 969 1596 eorum
989 1571 1087 1608 quae
1108 1559 1283 1596 dicuntur
1298 1559 1350 1596 de
1361 1560 1510 1596 fortuna

448 1614 661 1662 vulgariter.
683 1615 731 1650 Et
758 1613 882 1661 primo
912 1612 1075 1659 assignat
1094 1612 1279 1648 rationem
1305 1612 1385 1649 eius
1405 1613 1509 1661 quod

451 1668 583 1704 dicitur
612 1667 658 1703 de
692 1667 841 1702 fortuna
865 1663 895 1711 δ,
927 1677 1007 1701 6556
1037 1664 1115 1701 51116
1145 1665 1304 1710 ratione;
1340 1666 1507 1702 secundo

450 1721 529 1756 eius
558 1719 664 1768 quod
692 1719 835 1766 dicitur,
857 1718 1047 1754 fortunam
1069 1730 1150 1754 esse
1171 1718 1314 1754 bonam
1342 1719 1405 1755 vel
1429 1731 1508 1755 ma—

448 1774 535 1819 lam,
566 1772 631 1808 ibi:
660 1773 830 1808 Fortuna
858 1777 982 1807 autem
1007 1771 1141 1806 dicitur
1163 1771 1182 1791 *
1202 1778 1270 1807 616.
1298 1770 1407 1807 Circa
1433 1771 1510 1820 pri-

449 1838 556 1862 murn
586 1825 661 1861 duo
691 1825 792 1861 facit:
821 1824 946 1872 primo
976 1823 1139 1860 ostendit
1166 1823 1423 1872 propositum;
1453 1836 1508 1861 se-

450 1878 573 1915 cundo
595 1885 726 1914 movet
745 1876 939 1926 quandam
966 1875 1251 1923 dubitationem,
1273 1876 1336 1913 ibi:
1366 1878 1507 1913 Tamen

448 1931 591 1979 deficiet
617 1931 653 1967 in
683 1930 904 1979 quibusdam
923 1930 943 1950 '¹‘
963 1936 1030 1966 etc.

495 1997 532 2031 4.
545 1983 643 2020 Dicit
660 1995 748 2030 ergo
763 1983 888 2031 primo
905 1982 1010 2031 quod
1025 1989 1124 2018 recte
1141 1981 1274 2018 dicitur
1288 1982 1478 2018 fortunam
1489 1983 1509 2003 ³²

450 2050 532 2073 esse
561 2037 640 2072 sine
660 2036 824 2073 ratione:
851 2035 939 2084 quia
967 2034 1178 2072 ratiocinari
1197 2047 1275 2071 non
1302 2047 1509 2083 possumus

448 2090 517 2126 nisi
546 2089 591 2126 de
612 2089 655 2125 iis
683 2101 782 2136 quae
803 2096 889 2125 sunt
917 2100 1070 2137 semper
1091 2089 1154 2125 vel
1182 2087 1414 2136 frequenter;
1435 2088 1508 2124 for—

447 2150 537 2179 tuna
566 2149 692 2178 autem
731 2149 787 2178 est
815 2148 918 2178 extra
948 2149 1170 2190 utrumque.
1202 2142 1251 2177 Et
1282 2140 1390 2187 ideo,
1421 2141 1509 2189 quia

449 2208 582 2232 causae
611 2196 714 2241 tales,
743 2195 781 2231 in
809 2194 1052 2243 paucioribus
1082 2194 1297 2241 existentes,
1328 2200 1414 2230 sunt
1440 2206 1510 2242 per

448 2248 620 2285 accidens
642 2256 677 2284 et
696 2247 862 2284 infinitae
884 2255 920 2284 et
939 2248 1019 2285 sine
1040 2247 1195 2295 natione,
1217 2246 1384 2295 sequitur
1404 2246 1509 2294 quod

447 2302 618 2338 fortunae
652 2301 723 2337 sint
757 2312 893 2337 causae
926 2300 1094 2338 infinitae
1124 2307 1160 2336 et
1187 2300 1207 2320 '¹‘
1235 2300 1315 2336 sine
1345 2299 1507 2336 ratione:

448 2355 571 2391 omnis
592 2354 693 2390 enim
723 2365 836 2390 causa
854 2365 923 2402 per
942 2366 982 2390 se
1001 2352 1176 2403 producit
1195 2353 1373 2389 effectum
1394 2365 1507 2389 suum

446 2409 507 2444 vel
536 2419 703 2455 semper,
733 2408 864 2449 velut
881 2407 1142 2455 ssfrequenter.

504 2461 535 2496 5.
557 2460 704 2496 Deinde
734 2472 822 2496 cum
852 2459 955 2496 dicit:
990 2460 1131 2496 Tamen
1151 2459 1295 2506 deficiet
1314 2466 1402 2503 etc.,
1424 2470 1507 2494 mo-

446 2521 510 2550 vet
538 2513 729 2561 quandam
764 2512 1058 2549 dubitationem:
1099 2519 1135 2548 et
1163 2511 1251 2549 dicit
1287 2511 1392 2560 quod
1424 2511 1509 2547 licet

449 2565 591 2602 dicatur
619 2565 721 2614 quod
750 2566 900 2602 fortuna
933 2573 988 2602 est
1017 2577 1131 2602 causa
1157 2577 1227 2613 per
1254 2564 1440 2610 accidens,
1469 2563 1507 2599 in

449 2619 675 2667 quibusdam
703 2626 831 2655 tamen
860 2619 1013 2666 deficiet,
1035 2618 1130 2655 idest
1159 2617 1343 2654 dubitabit
1362 2616 1505 2666 aliquis.

448 2672 496 2707 Et
525 2679 579 2708 est
608 2671 788 2708 dubitatio
825 2680 953 2708 utrum
987 2682 1252 2719 quaecumque
1290 2669 1507 2717 contingit*

450 2737 530 2761 esse
552 2736 682 2760 causas
699 2726 718 2746 '³‘
733 2737 800 2773 per
821 2724 1007 2771 accidens,
1025 2724 1189 2761 debeant
1208 2722 1280 2759 dici
1301 2735 1413 2759 causa
1429 2722 1507 2759 eius

450 2777 553 2825 quod
581 2778 623 2813 fit
652 2778 671 2798 ²³
700 2790 722 2813 a
755 2778 914 2815 fortuna.
946 2777 1050 2814 Sicut
1076 2784 1179 2826 patet
1207 2776 1311 2824 quod
1344 2775 1508 2812 sanitatis

450 2842 561 2866 causa
588 2842 656 2878 per
684 2842 723 2866 se
747 2838 871 2878 potest
898 2843 981 2867 esse
1008 2831 1069 2866 vel
1098 2837 1231 2867 natura
1258 2829 1320 2865 vel
1349 2841 1408 2865 ars
1427 2841 1507 2865 me-

450 2882 612 2928 dicinae3
643 2894 776 2919 causae
806 2890 932 2919 autem
962 2895 1030 2932 per
1058 2883 1233 2919 accidens
1256 2889 1416 2930 possunt
1436 2881 1507 2918 dici

450 2935 578 2971 omnia
606 2935 681 2982 illa,
712 2936 847 2984 quibus
881 2935 1182 2984 contingentibus
1213 2934 1392 2982 contingit
1424 2934 1507 2971 fieri

498 3098 522 3131 β)
542 3099 613 3131 quod
630 3099 697 3124 sicut
715 3100 979 3132 aedificator.›‹sicut
993 3109 1046 3126 om.
1061 3101 1122 3130 Pab,
1139 3101 1185 3126 sed
1200 3101 1262 3125 illud
1281 3101 1434 3133 adoptamus
1449 3101 1509 3133 quia

448 3134 545 3166 optime
564 3134 622 3159 facit
642 3142 699 3159 cum
719 3136 834 3167 sequenti
855 3136 1058 3160 similium-lbi
1072 3144 1124 3168 per
1143 3143 1170 3161 se
1190 3136 1283 3161 domus
1302 3139 1328 3161 et
1346 3135 1508 3168 simpliciter,

450 3169 542 3194 domus
557 3177 607 3201 per
626 3177 653 3194 se
664 3173 689 3194 et
707 3170 860 3202 simpliciter
879 3171 932 3200 FZ,
948 3178 999 3202 per
1022 3178 1049 3196 se
1070 3175 1096 3196 et
1114 3171 1270 3203 simpliciter
1293 3171 1387 3196 domus
1406 3171 1442 3202 N;
1463 3171 1511 3196 do-

449 3211 506 3228 mus
524 3205 596 3229 omit.
615 3210 662 3229 cet.
682 3210 706 3229 et
725 3206 771 3230 ab.

501 3239 526 3271 γ)
548 3240 903 3272 deportandi.—reportandi
923 3241 1122 3266 DEGHRYZ.-—
1134 3242 1184 3266 Pro
1203 3241 1402 3273 reportationis,
1419 3248 1509 3274 repor—

450 3274 525 3298 tandi
541 3279 679 3307 argentum
699 3276 750 3306 DZ,
771 3276 936 3307 reperitionis
950 3277 1057 3309 argenti
1077 3277 1161 3307 EGH,
1183 3277 1374 3308 deportationis
1393 3282 1441 3302 661.
1457 3284 1509 3302 exc.

1569 507 1742 544 accidens
1772 521 1818 545 ex
1844 517 1950 557 parte
1980 509 2156 557 effectus,
2185 518 2299 558 prout
2326 512 2464 550 scilicet
2491 515 2631 563 aliquid

1570 559 1703 596 dicitur
1723 573 1803 597 esse
1833 574 1946 599 causa
1967 562 2046 599 eius
2067 562 2172 612 quod
2201 564 2334 601 accidit
2354 564 2521 613 effectui3
2551 580 2630 605 ma-

1569 611 1746 649 nifestum
1767 622 1823 650 est
1851 615 1954 662 quod
1984 627 2097 651 causa
2125 615 2275 653 fortuita
2294 616 2435 665 aliquid
2455 627 2632 667 operatur

1569 664 1618 700 ad
1637 665 1823 712 ‚effectum
1858 666 2073 714 fortuitum,
2103 667 2188 705 11661
2215 681 2294 705 11011
2322 670 2491 707 intendat
2526 671 2630 719 illud,

1568 716 1635 753 sed
1664 717 1805 766 aliquid
1833 719 1934 756 aliud
1962 720 2112 756 effectui
2141 721 2397 759 coniunctum.
2428 724 2477 759 Et
2500 735 2631 761 secun-

1568 770 1661 806 dum
1689 770 1764 807 1106
1791 779 1928 808 ventus
1956 779 2021 808 aut
2049 780 2174 809 aestus
2200 783 2361 822 possunt
2390 775 2461 812 dici
2495 788 2630 814 causae

1566 822 1739 859 fortuitae
1769 823 1946 872 sanitatis,
1967 824 2191 874 inquantum
2219 827 2359 864 faciunt
2387 828 2551 877 aliquam
2580 830 2630 866 al-

1566 875 1791 912 terationem
1811 877 1851 913 in
1870 889 2041 925 corpore,
2063 878 2111 915 ad
2132 891 2248 927 quam
2277 880 2447 929 sequitur
2474 881 2629 919 sanitas:

1566 927 1634 964 sed
1663 927 1861 976 depilatio,
1891 937 1956 966 aut
1995 929 2135 978 aliquid
2162 931 2265 969 aliud
2302 933 2522 971 huiusmodi
2550 947 2628 972 non

1566 979 1653 1016 facit
1679 981 1875 1018 manifeste
1905 982 2045 1031 aliquid
2073 983 2122 1020 ad
2150 984 2359 1022 sanitatem.
2396 987 2471 1024 Sed
2500 994 2628 1024 tamen

1565 1031 1661 1069 inter
1689 1045 1821 1070 causas
1848 1046 1918 1083 per
1954 1035 2129 1072 accidens
2166 1037 2314 1085 aliquae
2351 1046 2438 1076 sunt
2472 1040 2627 1088 propin-

1566 1085 1728 1134 quiores,
1751 1093 1786 1122 et
1814 1086 1960 1135 aliquae
1976 1088 1995 1108 *
2009 1088 2243 1126 remotiores.
2275 1091 2362 1127 Illae
2382 1098 2510 1128 autem
2529 1104 2628 1140 quae

1566 1145 1652 1174 sunt
1679 1139 1903 1176 remotiores
1924 1141 1960 1188 θ’,
1982 1139 2108 1178 minus
2135 1141 2312 1179 videntur
2340 1155 2422 1180 esse
2451 1156 2598 1181 causae.

1620 1191 1655 1228 6.
1676 1191 1825 1229 Deinde
1854 1204 1941 1228 curn
1972 1192 2075 1230 dicit:
2103 1194 2274 1232 Fortuna
2302 1201 2427 1232 autem
2458 1204 2540 1244 etc.,
2571 1209 2628 1234 as-

1565 1243 1686 1291 signat
1705 1244 1891 1281 rationem
1912 1245 1991 1281 eius
2011 1246 2116 1294 quod
2135 1246 2280 1295 dicitur,
2301 1248 2492 1286 fortunam
2508 1250 2528 1270 *
2544 1262 2626 1287 esse

1565 1296 1708 1332 bonam
1728 1298 1790 1333 vel
1810 1298 1963 1334 malam.
1994 1298 2043 1334 Et
2060 1298 2186 1346 primo
2215 1299 2378 1347 assignat
2401 1302 2588 1339 rationem
2608 1304 2627 1323 ⁴⁹

1565 1361 1683 1397 quare
1713 1349 1846 1386 dicitur
1873 1350 2021 1386 fortuna
2050 1351 2153 1387 bona
2180 1352 2242 1388 vel
2270 1354 2372 1390 mala
2399 1354 2625 1403 simpliciter.

1565 1402 1615 1438 Et
1643 1401 1730 1438 dicit
1757 1403 1862 1450 quod
1891 1402 2041 1439 fortuna
2078 1403 2212 1440 dicitur
2239 1403 2342 1441 bona
2379 1406 2534 1454 quando
2563 1407 2627 1444 ali-

1565 1455 1670 1502 quod
1698 1455 1846 1491 bonum
1876 1455 2072 1502 contingit;
2103 1463 2139 1492 et
2166 1457 2267 1494 mala
2296 1458 2449 1506 quando
2470 1460 2626 1496 malum.

1619 1519 1654 1554 7.
1677 1507 1855 1544 Secundo
1884 1507 1951 1544 ibi:
1980 1509 2249 1557 Eufortunium
2280 1518 2361 1557 etc.,
2383 1511 2547 1559 assignat
2571 1524 2627 1549 ra—

1563 1559 1707 1596 tionem
1735 1560 1935 1597 eufortunii
1967 1568 2002 1597 et
2024 1561 2226 1599 infortunii.
2257 1564 2306 1600 Et
2324 1563 2412 1600 dicit
2430 1564 2535 1612 quod
2564 1576 2627 1601 eu-

1563 1612 1770 1649 fortunium
1800 1620 1836 1649 et
1863 1613 2111 1650 infortunium
2146 1614 2299 1664 dicitur,
2329 1616 2483 1665 quando
2511 1617 2628 1655 habet

1563 1665 1717 1714 aliquod
1754 1666 1901 1702 bonurn
1937 1667 1999 1704 vel
2037 1667 2182 1704 malum
2221 1680 2308 1705 cum
2346 1669 2624 1717 magnitudine:

1563 1730 1653 1754 nam
1670 1718 1925 1755 eufortunium
1946 1719 2271 1768 dicitur*quando
2291 1722 2459 1770 sequitur
2472 1722 2627 1771 aliquod

1563 1782 1746 1818 magnum
1766 1771 1929 1817 bonum;
1950 1772 2197 1810 infortunium
2217 1781 2345 1811 autem
2364 1775 2383 1796 '¹‘
2397 1775 2551 1823 quando
2567 1787 2626 1812 se-

1563 1823 1689 1872 quitur
1717 1823 1869 1872 aliquod
1899 1837 2083 1872 magnum
2112 1827 2268 1864 malum.
2299 1828 2348 1864 Et
2375 1828 2464 1875 quia
2486 1828 2627 1877 privari

1562 1877 1666 1913 bono
1696 1876 1876 1926 accipitur
1903 1877 1941 1914 in
1970 1878 2113 1915 ratione
2149 1879 2258 1926 mali,
2289 1887 2326 1916 et
2351 1880 2493 1929 privari
2521 1882 2624 1918 malo

1562 1929 1600 1966 in
1628 1929 1771 1966 ratione
1792 1929 1899 1975 boni;
1920 1930 2007 1967 ideo
2028 1931 2182 1979 quando
2207 1931 2340 1980 aliquis
2358 1946 2497 1982 parum
2517 1933 2628 1971 distat

1563 1995 1584 2018 a
1613 1994 1752 2029 magno
1782 1983 1906 2030 bono,
1936 1983 1966 2019 si
1994 1984 2138 2020 amittat
2165 1984 2276 2032 illud,
2307 1985 2440 2023 dicitur
2472 1986 2627 2024 infortu-

1563 2042 1689 2081 natus;
1720 2042 1756 2071 et
1784 2035 1814 2071 si
1843 2035 1975 2084 aliquis
2004 2036 2050 2073 sit
2075 2035 2312 2087 propinquus
2341 2050 2481 2086 magno
2510 2041 2625 2086 malo,

1564 2095 1599 2124 et
1618 2087 1794 2124 liberetur
1813 2089 1861 2124 ab
1880 2088 1943 2124 illo
1966 2089 2002 2135 ²³,
2033 2089 2165 2126 dicitur
2193 2091 2468 2136 eufortunatus3
2499 2100 2534 2129 et
2552 2093 2626 2130 hoc

1562 2140 1667 2187 ideo,
1698 2140 1785 2189 quia
1819 2141 2026 2177 intellectus
2061 2142 2195 2191 accipit
2231 2143 2319 2180 illud
2357 2144 2460 2192 quod
2489 2157 2626 2193 parum

1564 2193 1684 2240 distat,
1715 2206 1759 2229 ac
1788 2193 1818 2230 si
1845 2193 1936 2230 nihil
1966 2194 2128 2242 distaret,
2159 2196 2227 2232 sed
2254 2196 2331 2233 iam
2359 2197 2571 2235 haberetur.

1619 2247 1653 2283 8.
1684 2246 1814 2283 Tertio
1843 2246 1914 2283 ibi:
1942 2247 2114 2295 Amplius
2143 2249 2324 2286 incertum
2355 2257 2436 2297 etc.,
2463 2251 2628 2299 assignat

1563 2299 1749 2336 rationem
1778 2311 1895 2346 quare
1934 2300 2146 2337 eufortunia
2180 2301 2252 2338 sint
2279 2302 2440 2340 incerta:
2475 2310 2511 2339 et
2539 2304 2628 2341 dicit

1563 2352 1669 2400 quod
1705 2353 1780 2388 hoc
1817 2351 1902 2388 ideo
1942 2359 2017 2399 est,
2057 2353 2145 2401 quia
2183 2355 2440 2392 eufortunium
2476 2355 2626 2393 fortuna

1562 2404 1754 2452 quaedam
1775 2412 1845 2450 est:
1875 2405 2024 2441 fortuna
2053 2413 2178 2442 autem
2209 2414 2264 2443 est
2291 2407 2442 2455 incerta,
2465 2420 2552 2445 cum
2581 2409 2627 2446 sit

1564 2469 1698 2494 eorum
1717 2470 1816 2505 quae
1845 2470 1924 2494 non
1952 2465 2038 2495 sunt
2065 2470 2216 2508 semper
2244 2472 2368 2508 neque
2397 2461 2624 2509 frequenter,

1561 2518 1602 2547 ut
1631 2510 1772 2547 dictum
1801 2518 1856 2546 est
1877 2511 1907 2547 ³².
1929 2510 2039 2548 Unde
2064 2512 2231 2559 sequitur
2259 2513 2514 2551 eufortunium
2543 2526 2625 2551 esse

1561 2571 1759 2600 incertum.

1617 2628 1652 2664 9.
1683 2616 1824 2653 Ultimo
1852 2616 1903 2653 ibi
1925 2618 1959 2652 *ε
1986 2617 2082 2653 Sunt
2107 2618 2262 2665 quidem⁴
2275 2618 2391 2667 igitur
2409 2619 2520 2656 ambo
2541 2626 2625 2667 etc.,
2652 2628 2663 2638 ⁸

1564 2669 1753 2706 concludit
1771 2669 1879 2717 quasi
1899 2669 2180 2718 recapitulando
2201 2671 2305 2719 quod
2324 2679 2540 2720 utrumque,
2557 2672 2625 2709 sci-

1563 2722 1647 2758 licet
1675 2734 1784 2758 casus
1813 2730 1848 2758 et
1876 2722 2038 2770 fortuna,
2060 2731 2115 2759 est
2144 2736 2256 2760 631153
2279 2736 2348 2772 per
2376 2725 2566 2771 accidens;
2589 2733 2625 2763 et

1562 2783 1766 2822 utrumque
1796 2782 1851 2811 est
1879 2775 1917 2812 in
1939 2775 1982 2812 iis
2011 2788 2109 2823 quae
2138 2777 2357 2824 contingunt
2382 2790 2460 2815 non
2486 2778 2624 2826 simpli-

1563 2829 1663 2874 citer,
1684 2828 1780 2865 idest
1800 2829 1820 2850 '¹‘
1841 2841 2004 2876 semper,
2025 2841 2149 2877 neque
2169 2830 2403 2878 frequenter;
2425 2838 2461 2867 et
2478 2838 2622 2868 utrum—

1562 2893 1636 2929 que
1666 2888 1721 2917 est
1748 2881 1786 2917 in
1814 2881 1858 2917 iis
1886 2893 1983 2929 quae
2022 2882 2118 2919 fiunt
2143 2891 2300 2932 propter
2327 2883 2480 2932 aliquid,
2509 2890 2550 2920 ut
2579 2895 2623 2920 ex

1562 2946 1676 2983 supra
1697 2935 1716 2955 ‘³‘
1737 2934 1844 2970 dictis
1871 2942 1984 2982 patet.

1563 3099 1760 3125 FLMNRSY.—
1774 3099 1801 3123 In
1820 3098 1871 3124 fine
1890 3106 1960 3124 num.
1980 3106 2026 3131 pro
2046 3099 2234 3131 reportationis
2257 3099 2378 3133 argenti,
2403 3099 2559 3132 reportandi
2577 3106 2622 3125 ar—

1562 3139 1671 3169 gentum
1690 3135 1721 3165 D,
1741 3134 1932 3167 deportationis
1951 3135 2058 3167 argenti
2075 3134 2352 3166 ACIKLOQSTVXY.

1616 3169 1641 3205 δ)
1662 3170 1760 3195 dicitur
1779 3170 1811 3194 de
1827 3169 1978 3203 fortuna.—-
1993 3169 2091 3194 dicitur
2107 3171 2225 3203 fortuna
2243 3169 2424 3201 DHMNQRZ,
2445 3170 2544 3196 dicitur
2561 3170 2622 3205 for-

1563 3209 1655 3231 tunam
1670 3205 1878 3230 EFGLS.—-Lin.
1898 3205 2016 3237 sequenti
2028 3205 2143 3239 fortuna
2162 3212 2216 3230 esse
2235 3205 2303 3230 bona
2318 3206 2358 3230 vel
2371 3206 2442 3230 mala
2458 3206 2585 3231 HMNRZ.

1616 3240 1638 3275 ε)
1658 3241 1764 3266 abrasio
1782 3240 1912 3272 capitIs.-
1925 3240 2031 3265 abrasio
2053 3240 2209 3272 capillorum
2229 3240 2308 3270 RYZ,
2334 3241 2440 3266 abrasio
2464 3241 2620 3274 capillorum

1563 3276 1658 3308 capitis
1677 3276 1740 3306 ΜΟ,
1761 3275 1866 3301 abrasio
1885 3275 2041 3308 capillorum
2062 3275 2102 3300 ve!
2119 3275 2215 3308 capitis
2233 3275 2310 3300 DFN.

2657 1098 2665 1107 ⁸
2680 1098 2775 1125 aliquae
2789 1103 2837 1120 om.
2853 1103 2869 1120 Α

2656 1129 2825 1150 ειηορετπγ.

2655 1154 2665 1165 ⁴¹
2680 1156 2784 1176 remotae
2798 1155 2849 1176 rab.

2655 1254 2665 1264 ⁸
2671 1237 2814 1280 fortuna...
2827 1254 2867 1277 bo-

2655 1285 2686 1301 na
2696 1280 2733 1301 vel
2741 1281 2805 1302 mala
2814 1286 2867 1303 unz.

2655 1311 2665 1321 ⁸
2682 1310 2732 1331 eius
2746 1310 2799 1333 add.
2813 1317 2867 1338 mn:

2654 1343 2667 1358 n
2682 1336 2724 1358 lac.

2653 1728 2664 1739 ⁴⁸
2678 1730 2713 1750 est
2733 1734 2866 1758 6663111111,

2654 1760 2701 1776 om.
2716 1761 2736 1776 z.

2653 1781 2665 1792 ⁴*
2679 1783 2755 1803 autem
2769 1787 2817 1804 om.
2835 1789 2866 1804 nt

2653 1813 2719 1829 nnn.

2653 2103 2663 2112 '¹
2677 2101 2765 2124 evadat
2782 2102 2840 2124 illud
2853 2108 2866 2124 1⁷

2653 2525 2661 2533 '
2672 2523 2742 2545 Num.
2753 2529 2772 2552 3,
2781 2527 2803 2546 et
2813 2525 2863 2546 lect.

2653 2555 2728 2577 praec.
2743 2556 2806 2572 num.
2816 2557 2838 2572 π.

2691 2628 2793 2650 1171'...etc.
2817 2635 2864 2651 om.

2653 2659 2669 2675 a
2677 2654 2690 2675 ὸ
2703 2657 2725 2676 et
2739 2654 2807 2677 codd.

2651 2840 2739 2867 'neque
2747 2839 2800 2861 add.
2811 2839 2863 2862 rab.

2652 2939 2660 2946 ”
2670 2938 2732 2960 Lect.
2748 2944 2761 2966 7
2776 2945 2827 2967 sqq.
