2898 3996
11 545 25 558 τ»
10 393 32 540 &gerstefe-:a
26 377 28 380 v
19 362 22 367 ,,
14 348 15 357 μ

12 1754 26 1761 ,Δ
70 1737 82 1746 '
95 1735 130 1756 tic
149 1740 197 1756 om.
220 1740 235 1755 a
260 1738 282 1756 et

69 1761 138 1783 codd.
153 1766 203 1782 exc.
221 1767 282 1782 Βιιιτ

71 2101 83 2110 ·
91 2099 204 2121 Probabit
213 2100 282 2121 codd.

70 2127 92 2137 “·
106 2126 176 2148 Num.
192 2132 240 2154 seq.

56 2763 60 2790 i
72 2778 83 2789 ¹
96 2777 165 2800 Num.
179 2784 198 2806 5.

1162 265 1272 301 CAP.
1301 263 1351 310 V,

305 356 372 384 pars
393 352 490 374 movet
503 345 653 382 seipsam),
669 346 720 373 sed
740 344 903 373 attribuitur
919 349 1059 380 quatenus
1074 342 1169 386 ipsum
1189 348 1282 370 totum
1298 349 1361 368 mo-

306 393 352 415 vet
366 386 500 422 seipsum.
517 386 632 413 Movere
647 391 742 412 autem
758 391 785 412 et
800 383 908 411 moveri
922 382 1083 410 attribuitur
1104 381 1157 409 toti
1170 381 1281 409 ratione
1296 389 1360 415 par-

305 425 356 453 tis:
370 434 432 453 non
446 425 523 452 enim
538 431 631 452 totum
642 430 747 458 movet,
759 432 852 460 neque
866 429 959 451 totum
975 427 1114 455 movetur,
1130 421 1180 448 sed
1194 426 1290 447 movet
1305 427 1362 446 una

305 473 380 501 pars,
396 464 506 501 reliqua
519 473 586 491 vero
601 464 696 492 solum
710 469 849 491 movetur
865 479 884 483 -
901 462 925 489 5.
941 460 1089 488 Dubitatio
1104 460 1177 487 cirea
1195 457 1360 495 praemissa.

306 506 455 532 Ponamus
476 504 556 540 quod
575 504 602 531 A
623 509 650 530 et
665 504 687 530 Β
708 502 764 530 51111
784 501 894 538 aliquid
912 499 1092 534 continuum,
1107 505 1134 527 et
1154 503 1363 533 consequenter

306 543 415 580 aliquid
435 542 588 578 divisibile;
610 542 633 570 si
654 543 690 570 ab
711 543 738 570 A
759 548 787 569 et
806 549 823 569 a
845 542 868 568 Β
888 540 1031 568 auferatur
1050 547 1102 575 per
1122 537 1291 565 divisionem
1313 536 1362 563 ali-

308 591 366 619 qua
386 592 461 620 pars,
483 582 629 610 dubitatur
649 591 686 609 an
707 581 736 608 id
757 580 837 617 quod
864 585 993 607 remanet
1020 583 1134 605 moveat
1155 582 1182 604 et
1203 582 1360 603 mov.eatur

308 621 338 649 Si
359 621 436 650 enim
457 627 554 649 movet
574 627 602 648 et
621 627 767 654 movetur,
789 619 883 664 ipsum
905 617 1010 654 poterit
1037 624 1152 643 movere
1173 614 1313 651 seipsum,
1335 621 1363 642 et

308 661 375 689 ideo
389 661 446 689 hoc
466 661 570 698 ipsum,
585 666 613 688 et
627 668 688 688 non
701 660 761 694 ΑΒ,
775 659 828 687 erit
841 657 936 694 primo
955 664 1075 684 movens
1089 654 1224 690 seipsum.
1246 655 1288 681 Ex
1303 663 1362 690 quo

308 700 437 737 sequitur
457 701 538 737 quod
550 709 612 727 non
632 699 684 727 erit
705 699 772 726 dare
785 697 912 739 primum
931 703 1051 722 movens
1072 693 1207 730 seipsum.
1223 709 1241 713 -
1257 694 1283 720 6.
1299 693 1362 720 Sol-

307 739 382 768 vitur
403 738 551 767 dubitatio.
568 737 706 773 Quamvis
721 745 808 765 omne
827 733 995 763 continuum
1010 733 1046 761 sit
1059 732 1197 760 divisibile
1218 732 1247 759 in
1262 738 1362 768 poten-

428 861 482 890 ·‚'
571 844 744 884 ostquam
781 834 1034 893 Philosophus
1049 886 1055 893 .
1070 833 1231 892 ostendit
1259 833 1361 881 quod

492 937 534 981 ³
470 937 713 989 Rspartes,
743 951 903 988 quarum
930 951 1007 975 una
1044 945 1177 975 movet
1214 946 1250 974 et
1285 950 1362 974 non

514 988 551 1019 >¹
568 1000 769 1039 movetur,
812 992 883 1028 alia
917 998 1043 1028 autern
1077 997 1273 1036 movetur;
1303 990 1363 1025 hic

307 1045 470 1082 ostendit
498 1028 694 1094 quomodo
732 1043 948 1081 huiusmodi
976 1050 1100 1092 partes
1134 1055 1174 1078 se
1201 1043 1365 1079 habeant

307 1097 357 1134 ad
384 1097 560 1135 invicem.
590 1098 639 1134 Et
667 1097 764 1134 circa
791 1097 865 1133 hoc
898 1097 968 1133 tria
995 1096 1096 1132 facit:
1124 1094 1248 1144 primo
1278 1107 1363 1142 pro-

306 1150 415 1199 ponit
433 1150 536 1199 quod
555 1149 727 1195 intendit;
749 1150 916 1186 secundo
936 1149 1098 1185 ostendit
1115 1148 1363 1196 propositum,

307 1202 375 1239 ibi:
397 1203 450 1239 Sit
468 1203 566 1239 enim
585 1203 622 1239 A
640 1203 917 1247 movens*et0.;
941 1201 1049 1238 tertio
1070 1199 1257 1237 concludit
1277 1212 1365 1236 con-

308 1255 517 1305 clusionem
535 1254 786 1304 principaliter
799 1254 980 1292 intentam
999 1266 1043 1290 ex
1063 1252 1241 1290 omnibus
1260 1264 1366 1302 prae-

307 1307 442 1354 missis,
462 1308 532 1344 ibi:
560 1303 808 1356 Manifestum
837 1307 953 1356 igitur
976 1318 1025 1343 ex
1051 1306 1107 1342 his
1123 1307 1142 1327 *³⁴
1159 1313 1226 1342 etc.

361 1360 461 1397 Dicit
480 1372 568 1407 ergo
588 1359 726 1408 primo,
752 1360 856 1408 quod
882 1371 969 1395 cum
994 1371 1156 1395 movens
1180 1357 1367 1395 dividatur

308 1412 348 1449 in
377 1413 467 1460 duo,
500 1424 664 1460 quorum
695 1424 816 1448 unum
845 1418 1022 1448 movetur
1054 1411 1166 1447 etiam
1194 1411 1242 1446 ab
1276 1409 1365 1456 alio,

309 1464 409 1501 aliud
422 1477 515 1501 vero
535 1477 697 1501 movens
717 1471 772 1501 est
791 1464 1003 1500 immobile:
1026 1471 1062 1500 et
1075 1463 1209 1500 iterum
1225 1461 1366 1499 mobile

310 1516 498 1553 dividatur
515 1517 554 1553 in
574 1517 668 1563 duo;
690 1523 745 1553 est
765 1517 865 1553 enim
887 1516 1082 1565 quoddam
1101 1516 1242 1552 mobile
1262 1514 1366 1563 quod

309 1569 423 1605 etiam
450 1576 597 1616 movet,
628 1569 823 1618 quoddam
851 1581 944 1606 vero
977 1568 1117 1605 mobile
1146 1568 1250 1616 quod
1277 1567 1367 1603 nihil

309 1629 466 1666 movet:
513 1629 663 1670 oportet
696 1621 820 1658 dicere
857 1621 962 1669 quod
999 1633 1162 1657 movens
1200 1620 1366 1668 seipsum

309 1681 561 1724 componatur
589 1687 634 1711 ex
663 1674 811 1711 duabus
837 1674 1018 1722 partibus,
1040 1685 1200 1721 quarum
1229 1685 1305 1709 una
1323 1672 1369 1708 sit

309 1726 362 1762 sic
378 1728 398 1747 ²¹²
414 1739 575 1763 movens
595 1727 699 1775 quod
718 1734 846 1763 tamen
875 1725 920 1762 sit
947 1725 1159 1771 immobilis,
1185 1725 1255 1761 alia
1273 1737 1366 1761 vero

309 1778 362 1815 sic
396 1788 597 1816 moveatur
634 1779 738 1828 quod
775 1787 903 1815 tamen
939 1791 1017 1814 non
1054 1785 1220 1814 moveat.
1251 1777 1368 1823 Quod

308 1838 436 1868 autern
465 1832 590 1869 subdit
617 1844 666 1868 ex
693 1832 914 1876 necessitate,
940 1830 1136 1878 dupliciter
1162 1837 1286 1878 potest
1314 1829 1368 1865 in-

308 1883 434 1931 telligi:
465 1883 552 1942 quia
581 1884 611 1920 si
638 1883 860 1931 intelligatur
898 1883 1002 1931 quod
1029 1895 1116 1931 pars
1154 1890 1258 1918 mota
1285 1894 1367 1918 mo-

307 1936 429 1973 ventis
457 1936 623 1985 seipsum
642 1949 721 1973 non
748 1943 903 1973 moveat
926 1935 1065 1984 aliquid
1094 1935 1197 1984 quod
1217 1935 1263 1972 sit
1280 1947 1367 1983 pars

308 1988 498 2026 moventis
531 1989 714 2038 seipsum,
747 1988 799 2025 sic
826 1988 985 2036 legenda
1014 1994 1068 2024 est
1095 1988 1232 2049 littera,
1260 1987 1367 2036 quod

309 2041 509 2077 necessitas
537 2048 731 2086 remaneat
759 2041 956 2087 affirmata,
987 2033 1156 2077 eadens’
1154 2052 1267 2089 super
1294 2041 1368 2076 1100

304 2092 414 2142 quod
443 2093 530 2130 dicit
559 2106 632 2130 non
653 2099 832 2130 movente.
854 2092 996 2129 Probat
1017 2094 1036 2114 ’³
1057 2093 1157 2129 enim
1186 2092 1309 2129 statim
1328 2093 1368 2113 ²¹*

309 2146 543 2194 impossibile
559 2158 652 2192 esse,
675 2147 778 2194 quod
799 2145 878 2182 eius
898 2145 1003 2194 quod
1022 2145 1146 2193 primo
1165 2145 1296 2181 m'ovet
1312 2157 1367 2181 se-

309 2198 447 2246 ipsum,
464 2199 509 2238 sit
527 2198 633 2235 tertia
649 2211 748 2246 pars,
761 2210 859 2246 quae
879 2205 1080 2234 moveatur
1094 2210 1116 2233 a
1130 2205 1234 2245 parte
1250 2205 1366 2233 mota.

310 2251 350 2287 Si
377 2263 470 2287 vero
498 2251 720 2298 intelligatur
739 2251 843 2298 quod
871 2263 957 2299 pars
977 2258 1081 2287 mota
1109 2262 1187 2286 non
1215 2257 1370 2286 moveat

309 2303 448 2351 aliquid
477 2303 739 2350 extrinsecum,
761 2303 813 2339 sic
831 2304 906 2339 hoc
934 2303 1038 2351 quod
1062 2302 1149 2339 dicit
1171 2314 1220 2338 ex
1247 2314 1368 2338 neces-

307 2356 423 2402 sitate,
455 2356 552 2393 cadit
580 2357 650 2392 sub
679 2355 896 2403 negatione:
922 2368 1000 2392 non
1029 2355 1130 2391 enim
1152 2362 1206 2391 est
1230 2355 1276 2391 de
1306 2367 1368 2391 ne-

309 2408 478 2444 cessitate
507 2409 696 2445 moventis
716 2409 896 2457 seipsum,
918 2408 1022 2456 quod
1041 2420 1128 2456 pars
1157 2407 1237 2443 eius
1265 2415 1370 2444 mota

309 2468 464 2497 moveat
492 2460 631 2510 aliquid
665 2461 930 2505 extrinsecum3
960 2473 1031 2497 nec
1063 2468 1191 2496 tamen
1221 2468 1275 2496 est
1302 2460 1368 2496 im-

307 2513 499 2562 possibile.

364 2577 398 2601 2.
420 2558 589 2611 Qualiter
617 2566 743 2602 autem
770 2567 845 2602 hoc
870 2565 1071 2624 contingat,
1093 2565 1256 2602 ostendit
1280 2577 1367 2601 con-

309 2625 511 2664 sequenter
539 2630 625 2654 eum
656 2617 760 2655 dicit:
790 2619 845 2654 Sit
870 2618 967 2654 enim
987 2618 1023 2654 A
1051 2629 1203 2654 movens
1232 2626 1299 2654 etc.
1321 2619 1369 2654 Et

311 2669 408 2706 circa
435 2671 510 2707 hoc
538 2670 614 2707 duo
642 2670 743 2707 facit:
772 2670 894 2719 primo
924 2670 1085 2707 ostendit
1112 2671 1367 2718 propositum;

309 2723 477 2759 secundo
498 2723 609 2759 solvit
636 2722 829 2770 quandam
851 2722 1135 2769 dubitationem,
1155 2723 1222 2759 ibi:
1251 2723 1368 2760 Dubi-

310 2775 484 2817 tationem
495 2781 619 2812 autem
630 2775 849 2812 habetssetc.
869 2774 975 2811 Circa
990 2775 1156 2823 primum
1173 2775 1249 2811 duo
1271 2776 1366 2812 facit:

309 2826 433 2877 primo
459 2828 621 2864 ostendit
649 2828 804 2876 qualiter
831 2834 955 2876 partes
988 2827 1177 2864 moventis
1201 2828 1367 2876 seipsum

310 2892 350 2916 se
378 2880 542 2917 habeant
570 2881 618 2917 ad
646 2880 829 2925 invicem;
855 2879 1023 2916 secundo
1052 2880 1208 2928 qualiter
1236 2893 1367 2917 secun-

310 2933 402 2969 dum
418 2945 480 2969 eas
495 2940 616 2969 totum
637 2933 770 2970 dicitur
789 2933 954 2980 seipsum
975 2945 1142 2979 movere,
1160 2933 1227 2969 ibi:
1244 2934 1285 2969 Si
1298 2934 1366 2982 igi-

310 2990 371 3020 tur
389 2986 605 3022 continuum
629 2987 713 3022 est*
732 2993 798 3022 etc.
827 2985 935 3021 Circa
962 2985 1130 3033 primum
1159 2986 1235 3022 duo
1265 2986 1365 3022 facit:

309 3037 434 3085 primo
472 3038 633 3074 ostendit
669 3038 773 3086 quod
799 3037 838 3074 in
866 3045 1046 3074 movente
1079 3037 1245 3086 seipsum
1282 3047 1367 3075 sunt

311 3090 413 3126 solae
434 3089 531 3126 duae
549 3098 685 3138 partes,
707 3102 867 3139 quarum
887 3102 963 3126 una
981 3097 1113 3127 movet
1132 3098 1168 3126 et
1186 3103 1264 3127 non
1284 3104 1365 3128 mo-

309 3149 430 3187 vetur,
452 3141 522 3178 alia
539 3150 718 3180 movetur
738 3151 774 3179 et
796 3155 874 3179 non
894 3151 1046 3188 movet;
1075 3144 1242 3180 secundo
1273 3156 1365 3192 quo-

310 3194 429 3230 modo
449 3194 522 3230 hae
542 3195 640 3231 duae
667 3203 792 3243 partes
818 3195 867 3231 ad
886 3194 1050 3231 invicem
1080 3195 1363 3243 coniungantur,

310 3246 378 3282 ibi:
408 3244 590 3283 *Contacta
618 3253 742 3283 autem
771 3253 927 3294 utraque
943 3248 962 3267 ‘⁸
979 3254 1047 3283 etc.

363 3297 535 3334 Primum
555 3299 718 3336 ostendit
737 3299 799 3335 sic.
823 3299 862 3334 Si
877 3298 1021 3335 dicatur
1041 3299 1144 3347 quod
1159 3311 1246 3347 pars
1262 3307 1365 3336 mota

310 3348 500 3387 moventis
529 3351 705 3399 seipsum,
731 3351 864 3386 iterum
894 3358 1048 3386 moveat
1075 3350 1214 3398 aliquid
1243 3352 1363 3397 aliud,

310 3402 414 3451 quod
434 3402 479 3438 sit
496 3415 583 3451 pars
604 3403 774 3439 eiusdem
794 3402 982 3438 moventis
1006 3402 1190 3450 seipsum:
1212 3403 1257 3439 sit
1277 3416 1363 3450 ergo

309 3456 430 3504 prima
458 3468 544 3503 pars
582 3455 769 3492 moventis
798 3455 963 3502 seipsum
990 3457 1044 3500 A,
1075 3456 1179 3503 quod
1211 3455 1256 3491 sit
1283 3467 1365 3492 mo-

1382 263 1531 299 LECT.
1561 264 1613 299 XI

1414 340 1471 375 tia,
1492 346 1589 368 tamen
1610 340 1680 368 nihil
1701 340 1834 377 prohibet
1850 340 1968 377 aliquod
1990 339 2159 368 continuum
2187 340 2292 368 habere
2313 339 2400 367 talem
2421 349 2475 367 na-

1415 386 1530 414 turam,
1553 381 1632 416 quod
1661 389 1722 408 non
1743 380 1832 416 possit
1859 379 1946 407 dividi
1973 386 2056 414 actu3
2087 380 2131 407 vel
2159 379 2182 406 si
2208 379 2365 413 dividatur,
2394 379 2475 414 quod

1416 427 1476 446 non
1504 418 1623 446 retineat
1650 420 1771 447 eandem
1792 419 1951 455 potentiam
1972 419 2009 446 ad
2030 420 2086 446 hoc
2106 419 2185 455 quod
2207 423 2322 446 moveat
2342 417 2386 445 vel
2408 427 2474 445 mo-

1415 464 1529 492 veatur,
1551 467 1638 494 quarn
1666 458 1744 494 prius
1765 459 1896 486 habebat.
1918 458 2000 486 Unde
2028 457 2098 485 nihil
2125 457 2258 494 prohibet
2283 457 2313 485 in
2335 456 2378 484 his
2399 466 2474 493 quae

1417 503 1483 524 sunt
1513 496 1663 525 divisibilia
1693 498 1722 525 in
1754 497 1898 534 potentia,
1921 506 1982 525 esse
2003 506 2093 524 unum
2122 497 2247 533 primum
2277 505 2397 524 movens
2429 497 2474 524 vel

1417 542 1539 564 motum.
1560 553 1579 557 -
1601 546 1627 572 7.
1652 537 1823 564 Conclusio:
1846 537 1876 564 in
1897 536 2078 564 moventibus
2105 543 2132 564 et
2153 536 2239 564 motis
2270 537 2305 564 ab
2327 535 2384 563 alio
2413 545 2474 563 non

1416 581 1511 611 potest
1544 575 1661 611 procedi
1695 576 1725 603 in
1756 575 1921 611 infinitum,
1947 577 1996 604 sed
2027 582 2141 612 oportet
2171 575 2269 603 sistere
2299 576 2335 603 ad
2366 574 2474 611 aliquid

1417 615 1496 650 quod
1522 615 1566 642 vel
1587 614 1622 642 sit
1649 614 1761 650 penitus
1782 614 1930 643 immobile
1951 615 1995 643 vel
2017 621 2131 642 moveat
2152 615 2287 650 seipsum.
2310 614 2367 642 Sed
2389 614 2474 642 etiam

1417 654 1558 682 moventis
1588 653 1714 690 seipsum
1744 663 1803 682 una
1830 664 1895 690 pars
1923 660 2037 690 oportet
2068 655 2147 690 quod
2168 654 2203 681 sit
2225 662 2344 682 movens
2368 653 2473 681 immo-

1416 692 1486 721 bile:
1517 702 1584 730 ergo
1612 702 1727 722 necesse
1760 700 1801 721 est
1827 694 1947 721 omnino
1975 703 2082 729 ponere
2117 693 2242 730 primum
2273 702 2392 720 movens
2420 693 2474 720 im-

1416 732 1532 760 mobile.

2395 263 2471 308 405

1415 845 1510 869 vens
1539 833 1751 869 immobile:
1781 833 1946 870 secunda
1981 834 2074 870 vero
2103 846 2189 882 pars
2219 833 2263 869 sit
2290 834 2341 879 B,
2372 832 2475 881 quod

1417 893 1618 922 moveatur
1646 886 1692 922 ab
1713 887 1758 932 A,
1782 893 1816 922 et
1844 893 1999 922 moveat
2021 885 2167 922 tertiam
2196 893 2354 934 partem,
2377 897 2474 933 quae

1419 945 1474 973 est
1494 938 1536 984 C,
1558 950 1654 986 quae
1683 938 1735 974 sic
1762 946 1961 975 moveatur
1989 951 2011 974 a
2038 939 2087 985 B,
2113 939 2251 986 quod*
2265 937 2355 974 nihil
2374 937 2476 974 aliud

1418 997 1573 1026 moveat
1609 991 1713 1038 quod
1745 990 1790 1026 sit
1816 1003 1903 1038 pars
1941 990 2129 1027 moventis
2166 990 2344 1039 seipsum.
2383 990 2476 1026 Non

1420 1042 1521 1078 enim
1539 1049 1663 1090 potest
1691 1042 1762 1079 dici
1783 1044 1886 1090 quod
1915 1043 1981 1079 fiat
2001 1043 2203 1079 descensus
2231 1043 2270 1079 in
2287 1043 2474 1080 infinitum

1419 1094 1456 1130 in
1483 1094 1652 1142 partibus
1681 1095 1868 1131 moventis
1893 1095 2071 1143 seipsum,
2093 1095 2230 1131 scilicet
2257 1096 2362 1144 quod
2390 1106 2476 1143 pars

1419 1153 1524 1183 mota
1552 1146 1687 1182 iterum
1706 1154 1860 1183 moveat
1879 1147 2008 1183 aliam:
2038 1148 2126 1195 quia
2155 1148 2207 1184 sic
2234 1160 2396 1185 movens
2421 1158 2477 1183 50-

1419 1199 1545 1247 ipsum
1575 1206 1671 1235 esset
1699 1198 1736 1234 in
1753 1200 1771 1219 '⁴¹‘
1787 1199 1994 1246 infinitum,
2024 1200 2128 1248 quod
2151 1208 2205 1236 est
2223 1199 2475 1248 impossibile,

1419 1258 1461 1288 ut
1493 1264 1607 1300 supra
1636 1253 1655 1272 ²²
1685 1259 1879 1288 ostensum
1914 1259 1978 1288 est.
2004 1253 2083 1288 Erit
2116 1265 2203 1300 ergo
2234 1252 2357 1301 aliqua
2389 1265 2476 1301 pars

1420 1304 1608 1341 moventis
1637 1303 1821 1352 seipsum,
1853 1316 1948 1352 quae
1979 1312 2033 1341 est
2061 1312 2165 1341 mota
2193 1317 2271 1341 non
2299 1317 2476 1352 movens,

1421 1369 1537 1404 quam
1575 1356 1733 1393 dicimus
1763 1357 1806 1394 C.
1837 1358 1885 1393 Et
1921 1357 2005 1393 licet
2033 1357 2222 1404 contingat
2258 1370 2326 1405 per
2362 1358 2479 1393 multa

1421 1409 1547 1446 media
1576 1421 1675 1457 quae
1703 1416 1789 1446 sunt
1826 1409 2020 1446 moventia
2057 1417 2094 1446 et
2129 1417 2251 1456 mota,
2280 1410 2478 1458 pervenire

1420 1461 1459 1498 in
1486 1462 1660 1498 ultimum
1698 1469 1846 1498 motum
1885 1462 1989 1509 quod
2028 1462 2160 1499 dicitur
2189 1463 2244 1507 C;
2279 1462 2481 1511 accipiatur

1421 1515 1505 1550 1000
1531 1514 1704 1551 omniurn
1734 1514 1960 1561 mediorum,
1984 1516 2003 1536 ἧς
2026 1527 2147 1551 unum
2177 1515 2346 1551 medium
2376 1515 2480 1563 quod

1422 1567 1467 1603 sit
1494 1568 1536 1604 B.
1560 1567 1622 1604 Sic
1651 1579 1738 1614 ergo
1758 1568 1832 1603 hoc
1860 1574 1980 1603 totum
2004 1567 2192 1615 quod·est
2220 1568 2320 1604 ABC
2350 1575 2481 1605 movet

1422 1619 1601 1668 seipsum.
1631 1621 1664 1655 A
1693 1632 1768 1668 quo
1789 1626 1868 1656 toto
1889 1620 1918 1656 si
1947 1621 2136 1656 auferatur
2153 1621 2248 1656 11300
2275 1633 2362 1669 pars
2382 1633 2480 1668 quae

1423 1679 1478 1708 est
1506 1672 1549 1718 C,
1571 1672 1695 1708 adhuc
1723 1672 1848 1720 ipsum
1876 1673 1942 1708 AB
1972 1673 2143 1709 movebit
2177 1672 2361 1721 seipsum:
2392 1673 2480 1720 quia

1422 1737 1497 1760 una
1516 1737 1603 1773 pars
1624 1724 1702 1760 eius
1723 1732 1777 1760 est
1796 1737 1969 1771 movens,
1991 1725 2128 1761 scilicet
2146 1727 2192 1771 A,
2214 1733 2250 1761 et
2269 1725 2340 1761 alia
2363 1732 2478 1772 mota,

1423 1776 1560 1813 scilicet
1583 1778 1626 1823 B,
1647 1777 1752 1825 quod
1772 1777 2029 1825 requirebatur
2049 1778 2094 1814 ad
2114 1778 2189 1814 hoc
2209 1778 2313 1826 quod
2342 1778 2482 1826 aliquid

1423 1829 1468 1866 sit
1487 1841 1649 1866 movens
1677 1829 1856 1878 seipsum,
1876 1837 1918 1866 ut
1936 1832 2078 1878 supra*
2095 1838 2287 1867 ostensum
2309 1837 2374 1867 est.
2405 1830 2481 1867 Sed
2509 1839 2518 1846 ·

1424 1882 1454 1918 C
1484 1894 1562 1918 non
1590 1882 1761 1918 movebit
1797 1882 1985 1930 seipsum,
2015 1895 2138 1930 neque
2167 1883 2334 1931 aliquam
2369 1883 2481 1919 aliam

1422 1941 1580 1982 partem,
1602 1934 1813 1970 secundum
1839 1935 2044 1983 supposita.
2068 1936 2245 1972 Similiter
2274 1936 2386 1972 etiam
2415 1936 2480 1972 BC

1423 1999 1501 2023 non
1529 1994 1661 2023 movet
1689 1987 1854 2036 seipsum
1883 1987 1962 2024 sine
1991 1991 2041 2035 A,
2072 1988 2159 2037 quia
2187 1989 2217 2024 Β
2246 2001 2324 2025 11011
2351 1995 2483 2025 111ονοῒ

1423 2040 1492 2076 11151
1513 2039 1736 2088 inquantum
1758 2048 1934 2076 movetur
1953 2041 2000 2077 ab
2021 2040 2093 2077 alio
2115 2041 2217 2089 quod
2238 2049 2292 2077 est
2310 2043 2364 2088 A,
2378 2041 2483 2089 quod

1422 2105 1500 2128 non
1530 2099 1584 2128 est
1611 2104 1698 2140 pars
1728 2092 1818 2128 eius.
1840 2092 2075 2141 Relinquitur
2102 2106 2191 2140 ergo
2225 2094 2329 2142 quod
2358 2094 2481 2130 solum

1422 2145 1489 2180 AB
1517 2152 1672 2181 moveat
1700 2145 1865 2193 seipsum
1892 2145 2016 2204 primo
2047 2153 2082 2182 et
2109 2158 2178 2194 per
2205 2159 2256 2183 se.
2277 2146 2388 2183 Unde
2417 2158 2481 2182 ne-

1423 2208 1527 2232 cesse
1556 2204 1611 2233 est
1630 2197 1733 2245 quod
1752 2210 1914 2233 movens
1934 2197 2099 2246 seipsum
2127 2199 2265 2235 habeat
2285 2199 2379 2235 duas
2397 2211 2480 2247 par-

1422 2256 1493 2296 tes,
1515 2261 1674 2297 quarum
1693 2262 1770 2285 una
1790 2249 1835 2286 sit
1853 2262 2015 2287 movens
2034 2250 2237 2287 immobilis
2248 2258 2276 2298 ²,
2299 2252 2369 2288 alia
2388 2264 2481 2288 vero

1423 2301 1467 2338 sit
1495 2309 1618 2348 mota,
1650 2313 1766 2349 quam
1795 2314 1949 2338 necesse
1978 2310 2033 2339 est
2061 2303 2150 2339 nihil
2187 2317 2345 2340 movere
2379 2305 2482 2352 quod

1424 2354 1469 2390 sit
1495 2366 1582 2402 pars
1611 2354 1800 2391 moventis
1820 2355 2002 2403 seipsum:
2033 2356 2107 2392 hoc
2132 2356 2230 2392 enim
2260 2357 2480 2393 conclusum

1425 2414 1479 2443 est
1505 2419 1574 2455 per
1599 2407 1848 2455 praemissam
1878 2407 2073 2444 rationem.
2103 2409 2173 2444 Vel
2207 2409 2299 2445 nihil
2329 2421 2481 2446 movens

1424 2472 1473 2495 ex
1501 2460 1733 2496 necessitate:
1768 2460 1855 2507 quia
1883 2472 1961 2496 non
1990 2468 2044 2496 est
2072 2461 2118 2497 de
2152 2462 2370 2498 necessitate
2399 2471 2480 2498 mo-

1422 2512 1544 2548 ventis
1573 2512 1750 2560 seipsum,
1772 2512 1874 2560 quod
1903 2525 1990 2561 pars
2019 2521 2123 2549 mota
2160 2521 2312 2550 moveat
2340 2514 2479 2562 aliquid

1422 2565 1523 2601 aliud
1553 2565 1664 2601 etiam
1695 2565 1952 2601 extrinsecum.

1479 2618 1512 2654 3.
1525 2617 1672 2654 Deinde
1685 2630 1772 2654 cum
1785 2618 1885 2654 dicit:
1907 2619 2084 2654 Contacta
2095 2623 2218 2654 autem
2230 2624 2386 2667 utraque
2397 2627 2477 2667 etc„

1424 2670 1586 2706 ostendit
1613 2670 1809 2718 quomodo
1847 2671 1918 2707 hae
1947 2670 2044 2707 duae
2081 2678 2205 2719 partes
2240 2683 2279 2707 50
2315 2672 2480 2708 habeant

1423 2723 1472 2759 ad
1500 2723 1672 2759 invicem.
1694 2723 1767 2759 Ubi
1789 2723 2103 2760 considerandum
2124 2731 2187 2770 est,
2210 2724 2313 2772 quod
2336 2725 2478 2762 Aristo—

1422 2777 1512 2811 teles
1541 2775 1713 2812 nondum
1733 2776 1908 2824 probavit
1935 2777 2101 2824 primum
2127 2789 2286 2812 movens
2315 2790 2391 2813 non
2412 2778 2477 2814 ha-

1423 2826 1511 2864 bere
1527 2829 1690 2876 aliquam
1704 2828 2014 2888 magnitudinem,
2028 2830 2130 2877 quod
2150 2829 2274 2865 infra*
2277 2830 2475 2881 probabit.

1423 2878 1590 2927 Quidam
1611 2888 1736 2917 autem
1757 2881 1897 2929 antiqui
1925 2881 2139 2930 philosophi
2165 2891 2371 2930 posuerunt
2397 2884 2477 2920 nul—

1422 2934 1496 2969 lam
1513 2933 1759 2970 substantiam
1781 2935 1922 2982 absque
1948 2934 2100 2982 aliqua*
2112 2935 2366 2982 magnitudine
2383 2948 2475 2973 esse.

1421 2986 1531 3023 Unde
1560 2986 1778 3023 Aristoteles
1807 2995 1892 3023 ante
1920 2987 2185 3035 probationem
2209 2989 2283 3024 hoc
2311 2989 2379 3024 sub
2409 2989 2476 3025 du-

1421 3039 1483 3075 bio
1505 3041 1716 3076 secundum
1736 3051 1844 3076 suam
1866 3040 2175 3076 consuetudinem
2201 3041 2474 3089 derelinquens,

1421 3091 1508 3127 dicit
1535 3093 1640 3140 quod
1669 3093 1762 3129 duas
1779 3094 1798 3113 Ψ
1813 3099 1936 3140 partes
1964 3093 2155 3135 moventis
2181 3093 2359 3141 seipsum,
2386 3105 2475 3141 qua-

1421 3156 1504 3179 rum
1532 3156 1608 3180 una
1647 3153 1700 3181 est
1733 3157 1895 3181 movens
1925 3152 1959 3181 et
1988 3145 2058 3181 alia
2086 3153 2209 3191 mota,
2240 3157 2392 3181 necesse
2422 3153 2476 3182 est

1420 3196 1545 3244 aliquo
1573 3197 1691 3233 modo
1722 3197 1914 3244 coniungi,
1944 3198 1991 3233 ad
2019 3198 2093 3232 hoc
2121 3197 2224 3244 quod
2253 3197 2325 3233 sint
2350 3205 2475 3245 partes

1418 3248 1528 3284 unius
1548 3249 1671 3285 totius.
1693 3250 1783 3286 Non
1803 3257 1929 3284 autem
1948 3260 2016 3296 per
2035 3248 2366 3295 continuationem,
2387 3250 2475 3298 quia

1419 3312 1532 3348 supra
1545 3302 1564 3322 '¹‘
1579 3302 1667 3337 dixit
1687 3302 1788 3349 quod
1810 3313 1970 3336 movens
1990 3301 2155 3348 seipsum
2177 3308 2212 3337 et
2230 3309 2377 3338 motum
2397 3315 2475 3339 non

1418 3361 1577 3400 possunt
1597 3353 1816 3397 continuari7
1834 3353 1900 3389 sed
1921 3365 2073 3389 necesse
2090 3360 2144 3389 est
2160 3366 2204 3390 ea
2220 3353 2351 3390 dividi:
2373 3356 2474 3391 unde

1419 3405 1638 3453 relinquitur
1657 3406 1759 3453 quod
1778 3412 1925 3452 oportet
1949 3406 2017 3441 has
2043 3405 2136 3441 duas
2155 3413 2279 3453 partes
2300 3407 2474 3455 coniungi

1418 3469 1490 3504 per
1515 3465 1750 3501 contactum;
1781 3465 1843 3492 aut
1870 3457 1919 3493 ita
1947 3465 1987 3493 ut
2015 3458 2149 3494 ambae
2178 3467 2302 3506 partes
2331 3460 2472 3497 contin-

363 3568 390 3600 α)
411 3575 515 3593 movens
529 3567 702 3592 immobilis.—
717 3574 821 3591 movens
842 3565 883 3599 (et
902 3566 959 3591 add.
974 3566 1011 3599 Q)
1033 3566 1162 3591 immobile
1181 3567 1254 3591 codd.
1269 3573 1293 3591 et
1311 3575 1364 3592 a.—
1383 3568 1432 3591 Pro
1453 3572 1524 3592 mota
1543 3577 1629 3600 quam,
1651 3572 1721 3593 mota
1740 3569 1810 3601 quod
1828 3569 1886 3599 EG,
1907 3573 2005 3594 motum
2026 3570 2096 3601 quod
2115 3576 2162 3595 cet.
2184 3576 2208 3595 et
2227 3578 2252 3596 a.

2503 939 2512 948 ·
2527 939 2603 959 tamen
2620 937 2671 959 add.
2687 944 2716 959 m·-

2503 970 2600 986 onuonz.

2505 1206 2514 1214 “
2529 1205 2553 1225 in
2573 1210 2619 1225 om.
2641 1210 2717 1226 annm<

2504 1237 2630 1258 nozpesrz.

2506 1263 2518 1273 ⁴¹
2533 1262 2596 1284 Lect.
2607 1269 2644 1289 ix,
2660 1267 2682 1283 n.
2692 1268 2717 1287 4.

2509 1521 2517 1529 ·
2532 1521 2555 1540 et
2568 1520 2620 1541 add.
2634 1525 2720 1541 Acixmv

2507 1552 2568 1593 ζέα,
2583 1546 2652 1567 etiam
2667 1546 2720 1568 add.

2546 1838 2609 1859 Lect.
2627 1844 2709 1865 praec.‚

2509 1870 2531 1885 n.
2546 1870 2557 1886 2
2573 1870 2637 1892 seqq.

2505 2841 2590 2864 Lect.
2605 2848 2672 2863 xxm.

2505 2947 2604 2976 aliqua
2615 2952 2713 2967 0111.οο-

2504 2973 2565 2993 dices
2580 2979 2629 2994 exe.
2643 2979 2690 2994 an(

2504 3104 2512 3112 ·
2520 3102 2652 3124 duaecodd.
2662 3107 2712 3125 eta.

2503 3313 2512 3322 '
2527 3312 2636 3335 Lect.v11.
2648 3320 2668 3335 n.
2680 3314 2701 3335 8.
