2982 4022
109 601 119 610 “
134 601 157 621 in
178 599 230 621 add.
252 598 320 620 codd.

110 632 159 647 exc.
173 632 245 648 nunu.

111 810 121 818 “
137 809 172 830 ali
217 809 234 830 d
248 813 322 830 rami«

112 841 169 856 miza
186 851 191 856 ,

114 1071 122 1079 ·
137 1069 205 1091 Num.
220 1073 293 1096 praec.

113 1273 122 1282 '
135 1272 195 1294 enim
209 1278 255 1294 om.
268 1277 319 1294 ΜΖ.

112 1298 132 1308 “
139 1298 224 1326 fertur
236 1304 273 1319 tc.

111 1376 120 1386 ‘
135 1376 183 1398 lale
195 1376 248 1398 add.
262 1382 284 1398 v.

117 2269 126 2278 ·
138 2269 248 2290 sanitatis
257 2274 324 2295 nunz,

117 2293 226 2316 mm‘tatis
239 2295 276 2316 vel
286 2300 326 2316 sa-

116 2321 220 2343 nationis
233 2327 267 2342 u.

117 2347 126 2356 ·
141 2353 198 2368 mae
211 2346 264 2368 add.
278 2352 325 2368 mm

117 2379 147 2399 ιις
161 2379 176 2394 κ
190 2373 232 2394 lac.

116 2893 125 2903 '
140 2893 252 2915 dividitur
259 2899 311 2916 Acm

115 2925 274 2974 aava·

115 2998 125 3008 '
134 2999 188 3020 nme
196 2998 248 3020 add.
258 3005 281 3025 κ;
293 2999 324 3020 ita

114 3029 130 3047 ιι
143 3027 197 3053 post
210 3024 278 3047 idem.

115 3127 126 3138 ·
139 3133 166 3150 ee
181 3133 324 3154 nmoqs

115 3159 183 3176 mr.
230 3166 233 3169 ι

1223 294 1334 330 CAP.
1365 294 1396 339 1,
1425 293 1575 329 LECT.
1607 294 1619 328 1
2458 290 2502 335 57

397 378 554 416 Ponitur
592 385 718 415 autem
752 377 788 414 in
818 375 1034 414 definitione
1072 381 1225 410 naturae
1256 371 1396 419 princi-

339 432 468 480 pium,
502 430 608 479 quasi
637 443 775 478 genus,
810 437 845 466 et
878 441 955 465 non
989 426 1127 475 aliquid
1160 426 1395 468 absolutum,

347 484 434 533 quia
462 495 604 520 nomen
632 491 785 519 naturae
813 482 990 529 importat
1015 477 1274 515 habitudinem
1297 475 1397 524 prin-

347 536 443 585 cipii.
474 536 574 582 Quia
600 536 701 572 enim
739 534 839 571 nasci
878 534 1051 570 dicuntur
1084 542 1128 565 ea
1162 540 1259 576 quae
1288 539 1398 574 gene-

348 596 475 625 rantur
503 587 700 625 coniuncta
720 585 920 634 generanti,
941 591 981 620 ut
999 589 1100 631 patet
1119 582 1156 617 in
1175 581 1308 629 plantis
1329 588 1363 616 et
1378 581 1398 598 ³*

349 641 584 687 animalibus,
605 640 690 677 ideo
714 638 938 687 principium
967 634 1216 683 generationis
1235 634 1295 669 vel
1316 645 1398 668 mo-

348 702 408 730 tus
435 701 567 730 natura
595 691 820 728 nominatur.
850 689 959 726 Unde
989 686 1182 724 deridendi
1211 693 1297 722 sunt
1334 685 1397 733 qui

348 746 518 782 volentes
547 743 803 781 definitionem
832 740 1038 777 Aristotelis
1068 739 1263 785 corrigere,
1294 746 1399 773 natu-

349 809 430 835 ram
447 809 516 845 per
534 796 673 843 aliquid
694 796 713 816 '¹‘
732 795 947 831 absolutum
974 791 1130 829 definire
1150 790 1272 826 conati
1301 798 1399 835 sunt,

349 849 513 887 dicentes
542 847 644 896 quod
672 854 804 884 natura
828 853 883 882 est
906 846 961 882 vis
979 845 1087 881 insita
1107 845 1227 888 rebus,
1247 843 1307 880 vel
1336 842 1399 878 ali—

348 900 438 950 quid
451 900 678 937 huiusmodi.
691 899 834 936 Dicitur
848 905 973 934 autern
982 896 1209 945 principium
1226 900 1261 930 et
1274 906 1399 939 causa,

346 952 396 990 ad
415 951 690 1000 designandum
710 951 814 1000 quod
833 963 912 987 non
930 949 1104 986 omnium
1132 955 1307 984 motuum
1336 959 1400 983 na-

347 1012 429 1042 tura
452 1012 507 1041 est
526 1004 663 1041 eodem
687 1004 805 1040 modo
825 1002 1049 1052 principium
1070 1001 1107 1037 in
1127 1012 1174 1036 eo
1193 1000 1297 1048 quod
1317 1011 1399 1035 mo-

347 1064 466 1103 vetur,
497 1057 564 1094 sed
591 1055 858 1101 diversimode,
886 1062 928 1091 ut
955 1054 1095 1091 dictum
1125 1060 1180 1088 est
1199 1054 1230 1087 ²¹⁶.

400 1109 499 1147 Dicit
535 1116 660 1146 autem
693 1108 867 1144 movendi
901 1113 937 1143 et
971 1105 1198 1154 quiescendi,
1232 1104 1319 1152 quia
1356 1116 1400 1139 ea

347 1173 445 1210 quae
464 1161 676 1198 naturaliter
699 1167 902 1197 moventur
927 1159 975 1195 ad
994 1159 1134 1204 locum,
1151 1156 1317 1194 similiter
1339 1157 1400 1192 vel

347 1214 466 1261 magis
486 1213 700 1250 naturaliter
727 1213 765 1249 in
792 1213 877 1249 loco
906 1211 1117 1260 quiescunt:
1146 1217 1300 1258 propter
1327 1209 1401 1245 hoc

348 1266 450 1303 enim
468 1266 488 1287 ³*
514 1266 608 1313 ignis
627 1265 841 1302 naturaliter
869 1271 1045 1301 movetur
1061 1263 1101 1284 ²¹⁶*
1130 1274 1293 1308 sursum,
1314 1262 1400 1309 quia

346 1318 561 1356 naturaliter
588 1318 638 1354 ibi
667 1325 739 1364 est,
769 1325 805 1354 et
831 1324 985 1366 propter
1021 1315 1125 1364 quod
1156 1314 1400 1362 unumquod-

348 1383 421 1420 que
441 1371 460 1391 *
489 1378 525 1407 et
551 1370 641 1407 illud
669 1370 798 1418 magis.
837 1368 924 1406 Non
958 1377 1086 1406 tamen
1119 1367 1399 1414 intelligendum

348 1430 404 1460 est
431 1423 535 1472 quod
563 1423 601 1459 in
629 1422 797 1471 quolibet
823 1422 935 1470 quod>
956 1428 1134 1458 movetur
1167 1420 1399 1465 naturaliter,

347 1483 480 1513 natura
508 1475 553 1512 sit
572 1475 684 1511 etiam
703 1474 929 1522 principium
950 1473 1187 1523 quiescendi;
1214 1472 1301 1521 quia
1321 1484 1401 1508 cor-

346 1541 419 1577 pus
439 1528 597 1565 caeleste
617 1527 831 1563 naturaliter
849 1527 1005 1574 quidem
1024 1533 1212 1572 movetur,
1232 1525 1300 1562 sed
1323 1537 1401 1561 non

347 1580 562 1618 naturaliter
580 1579 750 1627 quiescit:
773 1579 840 1616 sed
859 1580 932 1615 hoc
951 1591 1020 1627 pro
1037 1586 1138 1615 tanto
1155 1578 1296 1624 dicitur,
1314 1577 1401 1625 quia

348 1645 425 1670 non
440 1633 564 1668 solum
579 1639 718 1677 motus,
734 1631 802 1668 sed
817 1631 929 1668 etiam
944 1631 1078 1679 quietis
1092 1630 1317 1678 principium
1333 1637 1398 1666 est.

400 1684 499 1722 Dicit
521 1691 648 1721 autem
677 1684 713 1719 in
742 1695 814 1732 quo
842 1689 905 1729 est,
936 1684 984 1720 ad
1010 1682 1259 1719 differentiam
1288 1682 1400 1718 artifi-

348 1737 509 1782 cialium,
538 1736 576 1773 in
604 1735 741 1784 quibus
769 1748 846 1772 non
875 1743 930 1772 est
958 1743 1083 1772 motus
1109 1735 1178 1771 nisi
1209 1747 1278 1782 per
1306 1734 1400 1770 acci-

349 1790 453 1826 dens.
480 1794 494 1814 ⁷
522 1788 638 1825 Addit
665 1795 792 1825 autem
814 1790 1004 1836 primum,
1040 1788 1128 1835 quia
1155 1795 1303 1833 natura,
1334 1787 1400 1823 etsi

349 1842 394 1878 sit
419 1841 645 1890 principium
673 1848 799 1877 motus
828 1841 1144 1889 compositorum,
1171 1851 1248 1876 non
1272 1847 1400 1876 tamen

347 1894 484 1943 prim0.
504 1893 614 1930 Unde
635 1894 739 1942 quod
757 1893 896 1930 animal
915 1901 1091 1930 movetur
1111 1893 1301 1938 deorsum,
1324 1904 1400 1928 non

349 1954 404 1984 est
422 1957 467 1982 ex
486 1953 618 1982 natura
636 1945 806 1983 animalis
832 1946 1056 1995 inquantum
1085 1953 1140 1982 est
1163 1945 1312 1991 animal,
1333 1945 1401 1981 sed

349 2011 395 2036 ex
422 2005 555 2035 natura
582 1998 810 2035 dominantis
839 1998 1025 2035 elementi.

403 2051 530 2097 Quare
563 2057 690 2087 autem
723 2050 821 2087 dicat
852 2062 924 2098 per
955 2063 995 2087 se
1030 2056 1066 2086 et
1091 2063 1164 2086 non
1198 2050 1400 2086 secundum

350 2103 538 2148 accidens,
567 2103 720 2150 exponit
744 2111 1021 2151 consequentur
1053 2115 1140 2138 cum
1170 2102 1276 2148 dicit,
1305 2103 1400 2138 Dico

350 2161 474 2191 autem
493 2166 567 2191 non
585 2155 787 2191 secundum
806 2156 986 2191 accidens.
1008 2155 1198 2201 Contingit
1217 2154 1318 2190 enim
1338 2154 1401 2190 ali-

352 2207 504 2255 quando
533 2206 637 2254 quod
664 2206 795 2255 aliquis
823 2207 993 2243 medicus
1022 2214 1077 2243 est
1105 2207 1174 2242 sibi
1200 2206 1268 2254 ipsi
1284 2213 1402 2242 ‘causa

352 2258 536 2304 sanitatis;
563 2266 599 2295 et
626 2258 678 2295 sic
704 2258 930 2307 principium
958 2271 1049 2296 suae
1077 2258 1278 2295 sanationis
1301 2259 1320 2279 ’¹‘
1348 2266 1403 2294 est

351 2311 390 2348 in
418 2323 482 2358 eo,
516 2310 583 2347 sed
610 2323 678 2359 per
706 2310 895 2348 accidens:
924 2312 1025 2348 unde
1053 2311 1278 2359 principium
1298 2311 1317 2331 '¹‘
1345 2323 1401 2347 sa-

352 2363 511 2400 nationis
534 2363 573 2399 in
592 2375 639 2399 eo
667 2376 744 2400 non
773 2371 828 2399 est
855 2371 998 2400 natura.
1029 2364 1119 2400 Non
1148 2363 1249 2400 enim
1269 2375 1401 2400 secun-

353 2415 443 2452 dum
472 2415 576 2463 quod
604 2423 755 2452 sanatur
787 2416 900 2452 habet
922 2415 1162 2462 medicinam,
1184 2416 1250 2452 sed
1271 2428 1401 2452 secun-

352 2467 444 2504 dum
471 2467 576 2516 quod
604 2475 659 2504 est
692 2467 883 2513 medicus3
912 2468 1044 2505 accidit
1077 2476 1203 2504 autem
1237 2468 1401 2505 eundem

313 2539 323 2544 —
351 2532 432 2556 esse
465 2519 656 2556 medicum
689 2528 726 2557 et
753 2520 891 2566 sanari;
919 2528 1070 2558 sanatur-
1097 2521 1198 2558 enim
1226 2521 1245 2541 *
1273 2533 1402 2558 secun-

351 2573 443 2609 dum
459 2573 561 2620 quod
581 2580 636 2609 est
654 2573 838 2610 infirmus.
860 2574 908 2610 Et
926 2574 1025 2619 ideo,
1041 2573 1128 2622 quia
1141 2585 1210 2621 per
1229 2573 1402 2610 accidens

351 2624 639 2671 coniunguntur,
664 2626 866 2673 aliquando
886 2638 954 2674 per
973 2626 1146 2662 accidens
1166 2625 1401 2662 dividuntur:

352 2676 541 2724 contingit
556 2677 657 2714 enim
686 2678 800 2714 alium
830 2690 910 2715 esse
939 2678 1131 2715 medicum
1151 2686 1346 2715 sanantem
1367 2687 1403 2714 et

352 2729 466 2766 alium
490 2729 683 2766 infirmum
710 2730 773 2779 qui
797 2738 957 2767 sanatur.
980 2731 1056 2767 Sed
1075 2730 1300 2779 principium
1320 2743 1402 2767 mo-

351 2788 409 2817 tus
437 2781 613 2818 naturalis
650 2789 705 2818 est
735 2782 774 2819 in
811 2795 969 2831 corpore
1001 2783 1158 2820 naturali
1190 2783 1293 2831 quod
1321 2795 1402 2820 mo-

350 2841 471 2879 vetur,
492 2833 714 2881 inquantum
733 2843 925 2872 movetur:
947 2835 1169 2883 inquantum
1189 2836 1290 2872 enim
1310 2835 1402 2883 ignis

351 2886 465 2922 habet
482 2885 688 2934 levitatem,
714 2887 828 2924 fertur
855 2900 1014 2924 sursum.
1036 2889 1119 2924 Nec
1148 2887 1365 2925 dividuntur
1385 2889 1404 2909 *

352 2938 400 2975 ad
423 2937 603 2986 invicem,
628 2946 669 2975 ut
695 2940 795 2977 aliud
813 2940 868 2976 ,sit
896 2952 1031 2988 corpus
1060 2940 1162 2988 quod
1190 2948 1367 2977 movetur
1384 2942 1404 2961 ³¹²

352 3002 501 3033 sursum
517 2998 554 3027 et
572 2991 671 3028 aliud
690 2992 791 3038 leve,
813 2992 880 3029 sed
899 3004 1049 3041 semper
1064 2993 1083 3012 ⁵
1098 3005 1217 3029 unum
1233 3001 1269 3029 et
1289 2993 1402 3030 idem.

351 3042 400 3079 Et
418 3042 524 3079 sicuti
552 3050 606 3080 est
634 3043 682 3081 de
701 3044 850 3081 medico
879 3053 1046 3092 sanante,
1066 3045 1118 3081 ita
1138 3052 1193 3081 est
1212 3045 1259 3081 de
1283 3046 1403 3082 omni-

351 3094 421 3131 bus
453 3094 716 3133 artificialibus.
746 3097 902 3134 Nullum
931 3097 1031 3134 enim
1061 3110 1194 3134 eorum
1226 3098 1339 3134 habet
1367 3098 1404 3134 in

352 3146 475 3194 seipso
495 3148 516 3168 *
535 3159 625 3185 suae
653 3148 822 3186 factionis
849 3149 1094 3198 principium:
1124 3150 1191 3187 sed
1214 3150 1402 3198 quaedam

404 3285 431 3320 γ)
451 3286 477 3310 in
496 3287 619 3318 quibus...
628 3294 680 3319 per
697 3287 826 3313 accidens.
836 3302 854 3306 -
866 3288 936 3313 Haec
954 3285 1006 3313 om.
1021 3289 1100 3313 nostri
1121 3289 1196 3314 codd.
1208 3302 1228 3308 ·—
1240 3289 1337 3320 Statim,
1355 3297 1402 3322 pro
1425 3274 1428 3278 .

352 3321 436 3346 Addit
454 3324 555 3350 autem,
579 3322 712 3354 Additque
729 3322 787 3352 EG,
806 3322 890 3347 Addit
907 3323 986 3348 etiam
1004 3324 1039 3354 B;
1058 3331 1105 3355 pro
1125 3324 1256 3355 primum,
1272 3324 1362 3356 primo
1381 3325 1401 3348 B

354 3356 452 3384 sGHL,
471 3363 523 3380 om.
543 3356 573 3386 S;
592 3364 638 3388 pro
657 3357 719 3388 quia
738 3360 842 3386 natura,
856 3357 926 3389 quod
944 3360 1043 3382 natura
1061 3358 1113 3388 RZ,
1126 3358 1188 3390 quia
1206 3359 1285 3383 etiam
1305 3363 1402 3383 natura

1453 383 1585 406 eorum
1600 371 1619 390 *
1630 370 1725 406 fiunt
1744 370 1791 406 ab
1812 369 2030 415 extrinseco,
2046 375 2086 404 ut
2106 368 2243 404 domus
2270 374 2305 402 et
2323 366 2393 402 alia
2409 378 2503 413 quae
2533 378 2635 423 ngm
2650 384 2696 399 om.
2716 384 2744 398 pp

1453 435 1568 458 manu
1597 419 1828 467 inciduntur;
1849 421 2037 470 quaedam
2059 428 2185 457 autem
2205 420 2300 456 fiunt
2327 431 2349 454 a
2372 418 2505 467 princi-

1452 475 1514 523 pio
1545 475 1756 521 intrinseco,
1782 474 1846 510 sed
1865 486 1934 522 per
1961 473 2147 520 accidens,
2168 480 2209 508 ut
2236 472 2377 509 dictum
2398 478 2453 507 est
2473 472 2503 506 ²⁵.
2533 481 2659 503 'Num.2.

1453 528 1500 563 Et
1520 527 1571 562 sic
1600 527 1741 563 dictum
1771 535 1825 563 est
1844 526 1933 574 quid
1963 526 2007 562 sit
2025 526 2043 546 '⁵‘
2063 533 2205 561 natura.
2548 572 2553 577 Δ

1506 580 1542 615 6.
1555 579 1700 615 Deinde
1717 591 1802 614 curn
1816 579 1912 615 dicit:
1921 578 2112 614 Naturam
2133 582 2255 613 autem
2275 577 2408 612 habent
2424 584 2504 623 etc.,

1453 632 1584 668 definit
1613 643 1655 667 ea
1681 643 1776 679 quae
1806 643 1827 667 a
1856 639 1987 667 natura
2015 630 2320 666 denominantur.
2344 630 2392 665 Et
2420 629 2507 665 dicit

1454 684 1556 731 quod
1584 685 1755 719 habentia
1784 689 1958 719 naturam
1987 690 2071 719 sunt
2098 683 2158 718 illa
2186 694 2283 730 quae
2311 682 2451 718 habent
2470 682 2507 718 in

1454 736 1583 784 seipsis
1610 735 1834 784 principium
1865 736 1922 772 sui
1942 743 2078 771 motus.
2100 736 2148 771 Et
2167 734 2252 770 talia
2271 741 2356 770 sunt
2379 734 2508 770 omnia

1455 789 1621 824 subiecta
1649 796 1823 824 naturae:
1849 789 1936 836 quia
1965 795 2096 824 natura
2124 794 2179 823 est
2206 786 2429 833 subiectum,
2450 798 2507 822 se-

1455 842 1622 878 cundum
1650 841 1754 888 quod
1782 848 1913 877 natura
1947 840 2079 876 dicitur
2117 839 2292 883 materia3
2323 847 2359 875 et
2387 846 2441 875 est
2469 839 2507 875 in

1455 894 1635 939 subiecto,
1657 893 1866 930 secundum
1895 893 1999 941 quod
2027 900 2159 929 natura
2188 891 2319 928 dicitur
2345 891 2478 927 forma.

1508 958 1542 993 7.
1564 946 1711 982 Deinde
1733 958 1819 982 curn
1836 945 1937 982 dicit:
1959 946 2168 981 Secundum
2189 949 2364 980 naturam
2383 949 2506 979 autem

1453 1004 1539 1034 sunt
1557 1005 1639 1044 etc.,
1661 998 1812 1046 exponit
1826 995 1839 1018 ὅ
1854 998 1944 1046 quid
1968 998 2013 1034 sit
2030 997 2231 1034 secundum
2252 1002 2438 1032 naturam,
2460 997 2508 1032 Et

1455 1050 1542 1087 dicit
1568 1052 1672 1098 quod
1691 1051 1900 1087 secundum
1930 1058 2102 1086 naturam
2123 1061 2204 1085 esse
2234 1049 2407 1085 dicuntur
2429 1056 2506 1084 tam

1455 1103 1621 1139 subiecta
1637 1103 1668 1148 *,
1690 1115 1854 1151 quorum
1871 1115 1950 1139 esse
1972 1110 2025 1139 est
2049 1115 2070 1138 a
2094 1110 2236 1148 natura,
2257 1113 2373 1150 quam
2394 1101 2507 1137 etiam

1455 1155 1660 1192 accidentia
1692 1167 1789 1203 quae
1818 1155 1855 1191 in
1884 1156 1936 1191 eis
1965 1154 2089 1191 insunt
2126 1162 2276 1191 causata
2305 1155 2351 1190 ab
2381 1154 2507 1190 huius-

1455 1207 1560 1244 modi
1588 1208 1788 1255 principio;
1818 1208 1914 1244 sicut
1941 1207 2026 1243 ferri
2055 1219 2203 1243 sursum
2233 1219 2310 1243 non
2345 1214 2399 1243 est
2427 1206 2508 1254 ipsa

1455 1268 1603 1308 natura,
1629 1272 1752 1308 neque
1771 1261 1915 1296 habens
1934 1267 2118 1305 naturam,
2141 1260 2206 1296 sed
2231 1267 2285 1295 est
2314 1267 2507 1295 causatum

1455 1325 1476 1349 a
1505 1321 1647 1349 natura.
1679 1314 1727 1349 Et
1754 1313 1807 1349 sic
1836 1313 1977 1349 dictum
2007 1320 2061 1349 est
2098 1313 2187 1360 quid
2217 1312 2261 1348 sit
2288 1319 2441 1358 natura,
2472 1319 2507 1347 et

1455 1366 1545 1413 quid
1573 1366 1618 1401 sit
1646 1365 1734 1402 illud
1759 1366 1862 1414 quod
1891 1366 2004 1402 habet
2032 1373 2224 1411 naturam,
2253 1373 2288 1400 et
2307 1366 2326 1385 '⁵‘
2347 1364 2437 1412 quid
2466 1364 2510 1400 sit
2538 1374 2545 1382 ·

1456 1418 1666 1455 secundum
1695 1426 1878 1455 naturam.

1509 1472 1543 1507 8.
1561 1471 1708 1507 Deinde
1724 1483 1811 1507 cum
1828 1471 1929 1507 dicit:
1951 1470 2060 1513 Quod
2073 1476 2195 1506 autem
2207 1475 2259 1505 est
2269 1475 2404 1506 natura
2426 1476 2508 1516 etc.,

1457 1523 1616 1560 excludit
1643 1523 1991 1572 praesumptionem
2024 1522 2265 1570 quorundam
2300 1522 2507 1558 volentium

1456 1576 1714 1612 demonstrare
1743 1577 1847 1625 quod
1863 1577 1882 1597 *
1899 1583 2029 1612 natura
2049 1575 2103 1612 sit.
2127 1576 2174 1611 Et
2194 1575 2280 1611 dicit
2300 1575 2402 1623 quod
2424 1574 2508 1611 ridi-

1456 1629 1582 1664 culum
1603 1636 1658 1665 est
1677 1630 1779 1677 quod
1800 1629 1931 1677 aliquis
1949 1636 2064 1665 tentet
2090 1628 2348 1665 demonstrare
2372 1628 2476 1675 quod
2491 1629 2510 1648 ’ss

1456 1688 1586 1717 natura
1605 1681 1660 1726 sit,
1682 1694 1770 1717 cum
1790 1682 2031 1718 manifestum
2052 1681 2097 1717 sit
2124 1681 2334 1717 secundum
2355 1692 2508 1716 sensum

1456 1734 1558 1781 quod
1587 1734 1704 1770 multa
1732 1741 1817 1770 sunt
1849 1747 1870 1770 a
1899 1742 2051 1782 natura,
2078 1746 2175 1782 quae
2204 1734 2343 1769 habent
2375 1733 2509 1781 princi-

1454 1786 1559 1833 pium
1580 1786 1636 1822 sui
1656 1794 1782 1822 motus
1806 1786 1843 1822 in
1862 1799 1913 1822 se.
1938 1787 2042 1822 Velle
2062 1794 2189 1822 autem
2210 1786 2469 1823 demonstrare
2489 1786 2509 1806 '⁵‘

1455 1838 1701 1874 manifestum
1715 1851 1783 1886 per
1802 1851 1880 1875 non
1900 1839 2152 1885 manifestum,
2174 1847 2229 1875 est
2254 1839 2418 1874 hominis
2446 1838 2509 1886 qui

1456 1903 1532 1927 non
1560 1898 1683 1938 potest
1712 1891 1876 1927 iudicare
1905 1891 1996 1940 quid
2025 1899 2080 1927 est
2107 1899 2239 1928 notum
2268 1899 2423 1939 propter
2451 1903 2509 1936 se,

1456 1951 1492 1979 et
1510 1943 1600 1992 quid
1629 1956 1706 1979 non
1727 1951 1781 1980 est
1801 1951 1934 1990 notum
1954 1952 2108 1992 propter
2135 1956 2191 1980 se:
2213 1944 2300 1992 quia
2320 1944 2411 1980 dum
2431 1944 2511 1980 vult

1457 1996 1715 2033 demonstrare
1744 1997 1782 2033 id
1811 1997 1914 2045 quod
1943 2005 1998 2034 est
2025 2004 2158 2033 notum
2186 2004 2341 2045 propter
2369 2009 2421 2042 se,
2441 1997 2510 2032 uti—

1455 2058 1514 2086 tur
1534 2061 1579 2084 eo
1600 2050 1706 2097 quasi
1735 2062 1812 2086 non
1831 2057 1985 2098 propter
2012 2062 2052 2086 se
2072 2057 2174 2086 noto.
2206 2050 2253 2086 Et
2272 2049 2376 2097 quod
2396 2050 2470 2084 hoc

1457 2101 1644 2148 contingat
1672 2102 1869 2150 aliquibus,
1890 2102 2132 2139 manifestum
2157 2110 2223 2138 est.
2245 2101 2388 2150 Aliquis
2409 2101 2509 2138 enim

1457 2166 1591 2190 caecus
1619 2162 1727 2191 natus
1760 2155 1963 2203 aliquando
2001 2155 2193 2203 syllogizat
2221 2155 2267 2191 de
2298 2154 2508 2190 coloribus:

1457 2207 1516 2242 cui
1544 2213 1672 2244 tamen
1702 2219 1778 2243 non
1808 2215 1862 2243 est
1888 2220 1956 2256 per
1983 2220 2022 2243 se
2058 2215 2190 2244 notum
2220 2207 2257 2244 id
2286 2220 2362 2255 quo
2398 2207 2511 2243 utitur

1456 2266 1497 2294 ut
1523 2259 1718 2307 principio,
1741 2260 1828 2307 quia
1852 2272 1930 2296 non
1957 2260 2070 2296 habet
2089 2260 2317 2296 intellectum
2347 2260 2411 2306 rei,
2441 2261 2508 2296 sed

1456 2310 1569 2347 utitur
1596 2312 1719 2348 solum
1739 2312 1972 2358 nominibus;
1994 2325 2040 2349 eo
2070 2313 2173 2361 quod
2194 2313 2355 2360 cognitio
2384 2320 2511 2349 nostra

1457 2370 1580 2399 ortum
1609 2364 1722 2400 habet
1749 2377 1771 2400 a
1799 2377 1923 2410 sensu,
1944 2372 1980 2401 et
2008 2365 2067 2401 cui
2097 2366 2222 2402 deficit
2240 2378 2338 2402 unus
2367 2377 2508 2411 sensus,

1458 2415 1583 2452 deficit
1596 2428 1672 2452 una
1691 2416 1855 2453 scientia.
1877 2418 1986 2454 Unde
2006 2418 2107 2454 caeci
2126 2419 2213 2463 nati,
2229 2419 2293 2465 qui
2314 2430 2509 2466 nunquam

1457 2476 1653 2504 senserunt
1681 2470 1859 2515 colorem,
1881 2481 1959 2506 non
1986 2478 2145 2518 possunt
2163 2471 2302 2519 aliquid
2332 2471 2378 2508 de
2408 2472 2509 2507 colo-

1458 2521 1559 2556 ribus
1587 2521 1807 2568 intelligere;
1838 2529 1874 2558 et
1901 2522 1954 2558 sic
1981 2530 2134 2559 utuntur
2162 2535 2239 2560 non
2274 2524 2370 2560 notis
2404 2523 2511 2572 quasi

1458 2573 1564 2609 notis.
1588 2574 1634 2609 Et
1649 2586 1668 2609 e
1686 2586 1869 2610 converso
1890 2574 2022 2611 accidit
2040 2575 2097 2611 his
2117 2576 2180 2623 qui
2198 2577 2332 2612 volunt
2352 2575 2509 2612 demon—

1458 2633 1571 2661 strare
1600 2633 1773 2662 naturam
1802 2639 1902 2662 esse:
1931 2627 2019 2675 quia
2052 2635 2207 2664 utuntur
2239 2628 2335 2664 notis
2362 2636 2404 2664 ut
2431 2633 2521 2665 non'

1457 2678 1564 2714 notis.
1586 2679 1771 2714 Naturam
1792 2687 1918 2716 autem
1946 2692 2040 2726 esse,
2062 2688 2116 2716 est
2134 2693 2202 2728 per
2230 2693 2270 2717 se
2289 2688 2434 2727 notum,
2456 2681 2509 2717 in-

1457 2738 1638 2778 quantum
1659 2731 1840 2768 naturalia
1855 2740 1940 2768 sunt
1959 2732 2155 2769 manifesta
2170 2733 2306 2770 sensui.
2329 2734 2405 2770 Sed
2419 2734 2510 2782 quid

1457 2783 1502 2819 sit
1515 2783 1809 2832 uniuscuiusque
1830 2784 1881 2820 rei
1901 2792 2044 2830 natura,
2056 2786 2117 2821 vel
2142 2785 2509 2834 quodssprincipium

1458 2843 1595 2887 motus,
1616 2836 1690 2872 hoc
1708 2847 1786 2872 non
1807 2844 1862 2872 est
1881 2837 2134 2875 manifestum.
2150 2859 2173 2865 -
2190 2839 2300 2875 Unde
2324 2846 2425 2886 patet
2442 2851 2520 2886 per‘

1457 2889 1530 2924 hoc
1550 2889 1652 2936 quod
1672 2888 1970 2926 irrationabiliter
1984 2890 2180 2927 Avicenna
2196 2898 2352 2927 conatus
2371 2899 2426 2927 est
2441 2891 2509 2927 im-

1456 2941 1618 2988 probare
1639 2941 1846 2977 Aristotelis
1875 2942 2030 2990 dictum,
2049 2944 2183 2980 volens
2212 2943 2314 2992 quod
2337 2951 2508 2980 naturam

1458 3005 1540 3029 esse
1559 2993 1676 3041 possit
1695 2993 1955 3042 demonstrari,
1976 2994 2043 3031 sed
2062 3007 2140 3032 non
2160 3008 2181 3032 a
2201 2996 2370 3044 naturali,
2387 2997 2474 3044 quia
2490 2998 2509 3016 ss

1458 3046 1558 3082 nulla
1577 3045 1730 3082 scientia
1747 3047 1882 3094 probat
1901 3059 1969 3084 sua
1987 3047 2180 3097 principia.
2202 3049 2279 3085 Sed
2303 3049 2510 3096 ignorantia

1458 3098 1727 3146 principiorum
1756 3100 1993 3136 moventium
2022 3112 2099 3137 non
2133 3101 2290 3149 impedit
2322 3102 2411 3149 quin
2446 3114 2508 3138 na-

1457 3158 1579 3187 turam
1609 3163 1690 3187 esse
1719 3151 1764 3187 sit
1791 3164 1858 3200 per
1886 3165 1925 3189 se
1955 3160 2100 3200 notum,
2120 3161 2162 3190 ut
2189 3153 2329 3190 dictum
2358 3161 2423 3189 est.

1456 3298 1508 3322 quo
1521 3290 1562 3322 pG
1580 3291 1769 3321 corrumpitur.
1788 3291 1838 3315 Pro
1857 3283 1943 3316 tamen
1960 3292 2057 3323 primo,
2073 3295 2159 3316 tamen
2175 3292 2293 3323 primum
2308 3290 2392 3322 EGM;
2411 3299 2458 3324 pro
2473 3299 2509 3317 ex

1456 3328 1562 3354 natura,
1582 3333 1598 3349 a
1618 3328 1715 3350 natura
1734 3326 1764 3355 D,
1785 3326 1817 3351 de
1836 3329 1934 3350 natura
1952 3327 2052 3356 HNYZ,
2072 3330 2170 3351 natura
2189 3327 2217 3350 F.

1508 3359 1533 3393 δ)
1554 3360 1656 3384 Deinde
1670 3368 1755 3385 cum...
1766 3364 1827 3385 sunt
1842 3364 1899 3388 etc.,
1914 3361 2100 3392 exponit.-1ta
2119 3361 2153 3390 P;
2171 3361 2245 3385 codd.
2259 3365 2283 3385 et
2297 3361 2335 3385 ab
2350 3368 2401 3386 non
2415 3361 2509 3386 habent

353 3391 384 3420 D,
398 3391 460 3423 quia
478 3393 504 3415 et
522 3393 619 3430 natura
638 3391 692 3421 EG,
710 3391 772 3423 quia
791 3391 817 3415 in
834 3394 932 3416 natura
952 3392 984 3422 H,
997 3392 1060 3424 quia
1074 3392 1102 3422 F,
1117 3393 1179 3424 quia
1197 3396 1295 3418 natura
1312 3394 1402 3426 aliqua
1456 3394 1502 3418 nisi
1522 3395 1624 3419 Deinde
1642 3395 1760 3426 exponit.
1781 3395 1878 3419 Revera
1897 3395 1958 3420 haec
1978 3395 2068 3420 divisio
2087 3400 2170 3419 textus
2189 3403 2240 3420 non
2260 3395 2385 3420 invenitur
2403 3404 2508 3429 praepa-

354 3425 402 3456 sC;
421 3433 468 3458 pro
487 3425 543 3455 etsi,
557 3432 579 3450 si
597 3424 655 3450 GM.
667 3425 731 3450 Post
744 3428 837 3456 motus,
852 3426 927 3451 codd.
940 3433 992 3451 exc.
1006 3426 1110 3451 ABCsG
1125 3427 1182 3452 add.
1192 3434 1340 3460 corporum,
1355 3436 1402 3460 pro
1456 3434 1511 3454 rata
1529 3429 1553 3453 in
1573 3437 1672 3454 numm.
1691 3429 1911 3462 praecedentibus.

1298 3538 1625 3567 φθερεῖ»-

495 3652 562 3684 Opp.
582 3652 611 3676 D.
627 3651 738 3676 Tnomn
752 3652 782 3676 Τ.
803 3652 830 3676 11.

2534 531 2541 539 '
2557 533 2592 551 est
2607 530 2674 552 codd.
2694 536 2742 551 exc.

2535 1111 2543 1119 ·
2559 1110 2687 1131 substantia
2702 1117 2723 1131 ι’.

2570 1376 2616 1394 et...
2638 1375 2747 1395 naturam

2538 1406 2584 1421 orn.
2600 1406 2634 1421 ιιι.

2538 1584 2545 1591 ”
2562 1583 2618 1610 quid
2630 1583 2667 1604 vel
2686 1584 2749 1611 quod

2538 1615 2571 1633 uz,
2586 1610 2643 1636 quid
2657 1616 2747 1631 EFGHMN

2537 1642 2596 1663 (ζμ-5

2538 1663 2545 1670 ’
2562 1643 2697 1689 quiffiran.

2538 1794 2545 1802 '
2555 1795 2657 1814 monstra
2661 1799 2687 1814 re
2694 1799 2746 1814 nto.

2539 2057 2546 2065 ·
2554 2056 2579 2077 id
2586 2057 2635 2082 rab,
2643 2063 2747 2078 ommno.

2538 2802 2545 2810 '
2555 2802 2611 2829 quid
2620 2808 2747 2831 concupii,

2537 2834 2584 2850 om.
2598 2835 2620 2849 γ.

2537 3010 2545 3018 ·
2563 3010 2642 3037 quia...
2663 3010 2746 3031 dictum

2538 3038 2573 3056 est
2586 3042 2632 3057 om.
2648 3042 2745 3063 ampsan-
