2898 3996
419 263 497 298 420

1034 243 1378 281 PHYSICORUM
1404 243 1752 281 ARISTOTELIS
1782 244 1875 280 LIB.
1904 244 1991 281 VIII

1024 475 1323 532 LECTIO
1360 475 1989 553 DECIMAQUINTA

627 638 795 670 NULLUS
818 637 966 669 MOTUS
991 635 1198 667 PRAETER
1225 634 1432 666 LOCALEM
1455 633 1622 666 POTEST
1645 635 1744 666 ESSE
1768 635 2017 666 CONTINUUS
2040 635 2099 666 ET
2121 635 2372 667 PERPETUUS

421 786 472 821 Τίς
498 778 535 814 δέ
560 782 645 836 φορά
669 781 797 825 πρώτη,
821 780 877 811 νῦν
902 774 1066 809 δεικτέον.
1096 775 1187 820 Ἅμα
1212 770 1250 807 δὲ
1272 776 1330 807 καὶ
1355 774 1396 807 τὸ
1420 775 1476 806 νῦν

484 828 542 858 καὶ
567 838 607 858 το
633 825 792 869 πρότερον
817 820 995 862 ὑποτεθέν,
1017 820 1070 852 ὅτι
1088 815 1265 863 ἐνδέχεταί
1287 830 1365 852 τινα
1388 821 1478 855 κίνη-

486 882 535 902 σιν
560 867 644 901 εἶναι
669 869 791 913 συνεχῆ
815 868 873 898 καὶ
900 861 1020 905 ἀίδιον,
1039 863 1178 908 φανερὸν
1205 863 1303 895 ἔσται
1322 875 1357 904 τι
1387 862 1477 904 αὐτῇ

485 909 624 957 μεθόδῳ.
646 912 721 944 Ὅτι
746 912 804 954 μέν
830 909 886 943 οὖν
913 909 979 941 τῶν
1004 909 1113 940 ἀλλων
1137 906 1297 943 κινήσεων
1317 906 1477 950 οὐδεμίαν

487 954 665 1003 ἐνδέχεται
689 956 811 1001 συνεχῆ
837 952 935 994 εἶναι,
963 953 999 985 ἑκ
1024 948 1129 985 τῶνδε
1155 949 1306 995 φανερόν.

411 1041 565 1074 ’Ἀπασαι
589 1041 652 1087 γάρ
679 1039 712 1080 ἐξ
740 1037 975 1080 ἀντικειμένων
1010 1038 1054 1075 εὶς
1093 1035 1310 1080 ἀντικείμενά
1337 1036 1416 1068 εἰσιν
1444 1040 1497 1069 αἶ’

485 1084 628 1122 κινήσεις
654 1086 710 1115 καὶ
735 1083 938 1126 μεταβολαί,
966 1082 1033 1113 οἷον
1058 1079 1186 1127 γενέσει
1211 1080 1270 1124 μὲν
1295 1081 1353 1112 καὶ
1375 1079 1479 1125 φθορᾷ

487 1129 527 1161 τὸ
554 1128 588 1160 ὃν
617 1130 674 1159 καὶ
701 1127 741 1159 τὸ
767 1126 813 1171 μή
847 1124 880 1157 ὃν
912 1124 1000 1170 ὅροι,
1034 1123 1210 1157 ἀλλοιώσει
1240 1120 1278 1156 δὲ
1306 1124 1478 1158 τάναντία

487 1172 599 1212 πάθη,
627 1170 766 1212 αὐξήσει
790 1165 827 1202 δὲ
859 1171 916 1200 καὶ
941 1168 1047 1212 φθίσει
1072 1168 1093 1206 ἦ
1119 1167 1256 1214 μέγεθος
1285 1169 1343 1200 καὶ
1367 1169 1480 1213 μικρό-

487 1229 560 1257 της,
587 1215 608 1252 ἦ
633 1214 805 1251 τελειότης
831 1213 989 1259 μεγέθους
1013 1215 1071 1245 καὶ
1098 1211 1252 1246 ἀτέλεια·
1272 1210 1425 1245 ἐναντίαι
1445 1209 1476 1244 δ’

489 1263 522 1292 αἱ
548 1260 590 1297 εἱς
618 1259 665 1291 ‘roi
690 1260 843 1291 ἐναντία.
876 1258 920 1290 Τὸ
946 1254 982 1290 δὲ
1007 1257 1054 1301 μή
1082 1257 1133 1289 ἀεὶ
1157 1255 1350 1300 κινούμενον
1375 1252 1478 1293 τήνδε

488 1304 550 1340 τήν
575 1305 715 1344 κίνησιν,
745 1302 779 1334 ὃν
803 1297 841 1333 δὲ
867 1300 1042 1347 πρότερον,
1071 1301 1201 1346 ἀνάγκη
1228 1299 1389 1343 πρότερον
1407 1300 1480 1345 ἠρε-

488 1351 572 1390 μεῖν.
604 1347 752 1390 Φανερόν
779 1344 834 1378 οὖν
861 1345 914 1379 ὅτι
938 1343 1099 1390 ήρεμήσει
1131 1346 1163 1376 ἐν
1191 1345 1239 1385 τῷ
1273 1345 1412 1386 ἐναντίῳ
1438 1345 1478 1377 τὸ

487 1391 717 1435 μεταβάλλον.

419 1436 555 1480 Ὁμοίως
588 1431 625 1467 δὲ
660 1437 716 1466 καὶ
750 1435 805 1466 ἐπὶ
839 1434 905 1466 τῶν
940 1432 1155 1476 μεταβολῶν·
1190 1431 1379 1464 ἀντίκειται
1414 1432 1478 1478 γάρ

487 1479 592 1522 φθοραὶ
614 1480 672 1510 καὶ
696 1478 822 1524 γένεσις
846 1478 957 1514 ἁπλῶς
983 1477 1028 1518 τῇ
1052 1476 1178 1515 ἁπλῶς,
1195 1477 1252 1507 καὶ
1270 1475 1291 1512 ἢ
1308 1474 1383 1507 καθ’
1403 1475 1481 1508 ἕκα-

489 1534 568 1555 στον
594 1523 639 1565 τῇ
664 1521 740 1554 καθ’
770 1522 926 1554 ἕκαστον.
954 1519 1048 1552 “Ὦστ’
1077 1521 1104 1551 εἰ
1131 1515 1302 1552 ἀδύνατον
1330 1518 1400 1564 ἅμα
1424 1532 1482 1564 με-

489 1565 672 1607 ταβάλλειν
707 1565 768 1603 τάς
798 1564 1050 1608 ἀντικειμένας,
1083 1564 1142 1595 οὐκ
1168 1563 1267 1595 ἔσται
1291 1563 1431 1609 συνεχής
1457 1565 1478 1601 'ti

489 1610 680 1653 μεταβολή,
710 1610 799 1642 ἀλλά
823 1608 952 1652 μεταξύ
978 1608 1076 1640 ἔσται
1103 1608 1215 1640 αὐτῶν
1240 1607 1369 1652 χρόνος.

423 1650 526 1686 Οὐδὲν
550 1654 614 1699 γάρ
639 1650 786 1698 διαφέρει
817 1654 973 1689 ἐναντίας
999 1651 1020 1688 ἦ
1046 1651 1091 1696 μή
1126 1652 1283 1688 ἐναντίας
1307 1648 1392 1683 εἶναι
1417 1652 1479 1690 τοὶς

489 1699 570 1729 κατ’
594 1698 771 1742 ἀντίφασιν
797 1695 1006 1741 μεταβολάς,
1033 1697 1060 1727 εἰ
1085 1695 1183 1740 μόνον
1212 1691 1381 1728 ἀδύνατον
1409 1694 1480 1739 ἅμα

491 1742 539 1783 τῷ
564 1742 657 1783 αὐτῷ
683 1745 853 1786 παρεῖναι·
881 1741 987 1772 τοῦτο
1012 1740 1076 1786 γάρ
1102 1740 1149 1781 τῷ
1178 1738 1240 1780 ὅλῳ
1270 1734 1364 1771 οὐδὲν
1399 1739 1480 1784 χρή-

492 1797 598 1829 σιμον.
1203 1807 1206 1810 ,

426 1824 502 1860 Οὐδ’
525 1830 553 1860 εἰ
577 1828 623 1872 μή
648 1829 777 1874 ἀνάγκη
800 1827 966 1873 ἦρεμῆσαι
984 1827 1016 1860 ἐν
1035 1828 1078 1869 τῇ
1102 1825 1292 1870 ἀντιφάσει,
1310 1821 1388 1869 μηδ’
1408 1827 1479 1859 ἐστὶ

492 1873 668 1917 μεταβολή
700 1874 820 1918 ἠρεμίᾳ
850 1873 1017 1904 ἐναντίον·
1045 1871 1082 1903 οὐ
1108 1870 1171 1916 γάρ
1196 1871 1272 1907 ἴσως
1303 1870 1418 1913 ἠρεμεῖ
1441 1871 1481 1902 τὸ

492 1917 538 1960 μή
564 1916 612 1957 ὅν,
639 1918 658 1953 vl
684 1914 721 1949 δὲ
745 1916 851 1960 φθορά
875 1917 919 1954 εἰς
944 1916 985 1948 τὸ
1011 1915 1056 1959 μή
1083 1913 1131 1946 ὅν·
1160 1914 1234 1945 ἀλλ’
1255 1915 1282 1944 εὶ
1307 1913 1406 1956 μόνον
1427 1926 1484 1958 με-

492 1958 580 2000 ταξῦ
605 1963 758 2007 γίγνεται
783 1960 911 2003 χρόνος·
939 1959 1027 1991 οὕτω
1052 1958 1116 2004 γάρ
1135 1957 1194 1989 οὐκ.
1215 1957 1305 1990 ἔστιν
1331 1959 1351 1993 ἡ
1377 1969 1483 2001 μετα-

494 2003 578 2044 βολὴ
604 2005 756 2050 συνεγής·
781 2001 858 2036 οὐδὲ
879 2003 943 2049 γάρ
964 2004 995 2034 ἐν
1015 2007 1084 2039 τοῖς
1104 2001 1264 2045 πρότερον
1281 2002 1302 2037 ή
1325 2002 1483 2033 ἐναντίω-

494 2060 541 2085 σις
567 2040 743 2092 χρήσιμον,
765 2048 855 2080 ἀλλά
878 2047 919 2079 τὸ
938 2047 983 2090 μή
1002 2041 1196 2091 ἐνδέχεσθαι
1217 2044 1288 2088 ἅμα
1306 2045 1479 2090 ὑπάρχειν.

499 2087 550 2123 δεῖ
573 2089 610 2125 δὲ
641 2091 897 2136 ταράττεσθαι,
925 2090 977 2123 ὅτι
1010 2090 1051 2122 τὸ
1086 2089 1173 2121 αὐτὸ
1205 2091 1353 2120 πλείοσιν
1383 2091 1482 2122 ἔσται

497 2136 661 2176 ἐναντίον,
677 2136 755 2169 ,οἷον
781 2138 801 2172 ἡ
826 2138 949 2172 κίνησις
974 2136 1031 2165 καὶ
1056 2133 1176 2166 στάσει
1200 2133 1258 2164 καὶ
1281 2132 1408 2169 κινήσει
1436 2134 1481 2175 τῇ

495 2180 539 2217 εἰς
565 2181 785 2220 τούναντίον,
814 2178 903 2211 ἀλλά
933 2178 1032 2222 μόνον
1065 2178 1169 2210 τοῦτο
1193 2176 1399 2218 λαμβάνειν,
1428 2176 1482 2210 ὅτι

497 2224 685 2257 ἀντίκειταί
711 2236 778 2261 πως
802 2225 860 2255 καὶ
885 2223 929 2264 τῇ
954 2221 1081 2258 κινήσει
1103 2222 1160 2252 καὶ
1180 2220 1224 2261 τῇ
1243 2218 1364 2264 ἠρεμίᾳ
1389 2222 1410 2258 ἢ
1434 2222 1482 2252 κί-

495 2280 584 2306 νησις
610 2269 630 2304 ἡ
657 2268 816 2307 ἐναντία,
842 2264 994 2308 καθάπερ
1020 2265 1061 2297 τὸ
1089 2267 1159 2296 ἴσον
1188 2266 1245 2295 καὶ
1277 2265 1317 2296 τὸ
1347 2264 1482 2308 μέτριον

496 2314 542 2352 τῷ
570 2311 768 2356 ὑπερέχοντι
799 2312 856 2342 καὶ
887 2311 933 2350 τῷ
967 2307 1216 2353 ὑπερεχομένῳ,
1249 2309 1306 2340 καὶ
1340 2307 1393 2341 ὅτι
1423 2309 1482 2340 οὐκ

497 2352 672 2401 ἐνδέχεται
699 2353 769 2397 ἅμα
795 2354 857 2392 τας
884 2352 1114 2397 ἀντικειμένας
1142 2351 1221 2383 οὔτε
1238 2351 1382 2390 κινήσεις
1403 2353 1481 2384 οὔτε

496 2399 690 2442 μεταβολάς
716 2397 889 2442 ὑπάρχειν.

425 2443 501 2475 ’Έτι
526 2439 556 2475 δ’
585 2442 639 2476 ἐπί
665 2455 702 2475 τε
728 2443 790 2480 τῆς
814 2441 971 2488 γενέσεως
996 2441 1053 2472 καὶ
1078 2442 1140 2477 τῆς
1165 2437 1286 2484 φθορᾶς
1317 2442 1374 2472 καὶ
1399 2452 1483 2472 παν-

498 2488 600 2524 τελῶς
627 2487 755 2519 ἄτοπον
787 2485 825 2518 ἂν
850 2482 934 2517 εἶναι
959 2480 1103 2525 δόξειεν,
1130 2484 1157 2515 εἰ
1182 2484 1357 2528 γενόμενον
1389 2483 1482 2521 εὐθύς

498 2531 627 2577 ἀνάγκη
645 2530 809 2574 φθαρῆναι
825 2530 882 2561 καὶ
901 2524 1028 2572 μηδένα
1045 2527 1162 2573 χρόνον
1180 2525 1362 2570 διαμεῖναι.
1383 2527 1478 2560 ’Ὦστ’

496 2576 532 2606 ἑκ
556 2575 687 2607 τούτων
715 2573 752 2606 ἀν
779 2575 798 2610 ἡ
825 2576 934 2610 πίστις
967 2571 1099 2619 γένοιτο
1132 2577 1208 2611 ταῖς
1237 2572 1367 2610 ἄλλαις·
1394 2583 1484 2616 φυσι-

495 2618 552 2650 κὸν
576 2619 639 2665 γάρ
665 2618 705 2650 το
732 2619 848 2661 ὁμοίως
876 2618 962 2662 ἔχειν
988 2617 1020 2648 ἑν
1048 2615 1211 2655 ἀπάσαις.

428 2091 474 2122 Οὐ

484 2723 632 2750 SYNOPsxs.
652 2738 685 2743 -
701 2723 910 2758 Argumentum
939 2727 966 2748 et
993 2721 1094 2749 divisio
1123 2727 1224 2748 textus.
1248 2737 1267 2742 -
1288 2721 1361 2748 Cum
1388 2726 1483 2748 motus

431 2761 528 2789 localis
549 2761 604 2789 sint
623 2761 718 2797 plures
734 2761 849 2797 species,
866 2767 993 2788 remanet
1008 2761 1218 2788 ostendendum
1234 2769 1306 2796 quae
1321 2759 1376 2787 loci
1391 2766 1483 2787 muta-

431 2801 471 2828 tio
493 2801 527 2828 sit
541 2800 671 2828 omniurn
692 2800 798 2837 prima:
815 2810 848 2828 ex
863 2809 921 2836 quo
943 2800 1027 2828 simul
1042 2799 1094 2827 erit
1115 2799 1297 2827 manifestum
1312 2800 1391 2836 quod
1412 2808 1483 2827 con-

431 2840 513 2876 tingit
540 2840 663 2876 aliquem
695 2846 806 2868 motum
835 2848 896 2867 esse
927 2839 1095 2867 continuum
1125 2845 1152 2866 et
1178 2845 1364 2875 perpetuum:
1387 2845 1483 2867 motus

433 2879 509 2907 enirn
530 2879 639 2915 primus
661 2885 687 2906 et
708 2886 804 2906 motus
819 2879 971 2906 continuus
993 2884 1059 2906 sunt
1079 2878 1165 2913 idem,
1181 2885 1208 2906 et
1222 2878 1288 2906 ideo
1308 2879 1360 2906 sub
1382 2879 1482 2906 eadem

433 2917 662 2946 consideratione
677 2919 790 2946 cadunt.
806 2935 825 2939 -
844 2926 870 2945 2.
886 2919 992 2945 Textus
1008 2917 1172 2946 subdivisio.
1184 2934 1203 2939 -
1213 2918 1313 2945 Prima
1328 2917 1481 2945 conclusio.

433 2958 547 2985 Praeter
567 2957 623 2985 loci
638 2957 825 2985 mutationem
848 2957 924 2984 nulla
939 2957 994 2985 alia
1015 2957 1135 2985 mutatio
1150 2963 1244 2993 potest
1265 2966 1326 2985 esse
1347 2956 1484 2985 continua

434 3002 461 3024 et
482 3003 627 3032 perpetua,
644 3006 700 3023 una
721 3002 747 3024 et
767 2997 865 3024 eadem
881 2997 1016 3024 existens.
1033 2997 1174 3024 Probatur
1184 2997 1282 3034 primo
1297 2996 1327 3023 in
1348 2996 1483 3024 motibus.

434 3035 536 3063 Omnis
557 3042 652 3063 motus
681 3035 854 3063 alterationis
875 3036 917 3063 vel
939 3035 1083 3072 augmenti
1105 3042 1154 3063 aut
1181 3035 1369 3070 decrementi,
1392 3042 1433 3063 est
1454 3035 1483 3063 in

433 3074 550 3111 aliquod
572 3075 760 3108 contrarium;
776 3084 842 3111 ergo
865 3075 958 3102 nullus
975 3074 1140 3102 huiusmodi
1155 3081 1287 3102 motuum
1308 3081 1402 3111 potest
1423 3084 1483 3103 esse

433 3114 585 3142 continuus
606 3121 633 3142 et
653 3121 815 3150 perpetuus.
832 3115 972 3141 Probatur
993 3114 1206 3150 consequentia.
1230 3115 1325 3143 Motus
1347 3114 1396 3150 qui
1418 3120 1484 3142 sunt

433 3153 462 3180 in
483 3153 624 3181 contraria
645 3160 710 3181 sunt
731 3153 874 3186 contrarii,
890 3162 983 3189 neque
1003 3160 1124 3189 possunt
1151 3153 1235 3181 simul
1257 3153 1349 3181 inesse
1371 3153 1483 3181 eidem:

434 3193 550 3228 quando
572 3202 638 3229 ergo
660 3193 766 3229 aliquid
788 3199 917 3220 movetur
939 3199 1027 3227 motu,
1047 3199 1116 3229 puta
1137 3192 1334 3227 dealbationis,
1349 3201 1409 3220 non
1430 3201 1483 3229 po-

434 3237 487 3259 test
502 3231 585 3259 simul
600 3232 706 3260 moveri
722 3231 865 3260 contrario
882 3238 962 3259 motu
978 3231 1190 3269 denigrationis,
1206 3232 1255 3260 sed
1270 3238 1383 3268 oportet
1404 3232 1483 3268 quod

435 3270 559 3306 quiescat
581 3271 673 3307 quiete
695 3271 836 3299 contraria
858 3271 923 3299 huic
944 3271 1044 3299 motui.
1061 3288 1079 3292 —
1100 3272 1126 3299 3.
1149 3272 1290 3299 Probatur
1310 3271 1433 3298 secundo
1455 3270 1484 3298 in

436 3309 648 3344 mutationibus,
664 3311 766 3338 eodem
790 3311 878 3338 modo
899 3319 932 3338 ac
953 3312 1106 3346 probatum
1128 3317 1170 3338 est
1191 3310 1219 3338 in
1241 3310 1376 3338 motibus.
1392 3311 1485 3338 Gene-

436 3348 507 3376 ratio
529 3355 556 3376 et
577 3349 721 3385 corruptio
743 3356 928 3385 opponuntur
949 3350 985 3377 ad
1006 3349 1127 3377 invicem
1150 3356 1177 3377 et
1202 3357 1261 3377 non
1283 3355 1403 3384 possunt
1423 3358 1484 3377 esse

436 3386 535 3421 simu13
557 3397 624 3424 ergo
640 3389 711 3416 inter
731 3389 801 3416 duas
821 3388 1018 3425 generationes
1039 3388 1167 3416 eiusdem
1183 3388 1223 3416 rei
1237 3394 1350 3424 oportet
1365 3387 1471 3416 interve

436 3425 497 3453 nire
511 3433 622 3462 tempus
638 3427 772 3461 medium,
788 3428 817 3455 in
832 3437 890 3464 quo
906 3434 964 3455 erat
979 3427 1133 3464 corruptio.
1145 3434 1171 3455 et
1186 3427 1314 3455 similiter
1328 3427 1400 3455 inter
1414 3427 1485 3455 duas

437 3465 632 3500 corruptiones
653 3473 765 3502 tempus
783 3466 982 3503 generationis.
998 3484 1017 3488 -
1031 3476 1057 3501 4.
1074 3466 1198 3494 Solvitur
1213 3466 1304 3503 prima
1319 3465 1450 3494 obiectio.
1466 3483 1484 3488 -

437 3503 512 3530 Nihil
528 3504 608 3532 refert
622 3506 657 3532 ad
672 3506 810 3533 rationem
823 3506 954 3541 positam,
966 3506 1137 3533 mutationes
1152 3515 1225 3542 quae
1241 3505 1373 3533 differunt
1385 3514 1484 3533 secun-

438 3542 506 3569 dum
528 3543 663 3571 terminos
678 3545 921 3579 contradictorios,
937 3554 997 3572 esse
1017 3544 1172 3573 contrarias
1187 3545 1229 3572 vel
1244 3554 1304 3573 non
1319 3544 1483 3579 contrarias,

1531 776 1549 794 ⁴*
1565 777 1655 815 Quae
1678 785 1785 809 autem
1807 779 1870 809 loci
1892 778 2026 810 mutatio
2049 779 2151 819 prima
2167 779 2216 818 sit,
2240 789 2325 810 nunc
2347 780 2591 811 monstrandum

1598 828 1653 852 est.
1678 821 1780 852 Simul
1803 829 1909 853 autem
1932 830 1962 853 et
1985 823 2073 863 quod
2096 833 2181 853 nunc
2204 829 2235 854 et
2252 823 2339 863 prius
2362 822 2505 863 positum
2528 830 2591 863 est,

1598 865 1687 906 quod
1718 866 1870 906 contingit
1897 867 2057 906 quendam
2085 873 2212 897 motum
2246 866 2435 897 continuum
2465 877 2531 898 esse
2562 874 2592 899 et

1598 916 1806 949 perpetuum,
1839 909 2042 941 manifestum
2071 909 2128 940 erit
2157 911 2267 940 eadem
2297 910 2460 941 methodo.
2492 911 2592 948 Quod

1598 953 1728 994 quidem
1746 953 1840 994 igitur
1855 953 1990 984 aliorum
2005 960 2154 984 motuum
2170 953 2358 984 continuum
2371 963 2475 995 neque
2490 964 2594 986 unum

1599 997 1751 1037 contingit
1773 1007 1854 1036 esse,
1879 1007 1915 1027 ex
1934 997 1982 1027 his
2001 997 2204 1028 manifestum
2222 1004 2278 1028 est.
2425 1009 2428 1012 ⁴

1533 1041 1654 1072 Omnes
1678 1041 1762 1072 enim
1786 1050 1823 1071 ex
1845 1040 2000 1081 oppositis
2023 1040 2056 1070 in
2080 1040 2233 1071 contraria
2256 1047 2330 1071 sunt
2352 1047 2459 1072 motus
2475 1048 2505 1072 et
2521 1052 2591 1073 mu-

1599 1085 1750 1116 tationes:
1781 1091 1818 1115 ut
1842 1083 2035 1124 generationi
2058 1083 2188 1124 quidem
2214 1090 2245 1114 et
2267 1084 2462 1124 corruptioni
2485 1094 2539 1116 ens
2563 1093 2594 1118 et

1599 1139 1665 1159 non
1689 1138 1743 1158 ens
1765 1127 1890 1159 termini
1913 1133 2002 1165 sunt;
2025 1126 2199 1157 alterationi
2223 1127 2394 1158 contrariae
2412 1128 2592 1168 passiones;

1598 1178 1769 1212 augmento
1793 1178 1823 1202 et
1849 1171 2067 1208 decremento,
2091 1177 2146 1200 aut
2167 1170 2353 1211 magnitudo
2376 1178 2431 1202 aut
2447 1172 2592 1212 parvitas,

1599 1222 1653 1246 aut
1680 1214 1829 1255 perfectio
1862 1214 2085 1254 magnitudinis
2114 1220 2168 1244 aut
2198 1214 2405 1255 imperfectio.
2436 1215 2593 1248 contrarii

1599 1266 1707 1290 autem
1729 1264 1803 1289 sunt
1825 1257 1880 1298 qui
1910 1264 1983 1288 sunt
2010 1257 2044 1287 in
2073 1257 2236 1289 contraria.
2270 1258 2368 1295 Quod
2397 1265 2504 1290 autem
2525 1270 2592 1291 non

1600 1312 1723 1343 semper
1739 1308 1885 1332 movetur
1901 1301 2077 1332 secundum
2099 1301 2184 1332 hunc
2202 1308 2328 1333 motum
2344 1301 2476 1333 existens
2494 1303 2592 1343 prius,

1599 1356 1725 1377 necesse
1745 1352 1790 1376 est
1805 1345 1892 1386 prius
1915 1345 2082 1386 quiescere.
2107 1344 2311 1376 Manifestum
2328 1345 2424 1386 igitur
2438 1346 2593 1387 quoniam

1601 1391 1739 1431 quiescet
1762 1389 1794 1420 in
1818 1389 1974 1419 contrario
1998 1395 2134 1420 mutans.

1534 1434 1682 1466 Similiter
1705 1440 1812 1475 autern
1835 1440 1865 1464 et
1887 1433 1920 1463 in
1942 1432 2181 1464 mutationibus.
2205 1432 2422 1473 Opponuntur
2440 1433 2525 1464 enim
2540 1443 2592 1475 ge-

1600 1478 1719 1509 neratio
1743 1484 1774 1508 et
1797 1476 1957 1517 corruptio
1982 1476 2173 1517 simpliciter,
2197 1483 2228 1508 et
2251 1476 2413 1517 singularis
2432 1477 2590 1518 singulari.

1601 1523 1716 1560 Quare,
1736 1521 1762 1551 si
1778 1520 1972 1561 impossibile
1988 1527 2034 1551 est
2056 1520 2151 1551 simul
2173 1520 2288 1551 mutari
2312 1520 2493 1561 oppositas,
2524 1531 2590 1552 non

1600 1566 1657 1597 erit
1673 1565 1823 1596 continua
1838 1564 1983 1603 mutatio,
1996 1564 2050 1595 sed
2066 1563 2209 1595 medium
2224 1564 2281 1595 erit
2295 1564 2439 1604 ipsorum
2454 1571 2589 1606 tempus.

1533 1654 1619 1684 Nihil
1635 1653 1720 1684 enirn
1736 1651 1836 1682 differt
1859 1651 2026 1688 contrarias
2050 1658 2104 1682 aut
2127 1661 2192 1682 non
2209 1651 2377 1682 contrarias
2396 1661 2463 1683 esse
2482 1662 2591 1684 secun-

1601 1698 1679 1728 dum
1702 1695 1982 1727 contradictionem
2005 1695 2206 1734 mutationes,
2231 1695 2256 1725 si
2272 1695 2378 1726 solum
2396 1695 2602 1736 impossibile>

1601 1741 1639 1772 sit
1655 1741 1758 1771 eidem
1774 1739 1869 1770 simul
1884 1740 1994 1770 inesse.
2015 1739 2087 1769 Hoc
2103 1739 2188 1769 enim
2202 1739 2316 1770 rationi
2331 1739 2409 1770 nihil
2425 1739 2500 1771 utile
2516 1746 2572 1771 eat.

1534 1829 1646 1869 Neque
1668 1828 1694 1858 si
1716 1837 1782 1858 non
1805 1836 1929 1857 necesse
1953 1832 1999 1856 est
2020 1825 2178 1867 quiescere
2200 1826 2232 1857 in
2256 1826 2515 1865 contradictione,
2538 1837 2592 1858 ne-

1600 1882 1663 1913 que
1686 1878 1732 1902 est
1754 1871 1887 1901 mutatio
1911 1869 2008 1911 quieti
2033 1870 2222 1900 contrarium
2243 1869 2327 1913 (non
2346 1870 2430 1901 enirn
2453 1870 2592 1902 fortassis

1602 1915 1734 1956 quiescit
1756 1915 1844 1955 quod
1867 1924 1933 1944 non
1962 1920 2023 1944 est:
2049 1914 2208 1954 corruptio
2232 1921 2338 1944 autem
2360 1914 2392 1944 in
2416 1924 2482 1944 non
2505 1911 2589 1956 ens):

1603 1960 1657 1990 sed
1681 1959 1706 1989 si
1730 1959 1835 1989 solum
1858 1958 2000 1988 medium
2030 1957 2069 1987 sit
2091 1964 2226 1997 tempus,
2261 1957 2311 1988 Sic
2339 1957 2424 1999 enim
2446 1967 2512 1989 non
2535 1957 2592 1989 erit

1603 2003 1736 2033 mutatio
1768 2002 1926 2033 continua.
1959 2002 2070 2041 Neque
2107 2001 2192 2031 enim
2218 2001 2252 2031 in
2279 2001 2436 2041 prioribus
2470 2008 2592 2033 contra-

1602 2047 1692 2077 rietas
1708 2046 1784 2076 utile
1800 2045 1876 2083 fuit3
1900 2045 1953 2075 sed
1970 2055 2036 2075 non
2052 2045 2231 2084 contingere
2246 2044 2342 2075 simul
2355 2054 2431 2075 esse.

2620 785 2631 794 ·
2645 783 2700 812 Seq.
2711 789 2761 813 enp-
2776 791 2820 808 vn.
2858 792 2861 794 ·

2619 809 2688 832 Text.
2697 810 2733 833 σε.

1536 2091 1610 2121 Non
1634 2097 1758 2130 oportet
1781 2097 1887 2119 autem
1909 2088 2026 2119 turbari
2054 2089 2142 2128 quod
2164 2088 2249 2118 idem
2271 2088 2414 2128 pluribus
2437 2088 2494 2119 erit
2517 2098 2592 2120 con·-
2632 2123 2634 2125 ,

1603 2134 1743 2171 trarium,
1767 2139 1803 2163 ut
1825 2139 1931 2162 motus
1956 2139 1986 2162 et
2013 2131 2106 2162 statui
2129 2138 2159 2162 et
2181 2132 2284 2163 motui
2307 2131 2363 2173 qui
2393 2139 2439 2163 est
2461 2132 2494 2162 in
2517 2142 2591 2164 con-

1602 2177 1748 2208 trarium:
1773 2177 1827 2206 sed
1854 2176 1915 2206 hoc
1939 2176 2044 2206 solum
2067 2182 2113 2206 est
2140 2175 2288 2216 accipere,
2306 2176 2395 2216 quod
2417 2175 2592 2216 opponitur

1602 2220 1843 2262 quodammodo
1860 2226 1890 2250 et
1905 2219 2007 2250 motui
2027 2226 2057 2250 et
2071 2219 2168 2260 quieti
2184 2226 2290 2250 motus
2307 2219 2495 2258 contrarius,
2512 2220 2593 2252 sicut

1603 2265 1731 2305 aequale
1755 2271 1785 2294 et
1807 2263 2015 2294 mensurabile
2038 2263 2197 2294 excellenti
2213 2270 2243 2294 et
2257 2263 2285 2294 ei
2307 2264 2396 2304 quod
2414 2263 2589 2303 excellitur;

1603 2315 1633 2339 et
1655 2309 1744 2349 quod
1766 2318 1830 2338 non
1856 2307 2007 2347 contingit
2034 2307 2130 2337 simul
2157 2307 2321 2347 oppositos
2350 2317 2453 2348 neque
2483 2314 2591 2339 motus

1603 2362 1705 2393 neque
1729 2351 1918 2382 mutationes
1942 2361 2017 2383 esse.

1536 2440 1552 2459 *
1567 2439 1725 2480 Amplius,
1741 2439 1774 2469 in
1792 2438 1989 2479 generatione
2019 2444 2050 2468 et
2073 2437 2273 2477 corruptione
2289 2443 2319 2468 et
2334 2437 2458 2478 penitus
2480 2437 2590 2468 incon-

1601 2483 1729 2513 veniens
1753 2493 1818 2513 esse
1840 2483 2005 2520 videbitur,
2029 2481 2055 2512 si
2078 2481 2196 2512 factum
2218 2491 2293 2511 mox
2316 2491 2441 2512 necesse
2457 2487 2503 2512 est
2523 2491 2590 2512 cor-

1602 2527 1718 2567 rumpi,
1734 2534 1764 2557 et
1780 2526 1868 2557 nullo
1884 2533 2026 2566 tempore
2040 2534 2230 2566 permanere.
2245 2525 2350 2562 Quare
2369 2534 2405 2555 ex
2418 2525 2466 2555 his
2481 2525 2591 2566 utique

1602 2570 1679 2601 fides
1709 2570 1776 2600 aliis
1805 2570 1875 2600 fiet:
1906 2570 2074 2611 physicum
2096 2569 2180 2599 enim
2204 2575 2250 2599 est
2278 2569 2367 2609 quod
2396 2569 2536 2600 similiter
2558 2579 2591 2600 se

1602 2615 1696 2645 habet
1713 2615 1746 2644 in
1765 2614 1922 2645 omnibus.
2175 2615 2180 2618 '
2393 2622 2397 2626 ’

1537 2719 1698 2747 dummodo
1726 2727 1825 2746 verum
1847 2717 1882 2746 sit
1903 2718 1982 2754 quod
2009 2716 2184 2754 impossibile
2205 2723 2247 2745 est
2273 2717 2373 2745 ambas
2394 2716 2479 2745 simul
2499 2715 2591 2746 inesse

1538 2758 1644 2792 eidem;
1660 2758 1739 2794 quod
1751 2767 1811 2786 non
1823 2764 1865 2785 est
1878 2757 2028 2793 proprium
2038 2756 2257 2791 contrariorum,
2267 2757 2318 2784 sed
2332 2765 2486 2784 commune
2496 2755 2591 2784 omni-

1537 2799 1590 2825 bus
1605 2797 1754 2834 oppositis.
1770 2814 1789 2818 —
1805 2797 1830 2825 5.
1852 2796 2017 2824 Excluditur
2030 2796 2118 2824 altera
2138 2795 2271 2824 obiectio.
2282 2795 2445 2824 -Sirniliter
2464 2804 2525 2824 non
2538 2794 2591 2823 dif-

1537 2838 1590 2865 fert
1611 2843 1749 2874 quantum
1769 2837 1806 2864 ad
1821 2836 1962 2864 rationem
1976 2835 2158 2873 assignatam,
2173 2835 2196 2863 si
2209 2844 2271 2863 non
2285 2841 2327 2863 est
2340 2834 2421 2871 quies
2441 2833 2472 2862 in
2492 2834 2590 2871 aliquo

1538 2886 1571 2904 ex
1592 2875 1720 2904 terminis
1734 2875 1970 2910 contradictoriis,
1984 2875 2028 2903 vel
2049 2875 2073 2903 si
2093 2874 2270 2911 generationi
2284 2880 2312 2902 et
2325 2873 2502 2910 corruptioni
2522 2882 2590 2910 pro-

1538 2915 1598 2952 prie
1626 2925 1686 2943 non
1708 2914 1864 2951 opponitur
1885 2914 1984 2951 quiesz
2012 2915 2049 2942 ad
2069 2914 2251 2950 probandum
2279 2912 2356 2941 enim
2383 2913 2463 2950 quod
2489 2918 2591 2941 neutra

1538 2956 1639 2983 harum
1654 2954 1847 2982 mutationum
1861 2960 1955 2990 potest
1968 2962 2029 2981 esse
2050 2953 2196 2987 continua,
2211 2949 2316 2981 sufficit
2334 2952 2413 2988 quod
2428 2950 2463 2979 sit
2476 2957 2590 2988 tempus

1538 2994 1665 3022 medium
1690 2993 1763 3022 inter
1784 2994 1854 3021 duas
1875 2992 2081 3030 generationes,
2096 2998 2145 3020 aut
2165 2992 2237 3020 inter
2257 2991 2329 3019 duas
2349 2990 2557 3027 corruptiones.
2571 3006 2591 3012 —

1538 3035 1565 3062 6.
1582 3033 1706 3062 Solvitur
1718 3032 1801 3061 tertia
1822 3032 1954 3060 obiectio.
1970 3048 1988 3054 -
2002 3031 2118 3059 Nullum
2141 3037 2182 3059 est
2203 3029 2406 3059 inconveniens
2421 3030 2444 3058 si
2465 3029 2515 3058 uni
2535 3029 2592 3058 sint

1538 3073 1756 3110 quodammodo
1771 3071 1914 3099 contraria
1927 3071 1995 3099 duo.
2016 3071 2098 3099 Unde
2113 3076 2209 3098 motus
2223 3076 2264 3098 est
2278 3069 2437 3098 contrarius
2451 3069 2548 3106 quieti,
2564 3075 2592 3098 et

1538 3112 1622 3140 simul
1637 3118 1732 3140 motus
1744 3111 1793 3147 qui
1807 3117 1872 3139 sunt
1887 3110 1915 3138 in
1927 3110 2077 3144 contraria,
2088 3115 2154 3137 sunt
2167 3109 2301 3137 contrarii
2315 3109 2352 3137 ad
2366 3108 2501 3137 invicemt
2516 3117 2591 3137 unus

1538 3151 1614 3180 enim
1637 3158 1732 3179 motus
1747 3150 1903 3187 opponitur
1920 3156 1947 3178 et
1961 3149 2104 3178 contrario
2120 3148 2211 3177 motui
2226 3154 2253 3176 et
2267 3147 2365 3184 quieti,
2380 3149 2430 3176 sed
2444 3147 2536 3176 motui
2547 3156 2592 3176 se-

1538 3192 1664 3219 cundum
1679 3190 1814 3218 directam
1829 3188 2067 3223 contrarietatem,
2082 3188 2170 3224 quieti
2180 3197 2247 3215 vero
2262 3187 2352 3224 magis
2366 3187 2524 3215 secundum
2538 3196 2591 3224 op-

1538 3230 1711 3267 positionem
1726 3228 1891 3266 privativam
1907 3228 1952 3263 (cf.
1964 3228 2010 3256 lib.
2019 3229 2053 3262 V,
2061 3227 2123 3255 lect.
2136 3237 2163 3264 9,
2174 3237 2202 3255 n.
2219 3228 2254 3262 ι).
2264 3243 2282 3248 -
2294 3236 2320 3263 7.
2330 3227 2463 3254 Secunda
2476 3226 2591 3254 conclu-

1538 3270 1590 3298 sio.
1605 3270 1704 3306 Neque
1719 3268 1804 3296 etiam
1819 3268 1953 3304 possibile
1967 3274 2008 3295 est
2023 3268 2102 3304 quod
2117 3266 2250 3295 contrarii
2267 3273 2362 3294 motus
2376 3273 2404 3294 et
2418 3265 2590 3294 mutationes

1538 3309 1578 3337 sic
1599 3308 1651 3336 sibi
1667 3308 1787 3336 invicem
1803 3307 1963 3342 succedant,
1986 3307 2066 3344 quod
2079 3315 2140 3334 non
2161 3305 2310 3334 intercidat
2324 3311 2437 3342 tempus
2452 3304 2588 3333 medium.

1538 3348 1657 3376 Videtur
1672 3347 1747 3376 enim
1763 3347 1875 3383 penitus
1893 3346 2096 3375 inconveniens
2111 3346 2190 3382 quod
2205 3345 2297 3373 statim
2312 3344 2495 3382 generatione
2509 3353 2590 3372 com-

1538 3388 1628 3423 pleta,
1651 3386 1797 3423 corruptio
1828 3385 1957 3422 incipiat,
1982 3392 2010 3414 et
2037 3385 2115 3413 nullo
2137 3391 2266 3421 tempore
2293 3390 2459 3421 permaneat
2479 3383 2508 3411 in
2529 3391 2591 3411 esse

1538 3426 1607 3454 illud
1629 3427 1707 3463 quod
1730 3426 1834 3454 facturn
1856 3431 1911 3459 est;
1926 3434 1993 3453 nam
2014 3425 2070 3453 hoc
2091 3425 2180 3452 modo
2202 3430 2319 3452 naturae
2334 3423 2454 3451 intentio
2475 3422 2590 3450 trustra-

1538 3473 1623 3493 retur.
1646 3467 1686 3493 Ex
1707 3465 1888 3502 generatione
1909 3471 2005 3492 autem
2020 3470 2047 3492 et
2061 3462 2245 3500 corruptione
2260 3462 2336 3491 idern
2350 3461 2482 3491 concludi
2496 3466 2590 3497 potest

1538 3505 1573 3532 de
1595 3504 1655 3532 aliis
1678 3503 1897 3532 mutationibus:
1919 3503 1975 3532 hoc
1995 3502 2072 3531 enim
2093 3509 2135 3531 est
2155 3502 2297 3537 naturale,
2320 3502 2399 3538 quod
2413 3499 2539 3529 similiter
2559 3507 2589 3527 se

1539 3544 1624 3572 habet
1645 3543 1673 3571 in
1695 3542 1845 3577 omnibus,
1867 3551 1932 3570 curn
1954 3548 2055 3570 natura
2075 3550 2188 3578 semper
2208 3542 2310 3569 eodem
2331 3540 2420 3568 modo
2446 3543 2589 3575 operetur.

2616 2441 2628 2453 ⁸
2640 2440 2709 2464 Text.
2719 2441 2757 2471 ⁶³·
