2898 3996
1225 480 1671 563 INDEX

619 650 856 692 EORUM
895 649 1080 702 QUAE
1120 649 1187 690 IN
1221 650 1355 691 HOC
1394 651 1753 692 VOLUMINE
1795 652 2284 700 CONTINENTUR

766 950 837 1002 IN
877 950 1124 1017 LIBROS
1164 951 1640 1005 PHYSICORUM
1679 955 2136 1007 ARISTOTELIS

1338 1070 1565 1102 EXPOSITIO

366 1160 508 1190 Praefatio
531 1181 1960 1191 ................................................
1961 1155 1963 1158 ⁴
1986 1186 2325 1194 ............

1345 1249 1500 1284 LIBER
1528 1249 1555 1285 Ι.

841 1342 905 1362 CAP.
926 1343 946 1363 1.

752 1395 892 1423 LECTIO
913 1395 1030 1422 PRIMA

365 1452 486 1483 Materia
512 1459 541 1480 et
567 1452 727 1481 subiectum
756 1452 890 1481 scientiae
915 1452 1052 1481 naturalis
1082 1459 1110 1481 et
1139 1453 1225 1481 huius

425 1491 499 1519 libri.
521 1492 742 1520 Procedendum
755 1493 791 1520 ab
805 1491 1059 1520 universalioribus
1078 1491 1225 1529 principiis

425 1530 510 1559 nobis
530 1530 621 1568 magis
641 1530 717 1559 notis
733 1552 1222 1560 .................

835 1610 899 1631 CAP.
921 1611 951 1632 11.

722 1662 822 1690 LECT
823 1662 862 1690 10
883 1662 1059 1691 SECUNDA

365 1726 561 1764 Antiquomm
581 1726 822 1764 philosophorum
842 1726 994 1764 opiniones
1022 1728 1057 1755 de
1077 1727 1224 1763 principiis

423 1772 543 1795 naturae
568 1772 596 1794 et
620 1766 738 1794 entium.
768 1767 960 1801 Quorundam
987 1766 1140 1803 opiniones
1167 1766 1221 1794 im-

423 1806 547 1842 probare
567 1814 629 1834 non
648 1805 771 1842 pertinet
791 1806 828 1833 ad
849 1805 997 1848 scientiam
1017 1806 1192 1834 naturalem.
1216 1827 1222 1833 .

679 1887 682 1889 .
741 1864 881 1892 LECTIO
903 1865 1044 1893 TERTIA
1100 1896 1107 1898 s

363 1922 508 1952 Refellitur
528 1922 629 1959 opinio
649 1922 828 1951 Parmenidis
856 1929 884 1951 et
903 1923 1010 1952 Melissi
1034 1922 1223 1952 asserentium

425 1971 525 1991 omma
544 1971 606 1990 esse
626 1971 719 1990 unum
739 1971 790 1990 ens
792 1983 1221 1991 ...............

730 2092 870 2121 LECT10
892 2093 1050 2128 QUARTA

366 2155 454 2190 Quod
475 2161 502 2183 et
522 2154 695 2191 posteriores
714 2155 880 2192 philosophi
900 2155 931 2184 in
945 2164 1041 2184 errore
1061 2156 1223 2193 praedicto-

423 2204 488 2222 rum
507 2194 612 2223 versati
632 2194 705 2230 sint,
734 2195 840 2223 scilicet
866 2204 958 2223 unum
985 2202 1014 2224 et
1033 2196 1123 2224 multa
1142 2196 1222 2224 nullo

424 2234 514 2262 modo
536 2243 706 2262 concurrere
726 2243 812 2271 posse
821 2255 1221 2263 ..............

738 2293 878 2322 LECTIO
901 2294 1046 2328 QUINTA

364 2352 490 2380 Solvitur
509 2352 582 2380 ratio
603 2351 710 2381 Melissi
736 2373 1222 2381 .................

749 2412 888 2440 LECTIO
911 2413 1036 2440 SEXTA

364 2469 542 2499 Parmenidis
563 2469 636 2499 ratio
657 2470 850 2507 multipliciter
870 2470 990 2499 solvitur
1007 2492 1222 2499 ........
1286 2483 1300 2497 »

543 2577 546 2580 y
731 2538 832 2566 LECT
833 2538 872 2566 10
893 2538 1058 2566 SEPTIMA

363 2588 565 2625 Improbantur
586 2587 636 2626 qui
657 2588 779 2617 dixerint
798 2598 859 2618 non
879 2598 930 2618 ens
951 2598 1013 2618 esse
1033 2589 1162 2627 aliquid.
1186 2611 1192 2618 .
1216 2612 1222 2618 .

831 2669 895 2690 cAr.
916 2670 955 2690 ιν.

732 2721 832 2748 LECT
833 2721 873 2748 10
894 2721 1053 2749 OCTAVA

365 2788 525 2856 Opinionels
544 2787 730 2833 physicorum
757 2787 807 2825 qui
835 2788 871 2816 de
891 2787 1037 2824 principiis
1057 2788 1222 2816 naturaliter

425 2834 491 2856 sunt
521 2833 599 2856 ocuti
611 2848 1219 2856 .....................

842 2991 906 3012 eff.
927 2992 946 3012 1.

753 3042 892 3071 LECTIO
924 3043 1040 3071 PRIMA

368 3099 445 3134 Quid
466 3099 502 3128 sit
520 3106 640 3129 natura:
669 3095 812 3137 quaenam
837 3100 894 3128 sint
914 3110 988 3138 quae
1013 3101 1119 3130 habent
1139 3108 1222 3130 natu-

415 3148 502 3174 ram,
523 3145 551 3168 et
571 3146 638 3168 sunt
657 3140 816 3168 secundum
837 3145 969 3168 naturam
975 3162 1220 3169 .........

726 3205 827 3232 LECT
827 3205 866 3232 10
887 3205 1064 3233 SECUNDA

366 3255 441 3283 Tam
460 3255 610 3284 materiam
631 3265 719 3293 quam
738 3255 863 3284 formam
884 3265 946 3285 esse
963 3262 1110 3285 naturam:
1132 3257 1222 3294 magis

426 3300 524 3323 tamen
543 3295 667 3324 formam
679 3316 1220 3325 ...................

835 3381 899 3402 CAP-
921 3382 951 3402 11.

745 3433 885 3462 LECTIO
906 3434 1047 3461 TERTIA

368 3491 399 3519 In
420 3500 478 3528 quo
500 3490 631 3519 differant
655 3491 789 3528 physicus
816 3498 844 3520 et
871 3492 1087 3521 mathematicus
1115 3493 1150 3520 de
1175 3501 1223 3521 ea·-

429 3531 494 3559 dem
515 3540 546 3558 re
567 3530 779 3559 considerantes
797 3553 1220 3560 ...............

1260 1538 1333 1568 pag.
1406 1530 1420 1557 3

1387 2454 1461 2500 18Δ

1872 1336 2011 1364 LECTIO
2032 1336 2139 1364 NONA

1478 1393 1664 1437 Impugnatur
1692 1394 1880 1431 Anaxagorae
1911 1393 2012 1430 opinio
2043 1395 2078 1422 de
2109 1394 2226 1423 infinitis
2255 1395 2334 1431 prin·

1538 1441 1618 1468 crpus
1635 1454 2334 1463 ........................

1947 1506 2010 1526 οΑΡ.
2031 1506 2059 1526 v.

1851 1549 1991 1577 LECTIO
2014 1550 2159 1578 DECIMA

1477 1606 1520 1632 De
1541 1604 1740 1649 contrarietate
1761 1606 1922 1642 primorum
1948 1606 2156 1643 principiorum
2176 1608 2335 1636 secundum

1536 1650 1670 1681 antiquos
1689 1666 2331 1675 ......................

1938 1724 2002 1744 εΑΡ.
2024 1725 2062 1745 V1.

1826 1775 1964 1803 LECTIO
1986 1776 2184 1804 UNDECIMA

1476 1838 1546 1867 Tria
1565 1848 1661 1907 rerurln
1679 1840 1852 1868 naturalium
1872 1841 2012 1877 principia
2032 1850 2103 1876 esse,
2123 1851 2184 1870 non
2198 1842 2334 1878 pauciora

1536 1888 1589 1907 nec
1613 1888 1632 1915 p
1644 1889 1696 1908 ura
1724 1901 2331 1910 .....................

1938 1959 2001 1980 αΑΡ.
2024 1960 2073 1980 vn.

1813 2010 1952 2038 LECTIO
1975 2010 2202 2039 DUODECIMA

1477 2077 1508 2104 In
1527 2075 1656 2113 quolibet
1676 2075 1737 2103 fieri
1751 2075 1874 2103 naturali
1893 2076 1948 2104 tria
1962 2076 2082 2105 inveniri
2101 2077 2254 2114 principia,
2269 2078 2336 2105 sub-

1536 2116 1656 2150 iectum,
1677 2115 1846 2151 terminum,
1869 2115 2036 2152 oppositum
2057 2138 2334 2145 ..........

1783 2183 1923 2211 LECTIO
1944 2185 2232 2213 DECIMATERTIA

1476 2236 1543 2263 Duo
1564 2241 1630 2263 sunt
1649 2235 1788 2271 principia
1808 2244 1860 2272 per
1879 2245 1910 2264 se
1930 2236 1961 2264 in
1977 2245 2038 2265 esse
2059 2243 2086 2264 et
2106 2236 2137 2264 in
2158 2237 2219 2264 fieri
2239 2246 2335 2265 rerum

1535 2274 1718 2309 naturalium,
1739 2275 1860 2303 materia
1880 2281 1908 2303 et
1927 2276 2034 2311 forma3
2056 2283 2084 2304 et
2103 2285 2196 2304 unum
2216 2285 2268 2312 per
2288 2285 2335 2304 ac-

1536 2313 1648 2349 cidens,
1670 2313 1792 2350 privatio
1813 2335 2332 2343 ..................

1931 2394 1995 2414 CAP.
2017 2394 2077 2414 vm.

1770 2446 1910 2474 LECTIO
1931 2446 2237 2481 DECIMAQUARTA

1477 2513 1519 2540 Ex
1539 2511 1655 2539 veritate
1676 2510 1712 2538 de
1732 2510 1879 2547 principiis
1905 2511 2093 2540 determinata
2113 2512 2263 2551 solvuntur
2282 2521 2333 2539 an-

1535 2551 1684 2587 tiquorum
1705 2550 1897 2579 dubitationes
1911 2557 1939 2579 et
1952 2560 2062 2579 errores
2082 2551 2282 2587 provenientes
2301 2560 2335 2579 ex

1286 2601 1301 2616 >›
1383 2597 1421 2618 22
1536 2588 1696 2627 ignorantia
1716 2589 1851 2619 materiae
1878 2611 2332 2619 ................

1941 2672 2004 2692 εΑΡ.
2026 2672 2066 2692 1x.

1778 2723 1918 2752 LECTIO
1939 2723 2230 2758 DECIMAQUINTA

1475 2789 1624 2817 Materiam
1646 2798 1663 2817 a
1682 2789 1842 2825 privatione
1870 2789 2018 2826 distingui:
2047 2798 2168 2826 eamque
2193 2798 2255 2817 esse
2282 2799 2333 2826 per

1283 2839 1298 2853 »
1381 2835 1420 2863 24
1535 2837 1565 2856 se
1586 2828 1809 2866 ingenerabilem
1830 2835 1857 2857 et
1877 2828 2122 2865 incorruptibilem
2142 2851 2148 2857 .
2172 2850 2178 2856 .
2201 2850 2207 2857 .
2232 2850 2238 2857 .
2260 2850 2268 2871 .·
2292 2851 2299 2857 .
2323 2851 2329 2856 .

1333 2903 1489 2939 LIBER
1517 2904 1562 2940 ΙΙ.

1258 3151 1329 3180 pag.
1384 3141 1398 3169 5
1404 3141 1418 3169 5

1285 3308 1300 3323 >›
1384 3297 1420 3325 58

1285 3543 1299 3558 >>
1382 3534 1415 3560 61

1844 2986 1982 3014 LEcrlo
2005 2973 2163 3021 QUARTA

1474 3062 1521 3089 Ad
1534 3062 1681 3098 physicam
1702 3063 1825 3100 pertinet
1843 3063 2024 3092 considerare
2037 3072 2098 3092 non
2113 3063 2207 3092 solum
2221 3064 2256 3091 de
2270 3073 2331 3092 ma-

1534 3101 1619 3146 teria,
1648 3103 1699 3131 sed
1719 3109 1747 3131 et
1772 3103 1807 3131 de
1828 3112 2009 3140 quacumque
2037 3103 2130 3131 forma
2155 3103 2186 3130 in
2213 3103 2331 3144 materia

1535 3147 1671 3170 exlstente
1700 3162 2328 3170 .....................

1937 3226 2000 3247 cAP.
2022 3227 2064 3247 111.

1848 3278 1987 3306 LECTIO
2009 3279 2153 3312 QUINTA

1473 3339 1521 3367 Ad
1538 3339 1685 3376 physicam
1706 3338 1826 3382 pertinet
1847 3337 2034 3366 determinare
2056 3339 2092 3366 de
2113 3338 2329 3373 causis.-Quae

1516 3385 1562 3406 .et
1582 3385 1653 3415 quot
1673 3386 1781 3414 species
1802 3386 1952 3405 causarum
1962 3398 2326 3406 .............

1857 3443 1995 3471 LECTIO
2017 3444 2141 3471 SEXTA

1474 3495 1517 3523 De
1539 3494 1655 3523 diversis
1676 3494 1770 3523 modis
1792 3503 1957 3522 causarum:
1987 3500 2014 3522 et
2039 3495 2074 3522 de
2094 3493 2139 3522 his
2164 3503 2238 3531 quae
2258 3503 2327 3523 con-

1534 3540 1692 3571 sequuntur
1712 3534 1749 3562 ad
1770 3533 1896 3562 diversos
1917 3534 2022 3562 modos
2042 3533 2178 3562 causandi
2200 3555 2326 3562 .....

2365 1177 2440 1206 Pag-

2372 1445 2444 1474 Pag-

2395 2601 2410 2615 ἲ

2367 3151 2440 3180 Pag-

2390 3545 2405 3560 2>

2512 1177 2532 1196 V

2494 1438 2532 1464 26

2495 1649 2530 1676 32

2495 1884 2531 1911 36

2494 2127 2533 2152 40

2493 2830 2524 2857 51

2487 3379 2525 3407 68

2488 3541 2525 3570 72
