2898 3996
78 386 88 397 ·
102 370 173 407 Num.
187 389 262 412 praec.

43 1337 52 1354 s
82 1331 94 1342 ”
120 1329 250 1357 impediunt
271 1330 293 1350 et

45 1369 50 1378 ,¹
82 1357 234 1384 corrumpunt
251 1361 292 1376 co—

39 1383 59 1411 ,ζ’
82 1382 145 1405 dices
159 1386 181 1404 et
197 1381 232 1404 ed.
245 1387 271 1403 a.

45 1531 48 1542 ³
82 1540 92 1550 ·
106 1538 131 1560 tn
144 1538 197 1560 add.
212 1538 261 1560 m.

45 1577 49 1583 ·
82 1565 103 1576 ¹·
117 1565 143 1586 in
156 1570 205 1587 om.
217 1570 256 1586 ra.

8 2219 9 2222 ’
32 2227 36 2253 γ’
44 2231 48 2240 κ
81 2221 92 2231 ·
100 2222 123 2242 et
131 2220 185 2242 add.
194 2225 292 2247 uxva.

31 2310 40 2325 Ἰ
83 2329 93 2339 ’
107 2327 230 2350 secundum
239 2327 293 2349 add.

34 2368 43 2374 =
82 2360 174 2377 utrem.

83 2486 94 2496 ·
127 2486 293 2507 connexionem

6 2499 8 2520 ἶ
34 2496 43 2511 ι’
83 2511 152 2534 codd.
166 2515 188 2533 et
201 2517 217 2533 a
227 2512 248 2533 17.

4 2700 7 2730 J,
37 2699 47 2727 ζ
83 2697 94 2707 ¹'
104 2697 213 2724 punctum
225 2695 293 2717 codd.

42 2799 56 2816 ἶ
84 2801 94 2811 ·
108 2800 213 2822 transire
226 2806 266 2821 nu.

1 3161 2 3164 ’
40 3166 46 3181 1¹
87 3162 297 3191 *hocprincipium

50 3188 53 3190 “
88 3189 155 3211 codd.
175 3195 225 3211 exc.
244 3194 297 3210 Αεαι

40 3226 54 3252 ς
87 3220 127 3237 ¹¹¹·

1127 241 1238 277 CAP.
1267 240 1370 286 vm,
1401 239 1551 276 LECT.
1581 240 1668 276 xvi

317 323 404 361 ideo
433 321 536 359 addit
562 320 759 370 quoddam
784 319 932 367 signum
960 318 1009 354 ad
1028 319 1102 354 hoc
1121 318 1223 354 idem
1252 324 1375 354 osten-

318 375 499 421 dendum,
509 381 659 423 praeter
674 372 857 409 rationem
871 383 984 419 supra
1006 373 1024 392 ’ᾧ
1045 370 1208 419 positam
1229 382 1272 406 ex
1288 382 1376 406 con-

317 427 504 465 trarietate
525 426 783 463 terminorum.
805 425 854 460 Et
869 423 957 460 dicit
975 425 1079 471 quod
1098 423 1246 470 signum
1265 422 1376 458 huius

275 475 278 478 ⁴
319 487 390 527 est,
417 479 522 528 quod
550 486 678 516 motus
705 478 770 527 qui
791 484 845 513 est
863 477 911 512 ab
927 477 961 511 A
980 476 1019 512 in
1038 477 1081 522 Β,
1103 475 1148 512 511
1170 474 1376 511 contrarius

319 533 352 570 ei
381 533 445 582 qui
469 539 525 569 est
552 545 574 568 a
599 533 629 568 B
658 531 697 568 in
730 533 781 576 A,
802 529 896 566 sicut
924 528 1103 575 contingit
1129 527 1167 563 in
1185 534 1292 563 motu
1321 539 1376 563 re-

317 587 434 623 flexo:
455 585 544 633 quia
570 579 789 621 huiusmodi
808 589 946 629 motus,
967 581 996 617 si
1024 580 1135 616 simul
1157 580 1262 626 fiant,
1280 585 1378 616 stant

318 644 354 675 et
370 643 573 686 repausant
589 637 640 674 ad
661 636 830 679 invicem,
851 635 946 671 idest
957 645 1062 669 unus
1081 632 1239 680 impedit
1261 632 1389 668 alium.

319 698 356 728 et
391 691 478 727 facit
506 702 594 726 eum
622 696 730 725 stare.
761 688 810 723 Et
836 698 915 722 non
942 686 1067 722 solum
1094 685 1169 720 hoc
1199 684 1377 732 contingit

318 744 357 780 in
385 742 588 780 reflexione
609 748 735 778 motus
754 738 864 785 recti,
894 738 960 774 sed
981 737 1094 773 etiam
1113 736 1152 773 in
1171 737 1375 774 reflexione

318 803 445 833 motus
473 793 671 831 circularis.
695 792 896 838 Signentur
915 790 1015 826 enim
1034 789 1072 826 in
1092 789 1216 838 aliquo
1237 790 1375 826 circulo

319 849 388 886 tria
415 847 530 894 signa,
561 845 699 882 scilicet
725 843 843 880 ABC:
874 849 1019 879 constat
1047 842 1151 890 quod
1171 843 1201 878 si
1224 842 1377 890 incipiat

320 899 467 937 moveri
495 899 542 935 ab
562 899 597 934 A
616 897 654 934 in
674 898 726 943 B,
747 902 784 931 et
809 903 943 944 postea
967 902 1172 945 ¹moveatur
1199 896 1248 932 ab
1276 898 1310 931 A
1339 895 1376 931 in

319 953 350 988 C
374 963 508 988 versus
536 950 647 987 aliam
666 956 825 998 partem,
846 948 951 997 quod
976 947 1044 984 erit
1062 947 1237 993 reflexio3
1265 955 1300 983 et
1318 947 1377 983 isti

320 1004 397 1041 duo
434 1010 561 1040 motus
597 1001 808 1051 impediunt
844 1013 906 1048 se,
936 1007 972 1036 et
1002 1012 1102 1036 unus
1139 1000 1250 1046 sistit,
1281 1000 1376 1036 idest

319 1056 406 1093 facit
429 1064 538 1102 stare,
559 1055 685 1092 alium.
716 1054 793 1091 Sed
821 1053 851 1090 si
880 1052 1056 1090 continue
1085 1059 1285 1089 moveatur
1313 1052 1375 1088 ali-

320 1109 411 1157 quid
443 1109 491 1145 ab
510 1110 544 1145 A
563 1108 608 1144 in·
621 1109 664 1154 B,
695 1114 731 1144 et
757 1119 826 1156 per
853 1107 883 1142 B
909 1105 1044 1142 iterum
1073 1105 1111 1141 in
1140 1105 1183 1152 C,
1203 1117 1281 1141 non
1312 1105 1378 1142 erit

320 1161 486 1198 reflexio.
516 1161 607 1197 Ideo
636 1167 774 1207 autem,
791 1166 918 1196 motus
946 1157 1075 1195 reflexi
1101 1157 1310 1206 impediant
1337 1170 1376 1195 se

319 1214 484 1251 invicem
512 1221 589 1250 tam
617 1212 655 1250 in
674 1220 776 1249 recto
805 1224 921 1260 quam
949 1211 987 1247 in
1016 1211 1166 1257 circulo,
1187 1210 1276 1258 quia
1302 1211 1377 1248 hoc

321 1274 376 1304 est
395 1267 441 1304 de
469 1273 602 1303 natura
621 1265 907 1311 contrariorum,
930 1263 1033 1312 quod
1052 1276 1092 1300 se
1114 1261 1323 1312 impediant
1343 1271 1379 1300 et

321 1327 564 1367 corrumpant
585 1319 616 1356 ²¹².
646 1319 775 1355 Motus
808 1324 935 1354 autem
964 1317 1028 1364 qui
1058 1323 1144 1353 sunt
1176 1316 1314 1353 diversi
1343 1324 1379 1353 et

319 1384 399 1409 non
418 1371 604 1419 contrarii,
625 1383 703 1409 non
723 1383 763 1407 se
782 1369 1012 1418 impediunt3
1040 1369 1134 1405 sicut
1158 1376 1285 1405 motus
1314 1369 1378 1416 qui

322 1432 376 1461 est
403 1436 554 1464 sursum
584 1430 619 1460 et
645 1423 710 1471 qui
735 1430 789 1460 est
815 1423 854 1458 in
881 1423 992 1468 latus,
1017 1429 1109 1470 puta
1136 1421 1174 1458 in
1204 1422 1377 1458 dextrum

319 1478 381 1514 vel
400 1477 602 1522 sinistrum,
622 1488 701 1512 non
729 1471 768 1512 se
797 1475 1019 1523 impediunt,
1040 1474 1108 1511 sed
1127 1474 1235 1511 simul
1254 1482 1379 1523 potest

319 1529 458 1578 aliquid
487 1528 635 1566 moveri
663 1536 699 1564 et
719 1530 738 1549 '³‘
759 1540 908 1564 sursum
939 1534 974 1563 et
1001 1527 1039 1563 in
1059 1528 1103 1548 ἧς*
1123 1527 1307 1564 dextrum.

377 1583 409 1619 5.
439 1581 586 1618 Deinde
616 1593 703 1617 cum
733 1581 834 1617 dicit:
863 1580 1041 1616 Maxime
1068 1586 1192 1617 autem
1220 1581 1376 1628 manife-

319 1640 415 1671 stum
445 1642 535 1682 etc.,
564 1633 671 1683 ponit
699 1633 907 1670 secundam
945 1632 1129 1669 rationem
1166 1633 1214 1669 ad
1253 1640 1376 1670 osten-

320 1686 490 1723 dendum
517 1686 622 1735 quod
645 1694 773 1723 motus
801 1686 962 1722 reflexus
982 1697 1059 1721 non
1086 1692 1211 1734 potest
1239 1697 1319 1722 esse
1339 1686 1378 1722 in

319 1739 508 1776 infinitum
538 1739 754 1776 continuus:
784 1743 882 1786 quae
910 1736 1065 1786 quidem
1085 1738 1178 1774 ratio
1199 1738 1378 1786 accipitur

320 1804 365 1829 ex
383 1792 519 1841 quiete,
541 1804 658 1839 quam
678 1800 831 1828 necesse
848 1797 902 1826 est
916 1789 1152 1827 intervenire.
1170 1790 1269 1827 Dicit
1289 1802 1391 1838 ergo.

319 1845 423 1893 quod
451 1844 615 1880 maxime
642 1856 687 1880 ex
714 1844 788 1880 hoc
816 1842 1058 1879 manifestum
1087 1850 1143 1879 est
1175 1842 1278 1891 quod
1306 1843 1375 1879 im-

317 1897 496 1946 possibile
526 1904 580 1933 est
606 1903 755 1933 motum
790 1903 934 1932 rectum
968 1908 1049 1932 esse
1082 1895 1303 1932 continuum
1338 1896 1376 1932 in

318 1950 530 1997 infinitum,
559 1949 647 1998 quia
684 1961 837 1985 11666556
872 1954 927 1984 651
960 1948 998 1985 161
1034 1948 1138 1996 quod
1176 1948 1377 1985 reflectitur

319 2002 512 2051 quiescere
540 2002 635 2038 inter
667 2002 762 2038 duos
791 2008 928 2038 motus,
964 2002 1013 2037 Et
1049 2001 1123 2037 hoc
1151 2013 1288 2037 verum
1323 2009 1378 2037 est

319 2067 399 2092 non
426 2055 550 2091 solum
567 2054 609 2090 -si
641 2061 842 2090 moveatur
867 2066 936 2101 per
963 2053 1102 2090 lineam
1126 2061 1280 2100 rectam,
1310 2054 1378 2090 5661

321 2107 432 2144 etiarn
448 2107 478 2143 si
493 2107 631 2143 feratur
649 2106 859 2142 secundum
880 2105 1072 2142 circulum.
1085 2126 1108 2132 -
1120 2106 1168 2141 Et
1182 2118 1229 2142 ne
1245 2106 1377 2154 aliquis

319 2160 496 2207 intelligat
515 2159 600 2196 ferri
618 2159 820 2195 secundum
840 2158 1033 2203 circulum,
1053 2157 1156 2194 idem
1173 2170 1254 2194 esse
1273 2159 1377 2206 quod

319 2213 405 2249 ferri
433 2212 676 2256 circulariter,
700 2212 720 2256 f&
751 2211 801 2247 ad
828 2211 902 2247 hoc
931 2211 1207 2247 excludendum
1236 2209 1376 2257 subdit,

321 2265 426 2314 quod
453 2277 531 2301 non
561 2272 615 2301 est
642 2263 744 2300 idem
760 2264 868 2311 ferri
894 2263 1045 2308 circulo,
1075 2263 1170 2300 idest
1194 2263 1376 2299 circulari-

320 2326 376 2355 ter
391 2318 612 2361 ,secundum
632 2316 901 2364 proprietatem
921 2316 1067 2362 circuli,
1097 2323 1133 2351 et
1145 2316 1250 2365 ferri
1269 2314 1287 2336 ’μ’
1307 2317 1377 2352 cir-

320 2370 458 2416 culum,
477 2370 574 2407 idest
592 2368 816 2418 pertransire
836 2381 905 2405 suo
926 2375 1033 2405 motu
1053 2368 1245 2404 circulum.
1277 2369 1377 2411 Con-

319 2423 424 2470 tingit
452 2422 552 2459 enim
581 2421 785 2470 aliquando
814 2421 918 2470 quod
947 2421 1157 2457 secundum
1186 2421 1377 2469 quandam

321 2475 643 2512 continuationem
667 2476 687 2496 *
711 2474 756 2511 511
782 2481 910 2510 11101115
939 2474 1018 2510 61115
1047 2473 1151 2521 quod
1180 2481 1376 2520 movetur,

322 2529 414 2566 dum
443 2528 580 2564 scilicet
615 2527 813 2576 pertransit
845 2534 992 2575 partem
1027 2534 1115 2574 post
1141 2534 1288 2574 partem
1321 2539 1377 2562 se-

322 2580 489 2618 cundum
509 2577 682 2617 ordinem
700 2579 864 2628 partium
885 2578 1031 2624 circuli;
1063 2586 1098 2615 et
1116 2579 1191 2615 hoc
1211 2586 1266 2615 est
1292 2579 1378 2615 ferri

322 2633 557 2670 circulariter.
579 2632 820 2680 Quandoque
836 2639 963 2668 autem
980 2631 1158 2679 contingit
1176 2631 1280 2679 quod
1294 2644 1378 2680 per-

320 2685 450 2723 transit
469 2685 660 2731 circulum,
682 2684 834 2733 quando
864 2683 1013 2721 redierit
1040 2684 1089 2720 ad
1115 2683 1341 2733 principium
1358 2686 1377 2705 ’¹‘

321 2739 423 2776 unde
442 2737 580 2785 incepit
598 2737 757 2783 moveri,
779 2749 856 2773 non
883 2737 1106 2784 pertransire
1125 2737 1222 2772 ultra
1246 2749 1377 2773 secun-

322 2793 414 2829 dum
435 2790 607 2827 ordinem
627 2789 789 2838 partium
811 2788 953 2835 circuli,
983 2789 1050 2825 sed
1078 2789 1199 2825 redire
1219 2790 1238 2810 *
1260 2796 1376 2835 retro;

323 2851 358 2880 et
375 2844 450 2880 hoc
469 2850 525 2879 est
543 2842 694 2879 reflecti.
710 2863 734 2869 -
752 2841 840 2879 Sive
861 2853 949 2888 ergo
968 2842 1034 2877 fiat
1053 2841 1206 2877 reflexio
1224 2841 1262 2878 in
1281 2841 1379 2878 linea

322 2903 442 2943 recta,
481 2896 560 2932 sive
589 2895 627 2931 in
655 2894 753 2930 linea
791 2893 979 2941 circulari,
1009 2906 1164 2930 necesse
1193 2897 1247 2930 'est
1275 2894 1378 2942 quod

323 2948 544 2986 interveniat
572 2947 677 2996 quies
697 2946 835 2983 media.
1285 2975 1287 2980 ,

377 3002 412 3037 6.
442 3001 492 3036 Ε1
518 3000 629 3037 huius
657 2999 710 3036 rei
737 2999 834 3036 fides
862 2998 980 3046 accipi
1007 3005 1130 3046 potest
1157 3010 1236 3035 non
1255 2999 1378 3035 solum

325 3065 370 3090 ex
389 3065 519 3100 sensu,
544 3052 632 3101 quia
651 3051 871 3088 sensibiliter
889 3052 963 3087 hoc
982 3058 1152 3099 apparet,
1174 3051 1240 3087 sed
1265 3051 1377 3088 etiam

325 3118 371 3142 ex
407 3105 561 3142 ratione.
606 3105 723 3141 Cuius
764 3104 920 3152 quidem
963 3103 1114 3140 rationis
1150 3103 1377 3151 principium

324 3159 398 3195 hoc
418 3159 438 3179 *
457 3157 687 3194 sumendum
717 3164 786 3203 est,
816 3156 920 3204 quod
940 3167 1027 3192 cum
1054 3155 1123 3192 tria
1151 3155 1223 3191 sint
1240 3155 1278 3191 in
1297 3167 1377 3192 ma-

325 3209 516 3259 gnitudine
552 3221 650 3258 quae
686 3208 939 3257 pertransitur,
975 3207 1112 3244 scilicet
1138 3207 1375 3256 principium,

2408 240 2483 284 425

1432 318 1603 354 medium
1632 326 1668 354 et
1694 318 1801 364 finis,
1836 317 2006 354 medium
2039 324 2244 364 utrumque
2275 324 2329 353 est
2363 328 2487 364 respe-

1433 377 1494 406 ctu
1513 371 1727 419 utriusque3
1757 370 1844 418 quia
1872 377 2045 418 respectu
2064 370 2150 406 finis
2171 377 2225 406 est
2249 369 2487 418 principium,

1433 430 1468 458 et
1505 432 1677 471 respectu
1714 423 1885 472 principii
1922 430 1978 459 est
2013 423 2116 468 finis3
2156 430 2192 459 et
2228 422 2280 458 sic
2319 434 2406 458 cum
2443 421 2490 457 sit

1431 488 1552 511 unum
1589 476 1774 522 subiecto,
1814 483 1869 512 est
1905 475 1981 512 duo
2021 475 2176 512 ratione.
2215 476 2354 510 Iterum
2389 474 2488 510 aliud

1431 528 1656 576 principium
1686 535 1740 564 est
1767 528 2009 574 sumendum,
2035 528 2140 576 quod
2168 527 2270 563 aliud
2302 535 2357 563 est
2385 526 2489 574 quod

1433 587 1487 616 est
1506 580 1544 617 in
1558 581 1725 628 potentia
1741 588 1776 617 et
1790 581 1895 628 quod
1916 588 1970 616 est
1984 580 2021 616 in
2037 587 2133 616 actu.
2149 601 2173 607 -
2191 580 2259 616 His
2280 592 2368 627 ergo
2385 579 2486 624 visis,

1433 633 1752 670 considerandum
1782 641 1836 669 est
1865 645 1909 669 ex
1937 632 2055 679 dictis,
2085 632 2190 680 quod
2218 633 2414 679 quodlibet
2442 631 2487 667 si-

1432 697 1566 732 gnum,
1596 685 1692 722 idest
1724 685 1917 734 quodlibet
1944 693 2128 733 punctum
2157 685 2364 731 signatum,
2394 684 2489 720 infra

1431 738 1612 774 terminos
1640 738 1761 774 lineae
1790 750 1903 786 supra
1931 750 2046 785 quam
2075 737 2215 786 aliquid
2246 738 2264 757 ²³²
2293 745 2486 783 movetur,

1431 791 1601 828 medium
1623 798 1678 826 est
1699 790 1738 826 in
1755 790 1937 838 potentia;
1968 790 2035 826 sed
2062 802 2141 826 non
2169 796 2224 825 est
2251 789 2422 826 medium
2450 789 2488 825 in

1432 851 1527 890 actu,
1558 843 1627 879 nisi
1655 844 1721 879 fiat
1749 843 1883 887 divisio
1912 842 2122 879 secundum
2151 850 2313 889 motum,
2343 842 2392 878 ita
2420 842 2488 878 sci-

1431 896 1515 933 licet
1543 896 1647 944 quod
1674 895 1713 932 in
1740 895 1802 931 illo
1830 902 1971 944 puncto
1988 895 2039 932 .id
2066 895 2172 942 quod
2201 902 2377 931 movetur
2405 902 2486 941 stet,

1433 956 1468 985 et
1495 949 1630 985 iterum
1659 948 1706 984 ab
1735 947 1796 984 illo
1837 955 1978 996 puncto
2015 947 2166 995 incipiat
2202 946 2370 984 moveri:
2401 946 2488 994 quia

1432 1001 1484 1037 sic
1512 1001 1683 1036 medium
1711 1000 1800 1036 illud
1837 1001 1904 1036 fiet
1931 1007 2016 1036 actu
2052 999 2279 1048 principium
2318 1006 2354 1035 et
2381 999 2487 1044 finis3

1431 1053 1659 1101 principium
1688 1053 1842 1100 quidem
1870 1052 2108 1101 posterioris,
2140 1052 2364 1100 inquantum
2401 1051 2488 1087 inde

1432 1105 1560 1153 incipit
1588 1117 1715 1141 rursus
1744 1105 1902 1151 moveri,
1923 1105 2008 1141 finis
2037 1112 2164 1141 autem
2188 1104 2310 1153 primi,
2331 1104 2485 1151 inquan-

1432 1166 1514 1195 tum
1543 1157 1681 1194 scilicet
1699 1157 1750 1193 ibi
1778 1157 1997 1193 terminatus
2018 1164 2072 1193 est
2098 1157 2242 1205 primus
2267 1164 2393 1193 motus
2421 1168 2488 1204 per

1433 1211 1610 1260 quietem.
1642 1210 1697 1246 Sit
1725 1210 1827 1246 enim
1855 1222 1931 1245 una
1959 1210 2056 1246 linea
2084 1210 2123 1246 in
2165 1210 2269 1246 cuius
2303 1209 2488 1258 principio

1433 1264 1478 1300 sit
1496 1265 1542 1310 A,
1567 1263 1606 1299 in
1635 1262 1761 1299 medio
1790 1263 1833 1309 B,
1864 1262 1902 1298 in
1930 1262 2006 1298 fine
2028 1262 2070 1298 C.
2101 1263 2304 1298 Moveatur
2324 1274 2411 1308 ergo
2441 1262 2488 1297 ab

1432 1319 1466 1353 A
1494 1316 1533 1353 in
1560 1317 1603 1362 B,
1625 1323 1661 1352 et
1688 1315 1739 1351 ibi
1767 1321 1857 1360 stet;
1887 1321 1923 1350 et
1950 1314 2087 1350 iterum
2114 1314 2265 1362 incipiat
2292 1314 2439 1351 moveri
2468 1326 2491 1349 a

1432 1370 1481 1416 Β,
1512 1376 1548 1405 61
1575 1369 1713 1404 feratur
1735 1368 1754 1388 '¹‘
1771 1379 1892 1415 usque
1912 1367 1950 1403 in
1979 1367 2022 1404 C.
2046 1367 2107 1403 Sic
2127 1367 2229 1403 enim
2249 1367 2490 1403 manifestum

1434 1421 1501 1458 erit
1529 1420 1633 1470 quod
1652 1422 1682 1456 B
1713 1428 1767 1457 est
1795 1427 1880 1456 actu
1899 1419 1985 1456 finis
2012 1419 2149 1468 prioris
2168 1427 2305 1466 motus,
2336 1426 2372 1454 et
2390 1419 2491 1466 prin-

1433 1474 1573 1523 cipium
1592 1472 1820 1522 posterioris.
1843 1472 1920 1509 Sed
1940 1472 1970 1508 si
1989 1472 2130 1520 aliquid
2157 1472 2296 1508 feratur
2315 1471 2490 1508 continue

1433 1528 1480 1564 ab
1513 1529 1548 1563 A
1577 1527 1614 1562 in
1643 1527 1673 1562 C
1703 1526 1783 1562 sine
1822 1524 2104 1573 interpositione
2142 1524 2297 1560 alicuius
2334 1524 2488 1571 quietis,

1432 1592 1511 1616 non
1539 1587 1594 1616 est
1611 1578 1789 1627 possibile
1806 1578 1930 1614 dicere
1950 1577 2092 1614 mobile
2110 1578 2262 1625 factum
2287 1589 2374 1622 esse,
2395 1577 2491 1613 idest

1432 1632 1629 1678 advenire,
1659 1631 1789 1680 neque}
1816 1631 1961 1676 abesse,
1991 1630 2087 1666 idest
2115 1629 2334 1676 abscedere,
2365 1641 2489 1676 neque

1432 1685 1469 1721 in
1497 1686 1572 1721 hoc
1599 1685 1705 1732 signo
1744 1684 1848 1731 quod
1876 1690 1930 1719 est
1957 1684 2011 1729 A,
2046 1695 2169 1730 neque
2197 1682 2235 1718 in
2272 1682 2345 1718 hoc
2383 1681 2488 1729 signo

1433 1737 1537 1786 quod
1566 1744 1621 1773 est
1648 1738 1700 1783 Β;
1731 1735 1798 1772 5661
1817 1736 1942 1772 solum
1970 1736 2045 1772 hoc
2063 1742 2187 1784 potest
2215 1734 2298 1782 dici,
2319 1735 2423 1782 quod
2452 1734 2489 1770 in

1432 1793 1466 1826 A
1494 1790 1554 1826 vel
1583 1790 1622 1826 in
1649 1790 1679 1825 Β
1709 1788 1754 1824 511
1780 1788 1818 1824 111
1846 1788 2016 1836 quodam
2044 1800 2144 1824 nunc
2173 1790 2266 1834 (non
2293 1795 2421 1823 autem
2449 1787 2487 1822 in

1432 1843 1557 1891 aliquo
1578 1849 1750 1890 tempore
1773 1842 1803 1888 *7
1825 1840 1894 1877 11151
1922 1841 2015 1876 forte
2045 1840 2255 1877 secundum
2283 1840 2358 1876 hoc
2386 1839 2489 1888 quod

1432 1894 1573 1944 aliquid
1602 1894 1734 1931 dicitur
1763 1906 1843 1929 esse
1873 1893 2009 1929 alicubi
2037 1893 2075 1929 in
2102 1901 2286 1943 tempore,
2316 1892 2406 1940 quia
2435 1899 2490 1928 est

1432 1948 1482 1987 ibi
1506 1948 1544 1984 in
1568 1960 1668 1984 nunc
1687 1946 1880 1993 temporis.
1905 1947 1954 1982 Et
1977 1946 2026 1981 ita
2050 1945 2154 1994 quod
2176 1952 2353 1981 movetur
2373 1945 2487 1980 conti-

1432 2013 1506 2037 nue
1527 2006 1540 2027 7
1560 2001 1607 2036 ab
1627 2001 1661 2035 A
1681 1999 1719 2035 in
1748 1999 1778 2034 C
1808 1998 1846 2034 in
1875 1998 1999 2046 aliquo
2028 2006 2212 2046 tempore,
2234 1998 2301 2034 erit
2328 1997 2366 2033 in
2394 1998 2424 2033 Β
2451 1997 2489 2033 111

1432 2066 1544 2100 1111116,
1565 2052 1670 2100 quod
1699 2059 1754 2087 est
1782 2050 1915 2087 divisio
1945 2050 2133 2098 quaedam
2161 2050 2256 2086 illius
2286 2049 2487 2097 temporis:

1432 2113 1468 2142 et
1496 2105 1548 2142 sic
1577 2105 1719 2141 dicetur
1748 2115 1829 2139 esse
1858 2103 1895 2139 in
1923 2105 1954 2139 Β
1972 2103 2021 2140 'in
2048 2103 2109 2139 1110
2138 2110 2215 2139 1010
2236 2110 2419 2150 tempore,
2442 2114 2487 2137 eo

1433 2158 1550 2194 modo
1580 2156 1760 2205 loquendi
1794 2167 1870 2203 quo
1906 2155 2039 2192 dicitur
2068 2155 2206 2203 aliquid
2235 2153 2248 2176 δ
2276 2154 2422 2192 111ον611
2450 2155 2489 2190 111

1434 2210 1504 2256 die,
1535 2209 1623 2258 quia
1650 2215 1827 2244 movetur
1854 2208 1892 2244 in
1919 2215 2025 2256 parte
2053 2207 2147 2244 illius
2177 2207 2275 2253 diei).

1486 2263 1535 2299 Et
1571 2262 1658 2310 quia
1694 2262 1768 2297 hoc
1803 2261 1821 2281 *³
1858 2260 2058 2296 videbatur
2095 2260 2272 2306 dubium,
2310 2259 2415 2307 quod
2451 2259 2488 2295 id

1433 2315 1537 2363 quod
1557 2315 1672 2350 fertur
1690 2325 1768 2350 non
1787 2312 1882 2349 adsit
1910 2319 1945 2348 et
1964 2313 2059 2349 absit
2078 2313 2305 2359 cuicumque
2325 2312 2430 2359 signo
2450 2311 2488 2348 in

1433 2366 1691 2415 magnitudine
1711 2366 1867 2412 signato,
1895 2377 1992 2412 quae
2012 2372 2119 2401 motu
2137 2364 2382 2413 pertransitur
2401 2377 2488 2400 con-

1433 2421 1538 2457 tinuo
1560 2421 1590 2465 51,
1613 2418 1773 2455 ostendit
1799 2419 1872 2454 hoc
1903 2424 2196 2465 consequenter:
2228 2417 2355 2453 dicens
2384 2417 2488 2465 quod

1433 2473 1463 2509 si
1492 2472 1623 2519 aliquis
1661 2471 1843 2507 concedat
1879 2470 1984 2517 quod
2021 2470 2160 2506 mobile
2198 2469 2293 2506 adsit
2330 2476 2366 2505 et
2393 2469 2489 2506 absit

1434 2525 1543 2562 alicui
1562 2524 1667 2572 signo
1688 2524 1727 2560 in
1741 2522 1998 2570 magnitudine
2018 2522 2173 2569 signato,
2195 2521 2363 2569 sequitur
2382 2522 2487 2569 quod

1433 2577 1484 2614 ibi
1504 2577 1681 2625 quiescat.
1713 2575 1947 2624 Impossibile
1969 2582 2023 2610 est
2042 2575 2143 2611 enim
2168 2574 2271 2621 quod
2291 2574 2329 2610 in
2348 2574 2486 2610 eodem

1432 2630 1583 2667 instanti
1606 2629 1701 2666 adsit
1729 2636 1764 2664 et
1791 2628 1886 2664 absit
1913 2627 2052 2663 mobile
2082 2627 2129 2663 ab
2157 2628 2232 2663 hoc
2251 2627 2356 2674 signo
2381 2626 2486 2674 quod

1434 2690 1488 2720 est
1515 2684 1564 2718 B:
1594 2681 1682 2730 quia
1710 2682 1841 2718 adesse
1873 2679 2009 2716 alicubi
2027 2685 2038 2699 ²
2058 2686 2093 2715 et
2125 2680 2256 2715 abesse
2285 2686 2370 2715 sunt
2398 2691 2486 2715 con—

1432 2735 1554 2782 traria,
1585 2746 1682 2782 quae
1707 2746 1785 2770 non
1811 2740 1970 2781 possunt
1997 2744 2078 2768 esse
2103 2732 2140 2768 in
2166 2732 2301 2768 eodem
2323 2731 2484 2767 instanti.

1434 2789 1594 2836 Oportet
1622 2799 1709 2834 ergo
1739 2785 1844 2833 quod
1862 2785 1901 2821 in
1920 2785 1992 2821 alio
2021 2792 2057 2820 et
2084 2784 2155 2820 alio
2175 2797 2277 2820 1111116
2305 2784 2486 2832 temporis

1433 2840 1573 2877 mobile
1611 2839 1706 2876 adsit
1735 2846 1770 2874 et
1797 2837 1892 2874 absit
1924 2837 2033 2873 alicui
2069 2837 2173 2884 signo
2207 2836 2484 2884 magnitudinis.

1434 2895 1532 2929 Inter
1560 2892 1748 2940 quaelibet
1776 2898 1902 2927 autem
1931 2890 2006 2926 duo
2035 2902 2136 2925 nunc
2156 2897 2210 2925 est
2228 2897 2378 2937 tempus
2406 2901 2484 2925 me-

1434 2945 1558 2982 dium:
1589 2954 1677 2991 ergo
1707 2950 1882 2990 sequetur
1910 2941 2015 2989 quod
2047 2941 2188 2978 mobile
2217 2942 2322 2989 quod
2350 2950 2405 2978 est
2432 2943 2483 2988 A,

1433 2998 1590 3046 quiescit
1617 2997 1655 3033 in
1682 2997 1724 3032 Β.
1757 2996 1883 3032 Omne
1913 2995 2013 3031 enim
2042 2994 2146 3042 quod
2175 3002 2230 3030 est
2257 2994 2390 3030 alicubi
2417 3006 2487 3041 per

1433 3050 1586 3097 aliquod
1605 3056 1766 3097 tempus,
1789 3055 1844 3084 est
1871 3047 1908 3083 in
1937 3047 2074 3084 eodem
2097 3047 2200 3094 prius
2229 3054 2264 3082 et
2285 3046 2482 3094 posterius.

1433 3104 1481 3139 Et
1504 3102 1671 3139 similiter
1695 3108 1750 3137 est
1777 3099 1979 3137 dicendum
2003 3100 2041 3135 in
2061 3099 2237 3136 omnibus
2265 3098 2343 3134 aliis
2372 3097 2484 3144 signis

1432 3155 1493 3192 vel
1520 3154 1678 3202 punctis,
1705 3153 1792 3200 quia
1820 3153 1867 3189 de
1896 3151 2072 3188 omnibus
2094 3153 2112 3172 ’¹‘
2133 3151 2265 3187 eadem
2294 3150 2386 3186 ratio
2417 3157 2481 3186 est.

1432 3207 1542 3244 Unde
1575 3206 1815 3242 manifestum
1845 3211 1899 3240 est
1926 3204 2030 3251 quod
2058 3203 2146 3239 illud
2175 3202 2277 3250 quod
2306 3201 2482 3238 continue

378 3374 404 3408 γ)
424 3373 495 3406 quod
509 3376 630 3398 movetur
642 3371 765 3397 continue
778 3376 826 3396 etc.
839 3384 858 3388 -
872 3370 942 3403 quod
956 3373 1075 3395 movetur
1086 3369 1209 3394 continue
1222 3370 1254 3394 de
1267 3371 1291 3394 Α
1304 3369 1330 3394 in
1348 3371 1375 3399 C,

326 3410 352 3435 in
366 3409 454 3441 aliquo
469 3411 585 3440 tempore
598 3407 649 3432 erit
661 3407 687 3431 in
703 3407 734 3436 B,
749 3406 848 3431 scilicet
867 3405 893 3429 in
913 3412 981 3430 nunc
993 3405 1063 3432 Palm
1081 3404 1165 3428 simile
1178 3404 1274 3436 aliquid
1287 3405 1317 3436 B,
1334 3405 1378 3436 qui

325 3452 373 3478 pro
386 3444 412 3468 in
428 3451 504 3473 nunc,
517 3443 579 3475 quia
589 3442 614 3466 in
626 3449 702 3466 nunc.
713 3441 801 3465 Lectio
811 3448 890 3473 quam
901 3447 930 3464 ex
939 3445 987 3464 cet.
997 3439 1174 3471 adoptavimus
1186 3439 1320 3471 perspicua
1330 3444 1378 3464 est.

378 3478 403 3511 δ)
422 3486 473 3511 quo
492 3478 590 3503 dicitur
608 3476 717 3508 aliquid.
735 3488 755 3494 —
769 3476 839 3508 quod
856 3475 958 3507 aliquid
979 3474 1077 3499 dicitur
1095 3473 1308 3503 ACIKQTVXY,
1327 3481 1378 3506 quo

1485 3369 1506 3404 ε)
1517 3370 1609 3395 adesse
1623 3369 1727 3394 alicubi.
1741 3382 1760 3387 -
1769 3368 1849 3393 alicui
1860 3367 1952 3392 adesse
1967 3366 2150 3391 DFHLNRVZ
2166 3365 2260 3400 (OX?)‚
2275 3367 2378 3399 aliquid
2390 3368 2482 3393 adesse

1432 3405 1547 3435 PEGab;
1566 3405 1675 3437 legimus
1694 3403 1796 3433 alicubi,
1816 3408 1843 3427 ut
1862 3403 1926 3427 infra
1945 3402 2044 3432 dieitur,
2070 3401 2130 3433 quia
2149 3409 2235 3425 sermo
2254 3406 2292 3426 est
2311 3409 2431 3434 expresse
2450 3403 2482 3427 de

1432 3440 1524 3464 adesse
1543 3445 1567 3464 et
1585 3440 1677 3464 abesse
1695 3439 1773 3462 relate
1792 3438 1822 3462 ad
1836 3438 1933 3467 locum,
1949 3442 1973 3461 et
1986 3437 2062 3460 etiarn
2076 3436 2135 3468 quia
2148 3436 2245 3460 facilius
2258 3437 2354 3462 alicubi
2367 3445 2482 3462 corrum-

1432 3474 1500 3506 pitur
1518 3474 1543 3498 in
1562 3474 1642 3499 alicui
1659 3474 1698 3497 vel
1718 3473 1830 3505 aliquid,
1855 3480 1933 3504 quam
1953 3479 1966 3495 e
1985 3478 2119 3495 converso.
2133 3483 2151 3490 -
2169 3471 2231 3495 Post
2254 3471 2296 3496 lin.
2315 3480 2363 3504 pro
2382 3473 2408 3497 in
2427 3473 2480 3497 alio

325 3514 427 3546 aliquid
445 3513 544 3538 dicitur
561 3512 687 3541 BDLMS,
707 3511 732 3536 in
752 3518 804 3543 quo
823 3510 922 3535 dicitur
944 3509 1045 3542 aliquid
1063 3509 1096 3534 O.
1114 3509 1209 3533 -‘Lin.
1233 3516 1289 3541 seq.
1309 3508 1378 3533 illius
1432 3512 1459 3533 et
1476 3509 1536 3538 alio,
1557 3509 1583 3533 in
1604 3509 1656 3532 alio
1675 3511 1701 3532 et
1719 3508 1744 3532 in
1764 3507 1817 3532 alio
1837 3507 1950 3535 PCNab;
1972 3514 2019 3538 pro
2037 3505 2121 3535 adsit,
2140 3509 2166 3530 et
2184 3506 2255 3531 adsit
2274 3507 2347 3532 codd.
2366 3515 2419 3533 exc.
2438 3507 2481 3532 BE

325 3557 379 3574 om.
397 3549 471 3574 codd.
490 3555 542 3573 exc.
561 3547 616 3572 EG.

468 3601 535 3634 Opp.
555 3601 586 3625 D.
604 3600 717 3625 Tnomu:
736 3599 767 3623 Τ.
787 3599 814 3623 11.

1433 3543 1543 3575 GHNR;
1562 3547 1588 3568 et
1606 3543 1674 3568 absit
1691 3550 1744 3567 om.
1762 3542 1795 3566 H.

2272 3594 2304 3626 54

2517 741 2525 749 ·
2541 739 2632 767 aliquid
2650 745 2697 762 om.
2713 746 2729 762 Α

2517 772 2641 787 eixmvxv.

2517 1374 2528 1386 ²*
2543 1374 2664 1402 referatur
2677 1374 2729 1396 rab.

2518 1844 2526 1853 *
2541 1843 2588 1864 erit
2601 1842 2653 1864 add.
2668 1843 2702 1864 rh.

2612 2148 2626 2173 δ

2516 2262 2525 2271 '¹
2541 2261 2583 2282 hoc
2599 2267 2646 2282 om.
2658 2260 2728 2282 codd.

2516 2293 2566 2308 exc.
2581 2293 2677 2308 nrm-mn.

2516 2418 2525 2426 '¹
2546 2417 2653 2437 continuo
2670 2421 2726 2443 per-

2517 2442 2634 2464 transitur
2658 2442 2728 2463 codd.

2515 2475 2564 2490 exc.
2578 2475 2614 2490 EG.

2511 3153 2520 3161 '¹
2529 3151 2558 3172 de
2564 3151 2666 3173 omnibus
2673 3158 2722 3174 om.

2510 3184 2648 3200 ΑεικΜτνκγ.
