2898 3996
290 327 457 365 cundum
475 326 729 374 Aristotelem,
750 334 922 364 causatur
945 334 1071 364 motus
1096 326 1344 364 diuturnitatis

287 380 470 425 infinitae3
495 391 573 416 non
596 387 723 416 autem
743 387 869 416 motus
888 379 1094 416 velocitatis
1112 379 1290 416 infinitae.

347 443 404 468 12.
416 431 477 469 Ad
497 439 670 480 quartam
686 432 706 452 *⁸
725 444 818 469 vero
835 431 1120 478 dubitationem,
1133 431 1244 468 solvit
1258 431 1345 467 Ale—

255 477 261 484 ”
287 483 442 531 xander,
462 491 504 521 ut
522 487 712 521 Averroes
732 484 819 520 dicit
841 484 901 520 hic
920 484 958 520 in
978 484 1221 530 Commento,
1242 483 1347 531 quod

290 549 427 585 corpus
465 537 622 573 caeleste
660 536 820 584 acquirit
856 536 1112 573 aeternitatem
1141 548 1163 571 a
1198 542 1345 572 motore

289 596 474 638 separato,
495 589 599 638 quod
628 596 683 625 est
710 588 878 625 infinitae
900 588 1057 635 virtutis,
1078 588 1172 623 sicut
1200 595 1236 624 et
1261 599 1346 635 per-

287 641 507 690 petuitatem
535 649 673 678 motus.
704 641 814 678 Unde
842 640 937 677 sieut
963 652 1041 677 non
1069 646 1124 675 est
1152 651 1197 675 ex
1223 639 1345 676 infini-

288 701 362 730 tate
397 694 564 730 caelestis
602 693 770 741 corporis
798 692 901 742 quod
928 692 967 728 in
1000 698 1227 740 perpetuum
1264 704 1346 728 mo-

148 747 162 772 ?
287 752 421 782 veatur
439 752 464 792 Ρ,
486 745 536 783 ita
555 757 632 783 non
652 752 708 782 est
726 757 771 781 ex
789 744 971 781 infinitate
992 743 1159 792 corporis
1179 744 1346 781 caelestis

289 799 393 847 quod
420 797 459 835 in
485 805 712 847 perpetuum
740 797 863 843 duret3
892 797 960 833 sed
987 803 1190 845 utrumque
1219 805 1275 834 est
1303 809 1347 833 ex

289 850 471 887 infinitate
499 849 656 886 motoris
685 848 856 897 separati.

342 902 452 938 Hanc
470 909 598 939 autem
618 901 907 949 responsionem
921 902 1112 938 Averroes
1130 901 1347 949 improbare

147 955 164 972 ⁶
288 953 414 990 nititur
432 961 468 990 et
487 954 548 990 hic
566 954 604 990 in
629 954 859 990 Commento
879 959 905 1000 ⁷,
927 961 963 990 et
981 954 1019 990 in
1040 955 1091 989 XI
1108 954 1322 1001 Metaphys.
1334 982 1345 998 ,

289 1005 417 1043 dicens
436 1006 540 1054 quod
558 1006 791 1054 impossibile
817 1013 872 1042 est
895 1007 999 1054 quod
1022 1005 1162 1054 aliquid
1181 1005 1348 1054 acquirat

287 1058 576 1107 perpetuitatem
592 1058 740 1096 essendi
751 1059 799 1095 ab
810 1058 895 1104 alio;
906 1058 995 1107 quia
1009 1065 1228 1106 sequeretur
1242 1057 1347 1106 quod

287 1110 328 1147 id
342 1111 445 1159 quod
463 1111 502 1148 in
516 1124 557 1148 se
576 1119 632 1148 est
651 1110 899 1160 corruptibile,
915 1111 1023 1147 fieret
1041 1118 1249 1147 aeternum.
1271 1110 1348 1147 Sed

287 1163 575 1212 perpetuitatem
604 1171 730 1200 motus
761 1170 885 1212 potest
911 1163 1050 1212 aliquid
1079 1163 1273 1212 acquirere
1299 1164 1347 1200 ab

289 1216 422 1252 altero:
439 1228 486 1253 eo
501 1216 606 1264 quod
621 1223 747 1253 motus
763 1224 817 1253 est
831 1223 936 1253 actus
949 1216 1102 1252 mobilis
1116 1228 1139 1252 a
1153 1223 1345 1253 movente.

288 1267 388 1304 Dicit
416 1280 503 1317 ergo
533 1270 636 1317 quod
664 1269 702 1306 in
722 1281 881 1317 corpore
906 1268 1065 1315 caelesti,
1087 1276 1272 1317 quantum
1293 1276 1348 1305 est

290 1319 337 1357 de
366 1333 418 1367 se,
439 1333 517 1358 non
536 1328 592 1358 est
618 1321 743 1370 aliqua
759 1322 779 1342 '¹‘
791 1321 958 1370 potentia
977 1322 1025 1358 ad
1044 1333 1122 1358 non
1142 1333 1236 1367 esse,
1257 1321 1346 1369 quia

289 1372 368 1410 eius
397 1373 623 1411 substantiae
652 1386 730 1411 non
759 1381 814 1410 est
836 1373 976 1422 aliquid
1004 1374 1254 1410 contrarium:
1279 1373 1347 1410 sed

287 1425 327 1462 in
350 1426 434 1474 ipso
454 1433 511 1463 est
525 1426 648 1475 aliqua
665 1426 834 1475 potentia
852 1426 901 1463 ad
920 1425 1098 1474 quietern,
1119 1426 1207 1475 quia
1226 1426 1346 1462 motui

289 1477 368 1515 eius
406 1479 651 1515 contrariatur
686 1479 804 1527 quies.
834 1479 883 1515 Et
918 1478 1007 1515 inde
1036 1486 1090 1515 est
1126 1478 1232 1526 quod
1267 1491 1346 1515 non

287 1529 426 1578 indiget
454 1531 646 1579 acquirere
673 1531 962 1580 perpetuitatem
995 1531 1144 1568 essendi
1172 1532 1220 1568 ab
1249 1531 1345 1568 alio:

287 1582 355 1620 sed
381 1583 668 1632 perpetuitatem
696 1591 824 1620 motus
852 1584 899 1620 ab
928 1583 1001 1620 alio
1030 1583 1223 1631 acquirere
1251 1583 1346 1621 indi-

287 1642 358 1683 get.
380 1635 497 1682 Quod
525 1643 652 1672 autem
679 1636 718 1672 in
748 1648 907 1685 corpore
937 1636 1086 1673 caelesti
1104 1649 1182 1673 non
1210 1636 1256 1673 sit
1283 1637 1346 1673 ali-

287 1700 363 1736 qua
380 1688 547 1737 potentia
566 1688 615 1726 ad
633 1701 712 1726 non
741 1701 833 1735 esse,
855 1700 900 1725 ex
918 1689 992 1724 hoc
1012 1689 1225 1736 contingere
1246 1689 1344 1737 dicit,

287 1741 392 1788 quod
420 1753 557 1790 corpus
581 1741 740 1778 caeleste
769 1741 856 1778 dicit
877 1753 956 1777 non
980 1753 1062 1777 esse
1091 1741 1345 1789 compositum

289 1805 334 1829 ex
361 1794 518 1830 materia
551 1801 587 1830 et
614 1794 737 1830 forma
764 1793 872 1842 quasi
907 1805 951 1829 ex
978 1794 1146 1841 potentia
1175 1801 1211 1830 et
1237 1801 1345 1841 actu;

287 1845 354 1882 sed
383 1845 471 1882 dicit
497 1846 622 1894 ipsum
652 1857 732 1882 esse
760 1845 957 1882 materiam
987 1853 1072 1882 actu
1109 1845 1345 1894 existentem,

289 1905 324 1935 et
351 1898 514 1935 formam
547 1898 627 1935 eius
655 1898 743 1935 dicit
769 1898 937 1935 animam
966 1898 1104 1947 ipsius;
1137 1899 1187 1936 ita
1217 1906 1347 1936 tamen

288 1949 394 1999 quod
417 1963 496 1988 non
524 1950 770 1988 constituatur
800 1951 839 1987 in
868 1963 949 1988 esse
975 1963 1045 1999 per
1071 1952 1248 1998 formam,
1278 1952 1346 1989 sed

288 2003 413 2039 solum
431 2003 471 2040 in
498 2003 658 2041 moveri.
679 2004 728 2040 Et
746 2003 798 2040 sic
827 2003 914 2040 dicit
931 2003 971 2040 in
990 2016 1036 2040 eo
1062 2016 1155 2052 esse,
1177 2017 1255 2041 non
1277 2017 1346 2053 po-

35 2081 55 2083 -
287 2055 443 2092 tentiam
471 2055 519 2092 ad
539 2067 633 2102 esse,
654 2055 723 2092 sed
741 2056 865 2092 solum
890 2055 939 2092 ad
966 2056 1049 2104 ubi,
1079 2056 1173 2094 sicut
1186 2058 1206 2078 '¹‘
1221 2057 1345 2094 Philo-

54 2138 55 2141 ,
108 2113 261 2162 geg-”mm
289 2108 432 2156 sophus
460 2107 548 2145 dicit
574 2108 613 2144 in
640 2109 692 2144 XI
729 2109 944 2156 Metaphys.
968 2109 987 2129 ’²‘

73 2155 259 2219 Ciss‘i’bnffif
347 2161 404 2197 13.
422 2161 499 2197 Sed
517 2161 612 2197 haec
635 2160 772 2197 solutio
792 2168 829 2197 et
846 2160 992 2198 veritati
1020 2168 1212 2209 repugnat,
1234 2169 1270 2198 et
1292 2162 1348 2214 in-¹

49 2222 103 2246 im.
117 2203 163 2246 1i.¹
183 2213 189 2219 '
252 2214 258 2224 ‘
287 2212 444 2249 tentioni
462 2212 682 2250 Aristotelis.
702 2212 856 2250 Veritati
875 2212 1029 2262 quidem
1049 2222 1232 2262 repugnat
1249 2215 1344 2251 mul-

287 2265 477 2314 tipliciter:
499 2273 534 2302 et
551 2265 676 2314 primo
697 2266 786 2313 quia
800 2265 887 2302 dicit
905 2266 1008 2314 quod
1030 2278 1167 2314 corpus
1187 2267 1344 2303 caeleste

286 2329 366 2354 non
386 2318 625 2366 componitur
653 2329 698 2354 ex
725 2318 882 2354 materia
910 2325 947 2354 et
973 2318 1111 2355 forma:
1140 2319 1215 2355 hoc
1243 2319 1344 2356 enim

288 2377 343 2406 est
361 2370 518 2415 omnino
536 2370 781 2419 impossibile.
802 2370 1047 2407 Manifestum
1068 2378 1123 2407 est
1142 2371 1243 2408 enim
1264 2384 1344 2409 cor-

285 2434 357 2471 pus
373 2423 530 2459 caeleste
551 2435 633 2460 esse
652 2423 793 2470 aliquid
811 2431 911 2469 actu;
932 2423 1098 2471 alioquin
1117 2436 1195 2461 non
1213 2436 1344 2462 move-

286 2482 404 2512 retur:
428 2475 534 2524 quod
560 2475 661 2512 enim
681 2483 736 2512 est
762 2475 802 2512 in
827 2476 994 2524 potentia
1013 2483 1171 2523 tantum,
1192 2489 1270 2513 non
1291 2484 1345 2514 est

286 2528 496 2565 subiectum
515 2535 653 2575 motus,
673 2527 776 2573 utin
795 2535 899 2565 sexto
912 2527 1113 2565 *habitum
1133 2537 1198 2566 est.
1221 2530 1344 2578 Opor—

285 2587 337 2616 tet
364 2587 491 2617 autem
520 2592 633 2617 omne
652 2580 758 2629 quod
786 2588 840 2617 est
868 2589 964 2629 actu,
984 2582 1046 2618 vel
1073 2594 1156 2618 esse
1179 2583 1343 2619 formam

286 2632 561 2679 subsistentem,
582 2632 676 2669 sicut
704 2633 931 2670 substantiae
959 2641 1174 2682 separatae3
1198 2635 1259 2671 vel
1278 2636 1344 2672 ha-

286 2685 376 2721 bere
405 2685 568 2722 formam
595 2685 634 2721 in
662 2684 746 2732 alio,
770 2685 875 2733 quod
902 2686 1058 2734 quidem
1086 2699 1127 2723 se
1154 2687 1268 2724 habet
1295 2688 1343 2724 ad

286 2737 451 2774 formam
476 2737 570 2774 sicut
587 2737 755 2784 materia,
777 2745 813 2774 et
831 2738 924 2775 sicut
944 2739 1112 2786 potentia
1136 2740 1184 2776 ad
1204 2747 1342 2777 actum.

286 2790 378 2826 Non
401 2798 527 2827 autem
554 2797 679 2838 potest
707 2790 778 2826 dici
806 2791 911 2838 quod
939 2803 1076 2839 corpus
1114 2793 1271 2828 caeleste
1299 2793 1344 2829 sit

286 2842 410 2879 forma
424 2843 645 2880 subsistens:
667 2842 756 2890 quia
770 2842 822 2879 sic
839 2850 936 2879 esset
950 2843 1179 2880 intellectum
1193 2844 1232 2881 in
1246 2851 1342 2891 actu,

286 2906 365 2932 non
384 2896 522 2932 cadens
546 2895 616 2932 sub
642 2907 756 2932 sensu
783 2907 908 2943 neque
936 2896 1009 2943 sub⁵
1035 2896 1248 2944 quantitate.
1270 2898 1343 2934 Re-

285 2947 464 2996 linquitur
483 2946 570 2996 ergo
591 2949 695 2997 quod
720 2954 774 2984 est
794 2948 1047 2996 compositum
1068 2961 1113 2985 ex
1133 2949 1289 2986 materia
1308 2957 1345 2986 et

287 3000 421 3048 forma,
443 3008 479 3037 et
506 3013 550 3037 ex
566 3002 586 3022 ’⁵'
600 3000 768 3050 potentia
797 3008 832 3037 et
859 3008 961 3046 actu;
992 3009 1028 3038 et
1051 3001 1102 3037 sic
1131 3009 1186 3038 est
1204 3001 1242 3038 in
1260 3001 1342 3050 ipso

42 1320 221 1351 emon„

41 2531 60 2561 ζ’
74 2531 167 2559 passim.

42 3019 50 3038 -ἶ
67 2995 104 3026 ‘a’
116 3010 166 3027 om.
180 3005 234 3027 rab.

53 3042 56 3046 '
71 3067 119 3084 m

120 3095 135 3111 ⁰
288 3106 392 3154 quod
411 3118 548 3154 corpus
568 3106 726 3143 caeleste
754 3118 832 3142 non
851 3106 897 3142 sit
921 3106 1175 3154 compositum
1200 3119 1245 3143 ex
1264 3119 1343 3143 ma-

340 3209 365 3245 ρ)
386 3210 412 3235 in
422 3213 581 3242 perpetuum
594 3214 739 3235 moveatur.
753 3213 937 3242 -perpetuum
956 3215 1093 3236 moveatur
1107 3211 1159 3241 DF,
1174 3211 1200 3235 in
1211 3214 1342 3243 perpetuo

287 3247 424 3270 moveatur
443 3245 489 3276 εΗ,
503 3249 634 3277 perpetuo
653 3248 790 3270 moveatur
809 3250 855 3270 cet.
875 3253 927 3270 exe.
946 3246 1100 3278 EGRpHO,
1119 3246 1163 3278 qui
1183 3254 1241 3270 cum
1260 3253 1276 3270 α
1295 3246 1342 3270 lac.

286 3279 389 3304 habent.

340 3315 365 3346 σ)
385 3317 411 3339 et
429 3314 471 3339 hic
485 3315 511 3339 in
534 3315 692 3340 Commenta.
705 3329 724 3334 —
737 3318 762 3339 et
780 3315 828 3340 hoc
847 3315 872 3339 in
895 3315 1047 3339 Commento
1066 3315 1203 3340 DEMRST
1205 3316 1236 3345 V,
1250 3315 1276 3340 in
1295 3316 1343 3340 hoc

290 3350 442 3374 Commento
461 3349 523 3374 Pab.
537 3363 555 3368 -
568 3350 619 3374 Pro
637 3350 670 3374 ab
688 3350 749 3377 alio,
762 3350 795 3374 ab
813 3350 902 3382 aliquo
921 3350 983 3374 Pab.
996 3364 1014 3368 —
1026 3349 1063 3374 Ibi
1077 3350 1131 3374 Sed
1138 3351 1342 3382 perpetuitatem

288 3387 374 3409 motus
387 3387 478 3416 potest
494 3384 603 3416 aliquid,
620 3385 755 3417 EFGNpH
775 3389 941 3416 corrumpunt
958 3385 1005 3409 sed
1029 3385 1054 3409 in
1076 3385 1232 3414 secundum,
1253 3390 1278 3410 et
1296 3393 1344 3418 pro

282 3422 373 3451 potest
391 3418 486 3443 habent
504 3419 573 3444 unde
580 3422 683 3451 potes&
701 3420 747 3444 sed
765 3419 828 3444 haec
842 3420 916 3444 lectio
935 3427 987 3444 non
1003 3419 1080 3444 habet
1098 3427 1213 3445 sensum.
1229 3420 1278 3444 Pro
1291 3427 1342 3452 po-

289 3457 347 3485 test,
362 3454 425 3479 bene
438 3457 529 3486 potest
546 3454 665 3485 BRZsH;
685 3462 732 3487 pro
751 3454 859 3486 aIIquid,
873 3454 968 3486 aliquis
987 3455 1104 3480 PlXZab.

341 3489 366 3521 τ)
385 3489 478 3514 sicut...
492 3492 584 3520 posset
607 3496 662 3514 esse
686 3489 737 3514 nisi
762 3497 823 3514 una.
842 3503 860 3508 -
878 3490 934 3514 Hoc
958 3497 1011 3514 om.
1034 3490 1178 3523 AEGIZpO
1203 3495 1228 3514 et
1245 3497 1278 3519 a;
1296 3497 1343 3522 pro

282 3527 382 3556 posset,
399 3531 449 3548 non
464 3524 551 3555 possit
569 3525 617 3556 pB,
631 3531 683 3549 non
697 3527 787 3556 potest
805 3525 878 3556 NpH,
894 3531 944 3549 non
959 3527 1050 3556 posset
1069 3530 1115 3549 cet.
1136 3532 1188 3550 exc.
1204 3525 1273 3550 CsO.

342 3559 367 3593 u)
389 3559 418 3583 In
434 3559 506 3584 omni
523 3566 588 3592 ergo
606 3560 753 3584 substantia
772 3563 1009 3592 quantumcumque
1026 3560 1145 3592 simplici.
1159 3574 1178 3578 —
1192 3560 1266 3592 Ergo
1284 3560 1343 3585 sub-

430 3612 499 3645 Opp.
519 3612 550 3636 D.
565 3612 677 3636 Tuomst:
697 3612 728 3636 T.
748 3612 776 3636 11.

1118 249 1228 285 CAP.
1258 250 1310 296 x,
1341 244 1491 286 LECT.
1521 250 1609 286 xxi

2378 264 2454 299 449

1398 326 1490 362 teria
1506 334 1542 363 et
1556 327 1689 374 forma,
1702 327 1826 364 adhuc
1842 334 1990 376 oportet
2009 328 2047 364 in
2066 328 2147 376 ipso
2166 340 2309 376 ponere
2329 329 2454 377 aliquo

1398 379 1516 415 modo
1534 379 1553 399 '⁸
1568 379 1775 427 potentiam
1796 380 1956 417 essendi.
1977 382 2143 417 Necesse
2162 389 2216 417 est
2232 381 2332 421 enim
2352 381 2456 430 quod

1400 431 1524 467 omnis
1552 432 1756 468 substantia
1784 432 1943 481 simplex
1971 433 2190 480 subsistens,
2214 434 2275 470 vel
2303 434 2385 482 ipsa
2413 434 2457 470 sit

1400 495 1512 520 suum
1542 495 1635 530 esse,
1657 485 1718 521 vel
1746 485 1941 533 participet
1969 498 2061 522 esse.
2085 486 2300 522 Substantia
2329 494 2455 523 autem

1400 535 1558 584 simplex
1583 548 1678 584 quae
1708 544 1763 573 est
1789 537 1914 585 ipsum
1944 550 2025 574 esse
2053 538 2269 585 subsistens,
2291 551 2369 575 non
2387 551 2456 587 po-

1400 595 1470 624 test
1490 600 1571 625 esse
1594 589 1664 625 nisi
1690 601 1778 636 una,
1799 589 1894 626 sicut
1912 602 1983 626 nec
2002 590 2148 637 albedo,
2171 591 2200 626 si
2222 598 2318 627 esset
2337 591 2456 628 subsi-

1400 648 1513 687 stens,
1537 649 1665 688 posset
1684 653 1765 678 esse
1785 641 1855 678 nisi
1873 654 1950 678 una
1969 648 1994 678 ⁷.
2017 643 2152 679 Omnis
2173 655 2262 690 ergo
2287 644 2457 680 substan-

1400 693 1450 729 tia
1469 705 1566 741 quae
1590 701 1645 729 est
1662 701 1749 742 post
1775 694 1938 742 primam
1968 695 2212 731 substantiam
2233 695 2454 744 simplicem,

1399 745 1596 794 participat
1619 758 1712 782 esse.
1743 747 1870 782 Omne
1899 754 2024 783 autem
2051 747 2277 796 participans
2300 759 2456 797 compo-

1400 798 1499 834 nitur
1520 810 1563 834 ex
1581 798 1825 847 participante
1855 806 1891 835 et
1915 799 2149 848 participato,
2172 807 2208 836 et
2229 801 2456 849 participans

1401 858 1457 886 est
1491 850 1530 886 in
1560 851 1727 898 potentia
1760 851 1807 888 ad
1840 851 2113 900 participatum.
2154 853 2196 888 In
2229 853 2333 889 omni
2367 865 2456 901 ergo

1401 903 1606 942 substantia
1621 903 1971 952 quantumcumque
1987 904 2143 952 simplici
2157 910 2181 951 ⁰,
2192 912 2279 953 post
2292 905 2456 953 primam

1401 955 1646 992 substantiam
1670 956 1890 1004 simplicem,
1913 964 1967 992 est
1984 957 2151 1004 potentia
2173 958 2330 994 essendi.
2347 978 2370 985 —
2382 959 2456 1003 De-

1401 1014 1532 1054 ceptus
1552 1015 1678 1044 autem
1706 1008 1773 1044 fuit
1790 1021 1859 1056 per
1882 1010 2235 1057 aequivocationem
2253 1010 2455 1058 potentiae.

1400 1060 1504 1095 Nam
1522 1060 1689 1107 potentia
1708 1061 1938 1108 quandoque
1967 1061 2099 1098 dicitur
2123 1062 2228 1109 quod
2249 1075 2289 1098 se
2309 1063 2423 1099 habet
2441 1068 2456 1092 Ρ

1401 1111 1449 1148 ad
1469 1111 1652 1160 opposita.
1674 1113 1722 1148 Et
1749 1113 1823 1149 hoc
1842 1114 2048 1150 excluditur
2067 1126 2089 1150 a
2109 1126 2267 1163 corpore
2296 1115 2455 1162 caelesti,

1401 1170 1438 1200 et
1456 1176 1478 1200 a
1497 1164 1711 1200 substantiis
1731 1164 1962 1212 simplicibus
1981 1167 2176 1214 separatis:
2198 1167 2285 1215 quia
2303 1179 2382 1203 non
2403 1175 2458 1204 est

1400 1216 1439 1252 in
1455 1216 1508 1252 eis
1526 1216 1694 1264 potentia
1709 1218 1756 1253 ad
1772 1230 1850 1253 non
1871 1230 1962 1264 esse,
1979 1219 2189 1255 secundum
2208 1219 2456 1256 intentionem

1400 1268 1618 1315 Aristotelis3
1637 1281 1683 1305 eo
1703 1269 1807 1318 quod
1827 1270 2052 1306 substantiae
2073 1271 2260 1319 simplices
2279 1279 2365 1308 sunt
2384 1272 2456 1308 for-

1401 1333 1486 1358 mae
1506 1329 1663 1369 tantum,
1684 1322 1829 1358 formae
1850 1329 1980 1359 autem
2001 1335 2070 1371 per
2096 1336 2135 1359 se
2162 1324 2337 1360 convenit
2356 1337 2455 1370 esse;

1400 1374 1557 1410 materia
1576 1381 1702 1411 autem
1722 1374 1889 1423 corporis
1911 1375 2076 1412 caelestis
2100 1388 2177 1412 non
2194 1383 2250 1412 est
2267 1376 2306 1413 in
2325 1384 2457 1425 poten-

1399 1426 1450 1462 tia
1468 1427 1517 1463 ad
1536 1426 1647 1463 aliam
1667 1427 1842 1464 formam.
1866 1427 1969 1464 Sicut
1988 1428 2090 1464 enim
2107 1430 2125 1447 ἦ·
2142 1440 2279 1476 corpus
2299 1430 2456 1466 caeleste

1401 1486 1640 1527 comparatur
1659 1479 1707 1516 ad
1722 1492 1829 1516 suam
1846 1480 2020 1527 figuram,
2038 1480 2144 1517 cuius
2161 1489 2215 1517 est
2234 1481 2455 1530 subiectum,

1398 1539 1440 1568 ut
1453 1531 1620 1580 potentia
1638 1532 1688 1569 ad
1707 1539 1844 1580 actum,
1863 1539 1897 1569 et
1914 1540 2043 1569 tamen
2062 1545 2140 1570 non
2157 1541 2281 1581 potest
2300 1546 2378 1571 non
2392 1535 2457 1571 ha-

1399 1585 1488 1621 bere
1516 1585 1630 1621 talem
1649 1585 1829 1632 figuram:
1849 1585 1899 1622 ita
1926 1585 2083 1622 materia
2103 1586 2269 1634 corporis
2290 1587 2458 1624 caelestis

1400 1644 1639 1685 comparatur
1649 1638 1698 1674 ad
1712 1638 1826 1674 talem
1841 1638 2004 1674 formam
2018 1646 2060 1674 ut
2072 1638 2241 1686 potentia
2255 1639 2304 1676 ad
2318 1647 2456 1687 actum,

1400 1696 1436 1725 et
1458 1696 1587 1726 tamen
1614 1690 1634 1710 ²¹²
1662 1702 1741 1727 non
1774 1698 1828 1727 est
1859 1691 1898 1727 in
1929 1691 2097 1738 potentia
2125 1691 2173 1728 ad
2204 1691 2457 1739 privationem

1399 1741 1511 1778 huius
1530 1743 1688 1790 formae,
1708 1743 1770 1780 vel
1798 1743 1847 1780 ad
1874 1755 1953 1779 non
1972 1756 2065 1780 esse.
2095 1744 2186 1780 Non
2207 1744 2307 1780 enim
2332 1745 2457 1781 omnis

1398 1794 1578 1842 potentia·
1598 1803 1653 1831 est
1681 1795 1961 1844 oppositorum:
1986 1796 2151 1844 alioquin
2177 1796 2356 1845 possibile
2379 1810 2458 1834 non

1400 1855 1619 1895 sequeretur
1646 1847 1694 1884 ad
1722 1860 1888 1895 necesse,
1910 1848 2004 1885 sicut
2024 1848 2157 1885 dicitur
2178 1849 2216 1885 in
2237 1850 2268 1885 II
2288 1850 2457 1886 Periher-

1400 1900 1563 1936 meneias
1584 1901 1614 1936 ’¹5
1636 1921 1659 1927 -
1679 1901 1748 1937 Est
1776 1900 1888 1937 etiam
1918 1900 1996 1937 eius
2020 1901 2157 1950 positio
2187 1909 2316 1938 contra
2339 1902 2457 1939 inten-

1399 1952 1542 1989 tionem
1562 1953 1780 2000 Aristotelis,
1801 1953 1866 2002 qui
1893 1953 1932 1990 in
1960 1954 1974 1989 I
2001 1955 2045 1990 de
2073 1953 2184 1990 Caelo
2201 1956 2219 1975 *³²
2234 1954 2273 1991 in
2292 1955 2458 2003 quadam

1400 2005 1720 2042 demonstratione
1734 2005 1848 2042 utitur
1868 2006 1970 2054 quod
1991 2018 2128 2054 corpus
2144 2007 2300 2043 caeleste
2320 2008 2459 2044 habeat

1397 2057 1605 2105 potentiam
1632 2059 1708 2096 vel.
1722 2058 1902 2096 virtutem
1922 2059 1969 2095 ad
1992 2059 2065 2095 hoc
2094 2059 2198 2106 quod
2222 2059 2267 2095 sit
2295 2071 2456 2108 semper.

1399 2110 1490 2146 Non
1516 2117 1642 2158 potest
1676 2123 1764 2158 ergo
1794 2111 1956 2148 evadere
1988 2111 2261 2148 inconveniens
2287 2124 2356 2160 per
2382 2113 2457 2149 hoc

1399 2162 1502 2210 quod
1531 2162 1618 2199 dicit
1644 2164 1748 2210 quod
1776 2163 1815 2199 in
1843 2175 2002 2211 corpore
2023 2164 2172 2200 caelesti
2200 2177 2279 2201 non
2308 2172 2363 2201 est
2389 2177 2457 2213 po-

1397 2214 1512 2251 tentia
1531 2219 1548 2240 ⁷⁶
1569 2215 1738 2252 essendi:
1768 2215 1842 2251 hoc
1871 2215 1972 2252 enim
2001 2224 2056 2252 est
2082 2217 2280 2253 manifeste
2308 2218 2456 2265 falsum,

1399 2274 1435 2302 et
1463 2273 1593 2303 contra
1620 2267 1868 2304 intentionem
1895 2267 2114 2305 Aristotelis.

1457 2331 1514 2365 14.
1543 2319 1750 2357 Videamus
1776 2332 1864 2367 ergo
1883 2327 2010 2357 utrum
2040 2321 2307 2358 convenienter
2334 2322 2457 2371 impu-

1397 2379 1485 2419 gnet
1514 2372 1740 2409 solutionem
1763 2373 1976 2420 Alexandri,
1998 2373 2062 2422 qui
2082 2373 2168 2410 dicit
2195 2375 2300 2422 quod
2319 2386 2456 2423 corpus

1399 2425 1556 2461 caeleste
1585 2425 1741 2472 acquirit
1760 2425 2014 2462 aeternitatem
2033 2426 2080 2462 ab
2101 2426 2185 2463 alio.
2215 2427 2325 2463 Esset
2343 2427 2456 2475 siqui-

1399 2477 1488 2513 dem
1504 2477 1734 2514 conveniens
1754 2477 1833 2514 eius
1855 2478 2094 2526 improbatio,
2111 2478 2140 2515 si
2155 2479 2367 2516 Alexander
2386 2492 2454 2528 po-

1398 2529 1530 2566 suisset
1550 2530 1653 2578 quod
1674 2543 1810 2579 corpus
1831 2532 1989 2567 caeleste
2013 2531 2060 2568 de
2084 2543 2124 2567 se
2143 2531 2298 2567 haberet
2322 2540 2454 2580 poten-

1397 2582 1487 2618 tiam
1503 2582 1551 2619 ad
1572 2594 1652 2619 esse
1673 2590 1709 2619 et
1727 2595 1805 2620 non
1824 2595 1918 2630 esse,
1939 2590 1975 2619 et
1994 2583 2201 2632 acquireret
2220 2583 2266 2620 ab
2283 2584 2354 2621 alio
2371 2597 2453 2622 esse

1398 2647 1559 2683 semper.
1585 2636 1634 2671 Et
1661 2636 1735 2671 hoc
1759 2635 1842 2672 dico
1872 2635 2065 2684 supposita
2092 2636 2297 2672 intentione
2324 2636 2452 2685 ipsius,

1396 2694 1438 2724 ut
1452 2699 1531 2724 non
1551 2687 1794 2724 excludamus
1814 2688 2126 2736 omnipotentiam
2146 2688 2229 2735 Dei,
2248 2701 2317 2736 per
2336 2701 2452 2737 quam

1397 2740 1635 2787 corruptibile
1671 2741 1742 2777 hoc
1771 2747 1893 2788 potest
1930 2741 2082 2777 induere
2119 2742 2452 2789 incorruptionem:

1397 2792 1503 2840 quod
1530 2805 1631 2830 nunc
1652 2793 1835 2830 discutere
1896 2795 1943 2831 ad
1970 2794 2208 2842 propositum
2236 2806 2313 2830 non
2341 2794 2452 2842 perti-

1397 2851 1471 2881 net.
1503 2845 1580 2882 Sed
1611 2852 1741 2882 tamen
1774 2848 1983 2892 Averroes,
2014 2847 2126 2882 etiam
2154 2858 2221 2882 sua
2248 2846 2452 2884 intentione

1397 2897 1611 2946 supposita,
1638 2911 1715 2935 non
1742 2906 1866 2946 potest
1894 2899 2118 2935 concludere
2145 2906 2274 2935 contra
2291 2900 2452 2936 Alexan-

1398 2949 1520 2997 drum,
1542 2950 1606 2998 qui
1625 2963 1703 2987 non
1721 2951 1847 2999 posuit
1865 2952 1967 2999 quod
1989 2964 2125 3000 corpus
2150 2953 2307 2988 caeleste
2327 2952 2452 3000 acqui-

1397 3010 1453 3038 rat
1480 3003 1738 3040 aeternitatem
1766 3004 1814 3040 ab
1843 3004 1934 3051 alio,
1964 3005 2070 3053 quasi
2091 3004 2136 3041 de
2158 3017 2197 3040 se
2217 3005 2361 3041 habens
2384 3017 2452 3052 po-

137 3068 184 3086 om.
202 3069 261 3085 nm
287 3053 576 3101 quodammodo
603 3053 770 3102 potentia
798 3053 846 3090 ad
870 3066 948 3090 non
970 3055 988 3074 ἧς
1009 3066 1138 3090 esse.-
1155 3055 1232 3091 Sed
1255 3055 1342 3091 dato
1397 3054 1551 3092 tentiam
1571 3055 1619 3092 ad
1639 3068 1721 3092 esse
1742 3063 1777 3092 et
1795 3069 1873 3093 non
1894 3069 1987 3104 esse,
2004 3057 2071 3093 sed
2091 3057 2197 3104 quasi
2216 3069 2294 3093 non
2308 3057 2451 3093 habens

1397 3119 1420 3143 a
1433 3107 1453 3127 ³³²
1467 3120 1508 3143 se
1528 3120 1621 3144 esse.
1653 3109 1780 3145 Omne
1810 3109 1910 3145 enim
1930 3109 2034 3156 quod
2053 3121 2131 3145 non
2151 3116 2205 3145 est
2224 3121 2335 3145 suum
2356 3121 2450 3157 esse,

1397 3212 1497 3236 stantia
1524 3215 1761 3244 quantumcumque
1779 3212 1894 3244 simplex
1916 3212 2034 3241 PEGab,
2056 3212 2101 3236 sed
2121 3212 2144 3236 G
2163 3217 2221 3236 ante
2239 3219 2302 3245 ergo
2321 3212 2378 3237 hab.
2400 3221 2450 3238 ras.

1397 3247 1473 3271 unius
1492 3247 1589 3271 litterae
1606 3247 1647 3271 vel
1663 3248 1770 3271 duarum
1776 3255 1783 3278 ;
1802 3247 1884 3271 Nulla
1902 3254 1966 3280 ergo
1980 3247 2126 3272 substantia
2139 3250 2375 3279 quantumcumque
2389 3249 2451 3272 sim-

1392 3281 1461 3313 plex
1479 3282 1500 3306 N
1521 3286 1546 3306 et
1563 3287 1591 3306 ut
1608 3282 1707 3306 videtur
1725 3283 1776 3314 pH.

1451 3315 1479 3349 φ)
1493 3317 1616 3348 potentia
1634 3317 1790 3348 quandoque
1809 3317 1907 3341 dicitur
1925 3316 1996 3348 quod
2013 3323 2040 3341 se
2058 3316 2142 3341 habet.
2160 3330 2179 3335 -
2197 3317 2295 3342 dicitur
2318 3325 2370 3341 om.
2390 3318 2450 3349 EG,

1398 3351 1497 3376 dicitur
1515 3352 1586 3385 quod
1603 3359 1655 3376 om.
1672 3351 1738 3380 Palm
1756 3359 1803 3383 pro
1821 3351 1898 3382 quod,
1914 3358 1980 3383 quae
1997 3351 2230 3382 ABDIKLMSTV;
2249 3352 2366 3376 addimus
2386 3353 2453 3378 dici-

1397 3389 1443 3410 tur
1460 3387 1538 3418 quod,
1553 3386 1613 3419 quia
1626 3387 1809 3417 correspondet
1826 3386 1943 3417 superius
1960 3386 2025 3410 dicto
2039 3393 2091 3417 per
2103 3386 2341 3418 aequivocationem
2356 3391 2451 3419 poten-

1397 3420 1457 3449 tiae,
1473 3426 1499 3446 et
1517 3422 1539 3446 ei
1558 3421 1628 3453 quod
1647 3421 1792 3445 immediate
1811 3421 1933 3453 sequitur,
1947 3421 1982 3445 Et
2000 3421 2048 3446 hoc
2066 3421 2227 3446 excluditur.

1450 3455 1479 3490 χ)
1499 3456 1525 3480 ἰη
1544 3463 1655 3487 corpore
1672 3455 1778 3480 caelesti
1796 3462 1846 3480 non
1866 3459 1908 3480 est,
1918 3456 2047 3487 potentia.
2061 3469 2080 3474 -
2094 3457 2128 3481 lta
2147 3457 2221 3481 codd.
2227 3465 2234 3487 ;
2255 3464 2301 3488 pro
2314 3458 2450 3488 potentia,

1393 3490 1530 3522 potentiae
1548 3491 1588 3515 ed.
1601 3498 1625 3520 a,
1640 3491 1666 3515 in
1681 3490 1802 3521 potentia
1821 3490 1878 3515 edd.
1897 3491 1911 3515 b
1931 3495 1956 3515 et
1974 3491 2064 3516 Venet.
2088 3490 2165 3523 1504;
2186 3491 2234 3516 hoc
2253 3491 2382 3524 corrigunt
2400 3493 2451 3517 Ve-

1398 3530 1450 3550 net.
1468 3525 1532 3557 1545
1551 3530 1576 3550 et
1595 3530 1746 3557 sequentes:
1765 3532 1859 3557 corpus
1883 3526 1992 3550 caeleste
2011 3533 2061 3550 non
2086 3529 2124 3551 est
2149 3526 2174 3550 in
2194 3527 2324 3558 potentia.
2343 3527 2450 3552 Locutio

1399 3560 1473 3585 codd.
1487 3561 1587 3585 videtur
1599 3560 1680 3592 magis
1699 3561 1809 3592 propria.
1824 3560 1862 3585 Cf.
1877 3561 1952 3585 etiam
1971 3568 2042 3585 num.
2055 3569 2139 3593 praec.
2151 3560 2210 3586 fine.

2312 3621 2343 3645 ³7

2485 388 2493 396 ⁴
2511 388 2682 434 {uodammodo

2483 420 2512 435 pa
2530 430 2535 435 .

2484 1438 2493 1446 ·
2508 1442 2565 1464 ergo
2579 1443 2634 1464 urz,
2650 1437 2694 1459 lac.

2483 1469 2504 1489 a,
2520 1469 2567 1484 orn.
2582 1469 2597 1484 a
2612 1467 2634 1485 et
2650 1467 2694 1485 cet.

2484 1495 2532 1510 exc.
2547 1495 2569 1510 L.

2485 1700 2494 1708 ·
2509 1700 2586 1720 tamen
2606 1704 2653 1720 om.
2668 1705 2696 1720 Pr.

2484 1725 2537 1746 cab.

2484 1913 2494 1924 ⁸
2508 1911 2560 1933 Did.
2575 1912 2615 1933 lib.
2626 1913 2696 1934 unico

2484 1943 2695 1991 ffaghxgukgogfiss

2486 1971 2693 2012 &Tiuffiectssxxvnl

2479 2800 2488 2809 ¹
2508 2799 2586 2820 dicere
2598 2806 2612 2821 n
2621 2816 2627 2826 ,
2642 2800 2690 2821 dis-

2479 2831 2576 2847 cernere
2591 2833 2619 2853 n,
2640 2826 2690 2847 dis-

2479 2858 2559 2873 serere
2574 2856 2616 2874 cet.

2479 3115 2487 3123 '¹
2502 3119 2531 3134 ex
2544 3113 2579 3135 Pb.
