2898 3996
181 1196 189 1203 ”’
205 1192 270 1214 canis
287 1198 391 1213 uem-cim

180 1225 222 1241 ORZ
227 1235 231 1240 .

181 1248 189 1255 ¹
209 1250 280 1272 equus
302 1250 390 1266 BCDFGH

180 1277 260 1293 NORVZ.

181 1659 190 1666 ’
205 1657 275 1679 Num.
290 1663 338 1684 seq.

180 1870 188 1877 '
209 1870 231 1888 el
252 1872 299 1888 om.
323 1867 392 1888 codd.

180 1898 202 1916 et
215 1900 238 1915 a.

185 2131 193 2139 ·
209 2129 241 2151 Ca
261 2135 301 2155 .1‚
317 2136 339 2151 n.
354 2135 395 2157 3.—

184 2156 238 2177 S.T
256 2172 270 2182 .,
286 2156 336 2177 lect.
347 2162 362 2177 1.

184 2189 192 2195 ·
209 2187 267 2207 nihil
286 2193 376 2208 unorum
387 2204 392 2214 ,

183 2219 229 2233 non
245 2219 271 2238 Q.

187 2994 193 2999 .
210 2975 241 2997 Ca
260 2989 265 2995 .
277 2981 306 2998 iv,
315 2981 337 2996 n.
346 2975 376 2996 16.
385 2984 396 2990 -

185 3001 238 3023 §.T
247 3008 270 3025 ι.,
286 3002 335 3022 lect.
346 3007 376 3022 ix.

189 3238 197 3244 ⁹
208 3235 291 3256 ascitur
300 3237 350 3258 cdd.
359 3242 372 3257 a
384 3238 396 3258 b

187 3265 208 3282 ct
224 3263 288 3283 codd.
309 3269 358 3284 exc.
373 3270 394 3284 G.

423 270 496 305 388

420 346 513 382 sicut
533 357 668 393 corpus
688 344 910 390 humanum,
942 350 976 379 et
1005 350 1205 379 moveatur
1223 354 1383 389 sursum,
1406 342 1474 378 erit

419 406 546 435 motus
564 397 750 434 violentus
770 403 952 444 quantum
973 394 1021 431 ad
1042 407 1199 443 corpus:
1229 394 1259 431 si
1277 407 1370 431 vero
1390 407 1474 430 mo-

182 460 191 469 *
211 459 317 486 corporis
335 463 391 482 Ριατ
418 458 550 487 veatur
578 449 766 494 deorsum,
788 447 855 484 erit
872 454 998 483 motus
1018 446 1195 495 corpori*
1214 447 1401 483 naturalis.
1433 446 1472 483 Si

181 485 227 506 xab
232 501 240 511 ,
268 489 392 511 corporum

419 511 545 540 autem
573 509 696 538 essent
723 500 847 548 aliqua
875 499 1051 536 animalia
1079 511 1238 547 corpore
1267 511 1398 544 aerea,
1432 506 1472 534 ut

419 555 572 604 quidam
587 552 768 590 Platonici
787 559 1003 601 posuerunt,
1022 551 1068 588 de
1087 551 1156 588 illis
1172 558 1270 588 esset
1285 564 1305 588 e
1326 558 1471 587 contra-

418 609 473 644 rio
494 605 741 643 dicendum-
759 604 935 641 Secundo
955 603 1167 640 manifestat
1193 603 1350 652 qualiter
1367 603 1471 640 inve-

418 659 540 696 niatur
576 666 700 694 motus
736 656 923 694 violentus
956 663 993 692 et
1025 656 1202 693 naturalis
1230 656 1269 693 in
1297 656 1340 692 iis
1374 667 1470 704 quae

417 718 621 748 moventur
639 711 686 747 ab
706 709 789 746 alio.
820 710 868 746 Et
893 708 979 746 dicit
997 709 1101 757 quod
1124 709 1262 745 horum
1282 709 1471 757 quaedam

418 770 620 801 moventur
647 762 856 799 secundum
883 768 1066 808 naturam,
1087 768 1128 797 ut
1146 760 1239 808 ignis
1267 773 1416 797 sursum
1437 767 1473 796 et

417 824 514 853 terra
544 816 742 852 deorsum:
773 813 959 862 quaedam
977 825 1070 850 vero
1096 821 1197 850 extra
1218 820 1402 859 naturam,
1432 819 1473 849 ut

417 877 514 905 terra
534 879 681 904 sursum
697 874 732 903 et
746 865 866 914 igniss³
879 867 1068 913 deorsum,
1090 865 1151 914 qui
1174 873 1230 902 est
1245 873 1371 902 motus
1389 865 1470 902 vio-

417 922 576 958 lentus-
588 920 716 956 Tertio
732 919 838 967 ponit
852 918 966 955 alium
983 918 1142 955 modum
1158 918 1374 955 innaturalis
1389 930 1472 954 mo·

418 981 476 1010 tus
504 973 542 1009 in
570 972 812 1009 animalibus:
843 971 1050 1007 secundum
1079 970 1216 1007 scilicet
1244 971 1349 1019 quod
1377 971 1472 1007 mul-

418 1026 526 1062 toties
549 1033 673 1074 partes
693 1023 913 1060 animalium
942 1031 1146 1060 moventur
1166 1030 1267 1060 extra
1286 1031 1471 1070 naturam,

419 1078 448 1114 si
469 1077 751 1114 considerentur
780 1076 941 1113 rationes
962 1083 998 1112 et
1017 1076 1122 1113 modi
1142 1076 1319 1113 naturalis
1347 1084 1472 1112 motus

418 1131 456 1166 in
484 1130 650 1178 partibus
670 1129 904 1174 animalium
929 1128 1022 1165 sicut
1040 1129 1159 1165 homo
1180 1129 1333 1166 brachia
1360 1128 1475 1165 flectit

418 1183 466 1219 ad
482 1182 656 1229 anterius,
673 1181 781 1218 tibias
800 1189 928 1218 autern
944 1181 992 1218 ad
1006 1181 1208 1230 posterius;
1226 1194 1338 1219 canes
1350 1181 1369 1202 ’¹‘
1380 1194 1472 1219 vero

419 1242 454 1271 et
483 1235 602 1284 equi*
622 1242 658 1271 et
676 1234 893 1271 huiusmodi
921 1233 1096 1271 animalia
1125 1234 1329 1271 anteriores
1356 1234 1474 1283 pedes

419 1287 467 1324 ad
503 1287 709 1336 posterius,
747 1286 975 1335 posteriores
1003 1299 1095 1323 vero
1135 1287 1182 1324 ad
1221 1287 1394 1324 anterius.
1435 1286 1474 1323 Si

418 1347 546 1377 autem
573 1340 640 1377 fiat
668 1346 793 1376 motus
822 1339 860 1376 in
888 1339 1113 1376 animalibus
1140 1352 1209 1388 per
1233 1340 1472 1387 contrarium,

419 1392 486 1429 erit
514 1400 640 1429 motus
667 1392 855 1429 violentus
883 1399 920 1428 et
948 1399 1048 1429 extra
1076 1399 1261 1428 naturam.

470 1457 507 1492 4.
538 1444 685 1481 Deinde
715 1457 802 1480 curn
830 1444 932 1481 dicit:
961 1445 1010 1481 Et
1037 1445 1204 1481 maxime
1222 1446 1368 1482 moveri
1385 1452 1473 1492 etc.,

418 1498 554 1546 probat
582 1510 695 1534 omne
725 1497 829 1545 quod
853 1504 1048 1544 movetur,
1078 1498 1126 1534 ab
1147 1497 1218 1534 alio
1238 1498 1397 1535 moveri.
1427 1499 1476 1535 Et

418 1550 540 1599 primo
562 1550 724 1586 ostendit
742 1549 780 1586 in
799 1550 936 1597 quibus
957 1549 1002 1586 sit
1021 1550 1279 1596 manifestum3
1307 1550 1474 1587 secundo

419 1602 581 1639 ostendit
609 1603 654 1639 de
684 1602 727 1638 iis
756 1602 793 1638 in
822 1602 958 1650 quibus
989 1610 1042 1639 est
1071 1602 1250 1649 dubium,
1285 1602 1356 1640 ibi:
1386 1604 1476 1640 Ma-

417 1656 520 1692 xime
537 1660 661 1692 autem
681 1655 899 1691 dubitatur*
912 1662 980 1692 etc.
1002 1655 1154 1692 Relictis
1174 1662 1300 1692 autem
1314 1656 1358 1693 iis
1379 1669 1476 1705 quae

419 1715 622 1744 moventur
639 1720 707 1756 per
735 1707 920 1754 accidens,
947 1708 1035 1756 quia
1053 1708 1135 1756 ipsa
1162 1721 1241 1745 non
1261 1716 1475 1756 moventur,

419 1761 486 1797 sed
515 1761 686 1797 dicuntur
714 1760 862 1797 moveri
900 1773 945 1797 ex
974 1773 1020 1797 eo
1049 1761 1153 1809 quod
1190 1761 1378 1810 quaedam
1407 1761 1478 1798 alia

420 1821 639 1850 moventur:
669 1813 764 1849 inter
792 1825 836 1849 ea
864 1825 960 1861 quae
989 1825 1057 1861 per
1084 1826 1124 1850 se
1153 1821 1366 1859 moventur,
1397 1826 1477 1850 ma—

419 1866 518 1902 xime
552 1865 590 1902 in
615 1865 672 1902 his
701 1877 798 1914 quae
827 1873 1031 1902 moventur
1059 1877 1127 1913 per
1153 1866 1372 1902 violentiam
1401 1874 1437 1902 et
1459 1868 1478 1887 ’³⁴

422 1926 523 1954 extra
542 1925 726 1964 naturam,
757 1918 998 1955 manifestum
1019 1925 1072 1954 est
1091 1918 1195 1967 quod
1214 1918 1251 1955 id
1271 1919 1376 1967 quod
1396 1931 1479 1956 mo-

420 1978 539 2016 vetur,
556 1971 603 2007 ab
619 1970 690 2007 alio
712 1977 898 2007 movetur.
921 1970 1164 2007 Manifestum
1181 1978 1235 2007 est
1254 1971 1355 2008 enim
1375 1972 1479 2019 quod

423 2035 466 2059 ea
485 2035 582 2072 quae
601 2035 670 2071 per
687 2022 906 2059 violentiam
926 2030 1139 2069 moventur,
1156 2024 1203 2060 ab
1224 2023 1296 2060 alio
1320 2036 1479 2061 moven-

421 2083 491 2122 tur,
517 2087 560 2112 ex
579 2075 662 2124 ipsa
679 2075 833 2111 violenti
858 2075 1088 2112 definitione.
1116 2076 1184 2112 Est
1213 2076 1313 2112 enim
1334 2076 1480 2114 violen-

421 2134 512 2175 tum,
532 2135 573 2164 ut
593 2127 724 2164 dicitur
738 2127 776 2164 in
792 2129 840 2164 III
860 2128 1090 2174 Ethicorum,
1102 2129 1122 2149 ³st
1133 2128 1237 2165 cuius
1256 2129 1480 2178 principium

423 2188 477 2217 est
497 2188 608 2227 extra,
625 2180 675 2216 nil
688 2180 931 2217 *conferente
951 2180 1029 2217 vim
1048 2193 1173 2229 passo.
1195 2182 1286 2217 Post
1300 2181 1368 2218 ista
1386 2194 1478 2218 vero

422 2245 519 2280 quae
553 2241 754 2269 moventur
780 2244 849 2281 per
879 2232 1114 2280 violentiam,
1154 2234 1394 2270 manifestum
1424 2242 1479 2271 est

423 2286 527 2334 quod
554 2285 593 2322 id
622 2285 724 2333 quod
761 2293 936 2321 movetur
964 2286 1011 2322 ab
1041 2285 1112 2321 alio
1146 2294 1340 2333 movetur,
1370 2286 1408 2323 in
1436 2286 1479 2323 iis

422 2350 519 2387 quae
539 2345 741 2374 moventur
760 2338 967 2374 secundum
989 2346 1160 2374 naturam
1179 2351 1201 2375 a
1221 2338 1363 2387 seipsis,
1384 2339 1478 2376 sicut

423 2390 598 2426 animalia
618 2390 789 2426 dicuntur
807 2390 931 2438 seipsa
954 2402 1124 2428 movere.
1156 2392 1198 2427 In
1217 2391 1260 2428 iis
1281 2392 1380 2428 enim
1399 2404 1479 2429 ma-

422 2443 597 2479 nifestum
627 2451 683 2479 est
711 2443 813 2490 quod
842 2443 980 2491 aliquid
1009 2444 1056 2479 ab
1086 2443 1158 2480 alio
1187 2452 1382 2481 movetur:
1413 2445 1479 2482 sed

423 2495 580 2532 dubium
607 2503 731 2543 potest
759 2508 840 2532 esse
874 2495 1071 2544 quomodo
1102 2504 1275 2545 oporteat
1308 2497 1478 2546 accipere

422 2547 459 2584 in
479 2548 566 2596 ipsis
585 2560 747 2585 movens
773 2555 808 2584 et
829 2548 932 2596 quod
951 2556 1138 2586 movetur.
1161 2550 1357 2596 Quantum
1378 2550 1479 2587 enim

423 2613 467 2636 ex
504 2601 627 2649 primo
665 2608 819 2649 aspectu
856 2609 1023 2650 apparet,
1063 2609 1098 2638 et
1130 2602 1339 2639 secundum
1377 2603 1480 2651 quod

421 2653 546 2690 multis
573 2653 734 2701 videtur,
765 2653 858 2689 sicut
885 2654 923 2690 in
951 2654 1112 2691 navibus
1138 2662 1174 2691 et
1191 2655 1230 2692 in
1258 2656 1338 2692 aliis
1367 2656 1480 2692 artifi-

422 2706 575 2743 cialibus
603 2718 699 2754 quae
729 2718 806 2742 non
835 2713 919 2743 sunt
948 2707 1159 2744 secundum
1196 2696 1391 2754 daturam,
1427 2708 1479 2746 di-

420 2770 574 2795 versum
604 2766 659 2795 est
678 2759 780 2807 quod
809 2766 940 2795 movet
959 2759 1006 2795 ab
1028 2772 1073 2796 eo
1094 2760 1198 2808 quod
1217 2768 1405 2808 movetur,
1427 2761 1479 2798 sic

422 2819 458 2847 et
476 2812 513 2847 in
529 2811 769 2848 animalibus:
791 2812 940 2848 videtur
960 2812 1060 2848 enim
1080 2813 1183 2861 quod
1202 2814 1276 2850 hoc
1295 2814 1413 2851 modo
1439 2826 1479 2851 se

421 2865 558 2900 habeat
585 2864 711 2901 anima
740 2876 836 2912 quae
856 2872 996 2911 movet,
1023 2865 1071 2901 ad
1101 2878 1236 2914 corpus
1266 2867 1368 2915 quod
1397 2879 1479 2904 mo-

422 2924 540 2963 vetur,
571 2917 663 2953 sicut
686 2925 799 2953 nauta
827 2917 875 2954 ad
903 2917 1050 2965 navim,
1079 2925 1119 2954 ut
1148 2918 1279 2955 dicitur
1307 2919 1345 2956 in
1375 2921 1406 2956 II
1436 2920 1481 2956 de

422 2970 559 3005 Anima
577 2971 607 3006 ³³⁴.
630 2971 678 3005 Et
692 2982 760 3017 per
777 2970 878 3006 hunc
897 2970 1057 3008 modum
1072 2970 1220 3008 videtur
1235 2973 1338 3020 quod
1357 2979 1479 3009 totum

423 3021 560 3058 animal
599 3023 764 3070 seipsum
801 3031 980 3070 moveat,
1019 3023 1242 3072 inquantum
1279 3037 1356 3061 una
1393 3037 1478 3073 pars

424 3074 501 3110 eius
530 3074 640 3111 aliam
670 3082 811 3111 movet.
847 3075 981 3112 Utrum
1012 3085 1139 3113 autern
1167 3089 1207 3113 se
1237 3077 1374 3114 habeat
1402 3078 1478 3114 ani—

422 3139 485 3163 ma
519 3127 568 3163 ad
602 3139 738 3175 eorpus
772 3127 865 3164 sicut
897 3137 1011 3165 nauta
1045 3129 1092 3165 ad
1125 3129 1274 3177 navim,
1314 3130 1352 3167 in
1383 3130 1478 3167 libro

423 3179 468 3215 de
499 3180 638 3216 Anima
676 3180 941 3229 inquirendum
980 3181 1162 3230 relinquit.
1198 3182 1314 3228 Quod
1351 3191 1478 3220 autern

423 3232 475 3268 sic
503 3232 640 3280 aliquid
669 3232 812 3270 dicatur
833 3235 851 3254 ²⁹·
872 3234 1037 3283 seipsum
1058 3246 1228 3282 movere,
1254 3234 1477 3283 inquantum

423 3296 498 3320 una
526 3297 612 3332 pars
641 3285 718 3322 eius
747 3294 877 3323 movet
898 3295 933 3323 et
952 3287 1022 3323 alia
1046 3294 1233 3334 movetur,
1261 3287 1299 3324 in
1319 3300 1477 3336 sequen-

424 3336 519 3373 tibus
541 3339 559 3358 '³³
580 3338 807 3375 ostendetur.

481 3391 511 3425 5.
542 3390 686 3426 Deinde
717 3403 802 3426 cum
831 3390 938 3428 dicit:
974 3392 1150 3429 Maxime
1183 3398 1307 3429 autem
1335 3393 1477 3430 dubita-

478 3508 502 3540 β)
522 3513 545 3533 et
566 3513 663 3535 terra...
682 3514 707 3535 ct
727 3511 804 3543 ignis.
823 3526 839 3530 -
858 3513 974 3537 Alterum
994 3516 1019 3537 ct
1037 3521 1089 3538 om.
1110 3513 1206 3544 1KQY;
1226 3519 1365 3546 utrumque
1384 3523 1437 3540 om.
1457 3515 1476 3539 Ρ

425 3544 474 3567 ab.
492 3557 510 3563 Μ
527 3545 571 3575 qm'
589 3548 627 3569 cst
647 3549 730 3570 motus
750 3547 877 3571 violentus
895 3555 947 3572 om.
968 3548 1041 3572 codd.

478 3579 503 3610 γ)
523 3579 618 3604 scilicet
638 3581 662 3604 in
677 3580 716 3605 his
730 3588 795 3612 quac
816 3589 865 3606 non
882 3586 984 3607 movent
1003 3583 1097 3615 seipsa.
1112 3597 1131 3602 —
1145 3584 1244 3609 scilicet
1263 3584 1288 3609 in
1309 3590 1476 3617 corrumpunt

1027 265 1371 302 PHYSICORUM
1397 264 1746 301 ARISTOTELIS
1776 264 1869 300 LIB.
1899 264 1987 301 VIII

1529 347 1590 377 tur
1618 348 1703 387 etc.,
1738 340 1952 377 manifestat
1978 341 2216 389 propositum
2245 342 2283 379 in
2310 342 2354 380 iis
2382 343 2420 380 in
2448 343 2584 392 quibus

1530 401 1584 430 est
1612 393 1729 440 magis
1758 393 1926 430 dubium.
1957 394 2006 430 Et
2025 393 2121 430 circa
2139 394 2214 431 hoc
2241 394 2310 431 tria
2327 395 2433 433 facit:
2461 396 2585 446 primo

1527 445 1636 494 ponit
1656 447 1675 467 ’⁸
1694 445 1732 482 in
1761 445 1897 494 quibus
1925 445 1970 482 sit
2000 446 2121 494 magis
2155 446 2312 484 dubium
2340 460 2454 486 omne
2482 449 2587 497 quod

1528 505 1705 535 movetur
1724 498 1771 534 ab
1791 497 1863 534 alio
1893 498 2052 545 moveri,
2083 498 2170 547 quia
2195 499 2334 536 scilicet
2351 499 2390 537 in
2409 501 2587 548 gravibus

1529 558 1565 587 et
1592 551 1750 598 levibus,
1781 562 1867 587 cum
1886 550 2097 588 secundum
2120 558 2294 588 naturam
2323 560 2526 590 moventur
2546 555 2586 600 *3

1528 603 1695 640 secundo
1735 602 1897 640 ostendit
1925 603 2028 652 quod
2064 603 2285 641 huiusmodi
2317 617 2396 641 non
2429 613 2589 643 movent

1528 655 1661 703 seipsa,
1690 655 1762 692 ibi:
1789 657 1841 692 Et
1863 667 2024 704 namque
2047 656 2126 704 ipsa
2141 669 2165 693 a
2179 657 2305 705 seipsis
2323 658 2344 678 '²‘
2363 664 2450 705 etc.;
2479 658 2588 696 tertio

1528 708 1690 744 ostendit
1717 720 1739 745 a
1772 720 1849 757 quo
1886 716 2134 757 moveantur,
2170 709 2242 746 ibi:
2281 710 2355 746 Sed
2388 711 2523 747 accidit
2556 716 2592 748 et

1527 761 1619 797 haec
1670 768 1738 798 etc.
1755 761 1853 798 Dicit
1873 757 1960 808 ergo
1980 761 2117 810 primo,
2139 763 2244 810 quod
2264 774 2309 799 ex
2328 775 2405 811 quo
2424 762 2588 800 maxime

1528 812 1770 850 manifestum
1800 821 1854 850 est
1882 814 1985 862 quod
2005 821 2184 862 movetur
2203 815 2250 851 ab
2271 814 2344 852 alio
2371 815 2532 864 moveri,
2551 815 2590 853 in

1528 864 1571 901 iis
1601 877 1698 913 quae
1726 873 1931 903 moventur
1957 878 2025 915 per
2051 866 2283 915 violentiam,
2315 875 2351 905 et
2377 876 2466 917 post
2495 869 2590 906 haec

1528 917 1567 954 in
1582 917 1626 954 iis
1640 930 1736 966 quae
1753 925 1911 955 movent
1929 918 2064 967 seipsa3
2085 919 2250 957 maxime
2265 920 2415 964 uidetur
2431 920 2589 959 dubium

1528 970 1567 1007 in
1592 970 1742 1007 residuo
1763 971 1938 1007 membro
1966 972 2120 1008 ultimae
2151 968 2356 1020 divisionis,
2386 973 2525 1011 scilicet
2551 974 2590 1012 in

1529 1023 1586 1060 his
1612 1035 1708 1072 quae
1724 1035 1802 1060 non
1821 1031 1980 1061 movent
1997 1024 2121 1072 seipsa
2135 1029 2160 1069 ⁷,
2183 1032 2220 1069 et
2238 1033 2367 1063 tamen
2385 1033 2590 1064 moventur

1529 1076 1756 1113 naturaliter.
1779 1076 1956 1113 Ultimam
1971 1084 2098 1113 autem
2117 1077 2344 1114 divisionem
2362 1078 2450 1115 dicit
2467 1079 2588 1127 istam,

1530 1128 1670 1165 scilicet
1690 1130 1794 1177 quod
1814 1140 1949 1165 eorum
1969 1140 2066 1177 quae
2086 1137 2291 1167 moventur
2318 1143 2396 1168 non
2416 1143 2439 1168 a
2458 1131 2589 1181 seipsis

1530 1181 1596 1218 sed
1627 1181 1674 1218 ab
1704 1181 1788 1228 alio,
1818 1181 2009 1229 quaedam
2037 1189 2241 1219 moventur
2269 1190 2372 1220 extra
2398 1191 2588 1232 naturam,

1531 1233 1720 1283 quaedam
1748 1246 1842 1270 vero
1874 1246 1893 1270 e
1923 1234 2110 1271 contrario
2138 1243 2342 1273 moventur
2379 1236 2590 1274 secundum

1530 1294 1717 1323 naturam.
1739 1287 1787 1323 Et
1806 1286 1844 1323 in
1863 1286 1940 1323 istis
1960 1286 2119 1324 dubium
2140 1295 2194 1325 est
2213 1300 2235 1324 a
2249 1300 2326 1337 quo
2346 1297 2589 1327 moveantur:

1531 1339 1626 1376 sicut
1653 1346 1739 1376 sunt
1766 1338 1896 1387 gravia
1925 1347 1961 1376 et
1989 1339 2098 1387 levia,
2128 1352 2224 1389 quae
2250 1341 2404 1389 quidem
2432 1342 2471 1379 in
2501 1355 2590 1380 con-

1531 1391 1643 1429 traria
1670 1393 1754 1428 loca
1773 1399 1977 1429 moventur
1994 1404 2064 1441 per
2090 1393 2320 1440 violentiam,
2351 1395 2419 1432 sed
2437 1394 2476 1432 in
2502 1407 2590 1444 pro-

1530 1444 1612 1494 pria
1648 1444 1860 1482 secundum
1892 1452 2086 1492 naturam,
2121 1446 2205 1495 leve
2244 1446 2383 1484 scilicet
2419 1460 2589 1496 sursum,

1531 1509 1645 1545 grave
1673 1510 1767 1534 vero
1797 1497 1994 1544 deorsum;
2023 1498 2091 1535 sed
2110 1511 2132 1535 a
2151 1511 2228 1548 quo
2257 1507 2484 1538 moveantur
2511 1513 2591 1540 non

1533 1558 1588 1587 est
1615 1550 1856 1587 manifestum
1885 1562 1972 1587 curn
1991 1559 2196 1589 moventur
2214 1553 2234 1573 ’¹'
2253 1553 2465 1590 secundum
2484 1561 2590 1591 natu-
2619 1562 2629 1571 ·

1533 1615 1630 1650 ram,
1660 1603 1756 1640 sicut
1788 1610 1843 1640 est
1870 1603 2112 1641 manifestum
2141 1617 2229 1642 cum
2258 1614 2461 1644 moventur
2489 1614 2592 1644 extra

1533 1664 1718 1692 naturam.

1587 1709 1622 1745 6.
1653 1708 1802 1746 Deinde
1836 1720 1924 1744 cum
1958 1708 2070 1745 dicit:
2098 1710 2150 1746 Et
2179 1722 2342 1759 namque
2375 1712 2454 1761 ipsa
2486 1723 2510 1748 a
2537 1723 2592 1749 se·

1533 1761 1619 1808 ipsis
1648 1768 1734 1807 etc.,
1763 1761 1900 1808 probat
1927 1761 2031 1809 quod
2064 1762 2282 1801 huiusmodi
2319 1777 2398 1801 non
2435 1772 2595 1802 movent

1534 1813 1672 1862 seipsa,
1703 1820 1864 1861 quatuor
1896 1813 2114 1852 rationibus.
2154 1816 2327 1862 Quarum
2355 1817 2479 1865 prima
2517 1825 2592 1866 est,

1533 1865 1636 1914 quod
1657 1877 1814 1902 movere
1839 1865 2006 1914 seipsum
2024 1867 2186 1914 pertinet
2204 1868 2253 1904 ad
2272 1869 2459 1906 rationem
2477 1869 2591 1918 vitae,

1534 1926 1570 1955 et
1599 1926 1652 1955 est
1678 1918 1830 1967 proprie
1851 1918 2125 1957 animatorum:
2155 1927 2262 1957 motu
2287 1921 2387 1958 enim
2417 1929 2454 1958 et
2480 1934 2594 1960 sensu

1534 1971 1781 2008 discernimus
1810 1970 2020 2008 animatum
2049 1973 2096 2008 ab
2134 1972 2363 2021 inanimato,
2391 1982 2432 2011 ut
2461 1975 2594 2013 dicitur

1533 2023 1571 2060 in
1592 2022 1610 2060 Ι
1628 2024 1673 2060 de
1690 2024 1831 2060 Anima
1852 2025 1883 2060 ³³.
1913 2024 2156 2061 Manifestum
2176 2033 2231 2062 est
2249 2034 2377 2063 autem
2400 2027 2495 2064 haec
2514 2040 2593 2065 non
2621 2040 2630 2049 ·

1535 2089 1615 2113 esse
1643 2076 1745 2123 viva,
1766 2089 1832 2113 seu
1851 2076 2028 2114 animata.
2059 2078 2150 2114 Non
2170 2090 2258 2126 ergo
2278 2087 2438 2117 movent
2456 2080 2591 2129 seipsa.

1587 2141 1622 2176 7.
1660 2129 1836 2165 Secunda
1864 2129 1956 2166 ratio
1985 2129 2138 2178 ponitur
2174 2130 2246 2168 ibi:
2283 2133 2335 2168 Et
2352 2133 2490 2180 facere
2520 2139 2593 2170 sta-

1533 2193 1575 2217 re
1603 2189 1688 2218 etc.:
1719 2194 1816 2230 quae
1836 2181 1918 2218 talis
1947 2190 2013 2219 est.
2045 2183 2333 2232 Quaecumque
2349 2191 2508 2223 movent
2535 2198 2593 2223 se-

1533 2233 1625 2282 ipsa,
1645 2241 1805 2282 possunt
1834 2234 1946 2271 etiam
1973 2235 2043 2272 sibi
2071 2248 2154 2272 esse
2179 2249 2293 2274 causa
2321 2237 2471 2286 quietis;
2500 2238 2595 2276 sicut

1532 2286 1710 2323 videmus
1738 2287 1842 2336 quod
1862 2287 2038 2324 animalia
2055 2300 2124 2337 per
2143 2301 2254 2326 suum
2282 2290 2491 2339 appetitum
2509 2303 2592 2329 mo—

1532 2347 1670 2376 ventur
1696 2344 1734 2376 'et
1762 2347 1869 2376 stant.
1892 2340 1931 2377 Si
1953 2353 2040 2388 ergo
2070 2341 2199 2388 gravia
2219 2350 2254 2378 et
2276 2343 2376 2380 levia
2393 2351 2596 2382 moverent

1533 2392 1657 2441 seipsa
1675 2400 1784 2429 motu
1806 2393 1976 2439 naturali,
2004 2401 2161 2442 possent
2188 2394 2311 2432 facere
2330 2403 2427 2433 stare
2447 2396 2593 2445 seipsa;

1533 2444 1627 2481 sicut
1646 2444 1676 2481 si
1697 2445 1830 2493 aliquis
1851 2453 1905 2482 est
1924 2445 1992 2482 sibi
2014 2458 2127 2483 causa
2155 2448 2385 2496 ambulandi,
2407 2456 2462 2486 est
2482 2449 2593 2487 etiam

1533 2497 1603 2534 sibi
1633 2510 1746 2534 causa
1773 2510 1852 2534 non
1881 2498 2111 2535 ambulandi.
2142 2500 2228 2536 Hoc
2256 2508 2383 2538 autem
2416 2501 2592 2539 videmus

1534 2562 1616 2586 esse
1636 2550 1788 2587 falsum:
1819 2550 1907 2598 quia
1925 2551 2143 2589 huiusmodi
2167 2564 2246 2589 non
2274 2553 2473 2601 quiescunt
2491 2561 2593 2592 extra

1532 2602 1686 2651 propria
1714 2604 1817 2650 loca,
1856 2603 1926 2640 nisi
1959 2612 2115 2653 propter
2141 2605 2306 2654 aliquam
2341 2619 2496 2644 causam
2531 2619 2592 2644 ex-

1533 2656 1735 2692 trinsecam
1775 2656 2042 2704 prohibentem
2079 2665 2227 2694 motum
2265 2658 2445 2707 ipsorum.
2489 2661 2592 2708 Ergo

1533 2721 1612 2745 non
1638 2717 1796 2745 movent
1824 2709 1957 2758 seipsa.

1588 2761 1665 2797 Sed
1693 2762 1779 2810 quia
1808 2762 1827 2782 ’Ἢ
1854 2770 1983 2810 posset
2011 2762 2142 2811 aliquis
2180 2763 2304 2801 dicere
2333 2765 2437 2813 quod
2465 2765 2592 2803 huius-

1533 2813 1650 2861 modi,
1673 2814 1739 2851 etsi
1764 2827 1841 2852 non
1861 2814 1933 2851 sint
1957 2815 2027 2851 sibi
2047 2828 2160 2853 causa
2179 2817 2300 2854 standi
2321 2825 2423 2854 extra
2439 2819 2597 2867 propria

1533 2868 1627 2914 loca,
1640 2875 1727 2904 sunt
1745 2874 1872 2904 tamen
1892 2867 1962 2904 sibi
1983 2880 2095 2905 causa
2114 2869 2236 2906 standi
2254 2870 2293 2907 in
2312 2871 2474 2919 propriis
2488 2871 2592 2919 locis,

1534 2919 1722 2968 subiungit
1749 2920 1896 2957 tertiam
1925 2921 2110 2958 rationem
2139 2922 2207 2958 ibi:
2242 2923 2368 2964 Quare
2393 2924 2427 2960 si
2453 2924 2489 2960 in
2514 2924 2592 2972 ipso

1533 2978 1588 3009 est
1601 2980 1682 3010 etc.:
1698 2985 1796 3021 quae
1811 2973 1892 3010 talis
1909 2981 1973 3010 est.
1991 2974 2244 3012 Irrationabile
2261 2983 2317 3012 est
2336 2975 2472 3023 dicere,
2489 2976 2592 3025 quod

1532 3025 1594 3061 illa
1610 3038 1707 3074 quae
1721 3033 1878 3063 movent
1893 3025 2026 3075 seipsa,
2042 3035 2269 3064 moveantur
2285 3029 2409 3065 solum
2425 3041 2447 3065 a
2461 3029 2593 3078 seipsis

1533 3078 1743 3115 secundum
1758 3086 1878 3116 unum
1896 3086 2058 3126 motum,
2074 3087 2111 3116 et
2129 3092 2208 3117 non
2220 3080 2390 3129 pluribus
2409 3082 2592 3119 motibus:

1532 3130 1620 3179 quia
1648 3131 1752 3179 quod
1771 3139 1903 3168 movet
1931 3131 2110 3181 seipsum,
2130 3145 2209 3170 non
2227 3134 2342 3170 habet
2360 3142 2509 3171 motum
2530 3135 2593 3172 de-

1532 3183 1771 3220 terminatum
1806 3184 1853 3220 ab
1882 3184 1977 3231 alio,
2009 3185 2076 3222 sed
2109 3185 2233 3234 ipsum
2262 3186 2333 3223 sibi
2371 3187 2594 3225 determinat

1532 3244 1698 3283 motum;
1730 3244 1765 3273 et
1784 3236 2012 3286 quandoque
2042 3237 2264 3276 determinat
2283 3239 2353 3276 sibi
2381 3241 2482 3277 hunc
2510 3252 2592 3277 mo-

1531 3295 1624 3335 tum,
1647 3297 1683 3326 et
1710 3290 1940 3338 quandoque
1969 3290 2094 3327 aliurn.
2125 3291 2235 3328 Unde
2265 3299 2320 3329 est
2347 3292 2385 3329 in
2408 3300 2592 3342 potestate

1533 3341 1612 3378 eius
1641 3342 1744 3391 quod
1771 3349 1903 3379 movet
1930 3343 2098 3392 seipsum
2131 3345 2235 3393 quod
2273 3344 2495 3382 determinet
2523 3346 2593 3383 sibi

1533 3395 1633 3430 hune
1660 3396 1721 3431 vel
1750 3394 1854 3431 illurn
1883 3403 2040 3433 motum.
2078 3396 2117 3433 Si
2147 3409 2236 3445 ergo
2265 3398 2394 3445 gravia
2428 3406 2463 3435 et
2495 3399 2593 3436 levia

1533 3516 1557 3539 in
1576 3518 1630 3541 slve
1648 3517 1689 3541 vel
1709 3517 1765 3542 sinc
1784 3517 2038 3551 AIKMSTVXYpC;
2057 3518 2111 3544 sive
2129 3519 2155 3544 in
2176 3518 2270 3544 habent
2289 3519 2352 3549 Pub,
2372 3527 2422 3545 non
2442 3527 2494 3545 om.
2513 3519 2591 3544 AlMS

1532 3551 1682 3583 VYpKQx.
1699 3565 1718 3571 -
1736 3552 1786 3577 Pro
1805 3560 1857 3577 non
1876 3559 1893 3577 a
1912 3553 2016 3584 seipsis,
2037 3561 2088 3578 non
2108 3561 2126 3579 α
2143 3554 2228 3586 seipso
2247 3555 2306 3580 edd.
2321 3555 2377 3586 ab,
2396 3554 2488 3580 Vener.
2511 3554 2591 3586 ¹5⁰4»

1536 3585 1600 3617 1545
1621 3591 1645 3611 et
1665 3587 1738 3612 codd.
1757 3594 1809 3612 exc.
1830 3587 1883 3612 FG.

2616 450 2626 459 ·
2636 450 2745 481 ostendit,
2758 451 2830 474 codd.
2861 445 2865 450 ’

2617 482 2668 498 exc.
2678 482 2693 498 τ
2707 482 2747 504 qui
2761 483 2810 500 om.

2616 560 2625 569 ⁶
2640 561 2746 580 movetur
2758 565 2827 582 unu

2615 590 2728 613 rvxrzpu..
2752 591 2829 608 move—
2875 612 2876 615 Ἴ

2616 613 2688 633 antur
2701 617 2736 632 n...

2617 673 2626 682 ²
2640 672 2712 695 Num.
2726 679 2775 701 seq.

2617 776 2627 786 ⁶
2642 773 2706 796 Lect.
2720 780 2768 802 seq.

2656 1562 2762 1583 movetur
2788 1566 2816 1583 α.
2823 1577 2830 1588 ,

2617 1589 2831 1610 moveantur-mun.
2885 1591 2887 1593 ’

2697 2053 2702 2060 .
2713 2044 2739 2066 ιι,
2753 2043 2776 2060 n.
2791 2044 2812 2061 2.
2821 2048 2834 2054 —
2873 2029 2876 2030 ⁷

2692 2080 2706 2092 .,
2721 2065 2814 2087 lecum·

2619 2776 2630 2786 '
2644 2775 2701 2804 qula
2714 2781 2763 2799 om.
2778 2780 2832 2799 ux
2858 2786 2865 2805 ς,

2621 2807 2710 2828 quta.
