2950 4004
247 815 263 861 ἑ
270 816 429 862 generaretur
447 821 460 835 ν

247 868 258 878 “
272 856 336 895 quod
349 867 401 891 rab.

242 1451 252 1461 ⁴¹
269 1450 339 1472 Num.
355 1456 430 1478 praec.

243 1556 254 1567 ²*
269 1556 339 1578 Num.
354 1562 403 1584 seq.

245 2140 255 2150 ¹*
271 2139 364 2160 dicatur
382 2144 459 2159 annau

247 2172 315 2191 oosz.

245 2197 256 2207 '⁴
263 2197 324 2218 Lect.
333 2203 357 2218 x1
365 2200 386 2218 et
394 2201 458 2223 seqq.

245 2353 256 2362 ⁸
272 2350 369 2399 aliquod
383 2357 430 2372 om

246 2672 257 2682 ¹·
272 2671 343 2693 Num.
357 2677 377 2692 2.

247 2772 258 2783 ⁸
272 2777 318 2793 non
328 2774 364 2792 est
377 2771 400 2792 in
412 2777 460 2797 nm,

249 2805 295 2820 non
309 2799 341 2819 sit
354 2798 378 2819 in
393 2798 444 2818 rab.

248 2878 259 2887 ⁸
274 2878 373 2903 spatium
388 2883 461 2901 cmoQ

248 2910 323 2931 rxrpA
338 2909 417 2930 margo
433 2909 453 2924 ε.

250 2993 258 3001 ·
274 2992 445 3018 consequuntur

250 3018 302 3039 cdd
313 3023 328 3038 a
338 3017 350 3037 b
362 3016 461 3038 etcodd.

250 3051 277 3065 ex
280 3051 299 3065 c.
315 3050 387 3065 wxnv

263 3071 347 3092 'Lech
357 3076 378 3090 xi
394 3076 442 3097 s.eq

249 3098 259 3107 ⁴
275 3098 446 3124 consequuntur

498 318 571 354 194

492 438 736 475 condensatio
758 450 976 487 corporum,
993 437 1183 487 oportebit
1201 437 1306 487 quod
1330 438 1460 475 omnia
1475 451 1556 475 cor-

489 503 585 540 pora
604 498 843 527 moveantur.

543 545 601 581 Ex
620 551 725 593 parte
746 555 840 580 vero
859 542 1110 592 generationis
1140 542 1220 580 sive
1245 542 1471 580 alterationis
1498 555 1555 580 se-

490 597 615 645 quitur
650 597 726 633 hoc
753 596 1041 642 inconveniens,
1072 595 1176 645 quod
1213 608 1366 645 semper
1401 596 1467 633 fiat
1494 609 1556 633 ae-

489 650 610 697 qualis
638 649 795 686 mutatio
834 661 880 685 ex
914 661 1001 686 aere
1038 649 1077 685 in
1110 661 1273 697 aquam,
1313 656 1350 686 et
1378 661 1423 685 ex
1455 662 1555 698 aqua

489 701 527 738 in
546 709 766 751 aeremrut
793 709 903 750 puta,
933 702 963 738 si
992 713 1037 738 ex
1065 713 1166 750 aqua
1199 701 1311 738 unius
1341 702 1464 750 cyathi
1492 714 1554 750 ge-

447 780 451 783 «
489 763 640 791 neratus
661 762 716 791 est
735 767 810 801 aer,
833 761 982 804 oportet
1006 754 1110 803 quod
1131 767 1176 791 ex
1201 761 1304 791 tanto
1329 767 1415 792 aere
1436 767 1553 803 quan-

488 815 546 844 tus
576 816 631 845 est
658 820 723 844 aer
750 815 960 855 generatus,
985 807 1072 844 alibi
1100 815 1298 856 generetur
1321 808 1341 828 *
1365 819 1475 856 aqua.
1506 809 1555 845 Et

488 860 563 897 hoc
590 861 690 908 ideo,
713 861 801 909 quia
819 860 943 898 maior
970 860 1157 909 quantitas
1186 867 1241 897 est
1267 860 1365 898 aeris
1393 873 1511 909 quam
1534 862 1553 882 *

488 926 609 962 aquae
639 926 684 950 ex
713 926 789 962 qua
816 921 1027 961 generatur.
1060 914 1235 962 Occupat
1261 913 1372 961 igitur
1399 926 1464 950 aer
1490 926 1553 962 ge-

488 974 638 1004 neratus
667 967 855 1004 maiorem
875 967 1003 1003 locum
1026 979 1142 1015 quam
1162 978 1261 1016 aqua
1282 978 1327 1003 ex
1346 978 1422 1015 qua
1440 978 1552 1014 gene-

487 1027 599 1057 ratur.
617 1021 666 1056 Et
676 1019 728 1057 sic
740 1027 890 1068 oportet
901 1019 1005 1069 quod
1018 1020 1080 1056 vel
1095 1027 1219 1056 totum
1231 1031 1368 1068 corpus
1382 1019 1552 1057 universi

488 1080 691 1122 occuparet
718 1073 906 1109 maiorem
925 1073 1070 1119 locum3
1090 1073 1152 1109 vel
1173 1071 1277 1122 quod
1295 1072 1383 1110 alibi
1402 1080 1550 1110 tantun-

488 1125 577 1162 dem
607 1126 653 1163 de
682 1138 767 1162 aere
799 1133 1041 1163 convertatur
1068 1125 1107 1162 in
1135 1137 1292 1175 aquam:
1321 1126 1382 1163 vel
1404 1133 1553 1175 oportet

487 1178 611 1215 dicere
631 1179 736 1227 quod
764 1178 810 1216 sit
829 1178 970 1227 aliquid
989 1191 1157 1215 vacuum
1178 1178 1273 1215 intra
1295 1191 1471 1227 corpora,
1502 1179 1550 1216 ad

488 1232 562 1268 hoc
591 1231 695 1280 quod
723 1233 789 1269 fiat
818 1231 1063 1269 condensatio
1098 1243 1324 1280 corporum;
1354 1231 1443 1279 quia
1471 1244 1549 1268 non

487 1284 741 1333 opinabantur
759 1285 863 1334 quod
883 1285 988 1322 aliter
1007 1284 1239 1332 contingeret
1261 1284 1486 1321 condensari
1515 1292 1551 1321 et

486 1337 653 1374 rarefieri
683 1350 862 1387 corpora,
892 1337 963 1374 nisi
990 1350 1114 1375 vacuo
1143 1338 1182 1374 in
1212 1337 1264 1374 eis
1293 1336 1483 1374 existente.

541 1391 575 1428 3.
597 1391 746 1429 Deinde
776 1403 864 1428 cum
894 1390 996 1428 dicit:
1018 1391 1061 1427 Si
1086 1390 1202 1440 igitur
1220 1402 1352 1427 rarum
1382 1397 1464 1437 etc.,
1485 1391 1549 1427 de-

485 1444 592 1480 struit
617 1444 848 1493 positionem
875 1443 1109 1492 praedictam
1139 1443 1170 1479 *.
1201 1443 1250 1479 Et
1268 1443 1392 1492 primo
1418 1455 1550 1479 secun-

486 1497 579 1533 dum
593 1509 714 1534 unum
735 1497 981 1542 intellectum;
1003 1496 1170 1533 secundo
1191 1496 1402 1532 secundum
1420 1495 1547 1542 alium,

485 1549 556 1586 ibi:
577 1550 620 1586 Si
645 1556 768 1586 autem
798 1562 871 1586 non
897 1555 952 1586 est
975 1548 1223 1597 separabile:
1245 1555 1312 1585 etc.
1333 1547 1433 1585 Dicit
1460 1560 1550 1596 ergo

483 1603 609 1651 primo
629 1603 735 1652 quod
754 1602 804 1639 illi
824 1602 890 1651 qui
918 1602 1046 1638 dicunt
1064 1613 1232 1638 vacuum
1257 1613 1339 1638 esse
1359 1601 1396 1638 in
1417 1613 1551 1650 corpo-

484 1655 598 1702 ribus,
617 1655 813 1704 dupliciter
830 1662 990 1704 possunt
1003 1655 1078 1691 hoc
1097 1654 1315 1702 intelligere3
1336 1666 1415 1691 uno
1430 1654 1549 1691 modo

485 1709 590 1757 quod
619 1709 656 1745 in
676 1708 846 1756 quolibet
874 1720 1035 1757 corpore
1064 1707 1137 1744 sint
1164 1708 1283 1744 multa
1311 1707 1419 1755 quasi
1453 1707 1550 1744 fora-

484 1762 588 1798 mina
615 1774 753 1807 vacua,
775 1773 873 1810 quae
902 1761 975 1798 sint
999 1767 1187 1809 separata.
1204 1760 1416 1797 secundum
1436 1760 1550 1796 situm

485 1815 532 1851 ab
554 1814 632 1851 aliis
655 1814 824 1863 partibus
842 1814 975 1863 plenis,
997 1813 1091 1850 sicut
1111 1820 1166 1850 est
1183 1813 1314 1850 videre
1334 1813 1372 1850 in
1392 1813 1550 1861 spongia

484 1868 546 1905 vel
566 1867 603 1904 in
622 1867 775 1916 pumice
803 1868 864 1904 vel
892 1867 931 1904 in
960 1866 1086 1916 aliquo
1112 1865 1183 1903 alio
1206 1866 1446 1903 huiusmodi:
1477 1865 1549 1902 alio

485 1921 603 1958 modo
624 1921 729 1968 quod
748 1932 916 1957 vacuum
935 1932 1014 1956 non
1034 1919 1079 1955 sit
1103 1926 1319 1968 separatum
1338 1918 1550 1956 secundum

486 1973 599 2010 situm
620 1974 668 2010 ab
688 1973 767 2010 aliis
786 1973 954 2022 partibus
975 1972 1156 2021 corporis,
1177 1980 1308 2021 utpote
1328 1972 1358 2009 si
1378 1972 1550 2009 dicamus

487 2027 592 2075 quod
622 2026 896 2073 dimensiones,
927 2038 1022 2074 quas
1051 2025 1225 2062 dicebant
1255 2037 1335 2062 esse
1363 2037 1548 2072 vacuum,

487 2079 696 2117 subintrent
715 2091 850 2116 omnes
869 2086 994 2128 partes
1015 2077 1194 2127 corporis.

542 2133 581 2169 Si
601 2140 728 2169 autem
748 2132 872 2181 primo
893 2131 1013 2168 modo
1035 2131 1160 2168 dicant
1180 2132 1200 2152 ’¹‘
1218 2143 1386 2168 vacuum
1411 2143 1492 2167 esse
1512 2129 1551 2166 in

489 2186 723 2239 corporibus,
739 2192 842 2234 patet
862 2184 1077 2234 reprobatio
1098 2183 1209 2221 huius
1231 2197 1275 2221 ex
1294 2183 1548 2232 praemissis*.

487 2240 561 2276 Per
576 2251 692 2288 quam
709 2238 810 2275 enim
826 2237 1011 2275 rationem
1032 2237 1251 2283 ostenditur,
1273 2236 1379 2285 quod
1398 2249 1477 2273 non
1497 2243 1552 2272 est

489 2292 643 2352 aliquod
660 2303 828 2329 vacuum
849 2298 1064 2340 separatum
1085 2298 1188 2326 extra
1206 2302 1378 2339 corpora,
1396 2301 1466 2326 nec
1486 2289 1551 2325 ali-

488 2345 572 2394 quis
592 2346 697 2382 locus
712 2345 857 2381 habens
873 2343 1026 2392 aliquod
1043 2344 1062 2364 ⁹³
1078 2344 1150 2379 tale
1171 2342 1334 2392 spatium
1354 2341 1551 2391 proprium

487 2406 636 2448 praeter
651 2397 909 2435 dimensiones
929 2408 1152 2445 corporum;
1168 2408 1237 2445 per
1257 2396 1421 2432 eandem
1441 2395 1552 2432 ratio-

487 2464 576 2488 nem
597 2451 750 2500 probari
769 2458 914 2499 potest,
936 2450 1040 2499 quod
1062 2461 1140 2486 non
1165 2456 1220 2486 est
1239 2449 1392 2497 aliquod
1413 2461 1552 2497 corpus

487 2505 562 2541 hoc
592 2505 711 2541 modo
745 2516 894 2550 rarum,
929 2503 1035 2551 quod
1062 2503 1201 2539 habeat
1229 2502 1325 2539 intra
1354 2514 1393 2538 se
1428 2501 1552 2550 aliqua

488 2557 607 2606 spatia
625 2569 759 2603 vacua,
781 2555 953 2593 distincta
973 2556 1020 2592 ab
1041 2554 1119 2592 aliis
1138 2554 1308 2603 partibus
1329 2555 1510 2603 corporis.

539 2623 577 2657 4.
608 2610 755 2647 Deinde
786 2622 874 2646 curn
904 2609 1011 2646 dicit:
1045 2609 1087 2644 Si
1112 2614 1236 2645 autem
1266 2620 1339 2644 non
1369 2613 1423 2644 est
1446 2619 1550 2655 sepa-

488 2664 605 2700 rabile
620 2672 702 2710 etc.,
715 2663 906 2711 improbat
915 2661 1146 2710 praedictam
1160 2662 1179 2682 ²⁴²
1189 2660 1418 2709 positionem
1435 2672 1551 2708 quan—

488 2725 569 2753 tum
590 2716 637 2754 ad
657 2715 870 2753 secundum
889 2715 1130 2760 intellectum,
1151 2721 1313 2762 quatuor
1331 2712 1550 2750 rationibus.

488 2770 588 2807 Dicit
607 2781 695 2817 ergo
716 2768 820 2818 quod
841 2768 871 2804 si
890 2779 1057 2804 vacuum
1078 2778 1156 2802 non
1177 2772 1232 2802 est
1251 2765 1303 2802 sic
1322 2765 1361 2802 in
1381 2767 1401 2787 *
1418 2778 1552 2815 corpo-

490 2823 592 2859 ribus
611 2823 706 2859 sicut
734 2820 943 2870 separabile
978 2827 1012 2856 et
1038 2818 1253 2856 distinctum
1280 2819 1327 2855 ab
1361 2819 1440 2855 aliis
1468 2831 1552 2868 par-

488 2877 599 2922 tibus,
627 2875 693 2912 sed
721 2882 850 2911 tamen
877 2873 974 2909 inest
997 2871 1149 2920 aliquod
1176 2883 1345 2908 vacuum
1365 2871 1385 2892 *
1405 2872 1443 2908 in
1472 2885 1551 2909 cor-

489 2928 656 2977 poribus,
677 2927 803 2964 minus
823 2925 979 2974 quidem
1010 2932 1064 2962 est
1091 2924 1335 2973 impossibile,
1366 2924 1454 2973 quia
1475 2937 1552 2962 non

490 2988 698 3029 sequuntur
715 2981 735 3001 *
755 2978 1058 3016 inconvenientia
1078 2989 1192 3026 supra
1212 2978 1254 2999 *²¹*
1274 2977 1396 3026 posita
1425 2985 1553 3014 contra

488 3046 655 3071 vacuum
673 3039 918 3107 *separatum;
944 3031 1011 3068 sed
1033 3038 1162 3067 tamen
1191 3030 1238 3067 ad
1257 3031 1332 3067 hoc
1360 3030 1473 3067 etiarn
1497 3043 1554 3067 se-

491 3087 691 3137 quuntur*
708 3085 897 3134 quaedam
917 3084 1231 3120 inconvenientia.
1249 3083 1378 3119 Primo
1398 3083 1551 3131 quidem

491 3139 596 3200 quod
614 3151 782 3176 vacuum
798 3150 876 3175 non
896 3137 964 3174 erit
984 3149 1096 3174 causa
1117 3136 1241 3173 omnis
1261 3143 1387 3172 motus
1412 3135 1551 3183 localis,

491 3201 531 3231 ut
550 3193 620 3243 ipsi
648 3192 903 3237 intendebant,
934 3189 999 3227 sed
1029 3190 1153 3226 solum
1182 3196 1309 3226 motus
1338 3188 1401 3238 qui
1427 3197 1482 3225 est
1516 3188 1554 3226 in

492 3258 660 3284 sursum.
691 3245 778 3295 quia
805 3255 971 3282 vacuum
1006 3241 1217 3280 secundum
1253 3254 1319 3278 eos
1353 3248 1407 3278 est
1442 3254 1554 3278 causa

493 3299 660 3347 raritatis,
677 3311 805 3336 rarum
825 3305 952 3335 autem
973 3295 1161 3333 invenitur
1180 3307 1261 3332 esse
1277 3295 1373 3342 leve,
1395 3302 1434 3331 ut
1453 3302 1554 3343 patet

550 3458 574 3491 β)
595 3460 664 3491 quod
683 3467 794 3485 vacuum
814 3462 971 3487 moveretur,
991 3461 1017 3483 et
1035 3457 1113 3491 quod.
1129 3457 1194 3482 -lta
1213 3457 1263 3485 ab,
1284 3456 1325 3481 ed.
1337 3455 1428 3481 Venet.
1447 3455 1511 3487 1545
1531 3461 1564 3480 et·

495 3494 568 3518 codd.
583 3502 635 3518 exc.
648 3495 683 3524 E;
703 3495 773 3526 quod
791 3494 814 3519 si
833 3501 943 3519 vacuum
964 3496 1122 3523 moveretur,
1142 3492 1214 3525 quod
1233 3492 1288 3521 ΡΕ;
1309 3491 1339 3516 cf.
1355 3496 1461 3516 textum.

548 3534 574 3561 γ)
594 3530 655 3560 qm'a
674 3533 721 3554 aut
747 3537 797 3553 non
824 3529 874 3554 erit
893 3529 1000 3554 omnino
1025 3532 1110 3553 morus
1135 3528 1234 3553 localis.
1248 3540 1266 3548 ·-
1280 3527 1335 3552 Hoc
1359 3526 1555 3551 homoteleuton

496 3572 547 3588 om.
568 3564 802 3593 ACDIKOVXYZ,
819 3572 867 3596 pro
886 3572 940 3596 quo
958 3564 1082 3596 quoniam
1102 3564 1155 3592 Ls,
1175 3563 1246 3596 quod
1265 3570 1316 3587 non
1342 3561 1473 3595 contingit
1490 3562 1556 3595 fieri

497 3607 586 3629 margo
605 3599 632 3627 C,
647 3602 673 3623 et
692 3606 741 3623 non
762 3602 800 3623 est
819 3603 905 3624 motus
923 3599 1030 3624 omnino
1050 3600 1086 3629 Q;
1106 3599 1204 3628 localis,
1225 3598 1295 3631 quod
1313 3605 1367 3623 om.
1380 3596 1500 3628 PHMNb,
1515 3605 1555 3622 re-

496 3635 607 3658 tinemus
628 3641 685 3658 cum
705 3633 828 3663 BEGRT,
844 3635 919 3658 ctiam
939 3635 997 3666 quin
1017 3635 1123 3667 explicat
1142 3634 1259 3659 lacunam
1279 3634 1303 3658 in
1323 3634 1345 3657 Α
1365 3637 1412 3657 etc.

1125 306 1470 344 PHYSICORUM
1498 307 1847 344 ARISTOTELIS
1877 307 1970 344 LIB.
2001 308 2053 344 IV

247 395 461 417 ·1·11uaa1tudadd
491 397 577 422 rum
598 384 618 405 ²¹⁸
639 397 776 434 corpus
804 384 855 421 ibi
883 385 1083 422 inventum
1117 384 1155 421 in
1175 385 1307 422 alium:
1330 392 1366 422 et
1392 385 1463 422 nisi
1490 386 1558 422 fiat

1610 385 1650 422 in
1678 385 1780 433 igne,
1810 386 1895 422 leve
1923 393 2050 423 autem
2079 394 2135 424 est
2163 387 2267 436 quod
2295 395 2474 426 movetur
2500 386 2672 437 sursum3

1610 438 1712 476 unde
1731 447 1900 476 vacuum
1929 438 1996 476 erit
2025 451 2138 476 causa
2166 440 2290 477 solurn
2319 449 2448 478 motus
2474 454 2637 481 sursum.

1668 492 1700 528 5.
1731 491 1950 528 Secundam
1970 491 2155 529 rationem
2175 492 2283 541 ponit
2301 493 2373 530 ibi:
2401 494 2533 532 Postea
2553 502 2674 534 motus

1610 555 1725 581 causa
1746 551 1814 581 etc.
1845 544 1894 582 Et
1914 544 2001 582 dicit
2027 545 2134 594 quod
2162 545 2375 584 secundum
2402 546 2494 584 istos
2522 548 2587 597 qui
2603 561 2673 598 po-

1609 603 1703 633 nunt
1729 609 1897 634 vacuum
1917 598 1936 617 ⁴·
1956 597 1994 634 in
2023 598 2257 647 corporibus,
2280 611 2449 637 vacuum
2477 607 2534 637 est
2559 613 2674 639 causa

1609 657 1748 697 motus,
1778 662 1856 687 non
1876 649 1971 687 sicut
1998 650 2036 687 in
2057 663 2134 700 quo
2164 651 2304 700 aliquid
2326 660 2517 700 movetur,
2545 661 2588 691 ut
2604 665 2673 703 po-

1609 703 1751 739 nebant
1779 714 1934 740 causam
1962 711 2090 741 motus
2117 716 2285 742 vacuum
2314 704 2378 753 qui
2407 705 2584 744 dicebant
2605 719 2672 744 va-

1611 766 1726 792 cuum
1755 755 1919 804 spatium
1947 764 2181 805 separatum;
2210 758 2278 795 sed
2303 770 2349 794 eo
2378 758 2497 796 modo
2525 767 2674 808 ponunt

1608 819 1775 844 vacuum
1805 820 1960 849 causam
1989 817 2135 857 motus,
2171 809 2211 847 in
2243 818 2428 871 quantum
2460 811 2588 860 ipsum
2606 825 2672 850 va-

1609 872 1725 897 cuum
1753 860 1997 898 intrinsecum
2027 862 2146 910 defert
2173 875 2355 912 corpora;
2390 864 2486 902 sicut
2512 864 2543 901 si
2572 865 2680 902 dica-'

1608 925 1694 950 mus
1722 913 1827 962 quod
1854 921 1956 951 utres
1984 906 2114 962 inflati,
2135 915 2174 952 in
2203 928 2250 952 eo
2279 917 2383 964 quod
2412 917 2608 955 feruntur·
2600 918 2672 967 ipsi

1607 978 1759 1003 sursum
1777 974 1933 1016 propter
1959 966 2162 1015 levitatem,
2193 969 2365 1006 deferunt
2392 982 2543 1008 sursum
2563 971 2671 1020 quid-

1607 1018 1699 1068 quid
1719 1018 1771 1056 eis
1790 1019 2039 1057 continuatur.
2069 1021 2118 1057 Et
2140 1020 2194 1058 sic
2212 1033 2379 1059 vacuum
2407 1022 2568 1061 inditum
2589 1037 2670 1063 cor-

1604 1072 1763 1121 poribus
1795 1072 1866 1109 fert
1900 1072 1920 1093 '¹‘
1957 1084 2088 1109 secum
2131 1085 2268 1122 corpus
2300 1074 2340 1111 in
2376 1087 2454 1123 quo
2487 1083 2553 1112 est.
2592 1077 2708 1114 Sed

1604 1126 1679 1162 hoc
1698 1124 1848 1162 videtur
1866 1137 1948 1162 esse
1976 1125 2233 1174 impossibile:
2258 1127 2346 1174 quia
2364 1133 2455 1164 tunc
2479 1135 2671 1176 oporteret

1606 1177 1711 1226 quod
1737 1189 1904 1215 vacuum
1933 1185 2164 1224 moveretur,
2195 1185 2232 1214 et
2258 1177 2509 1228 quodssesset
2536 1181 2669 1230 aliquis

1600 1231 1711 1267 *locus
1738 1230 1871 1276 vacui;
1901 1237 1938 1266 et
1967 1242 2064 1269 cum.
2082 1242 2250 1268 vacuum
2277 1239 2312 1269 et
2335 1232 2442 1270 locus
2461 1233 2533 1270 sint
2551 1233 2668 1282 idem,

1605 1290 1784 1332 sequetur
1802 1282 1908 1331 quod
1925 1282 2038 1319 vacui
2057 1282 2241 1321 interioris
2266 1284 2368 1322 erit*
2382 1297 2549 1323 vacuum
2570 1294 2672 1324 exte·
2696 1287 2708 1299 ⁸

1605 1335 1693 1383 rius,
1714 1335 1752 1372 in
1772 1334 2041 1394 quodfertum
2070 1335 2176 1384 quod
2204 1344 2259 1373 est
2290 1336 2534 1387 impossibile.

1659 1389 1694 1425 6.
1724 1387 1895 1424 Tertiam
1924 1387 2110 1425 rationem
2137 1389 2246 1448 ponit
2274 1389 2347 1427 ibi·
2379 1391 2552 1439 Aaenplius
2579 1403 2669 1441 quo-

1605 1441 1716 1478 modo
1745 1448 1814 1477 etc.
1846 1441 1895 1478 Et
1923 1440 2011 1477 dicit
2029 1441 2135 1489 quod
2162 1442 2193 1478 si
2219 1450 2348 1480 motus
2376 1455 2526 1481 sursum
2556 1457 2670 1482 causa

1606 1501 1661 1530 est
1687 1505 1867 1540 vacuum,
1898 1493 2071 1531 deferens
2100 1506 2238 1544 corpus
2265 1508 2433 1544 sursum,
2464 1509 2551 1535 cum
2579 1497 2671 1535 nihil

1605 1546 1650 1583 sit
1678 1546 1867 1606 assignare
1887 1546 1993 1596 quod
2017 1546 2159 1584 deferat
2180 1548 2199 1569 *
2218 1561 2354 1598 corpus
2383 1549 2586 1598 deorsum,
2592 1554 2671 1588 non

1606 1598 1674 1636 erit
1692 1599 1881 1647 assignare
1901 1601 1921 1619 '⁵
1941 1611 2059 1648 quare
2081 1600 2210 1648 gravia
2238 1601 2418 1640 deorsum
2438 1602 2615 1641 ferantur.

1660 1664 1695 1700 7.
1727 1652 1912 1700 Quartam
1933 1652 2119 1689 rationem
2137 1653 2244 1712 ponit
2262 1654 2334 1692 ibi:
2363 1656 2413 1692 Et
2430 1656 2670 1705 manifestum

1605 1710 1659 1742 est
1686 1713 1755 1742 etc.
1794 1706 1844 1742 Et
1876 1705 1964 1742 dicit
1992 1705 2097 1754 quod
2131 1706 2162 1743 si
2194 1719 2321 1744 rarum
2360 1716 2489 1746 causat
2520 1716 2670 1747 motum

1605 1770 1755 1794 sursum
1769 1765 1926 1806 propter
1938 1757 2180 1806 vacuitatem,
2197 1760 2386 1808 oportebit
2404 1762 2510 1809 quod
2528 1769 2670 1811 quanto

1605 1810 1744 1859 aliquid
1766 1818 1820 1847 est
1844 1810 1962 1847 rarius
1983 1818 2019 1847 et
2037 1811 2158 1870 magis
2176 1825 2356 1861 vacuum,
2377 1821 2480 1851 tanto
2499 1814 2671 1852 velocius

1605 1864 1745 1900 feratur
1764 1875 1936 1900 sursum:
1967 1870 2003 1900 et
2021 1863 2051 1900 si
2070 1864 2115 1901 sit
2134 1865 2292 1902 omnino
2311 1878 2491 1913 vacuum,
2511 1866 2671 1906 velocis-

1605 1916 1700 1953 sime
1725 1917 1873 1954 feretur.
1905 1916 1982 1953 Sed
2004 1917 2078 1953 hoc
2105 1925 2160 1954 est
2186 1917 2432 1966 impossibile,
2457 1919 2546 1967 quia
2565 1919 2675 1968 quod.

1606 1977 1662 2006 est
1694 1969 1851 2006 omnino
1885 1981 2053 2006 vacuum
2090 1982 2170 2006 non
2200 1978 2325 2019 potest
2342 1971 2503 2019 moveri,
2534 1972 2671 2010 eadem

1606 2022 1748 2059 ratione
1769 2034 1845 2072 qua
1872 2034 1986 2071 supra
2006 2023 2026 2043 *
2052 2029 2246 2060 ostensum
2272 2031 2327 2061 est
2355 2023 2490 2073 quod
2481 2037 2520 2062 in
2548 2024 2669 2075 spatio

1604 2088 1729 2113 vacuo
1767 2088 1846 2112 non
1881 2082 2006 2123 potest
2043 2087 2125 2112 esse
2158 2084 2307 2135 motus;
2345 2077 2435 2125 quia
2467 2089 2546 2114 non
2573 2085 2708 2116 esset·

1606 2140 1829 2177 comparare
1866 2128 2084 2164 velocitates
2112 2129 2224 2165 vacui
2253 2136 2289 2165 et
2324 2130 2443 2178 pleni,
2473 2142 2598 2179 neque
2626 2141 2672 2168 ex

1605 2188 1711 2230 parte
1739 2180 1850 2229 spatii
1877 2193 2002 2229 neque
2038 2193 2083 2217 ex
2118 2188 2226 2230 parte
2253 2182 2424 2230 mobilis,
2459 2183 2672 2224 secundum

1605 2234 1772 2282 aliquam
1811 2233 2099 2270 determinatam
2135 2234 2448 2283 proportionem,
2483 2247 2529 2272 eo
2566 2236 2682 2284 quod-

1604 2287 1707 2336 pleni
1735 2286 1783 2324 ad
1811 2299 1978 2324 vacuum
2006 2287 2109 2323 nulla
2141 2294 2198 2324 est
2222 2288 2431 2337 proportio.
2462 2289 2554 2326 Non
2581 2300 2672 2338 ergo

1606 2352 1774 2377 vacuum
1802 2347 1928 2388 potest
1956 2352 2038 2376 esse
2068 2351 2181 2376 causa
2208 2347 2336 2377 motus
2365 2353 2527 2379 sursum.

1662 2394 1697 2430 8.
1737 2392 1885 2429 Deinde
1924 2388 2012 2429 cum
2051 2391 2159 2429 dicit:
2202 2393 2389 2435 Quoniam
2435 2400 2560 2431 autem
2605 2405 2672 2432 va-

1607 2457 1719 2482 cuum
1739 2453 1827 2491 etc.,
1858 2445 1971 2482 solvit
1987 2445 2238 2495 praemissam
2253 2447 2273 2467 *
2292 2446 2490 2484 rationem.
2521 2447 2570 2484 Et
2595 2446 2672 2496 pri-

1607 2511 1672 2535 mo
1693 2497 1826 2547 repetit
1845 2510 1943 2545 eam,
1963 2498 2084 2546 magis
2107 2497 2229 2547 ipsam
2251 2499 2476 2548 explanans;
2501 2499 2671 2538 secundo

1607 2551 1719 2588 solvit
1746 2563 1845 2597 eam,
1879 2550 1951 2587 ibi:
1984 2551 2068 2588 Nos
2095 2557 2219 2588 autem
2257 2552 2413 2589 dicimus
2434 2554 2452 2572 θ’(
2477 2559 2547 2590 etc.
2572 2552 2672 2590 Dicit

1607 2615 1696 2651 ergo
1715 2603 1852 2652 primo,
1873 2603 1979 2651 quod
1999 2603 2086 2652 quia
2105 2616 2183 2640 non
2203 2604 2363 2642 dicimus
2388 2617 2470 2642 esse
2488 2617 2668 2653 vacuum,

1607 2668 1730 2705 neque
1750 2655 1789 2693 in
1818 2656 2041 2705 corporibus
2060 2669 2184 2705 neque
2214 2665 2326 2705 extra,
2353 2665 2503 2707 oportet
2522 2658 2670 2696 solvere

1607 2722 1705 2759 quae
1725 2709 1772 2745 ab
1793 2709 1872 2746 aliis
1896 2709 2135 2757 inducuntur,
2166 2710 2255 2758 quia
2281 2723 2373 2748 vere
2401 2711 2589 2763 ingerunt
2602 2711 2670 2760 du-

1607 2762 1840 2800 bitationem.
1867 2763 1916 2799 Et
1934 2762 2060 2822 primo
2081 2775 2126 2799 ex
2144 2770 2250 2811 parte
2270 2771 2397 2801 motus
2415 2764 2561 2810 localis:
2581 2762 2671 2818 qma

1607 2823 1671 2852 aut
1708 2827 1787 2852 non
1820 2815 1887 2852 erit
1919 2815 2077 2852 omnino
2119 2823 2247 2853 motus
2281 2817 2409 2854 localis
2445 2822 2479 2864 ⁷,
2517 2817 2589 2856 nisi
2617 2816 2671 2856 sit

1607 2869 1736 2906 raritas
1765 2875 1802 2905 et
1830 2868 2005 2916 densitas,
2025 2870 2181 2917 quam*
2203 2882 2282 2907 non
2309 2869 2564 2918 intelligebant
2586 2870 2706 2908 fieri·

1607 2922 1676 2959 nisi
1704 2933 1773 2970 per
1799 2933 1987 2967 vacuum3
2027 2929 2091 2958 aut
2118 2922 2308 2970 oportebit
2335 2922 2459 2960 dicere
2487 2922 2592 2972 quod
2620 2922 2670 2961 ad

1607 2982 1757 3012 motum
1788 2975 1807 2995 ²²⁶
1836 2974 2033 3011 cuiuslibet
2052 2975 2221 3023 corporis
2242 2975 2355 3012 etiam
2373 2975 2500 3024 ipsum
2521 2976 2669 3014 eaelum

1606 3088 1720 3118 vocat
1748 3080 1995 3117 turbationem
2015 3081 2119 3117 caeli.
2155 3082 2232 3118 Aut
2250 3081 2386 3118 iterum
2407 3093 2452 3118 ex
2478 3090 2584 3131 parte
2608 3093 2670 3131 ge-

1608 3133 1810 3170 nerationis
1840 3141 1875 3169 et
1904 3133 2163 3181 corruptionis,
2185 3134 2373 3183 oportebit
2396 3134 2501 3183 quod
2520 3146 2672 3184 semper

1608 3186 1775 3235 aequalis
1804 3198 1903 3236 aqua
1922 3185 1987 3222 fiat
2007 3198 2052 3222 ex
2077 3197 2174 3233 aere,
2206 3194 2242 3223 et
2269 3186 2356 3223 alibi
2382 3199 2447 3224 aer
2475 3199 2520 3224 ex
2549 3200 2669 3237 aqua:

1608 3240 1696 3288 quia
1712 3251 1799 3276 curn
1818 3240 1902 3288 plus
1919 3238 1965 3275 de
1981 3251 2067 3276 aere
2086 3247 2285 3289 generetur
2300 3251 2345 3276 ex
2360 3252 2459 3288 aqua
2474 3237 2498 3288 ὅ,
2515 3252 2670 3278 necesse

1609 3300 1680 3341 est,
1716 3292 1786 3330 nisi
1814 3293 1880 3329 fiat
1908 3292 2173 3340 condensatio,
2203 3305 2320 3341 quam
2354 3305 2432 3330 non
2468 3293 2672 3331 credebant

1663 3455 1688 3490 ὃ)
1708 3455 1771 3488 quia
1788 3462 1847 3480 cum
1863 3455 1925 3487 plus
1945 3455 1978 3480 de
1995 3462 2058 3480 aere
2075 3458 2218 3488 generetur
2231 3461 2268 3480 ex
2286 3462 2365 3488 aqua.
2377 3468 2397 3475 -
2409 3455 2479 3480 Haec
2497 3462 2550 3479 om.
2567 3454 2604 3485 Τ;
2623 3460 2670 3486 pro

1610 3490 2542 3559 3;.25';‚:03‚.“⁰?.”2322¹p¹1³‚3³3}545:52{220⁶z.?3{;.,¹':?;;f3213
2556 3495 2670 3549 ,ἵῗοέξῖ

1610 3570 1663 3586 exc.
1683 3561 1871 3592 BEFGMZsX3
1891 3561 1922 3586 cf.
1940 3566 2000 3586 text.
2019 3565 2045 3585 et
2063 3569 2088 3585 n.
2105 3568 2117 3585 π
2138 3560 2213 3585 huius
2233 3560 2290 3585 lect.
2302 3574 2321 3579 -
2338 3560 2387 3591 Ibi,
2405 3563 2454 3585 aut
2472 3559 2543 3592 quod
2560 3565 2669 3590 corpus,

1609 3605 1668 3656 'qi-³3
1676 3596 1998 3665 ζιιςέοαιᾶἱῖἕιαέἑίἒὲεῆ
2005 3596 2114 3662 γιι(1)(ὼ.εοῡ
2117 3595 2165 3656 Ι.Οῇ
2179 3595 2220 3621 νει
2237 3595 2273 3626 T;
2292 3602 2345 3620 om.
2359 3602 2376 3620 a
2395 3599 2420 3620 et
2437 3599 2486 3620 eet.
2503 3601 2557 3619 exc.
2571 3593 2669 3619 coms

2700 609 2710 619 ²
2724 614 2776 631 ene
2789 609 2843 631 add.
2855 615 2894 632 ιο.
2918 630 2921 631 ⁷

2721 1082 2803 1111 desert
2814 1089 2872 1106 mm.
2921 1070 2923 1072 Ι

2697 1318 2736 1335 eu
2772 1313 2808 1336 rb.

2698 1554 2802 1582 'desert
2813 1554 2866 1577 rab.

2698 1613 2707 1622 '
2721 1618 2818 1634 causan
2830 1611 2884 1635 add.
2894 1618 2911 1635 ι

2697 1644 2822 1661 mun-⁸2.

2779 2089 2833 2106 ,ιιι
2840 2101 2846 2112 ,
2862 2090 2884 2106 n.
2898 2090 2911 2113 3

2698 2117 2777 2139 “qq-

2699 2453 2710 2464 '
2722 2451 2794 2475 Num.
2804 2457 2826 2475 π.

2697 2558 2709 2570 ’
2723 2557 2794 2580 Num.
2809 2564 2858 2588 seq.
2903 2568 2907 2577 ι

2721 2888 2782 2911 quaa
2794 2889 2817 2906 ι.

2696 2984 2708 2996 ⁸
2721 2986 2797 3006 moene
2810 2984 2847 3007 ed.
2857 2990 2874 3007 a
2900 2976 2902 2978 V

2697 3010 2766 3038 codd,
2785 3017 2835 3034 exc.
2861 3022 2864 3029 ι

1607 3028 1644 3064 in
1673 3039 1823 3064 sursum
1852 3027 1990 3064 feratur
2019 3028 2050 3074 ᾗ
2079 3028 2141 3065 vel
2171 3027 2294 3077 aliqua
2319 3040 2407 3078 pars
2441 3028 2538 3076 eius,
2564 3028 2670 3078 quod
2696 3064 2707 3076 ,
2726 3053 2751 3068 .-

2697 3095 2713 3111 a
2721 3063 2770 3112 ''ve-¹
2783 3089 2853 3113 codd.
2869 3075 2877 3105 Δ.
2884 3100 2886 3106 ·

2696 3121 2810 3139 scomma.
