2898 3996
43 1242 57 1272 ε’.
105 1254 153 1272 σω.
164 1253 239 1273 nucu

57 1350 60 1354 ’
90 1351 239 1375 κῆρα

57 1383 69 1399 ἰ
115 1377 220 1401 etat».

56 2769 147 2797 ,positio
168 2769 203 2791 ed.
226 2775 241 2790 a

21 2796 26 2814 -'
43 2817 46 2818 .
73 2795 142 2817 codd.
160 2801 209 2816 exc.
227 2801 242 2816 t>

57 3023 59 3026 ”
95 3029 222 3051 rationalem

1138 284 1247 319 CAP.
1278 283 1309 329 1,
1340 282 1490 319 LECT.
1520 284 1534 319 1

266 370 359 400 turn.
380 362 623 399 Manifestum
644 369 699 398 est
726 374 815 410 ergo
836 362 938 410 quod
967 373 1082 398 omne
1107 361 1211 410 quod
1238 372 1320 396 mo-

265 422 386 462 vetur,
416 415 463 451 ab
492 414 617 462 aliquo
647 415 720 451 alio
748 421 936 451 movetur.

318 478 356 514 4.
377 467 548 503 Contra*
564 467 674 504 istam
694 474 821 503 autem
836 466 1043 503 Aristotelis
1056 464 1320 513 probationem

232 512 239 518 ’
265 519 516 568 multipliciter
544 519 726 556 obiicitur.
749 517 889 555 Obiicit
909 519 1011 554 enim
1037 518 1202 554 Galenus
1231 528 1320 552 con-

265 579 322 609 tra
348 572 422 608 hoc
450 571 555 620 quod
583 571 671 609 dicit
697 571 925 616 Aristoteles,
950 569 1053 618 quod
1081 569 1110 605 si
1137 581 1214 604 una
1241 575 1320 604 tan-

264 631 347 660 tum
374 636 462 672 pars
491 623 569 660 eius
588 623 738 660 mobilis
765 629 964 659 moveatur
984 628 1019 657 et
1046 621 1188 668 reliqua
1217 620 1320 667 quie-

223 716 226 719 ,
267 683 364 724 scat,
394 676 498 724 quod
525 683 647 718 totum
683 687 762 712 non
796 686 865 723 per
901 685 940 710 se
968 680 1162 710 movetur:
1193 672 1321 709 dicens

265 729 340 766 1106
368 741 449 765 6556
477 728 628 774 falsum3
658 727 746 775 quia
766 738 810 762 ea
836 737 934 773 quae
958 732 1163 762 moventur
1190 736 1321 761 secun-

267 781 360 818 dum
387 787 546 829 partem,
565 791 634 828 per
657 791 697 815 se
725 785 939 815 moventur.
962 777 1038 814 Sed
1067 777 1246 825 deceptus
1266 785 1322 814 est

267 833 433 870 Galenus
461 844 507 868 ex
525 830 838 879 aequivocatione
866 829 946 866 eius
965 829 1071 877 quod
1099 836 1154 866 est
1175 842 1247 877 per
1269 842 1318 866 se.

265 886 340 922 Per
363 896 403 921 se
425 883 527 920 enirn
546 882 775 931 quandoque
804 882 963 919 sumitur
981 882 1191 918 seeundum
1216 882 1321 930 quod

266 936 470 985 opponitur
496 935 531 971 ei
566 942 712 971 tantum
745 934 850 983 quod
886 942 942 971 est
967 946 1039 982 per
1066 934 1235 970 accidens
1243 947 1257 978 ,·
1285 941 1322 970 et

265 988 318 1025 sic
341 988 446 1036 quod
465 994 641 1025 movetur
659 987 869 1023 secundum
887 994 1046 1035 partem,
1063 995 1241 1022 movetur
1254 998 1322 1034 per

265 1052 317 1087 se,
337 1048 378 1077 ut
406 1040 573 1077 Galenus
600 1039 785 1076 intellexit.
812 1039 1055 1087 Quandoque
1082 1050 1176 1074 vero
1206 1039 1320 1074 sumi-

265 1099 325 1129 tur
353 1093 564 1130 secundum
584 1091 689 1140 quod
717 1091 920 1140 opponitur
943 1091 1055 1127 simul
1083 1089 1117 1126 ei
1141 1090 1246 1138 quod
1267 1097 1321 1126 est

264 1157 333 1194 per
360 1145 545 1191 accidens,
581 1151 616 1180 et
644 1144 678 1180 ei
705 1143 808 1192 quod
837 1151 893 1180 est
923 1142 1126 1180 secundum
1149 1148 1298 1191 partem
1307 1156 1321 1187 ;

266 1205 303 1234 et
321 1198 395 1234 1106
415 1197 546 1234 dicitur
559 1209 638 1234 non
657 1196 782 1233 solum
801 1208 870 1244 per
888 1207 939 1243 se,
956 1196 1023 1232 sed
1043 1195 1155 1232 etiarn
1178 1195 1319 1243 primo.

265 1250 315 1286 Et
333 1249 386 1286 sic
409 1249 541 1298 accipit
553 1261 626 1297 per
651 1261 690 1285 se
709 1248 926 1285 Aristoteles
946 1248 1007 1284 hic
1026 1248 1067 1283 *τ
1097 1247 1202 1295 quod
1219 1255 1322 1295 patet

266 1301 365 1350 quia,
386 1314 473 1338 cum
503 1301 746 1338 conclusisset
772 1312 846 1337 non
875 1311 967 1349 ergo
995 1306 1165 1338 movetur
1184 1311 1257 1347 per
1282 1313 1322 1337 se

265 1355 356 1400 AB,
394 1353 599 1401 subiungit:
627 1353 693 1390 sed
717 1364 930 1390 concessum
959 1358 1013 1388 est
1030 1353 1049 1373 ’³‘
1063 1364 1135 1401 per
1160 1353 1319 1399 seipsum

266 1407 413 1443 moveri
431 1406 611 1454 primum.

324 1459 356 1495 5.
395 1459 471 1496 Sed
507 1457 626 1505 magis
662 1464 769 1504 urget
797 1456 957 1493 obiectio
986 1456 1221 1503 Avicennae‚
1258 1457 1322 1504 qui

267 1510 394 1547 obiicit
422 1518 551 1547 contra
578 1510 676 1546 hanc
704 1509 900 1555 rationem,
922 1509 1048 1545 dicens
1078 1521 1162 1546 eam
1189 1521 1320 1557 proce-

268 1563 356 1600 dere
385 1575 430 1599 ex
453 1562 712 1611 suppositione
739 1561 991 1610 impossibilis,
1022 1573 1067 1597 ex
1095 1573 1171 1609 quo
1200 1561 1322 1610 sequi-

267 1622 327 1652 tur
354 1614 596 1664 impossibile,
631 1621 667 1650 et
694 1626 772 1651 non
801 1625 846 1650 ex
874 1625 919 1650 eo
948 1613 1052 1662 quod
1079 1613 1231 1662 ponitur
1258 1614 1322 1650 ali-

267 1667 359 1716 quid
377 1680 400 1704 a
418 1667 542 1716 seipso
570 1665 729 1703 moveri.
755 1666 795 1703 Si
823 1666 925 1702 enim
951 1677 1141 1714 ponamus
1169 1666 1322 1714 aliquod

267 1720 410 1757 mobile
430 1732 452 1756 a
471 1719 594 1767 seipso
623 1718 771 1755 moveri
797 1718 921 1767 primo
943 1725 979 1754 et
995 1730 1064 1766 per
1083 1730 1134 1764 se,
1155 1719 1322 1754 naturale

269 1778 325 1808 est
361 1772 395 1808 ei
430 1771 535 1819 quod
571 1778 771 1808 moveatur
808 1777 844 1806 et
880 1770 1090 1806 secundum
1127 1777 1249 1806 totum
1288 1777 1323 1806 et

269 1823 479 1861 secundum
509 1830 646 1872 partes.
674 1822 714 1859 Si
747 1834 834 1870 ergo
862 1829 1026 1870 ponatur
1059 1822 1163 1870 quod
1199 1822 1323 1870 aliqua

267 1889 355 1925 pars
388 1876 467 1912 eius
499 1875 685 1924 quiescat,
715 1874 783 1911 erit
817 1873 955 1922 positio
989 1874 1241 1922 impossibilis.
1275 1876 1325 1911 Et

269 1941 315 1965 ex
346 1929 418 1965 1136
448 1927 636 1977 positione
668 1927 837 1975 sequitur
866 1926 1098 1974 impossibile
1137 1927 1186 1963 ad
1218 1927 1323 1975 quod

267 1980 485 2018 Aristoteles
517 1979 679 2026 inducit,
713 1978 851 2015 scilicet
882 1978 986 2026 quod
1017 1986 1139 2016 totum
1167 1991 1324 2016 movea-

267 2040 328 2070 tur
354 2045 432 2070 non
459 2032 582 2081 primo
613 2039 648 2068 et
674 2043 742 2080 per
770 2043 822 2078 se,
842 2037 883 2067 ut
899 2031 1065 2079 positum
1085 2039 1150 2068 est.
1171 2053 1195 2059 -
1225 2032 1323 2069 Huic

269 2092 397 2122 autem
434 2084 636 2121 obiectioni
673 2090 802 2131 posset
838 2083 969 2131 aliquis
1006 2084 1162 2120 obviare
1199 2084 1323 2121 dicen-

271 2137 342 2184 do,
361 2137 479 2185 'quod
506 2137 590 2173 licet
620 2135 851 2183 impossibile
879 2135 925 2171 sit
950 2142 1097 2183 partem
1130 2136 1323 2183 quiescere

269 2189 479 2226 secundum
505 2187 791 2225 determinatam
819 2194 1005 2234 naturam,
1025 2187 1249 2235 inquantum
1270 2196 1325 2225 est

270 2254 407 2289 corpus
438 2241 520 2277 talis
552 2239 710 2288 speciei,
739 2247 781 2276 ut
812 2246 903 2287 puta
932 2239 1078 2276 caelum
1109 2241 1171 2277 vel
1207 2240 1321 2287 ignis,

270 2306 348 2330 non
385 2301 440 2330 est
475 2300 603 2329 tamen
636 2291 885 2340 impossibile,
919 2291 949 2328 si
982 2292 1075 2328 ratio
1108 2293 1323 2330 communis

271 2346 438 2394 corporis
475 2345 750 2381 consideretur:
784 2344 872 2391 quia
911 2356 1062 2392 corpus,
1100 2344 1323 2393 inquantum

270 2410 426 2446 corpus,
464 2409 542 2434 non
576 2396 797 2445 prohibetur
832 2395 1026 2444 quiescere
1063 2397 1124 2433 vel
1161 2397 1320 2436 moveri.

270 2450 347 2487 Sed
364 2451 463 2487 hanc
491 2449 777 2497 responsionem
797 2448 958 2485 excludit
980 2448 1176 2485 Avicenna
1204 2449 1323 2498 dupli-

269 2502 369 2539 citer.
390 2502 519 2538 Primo
539 2501 694 2550 quidem
713 2500 802 2548 quia
828 2501 909 2549 pari
929 2500 1072 2537 ratione
1098 2509 1228 2549 posset
1248 2502 1319 2539 dici

269 2554 316 2591 de
344 2562 423 2591 toto
453 2566 622 2602 corpore,
644 2553 747 2601 quod
775 2565 852 2589 non
880 2553 1100 2601 prohibetur
1128 2554 1321 2602 quiescere

269 2619 315 2643 ex
342 2607 415 2643 hoc
444 2606 547 2654 quod
576 2618 712 2654 corpus
741 2612 806 2652 est,
835 2605 929 2641 sicut
958 2605 1090 2642 dicitur
1118 2606 1164 2642 de
1196 2614 1320 2654 parte;

269 2665 306 2694 et
331 2658 382 2695 ita
409 2658 644 2706 superfluum
673 2657 740 2694 fuit
756 2669 949 2694 assumere
978 2657 1025 2694 ad
1052 2658 1319 2705 probationem

2354 285 2426 322 323

1375 367 1446 397 test
1474 373 1555 397 esse
1587 374 1690 409 vera,
1725 362 1830 398 cuius
1860 362 2086 398 antecedens
2116 369 2170 398 est
2197 362 2428 410 impossibile

1377 420 1413 448 et
1445 425 1681 462 consequens
1714 414 1944 463 impossibile
1963 420 1990 460 ‘,
2021 414 2114 450 sicut
2147 413 2231 450 ista:
2260 415 2294 450 si
2317 415 2428 451 homo

1376 470 1430 500 est
1455 465 1591 511 asinus,
1621 472 1675 502 est
1700 467 1843 503 animal
1870 466 2097 503 irrationale.
2129 466 2429 503 Concedendum

1376 524 1432 553 est
1459 529 1547 564 ergo
1577 518 1680 565 quod
1711 519 1943 567 impossibile
1976 526 2031 555 est
2065 519 2184 567 quod,
2215 518 2245 555 si
2277 518 2429 566 aliquod

1376 569 1517 606 mobile
1535 570 1686 617 ponitur
1700 570 1714 596 ζ
1729 583 1885 607 movere
1906 571 2084 619 seipsum,
2106 571 2209 619 quod
2227 571 2289 607 vel
2308 578 2429 607 toturn

1374 622 1437 658 vel
1454 634 1542 669 pars
1562 622 1641 658 eius
1661 622 1842 670 quiescat3
1868 623 1961 659 sicut
1980 623 2210 670 impossibile
2232 630 2286 659 est
2304 623 2430 670 ignem

1376 685 1454 710 non
1483 686 1564 710 esse
1585 674 1759 721 calidum,
1779 682 1934 723 propter
1961 675 2034 711 hoc
2059 675 2163 722 quod
2188 682 2243 711 est
2267 674 2336 711 sibi
2360 674 2430 723 ipsi

1377 738 1490 762 causa
1517 726 1661 763 caloris.
1691 726 1801 763 Unde
1829 727 1924 763 haec
1952 726 2211 763 conditionalis
2241 734 2295 763 est
2321 739 2429 763 vera:

1374 778 1409 814 si
1434 778 1578 814 mobilis
1605 779 1784 815 moventis
1811 779 1970 826 seipsum
1992 790 2087 826 pars
2115 780 2284 827 quiescit,
2314 785 2430 815 totum

1376 831 1535 878 quiescit.
1556 830 1773 867 Aristoteles
1793 838 1930 877 autem,
1951 831 1981 867 si
1994 831 2113 867 verba
2133 830 2211 867 eius
2241 831 2432 878 diligenter

1377 883 1670 929 considerentur,
1700 895 1896 930 nunquam
1921 883 2035 919 utitur
2063 883 2186 931 quiete
2214 883 2340 931 partis,
2361 883 2431 920 nisi

1374 947 1444 982 per
1470 935 1701 971 locutionem
1728 936 1932 971 habentem
1955 935 2036 971 vim
2057 935 2316 972 conditionalis
2343 948 2430 983 pro-

1375 987 1582 1034 positionis.
1604 988 1695 1023 Non
1724 987 1824 1023 enim
1854 987 1940 1024 dicit
1967 988 2129 1035 quiescat
2155 988 2263 1032 BC⁷¹,
2281 988 2349 1024 sed
2368 1000 2430 1024 ne-

1376 1050 1474 1074 cesse
1496 1044 1558 1084 est,
1578 1039 1651 1075 BC
1667 1040 1881 1086 quiescente,
1903 1040 2089 1088 quiescere
2111 1040 2183 1075 AB
2191 1053 2204 1083 ;
2228 1047 2264 1075 et
2283 1040 2429 1087 iterum,

1376 1091 1581 1138 quiescente
1601 1097 1723 1138 parte,
1744 1092 1895 1139 quiescit
1921 1097 2054 1128 totum:
2075 1099 2111 1128 et
2131 1104 2175 1128 ex
2202 1093 2273 1128 hac
2302 1093 2430 1129 condi-

1375 1142 1503 1179 tionali
1529 1155 1633 1188 vera,
1662 1143 1880 1180 Aristoteles
1911 1144 2150 1191 propositum
2184 1144 2429 1182 demonstrat.

1377 1195 1454 1231 Sed
1487 1194 1574 1231 dicit
1601 1196 1790 1231 Averroes
1819 1197 1922 1243 quod
1949 1196 2018 1232 ista
2056 1196 2324 1233 demonstratio
2353 1210 2431 1234 non

1376 1254 1432 1283 est
1460 1247 1506 1283 de
1535 1259 1671 1294 genere
1705 1248 2068 1284 demonstrationum
2101 1249 2334 1296 simpliciter,
2364 1250 2431 1286 sed

1377 1300 1423 1336 de
1460 1311 1596 1346 genere
1631 1299 1998 1336 demonstrationum
2030 1312 2128 1347 quae
2162 1300 2334 1337 dicuntur
2367 1302 2431 1338 de-

1376 1352 1667 1388 monstrationes
1693 1352 1804 1401 signi,
1824 1352 1886 1388 vel
1906 1352 2245 1389 demonstrationes
2269 1354 2367 1401 quia,
2393 1354 2432 1390 in

1376 1404 1514 1452 quibus
1542 1411 1598 1440 est
1625 1417 1714 1440 usus
1741 1404 1871 1440 talium
1900 1404 2221 1441 conditionalium.

1429 1457 1497 1493 Est
1511 1464 1638 1493 autem
1653 1457 1747 1492 haec
1757 1457 1776 1477 *
1786 1456 1921 1493 solutio
1938 1457 2168 1493 conveniens
2183 1465 2367 1504 quantum
2382 1459 2431 1495 ad

1376 1509 1450 1545 hoc
1474 1509 1579 1557 quod
1607 1508 1694 1545 dicit
1722 1508 1768 1545 de
1787 1509 1944 1545 veritate
1974 1509 2250 1546 conditionalis:
2281 1510 2348 1546 sed
2375 1510 2430 1547 vi-

1378 1561 1486 1597 detur
1514 1561 1716 1598 dicendum
1745 1561 1850 1609 quod
1869 1573 1947 1598 non
1967 1561 2012 1597 sit
2031 1561 2301 1599 demonstratio
2330 1563 2429 1610 quia,

1377 1613 1445 1650 sed
1457 1619 1614 1661 propter
1627 1613 1733 1661 quid;
1753 1613 1918 1650 continet
1937 1614 2038 1650 enirn
2054 1626 2208 1650 causam
2228 1627 2343 1662 quare
2362 1615 2431 1651 im-

1375 1666 1553 1714 possibile
1579 1673 1634 1701 est
1652 1665 1805 1713 aliquod
1824 1666 1965 1702 mobile
1994 1678 2150 1703 movere
2171 1666 2348 1715 seipsum.
2370 1667 2431 1704 Ad

1377 1718 1482 1754 cuius
1502 1717 1730 1754 evidentiam
1755 1718 1951 1754 sciendum
1972 1726 2036 1765 est,
2058 1718 2162 1767 quod
2190 1719 2329 1766 aliquid
2349 1732 2430 1756 mo-

1376 1782 1466 1807 vere
1486 1770 1652 1817 seipsum
1672 1769 1762 1806 nihil
1781 1770 1881 1807 aliud
1901 1778 1966 1816 est,
1988 1783 2102 1818 quam
2123 1783 2205 1807 esse
2225 1771 2295 1807 sibi
2319 1784 2432 1808 causa

1378 1829 1514 1858 motus.
1541 1822 1658 1868 Quod
1678 1829 1804 1858 autem
1825 1830 1879 1859 est
1898 1822 1967 1870 sibi
1988 1835 2100 1859 causa
2124 1823 2294 1870 3116111115,
2321 1837 2432 1872 opor-

1376 1882 1428 1911 tet
1456 1874 1560 1922 quod
1581 1875 1708 1922 primo
1738 1874 1771 1910 ei
1800 1875 2015 1921 conveniat3
2041 1875 2129 1923 quia
2157 1876 2261 1924 quod
2280 1883 2335 1912 est
2355 1877 2430 1925 pri-

1378 1939 1486 1963 mum
1513 1926 1552 1962 in
1570 1926 1748 1975 quolibet
1774 1938 1922 1974 genere,
1954 1935 2008 1964 est
2033 1940 2145 1964 causa
2173 1940 2306 1965 eorum
2335 1941 2432 1977 quae

1378 1986 1464 2016 sunt
1490 1986 1586 2027 post.
1612 1979 1722 2016 Unde
1751 1979 1856 2026 ignis,
1878 1979 1941 2027 qui
1969 1980 2038 2016 sibi
2067 1988 2103 2016 et
2130 1980 2208 2017 aliis
2238 1988 2292 2017 est
2320 1994 2432 2018 causa

1379 2031 1522 2078 caloris,
1544 2038 1598 2068 est
1615 2031 1783 2080 primurn
1804 2031 1977 2069 calidum.
2006 2033 2179 2069 Ostendit
2204 2041 2330 2070 autern
2351 2034 2432 2070 Ari-

1378 2084 1529 2120 stoteles
1561 2084 1599 2120 in
1629 2091 1733 2120 sexto
1755 2085 1786 2130 *,
1808 2084 1911 2132 quod
1938 2084 1976 2120 in
2005 2092 2112 2121 motu
2140 2090 2218 2122 non
2246 2086 2433 2122 invenitur

1377 2136 1556 2184 primum,
1577 2148 1701 2184 neque
1723 2149 1766 2172 ex
1780 2144 1886 2184 parte
1905 2137 2097 2185 temporis,
2119 2150 2242 2186 neque
2263 2151 2307 2174 ex
2326 2146 2431 2187 parte

1378 2187 1665 2235 magnitudinis,
1703 2201 1826 2237 neque
1865 2189 1977 2225 etiam
1998 2191 2017 2210 ‘⁸‘
2042 2202 2087 2226 ex
2122 2198 2227 2238 parte
2260 2191 2430 2239 mobilis,

1376 2239 1532 2288 propter
1558 2241 1696 2277 horum
1726 2241 2016 2278 divisibilitatem
2035 2243 2064 2278 ³¹³.
2087 2243 2178 2279 Non
2198 2255 2286 2291 ergo
2309 2251 2432 2291 potest

1377 2292 1537 2329 inveniri
1564 2293 1744 2341 primum,
1766 2293 1871 2329 cuius
1891 2301 2018 2330 motus
2046 2307 2124 2331 non
2152 2295 2365 2343 dependeat
2384 2297 2430 2332 ab

1378 2345 1503 2392 aliquo
1524 2345 1656 2392 priori:
1677 2352 1804 2381 motus
1833 2346 1934 2382 enim
1959 2347 2072 2383 totius
2101 2348 2290 2395 dependet
2308 2361 2330 2384 a
2349 2361 2431 2384 mo-

1376 2397 1475 2433 tibus
1494 2397 1672 2445 partium,
1695 2405 1730 2433 et
1749 2397 1926 2434 dividitur
1943 2398 1982 2434 in
2001 2411 2066 2435 605
2088 2400 2124 2446 ²¹³,
2144 2407 2186 2435 ut
2208 2400 2246 2436 in
2266 2408 2369 2437 sexto
2392 2402 2431 2422 *³²²

1376 2450 1580 2497 probatum
1611 2457 1675 2486 est.
1704 2449 1765 2486 Sic
1794 2462 1880 2497 ergo
1911 2451 2071 2488 ostendit
2099 2452 2316 2488 Aristoteles
2346 2466 2430 2490 cau-

1378 2514 1459 2538 sam
1487 2514 1605 2550 quare
1633 2502 1778 2538 nullum
1807 2502 1947 2538 mobile
1976 2511 2107 2540 movet
2131 2504 2318 2552 seipsum;
2344 2506 2431 2553 quia

1377 2566 1454 2590 non
1472 2561 1596 2602 potest
1624 2566 1705 2590 esse
1724 2554 1890 2602 primurn
1910 2555 2062 2602 mobile,
2084 2556 2188 2592 cuius
2208 2564 2333 2593 motus
2352 2570 2430 2595 non

1377 2606 1589 2654 dependeat
1616 2619 1637 2642 a
1664 2606 1851 2654 partibus:
1881 2607 1976 2643 sicut
2003 2608 2033 2644 si
2054 2609 2292 2646 ostenderem
2327 2611 2430 2658 quod

1376 2659 1521 2695 nullum
1555 2658 1738 2695 divisibile
1765 2666 1889 2707 potest
1917 2672 1998 2696 esse
2030 2660 2196 2708 primum
2232 2674 2312 2708 ens,
2343 2663 2431 2711 quia

268 2710 452 2759 propositi
480 2710 704 2747 divisionem
741 2709 890 2746 mobilis
919 2707 955 2746 et
991 2709 1158 2757 quietern
1194 2711 1319 2759 partis.
1347 2701 1351 2754 Ι
1377 2723 1458 2747 6556
1488 2710 1683 2747 cuiuslibet
1711 2711 1903 2748 divisibilis
1932 2712 2120 2760 dependet
2139 2726 2161 2749 a
2179 2714 2361 2761 partibus:
2389 2723 2431 2752 ut

271 2763 447 2799 Secundo
477 2762 565 2810 quia
591 2761 716 2810 aliqua
733 2761 940 2810 propositio
962 2763 980 2782 '³‘
1001 2762 1216 2810 simpliciter
1239 2764 1321 2800 red-

270 2814 368 2851 ditur
396 2814 646 2862 impossibilis,
668 2813 697 2850 si
716 2813 974 2861 praedicatum
994 2822 1176 2862 repugnet
1199 2815 1321 2852 subie-

270 2874 330 2904 cto
363 2866 505 2903 ratione
534 2866 764 2903 differentiae
793 2866 1011 2914 specificae,
1042 2866 1216 2914 quamvis
1244 2880 1321 2905 non

269 2926 451 2967 repugnet
470 2919 503 2955 ei
531 2918 674 2955 ratione
694 2918 850 2965 generis.
871 2919 939 2954 Est
962 2918 1062 2955 enim
1090 2919 1321 2967 impossibile

269 2973 374 3019 quod
392 2972 510 3008 homo
531 2971 576 3007 sit
598 2970 828 3017 irrationalis,
849 2971 1024 3018 quamvis
1044 2983 1122 3007 non
1140 2971 1321 3020 impedia-

269 3031 329 3060 tur
355 3023 575 3060 irrationalis
601 3024 620 3044 ³²
650 3035 730 3059 6556
759 3025 804 3059 ex
831 3023 905 3059 hoc
942 3023 1045 3071 quod
1080 3031 1134 3059 est
1169 3025 1319 3061 animal.

271 3075 333 3112 Sic
360 3075 468 3122 igitur
496 3075 710 3123 simpliciter
747 3075 976 3123 impossibile
1006 3082 1061 3111 est
1098 3076 1202 3124 quod
1234 3090 1321 3125 pars

271 3127 439 3175 corporis
467 3127 655 3164 moventis
675 3127 841 3176 seipsum
869 3127 1045 3175 quiescat,
1068 3128 1155 3176 quia
1173 3129 1247 3164 hoc
1267 3137 1321 3165 est

271 3180 400 3216 contra
419 3179 602 3216 rationem
621 3180 702 3216 talis
722 3179 901 3227 corporis,
922 3180 1007 3216 licet
1030 3192 1108 3216 non
1128 3180 1173 3216 sit
1192 3188 1321 3217 contra

271 3231 456 3267 rationem
484 3244 730 3268 communem
759 3231 937 3279 corporis.

325 3284 360 3319 6.
395 3283 478 3319 Hac
515 3283 622 3331 igitur
658 3283 902 3331 responsione
936 3291 1093 3329 remota,
1131 3285 1321 3320 Averroes

272 3335 376 3372 aliter
395 3334 520 3372 solvit:
546 3342 582 3371 et
600 3335 686 3372 dicit
705 3335 809 3382 quod
828 3334 957 3382 aliqua
971 3335 1229 3371 conditionalis
1252 3348 1320 3383 po-

325 3471 345 3506 ε)
366 3475 391 3497 et
409 3478 566 3504 consequens
585 3471 749 3502 impossibile.
762 3483 781 3490 ·-
793 3474 819 3495 et
842 3478 999 3502 consequens
1017 3474 1056 3495 est
1079 3471 1236 3502 impossibile
1253 3471 1276 3495 V
1295 3477 1320 3496 et

271 3506 363 3532 Venet.
386 3506 460 3538 1545,
474 3506 543 3547 ’1551
567 3511 591 3530 61
614 3506 731 3546 ¹⁵5²¹.‘³²
748 3512 906 3546 consequens
924 3509 963 3530 est
976 3505 1101 3536 possibile
1120 3506 1147 3530 P.
1277 3541 1282 3546 Ι
1300 3540 1305 3546 Π

272 3541 618 3609 δυεζῐῖδῖηῗῗίᾳεηιοὲιινῖιέἷῇε
628 3541 879 3607 ἴενξῗῗῖοςξέἕέαὲὸ,
888 3540 1318 3607 ᾳιὶΐᾱιὲἱὲιζῖζέῗοῠὲῗεηὲοὲἓιῖιῗ,

1377 2763 1429 2799 516
1448 2764 1543 2799 11366
1572 2763 1832 2800 conditionalis
1851 2764 1896 2800 sit
1913 2777 2022 2801 vera:
2051 2766 2085 2801 si
2101 2778 2194 2814 pars
2213 2779 2286 2802 non
2307 2779 2429 2804 move-

1376 2821 1447 2860 tur,
1476 2821 1591 2852 totum
1620 2828 1693 2852 non
1722 2822 1910 2862 movetur,
1941 2817 2035 2853 sicut
2058 2818 2151 2854 haee
2171 2819 2429 2856 conditionalis

1377 2874 1431 2903 est
1457 2879 1567 2904 vera:
1595 2868 1629 2904 si
1647 2880 1741 2915 pars
1769 2880 1843 2905 non
1873 2875 1934 2914 est,
1965 2863 2078 2906 totum
2108 2882 2182 2906 non
2212 2877 2273 2907 est.

1430 2932 1465 2967 7.
1486 2920 1597 2956 Unde
1617 2927 1653 2956 et
1671 2921 1868 2968 Platonici,
1893 2921 1957 2969 qui
1976 2930 2185 2969 posuerunt
2203 2923 2327 2971 aliqua
2346 2936 2427 2960 mo-

1375 2984 1465 3008 vere
1485 2972 1617 3021 seipsa,
1640 2972 1810 3009 dixerunt
1829 2974 1933 3020 quod
1953 2975 2098 3011 nullum
2119 2987 2346 3023 corporeum
2366 2984 2429 3012 aut

1377 3024 1719 3061 divisibile-movet
1746 3025 1931 3073 seipsum;
1971 3027 2035 3063 sed
2069 3040 2226 3064 movere
2262 3029 2427 3076 seipsum

1377 3084 1431 3113 est
1458 3077 1722 3113 tantummodo
1752 3078 1978 3115 substantiae
2007 3079 2220 3127 spiritualis,
2249 3092 2346 3127 quae
2374 3081 2427 3116 in-

1375 3128 1501 3175 telligit
1540 3129 1703 3177 seipsam
1741 3137 1777 3166 et
1812 3138 1914 3166 amat
1950 3131 2133 3179 seipsam:
2170 3132 2428 3168 universaliter

1376 3193 1510 3217 omnes
1547 3181 1785 3229 operationes
1823 3189 1942 3218 motus
1979 3183 2227 3231 appellando;
2267 3184 2354 3231 quia
2393 3191 2427 3220 et
2454 3195 2462 3204 *

1375 3233 1592 3270 huiusmodi
1621 3234 1876 3282 operationes,
1906 3235 2044 3270 scilicet
2071 3235 2205 3271 sentire
2235 3242 2271 3270 et
2297 3235 2426 3271 intelli-

1376 3296 1462 3331 gere
1488 3286 1523 3331 *,
1555 3285 1666 3321 etiarn
1703 3286 1918 3322 Aristoteles
1941 3286 1979 3322 in
2015 3286 2121 3322 tertio
2150 3287 2195 3322 de
2221 3287 2359 3323 Anima
2386 3289 2426 3309 ’Μ

1375 3336 1546 3373 nominat
1561 3345 1706 3373 motum
1722 3338 1752 3382 ²⁸,
1769 3337 1978 3374 secundum
1994 3338 2097 3385 quod
2111 3345 2236 3374 motus
2252 3346 2307 3375 est
2321 3347 2424 3376 actus

1373 3473 1443 3504 quod
1459 3474 1567 3505 aliquod
1585 3474 1679 3498 mobile
1692 3477 1812 3504 ponatur
1831 3474 1913 3502 HNR,
1928 3474 1998 3505 quod
2017 3467 2122 3505 quando
2139 3475 2248 3506 aliquod
2266 3477 2358 3502 mobile
2373 3485 2424 3510 po-

1373 3507 1447 3531 nitur
1465 3508 1500 3538 D;
1519 3508 1543 3532 si
1560 3509 1680 3532 omittunt
1698 3509 1783 3532 ceteri.

1425 3541 1452 3575 η)
1471 3542 1587 3574 quiescat
1605 3543 1659 3566 BC.
1673 3555 1693 3560 —
1706 3542 1814 3574 quiescit
1832 3543 1882 3567 BC
1898 3543 1971 3567 codd.
1987 3544 2064 3572 DHN,
2082 3545 2152 3576 quod
2169 3545 2285 3576 quiescat
2298 3546 2392 3572 PLMS.
2406 3561 2424 3566 -

1373 3576 1503 3607 quiescere
1521 3580 1547 3601 et
1564 3577 1613 3601 AB
1627 3577 1703 3601 Piana
1722 3582 1747 3601 et
1764 3577 1814 3602 ab.
1827 3591 1846 3596 —
1859 3578 1956 3609 quievit
1974 3581 2057 3603 totum
2077 3579 2096 3603 P
2115 3584 2140 3604 et
2158 3580 2222 3605 Ven.
2244 3580 2317 3612 1545.

2459 1464 2468 1472 '¹
2489 1463 2621 1484 huiusmodi
2640 1469 2671 1484 n?

2458 1495 2480 1515 o,
2495 1489 2561 1510 huius
2571 1495 2608 1516 ει-ι,
2621 1495 2670 1511 om.

2457 1521 2479 1536 1..

2460 2091 2468 2100 '¹
2484 2090 2545 2111 Lect.
2556 2097 2602 2118 vu,
2622 2096 2645 2112 n.
2656 2091 2671 2112 6

2459 2123 2510 2144 sqq.

2459 2195 2546 2215 ‘etiam
2559 2202 2606 2217 om.
2622 2201 2668 2217 ner

2459 2227 2528 2242 6111111.

2460 2249 2468 2256 ·
2481 2247 2656 2269 continuitatem

2458 2279 2481 2294 n.

2459 2405 2468 2413 '¹
2484 2410 2525 2425 eas
2539 2411 2560 2426 p.

2459 2431 2478 2440 ”¹
2494 2431 2556 2452 Lect.
2573 2436 2608 2458 v1‚
2623 2437 2669 2452 n.2

2459 2462 2509 2484 sqq.

2486 3195 2617 3222 intelligere
2640 3199 2666 3217 et

2453 3221 2502 3241 alia
2531 3222 2666 3244 huiusmodi

2452 3252 2544 3294 i³·G'13501.
2559 3274 2598 3295 lib.
2616 3275 2663 3302 111,

2451 3304 2663 3348 {²32n1V.¹¹1’001¹3·x¹1·1.'

2452 3352 2460 3360 '
2475 3353 2549 3373 motus
2563 3352 2631 3374 codd.
