2982 4022
251 314 260 321 ⁹
281 312 312 334 Ca
334 328 339 333 .
355 318 377 337 ιι,
393 317 415 333 n.
431 318 463 332 io.

251 339 276 360 S.
292 318 338 359 Tg.
362 339 414 359 lect.
429 344 463 364 iv,

249 371 272 386 n.
284 370 313 392 15.

254 418 263 426 ·
275 416 325 437 sive
341 422 389 437 om.
398 421 426 437 m
441 420 463 436 et

249 448 280 467 a;
295 445 339 463 cet.
352 448 402 472 pm.
420 448 463 463 na-

250 470 319 490 turae
333 474 390 489 sive.

250 521 385 541 ‘secundum
394 519 462 541 codd.

252 553 301 567 exc.
317 553 353 567 sc.

250 573 273 584 '⁴'
287 572 411 594 secundum
433 572 465 599 qd

251 599 319 620 codd.
330 604 380 619 exc.
395 604 462 619 ozon.

249 626 260 636 ⁸⁸
274 631 298 646 tn
313 624 378 645 nobis
392 630 463 645 om.1²

251 650 397 673 οεῖοκικαὺ.

250 782 261 793 ⁸
272 784 295 803 et
302 781 426 802 secundum
437 786 463 801 se

252 808 305 829 add.
325 807 393 828 codd.
412 813 462 828 exc.

253 839 354 855 tronum.

344 943 362 959 π

252 992 260 1000 ’
274 989 434 1018 persecteltae)

250 1016 318 1037 codd.
336 1022 385 1046 exc.
406 1021 435 1036 so

248 1046 269 1063 et
284 1048 299 1063 Y
313 1049 351 1070 qui
367 1048 415 1063 om.

250 1305 260 1316 “
282 1304 439 1331 Philosophus

249 1336 297 1351 om.
307 1336 450 1358 nzrmmzpu.

245 1880 255 1890 '⁶
270 1880 319 1902 eius
329 1886 376 1902 om.
387 1887 458 1902 Αεικτ

245 1912 298 1927 vxv.

245 1991 254 2000 ⁸
269 1990 339 2010 etiam
357 1989 443 2011 addunt

244 2022 319 2036 Anum.

243 2147 254 2157 ’⁵
265 2147 317 2167 item
328 2146 397 2168 codd.
406 2153 455 2168 exc.

244 2179 348 2194 BDEGHNR
352 2187 358 2193 -

246 2409 255 2418 ⁶
272 2414 340 2429 unum
351 2413 455 2429 Amosrv.

244 2461 253 2468 ⁶
268 2461 292 2480 in
303 2459 371 2481 codd.
383 2465 432 2481 exc.
442 2466 455 2481 F

243 2492 327 2508 munz.

242 2881 249 2888 ·
262 2881 308 2900 tolo
317 2885 365 2900 om.
376 2885 428 2907 epe..

491 223 513 258 6
1134 219 1479 256 PHYSICORUM
1506 219 1855 255 ARISTOTELIS
1886 219 1979 255 LIB.
2011 220 2024 255 1

493 300 581 337 dicit
608 300 863 349 Philosophus
891 299 975 336 inl.
995 300 1136 336 Poster.
1168 300 1198 345 ²¹³,
1220 298 1325 347 quod
1353 297 1552 345 singularia

492 360 579 389 sunt
606 352 726 400 magis
746 360 835 389 nota
855 353 982 400 quoad
1002 365 1089 398 nos,
1119 350 1346 388 universalia
1373 363 1466 387 vero
1486 363 1552 387 na-

491 412 596 442 turae
612 405 691 442 sive
709 406 728 426 *
744 405 969 453 simpliciter.
988 405 1064 441 Sed
1080 404 1363 452 intelligendum
1379 403 1552 451 estquod

491 457 543 493 ibi
558 457 692 506 accipit
707 457 906 505 singularia
920 458 1002 505 ipsa
1021 457 1214 494 individua
1234 455 1437 493 sensibilia:
1455 467 1551 504 quae

491 517 578 546 sunt
605 510 724 557 magis
749 517 838 546 nota
866 510 995 557 quoad
1014 511 1034 530 *
1053 523 1135 556 nos,
1157 509 1245 557 quia
1265 510 1308 530 *²⁸
1328 520 1461 545 sensus
1490 520 1552 544 co-

490 562 616 609 gnitio,
633 574 731 610 quae
747 569 802 598 est
817 562 1071 609 singularium,
1086 562 1278 611 praecedit
1298 561 1552 608 cognitionem

490 614 696 650 intellectus
716 614 754 651 in
782 614 891 651 nobis
912 614 944 662 ²¹⁵,
965 626 1063 663 quae
1088 622 1143 651 est
1170 614 1452 651 universalium.
1475 613 1552 649 Sed

490 666 578 714 quia
608 666 769 714 cognitio
797 667 1053 703 intellectualis
1082 674 1136 703 est
1164 666 1375 715 perfectior,
1399 665 1552 702 univer—

490 719 581 754 salia
600 726 727 755 autem
757 726 844 755 sunt
862 719 1103 766 intelligibilia
1130 720 1170 755 in
1198 726 1295 764 actu,
1316 730 1394 754 non
1423 725 1551 754 autem

490 771 689 818 singularia
719 774 828 817 (cum
857 771 930 807 sint
957 771 1201 817 materialia);
1231 770 1448 818 simpliciter
1467 770 1486 790 *
1517 777 1552 805 et

490 824 699 860 secundum
728 831 902 860 naturam
930 823 1156 860 universalia
1185 831 1271 860 sunt
1289 822 1447 859 notiora.
1479 822 1551 858 Hic

490 882 616 911 autem
636 875 837 923 singularia
857 876 944 912 dicit
958 888 1037 912 non
1056 876 1135 924 ipsa
1156 875 1362 921 individua,
1380 874 1447 910 sed
1467 887 1550 923 spe-

490 927 582 972 cies;
617 940 714 976 quae
750 935 836 964 sunt
867 928 1033 965 notiores
1058 934 1076 950 π
1105 929 1316 965 secundum
1354 934 1549 974 naturam,

488 987 619 1027 utpote
646 981 889 1028 perfectiores
911 982 930 1002 ²¹⁴
960 980 1156 1017 existentes
1186 988 1221 1017 et
1249 980 1461 1017 distinctam
1488 992 1549 1016 co-

488 1032 694 1079 gnitionem
723 1033 927 1069 habentes:
957 1045 1095 1080 genera
1113 1045 1208 1070 vero
1233 1040 1319 1069 sunt
1336 1032 1440 1080 prius
1460 1039 1550 1068 nota

489 1084 617 1131 quoad
650 1097 738 1131 nos,
767 1093 898 1133 utpote
926 1086 1104 1122 habentia
1133 1085 1387 1133 cognitionem
1416 1085 1454 1120 in
1481 1096 1549 1132 po-

487 1136 602 1172 tentia
631 1144 667 1173 et
691 1138 900 1174 confusam.

542 1188 749 1226 Sciendum
774 1197 901 1226 autem
923 1189 1028 1239 quod
1049 1191 1338 1226 Commentator
1366 1189 1470 1225 aliter
1489 1201 1549 1225 ex-

486 1241 604 1289 ponit.
626 1242 725 1278 Dicit
745 1242 845 1279 enim
866 1243 971 1291 quod
992 1242 1063 1289 ibi,
1084 1243 1221 1279 Innata
1249 1248 1373 1278 autem
1394 1247 1448 1278 est
1465 1248 1548 1288 etc.,

486 1294 569 1330 vult
588 1295 787 1331 ostendere
807 1296 1061 1343 Philosophus
1082 1296 1101 1316 *
1121 1295 1284 1331 modum
1314 1294 1548 1330 demonstra-

486 1345 598 1382 tionis
617 1347 728 1383 huius
748 1347 935 1394 scientiae,
957 1348 1045 1395 quia
1073 1347 1212 1384 scilicet
1230 1348 1463 1384 demonstrat
1481 1358 1550 1394 per

488 1398 644 1435 effectus
674 1407 709 1436 et
740 1400 949 1447 posteriora
969 1400 1180 1436 secundum
1213 1407 1407 1436 naturam:
1428 1406 1469 1434 ut
1497 1398 1549 1434 sic

487 1451 592 1499 quod
621 1451 672 1487 ibi
702 1452 848 1498 dicitur,
879 1452 1100 1499 intelligatur
1128 1452 1176 1488 de
1203 1462 1385 1499 processu
1413 1450 1452 1486 in
1484 1450 1547 1486 de-

487 1504 747 1551 monstrando,
766 1512 801 1540 et
819 1517 897 1541 non
917 1505 954 1540 in
976 1503 1275 1540 determinando.
1299 1503 1399 1539 Cum
1419 1509 1547 1539 autem

487 1555 594 1602 dicit,
625 1557 720 1592 Sunt
749 1562 872 1593 autem
909 1557 1013 1593 nobis
1041 1563 1056 1586 Ρ
1084 1564 1174 1603 etc.,
1204 1555 1363 1592 intendit
1390 1555 1547 1591 manife-

486 1615 594 1654 stare,
612 1609 822 1645 secundum
846 1621 946 1656 eum,
963 1621 1060 1656 quae
1080 1617 1166 1645 sunt
1181 1608 1300 1655 magis
1315 1615 1405 1644 nota
1419 1607 1548 1655 quoad

485 1672 556 1696 nos
572 1668 607 1697 et
622 1661 746 1697 minus
762 1669 852 1698 nota
867 1661 1078 1698 secundum
1093 1669 1280 1706 naturam,
1292 1660 1430 1696 scilicet
1444 1672 1548 1696 com-

484 1713 607 1761 posita
631 1713 874 1762 simplicibus,
896 1714 1103 1761 intelligens
1132 1712 1344 1761 composita
1372 1724 1440 1760 per
1455 1725 1545 1748 con-

485 1766 578 1802 fusa.
600 1765 742 1802 Ultimo
772 1774 901 1803 autem
926 1766 1115 1803 concludit
1134 1766 1238 1813 quod
1258 1765 1546 1813 procedendum

486 1825 540 1854 est
555 1819 602 1854 ab
622 1819 956 1855 universalioribus
976 1819 1023 1855 ad
1040 1819 1166 1855 minus
1184 1817 1423 1864 universalia,
1441 1818 1547 1865 quasi

485 1871 682 1918 quoddam
703 1871 955 1908 corollarium.
977 1870 1088 1908 Unde
1107 1878 1210 1919 patet
1229 1869 1334 1918 quod
1350 1870 1429 1906 eius
1445 1872 1465 1892 ²¹³
1486 1883 1547 1906 ex-

482 1923 620 1971 positio
641 1936 719 1960 non
739 1931 794 1960 est
814 1924 1056 1970 conveniens,
1078 1924 1264 1971 quianon
1284 1923 1475 1970 coniungit
1493 1930 1549 1959 to-

484 1984 564 2012 tum
584 1976 633 2012 ad
652 1988 769 2012 unam
784 1976 1049 2022 intentionem3
1071 1984 1107 2012 et
1125 1976 1213 2025 quia
1227 1975 1288 2012 hic
1301 1976 1319 1996 ’³‘
1331 1988 1408 2012 non
1429 1975 1548 2012 inten-

485 2028 537 2064 dit
551 2029 806 2076 Philosophus
822 2029 1020 2066 ostendere
1041 2029 1202 2065 modum
1218 2027 1549 2065 demonstrationis

483 2080 594 2117 huius
614 2081 801 2127 scientiae,
813 2082 888 2118 hoc
903 2082 1005 2118 enim
1021 2082 1130 2118 faciet
1144 2081 1182 2117 in
1198 2082 1365 2117 secundo
1381 2080 1475 2117 libro
1492 2093 1549 2117 se-

484 2134 652 2170 cundum
668 2133 842 2170 ordinem
859 2134 1150 2180 determinandi;
1171 2133 1307 2170 iterum
1320 2134 1339 2154 ’¹‘
1355 2133 1443 2180 quia
1459 2145 1548 2169 con-

482 2186 565 2222 fusa
584 2199 662 2222 non
683 2187 822 2223 debent
842 2187 979 2235 exponi
999 2186 1221 2235 composita,
1237 2186 1305 2222 sed
1320 2186 1546 2231 indistincta3

483 2251 561 2275 non
590 2239 691 2275 enim
718 2246 848 2287 posset
877 2239 1052 2276 concludi
1081 2239 1221 2287 aliquid
1255 2251 1300 2274 ex
1327 2237 1545 2274 universali-

482 2291 566 2338 bus,
588 2303 676 2327 cum
705 2303 842 2338 genera
870 2304 949 2328 non
969 2299 1248 2339 componantur
1270 2302 1313 2326 ex
1334 2290 1543 2338 speciebus.

536 2356 571 2391 9.
593 2344 743 2380 Deinde
765 2356 852 2380 curn
873 2344 974 2380 dicit:
1001 2346 1134 2380 Totum
1154 2344 1252 2380 enim
1274 2350 1355 2389 etc.,
1382 2343 1540 2379 manife-

482 2403 552 2432 stat
570 2396 810 2444 propositum
829 2409 898 2444 per
917 2397 984 2433 tria
1005 2397 1119 2444 signa.
1142 2397 1318 2442 Quorum
1338 2396 1506 2443 primurn
1524 2397 1543 2416 ²¹*

482 2449 642 2484 sumitur
669 2462 691 2485 a
711 2450 730 2470 ²³⁴
750 2457 828 2486 toto
857 2449 1026 2496 integrali
1055 2448 1235 2485 sensibili:
1258 2456 1294 2485 et
1322 2448 1410 2484 dicit
1437 2447 1542 2495 quod

481 2509 603 2537 toturn
624 2502 799 2538 sensibile
820 2509 874 2538 est
889 2501 1014 2538 notius
1033 2501 1245 2538 secundum
1262 2513 1434 2545 sensum;
1451 2512 1539 2547 ergo

482 2561 517 2590 et
545 2561 666 2590 totum
695 2554 920 2601 intelligibile
951 2562 1005 2590 est
1032 2554 1158 2590 notius
1190 2553 1403 2589 secundum
1434 2552 1540 2588 intel-

479 2608 630 2643 lectum.
671 2607 891 2644 Universale
934 2614 1062 2643 autern
1098 2613 1153 2642 est
1186 2605 1383 2652 quoddam
1418 2611 1539 2641 totum

479 2659 705 2706 intelligibile
725 2666 755 2706 ⁶,
772 2660 859 2707 quia
885 2657 1173 2707 comprehendit
1197 2658 1315 2693 multa
1342 2664 1383 2693 ut
1400 2665 1536 2704 partes,

479 2711 618 2748 scilicet
650 2725 717 2748 sua
744 2712 941 2756 inferiora;
973 2722 1060 2757 ergo
1089 2709 1302 2746 universale
1332 2716 1386 2746 est
1414 2709 1537 2746 notius

479 2764 688 2800 secundum
718 2765 945 2800 intellectum
974 2762 1101 2810 quoad
1130 2774 1213 2799 nos.

531 2816 688 2853 Videtur
722 2824 848 2853 autem
888 2816 982 2851 haec
1013 2813 1187 2863 probatio
1221 2814 1418 2860 inefficax,
1449 2813 1537 2861 quia

478 2868 592 2904 utitur
616 2874 688 2905 toto
705 2870 724 2890 ²³²
746 2877 781 2904 et
789 2874 900 2916 parte
920 2874 955 2903 et
969 2867 1296 2915 comprehensione
1315 2866 1534 2914 aequivoce.

479 2921 693 2958 Dicendum
715 2928 769 2957 est
789 2928 913 2957 autem
936 2920 1039 2968 quod
1059 2927 1179 2956 toturn
1200 2919 1378 2966 integrale
1399 2925 1435 2954 et
1453 2918 1535 2954 uni-

478 2974 623 3009 versale
662 2973 892 3011 conveniunt
926 2973 963 3009 in
991 2973 1081 3019 hoc,
1111 2972 1214 3019 quod
1243 2979 1448 3018 utrumque
1482 2978 1537 3007 est

531 3106 560 3136 π)
580 3105 634 3129 Sed
656 3104 766 3136 species;
785 3110 852 3136 quae
873 3106 935 3128 sunt
954 3103 1079 3127 notiores.
1091 3117 1110 3122 -
1124 3103 1184 3133 BH,
1209 3103 1256 3127 sed
1278 3102 1388 3134 species,
1409 3109 1477 3134 quae
1495 3109 1537 3126 re-

477 3144 566 3172 spectu
585 3147 711 3173 generum
731 3139 926 3171 quodammodo
946 3141 1059 3169 possunt
1082 3138 1135 3163 dici
1156 3138 1306 3170 singularia
1327 3135 1385 3170 (pH
1405 3145 1458 3161 om.
1473 3144 1537 3169 quo-

477 3175 645 3200 dammodo...
659 3173 834 3208 singularia):
853 3173 902 3198 hae
922 3171 958 3205 (et
977 3173 1026 3198 hae
1045 3173 1075 3205 B)
1090 3176 1204 3204 possunt
1222 3172 1276 3197 dici
1294 3172 1418 3196 notiores.

531 3212 555 3244 ρ)
573 3211 638 3235 Cum
652 3213 768 3234 autem...
783 3209 892 3234 nobis.-
906 3209 1032 3241 Corrupte
1046 3209 1133 3240 legunt
1147 3207 1211 3240 pEG
1233 3208 1297 3232 Cum
1311 3210 1399 3231 autem
1414 3210 1475 3231 sunt
1490 3214 1536 3231 no-

478 3246 516 3270 bis
534 3246 612 3269 rubro
627 3245 779 3275 subiineata;
799 3244 857 3268 editi
877 3243 1012 3275 corrigunt.
1029 3243 1132 3268 Deinde
1150 3250 1208 3267 cum
1224 3242 1296 3267 dicit.
1311 3242 1448 3274 Sequimur
1467 3241 1536 3266 codi-

479 3288 530 3304 ces.
543 3294 562 3298 —
575 3281 663 3304 Statim
683 3280 758 3304 codd.
778 3287 831 3304 exc.
851 3279 896 3303 EG
915 3286 968 3302 om.
982 3285 1049 3310 quae
1067 3281 1142 3307 sunt,
1163 3283 1187 3302 et
1206 3285 1252 3310 pro
1271 3277 1359 3309 quoad
1384 3277 1478 3301 habent
1496 3283 1535 3301 se-

478 3315 609 3342 cundum5
628 3318 691 3339 nota
710 3319 768 3346 post
787 3314 873 3339 minus
891 3321 943 3338 om.
958 3313 1163 3338 PEFGHMNab.

532 3349 558 3380 σ)
579 3353 661 3374 totum
682 3349 843 3381 intelligibile
866 3353 912 3373 etc.
925 3362 943 3368 —-
962 3348 1055 3381 Eupo·
1074 3353 1098 3372 et
1121 3355 1138 3372 a
1160 3355 1212 3372 om.
1227 3350 1328 3375 totum;
1346 3354 1392 3379 pro
1412 3346 1535 3379 intelligi-

480 3384 542 3412 bile,
563 3384 734 3408 intellectuale
759 3384 860 3412 DEGa,·
884 3389 943 3416 post
967 3383 1166 3415 comprehendit
1185 3382 1285 3407 PEGab
1304 3382 1400 3406 addunt
1423 3381 1469 3406 sub
1493 3388 1535 3409 se,-

479 3423 538 3450 post
558 3421 651 3449 partes
670 3418 733 3443 EGa
752 3424 870 3451 repetunt
890 3418 1051 3447 universal&
1070 3418 1211 3443 secundum
1235 3417 1392 3442 intellectum
1418 3424 1471 3440 om.
1492 3416 1534 3440 PE

480 3453 546 3477 Gab.

534 3488 558 3520 τ)
575 3487 609 3512 Et
624 3487 812 3513 indistinctum.
826 3502 846 3507 ·-
859 3489 927 3513 Haec
945 3489 1031 3519 verba,
1051 3496 1117 3521 quae
1131 3496 1183 3513 om.
1195 3488 1256 3517 Pac»,
1271 3486 1411 3512 adiecimus
1425 3486 1534 3511 auctori-

1608 298 1809 334 confusum
1831 305 1866 334 et
1884 297 2139 335 indistinctum
2154 304 2180 335 τ.
2199 299 2315 337 Sicuti
2331 301 2434 338 enim
2450 301 2514 350 qui
2533 314 2667 350 appre-

1606 350 1738 387 hendit
1770 363 1901 398 genus,
1930 363 2009 387 non
2044 352 2294 400 apprehendit
2321 353 2466 401 species
2495 354 2667 391 distincte

1607 403 1675 440 sed
1700 403 1738 439 in
1761 404 1929 452 potentia
1957 411 2125 450 tantum,
2155 404 2205 440 ita
2232 405 2297 452 qui
2325 406 2572 454 apprehendit
2600 407 2668 444 do-

1608 468 1727 502 mum,
1763 457 1935 493 nondum
1957 458 1976 478 *
2001 456 2191 504 distinguit
2217 465 2360 506 partes:
2389 458 2491 494 unde
2517 471 2606 495 cum
2627 460 2668 481 ¹³*

1607 508 1750 544 ratione
1767 509 1999 546 confusionis
2014 516 2137 546 totum
2153 509 2198 546 sit
2212 509 2315 559 prius
2332 510 2523 557 cognitum
2539 513 2667 559 quoad

1607 573 1689 607 nos,
1717 561 1853 598 eadem
1874 562 1966 598 ratio
1988 570 2043 598 est
2062 563 2109 599 de
2129 570 2290 611 utroque
2311 570 2402 599 toto.
2424 563 2519 599 Esse
2539 570 2667 601 autem

1608 613 1863 661 compositum
1894 615 1913 635 ²¹²
1937 627 2026 651 -non
2064 622 2119 651 est
2156 627 2361 652 commune
2393 615 2542 663 utrique
2579 616 2666 653 toti:

1606 666 1710 702 unde
1737 667 1979 703 manifestum
2009 674 2064 703 est
2097 668 2202 717 quod
2226 668 2415 716 signanter
2438 667 2529 705 dixit
2553 680 2668 717 supra

1607 719 1775 766 confusa,
1810 726 1847 756 et
1874 732 1954 756 non
1982 721 2196 768 composita.

1665 782 1722 807 10.
1752 770 1899 808 Deinde
1928 784 2016 808 cum
2054 772 2163 809 dicit:
2194 773 2381 810 Sustinent
2406 778 2531 810 autem
2570 779 2666 821 etc.,

1605 823 1713 871 ponit
1745 823 1845 860 aliud
1879 824 2028 871 signum
2066 824 2113 861 de
2150 833 2229 863 toto
2264 825 2472 873 integrali*
2500 825 2666 874 intelligi-

1606 874 1680 911 bili.
1702 876 1912 913 Definitum
1934 877 2035 913 enim
2055 889 2094 913 se
2120 878 2235 915 habet
2254 878 2303 915 ad
2327 878 2544 915 definientia
2571 891 2665 927 quo-

1606 927 1816 965 dammodo
1850 936 1890 965 ut
1921 937 2043 966 toturn
2067 929 2244 978 integrale
2263 931 2300 977 ³¹³,
2329 930 2554 978 inquantum
2582 938 2668 968 actu

1606 987 1692 1016 sunt
1720 981 1938 1018 definientia
1957 982 1996 1018 in
2015 982 2193 1028 definito;
2214 983 2283 1020 sed
2301 990 2430 1020 tamen
2449 984 2514 1032 qui
2534 996 2666 1032 appre-

1604 1032 1735 1069 hendit
1762 1045 1917 1081 nomen,
1938 1042 1979 1071 ut
2006 1042 2097 1083 puta
2117 1037 2137 1057 ’¹‘
2156 1036 2345 1072 hominem
2374 1043 2438 1072 aut
2465 1036 2666 1083 circulum,

1606 1096 1684 1121 non
1703 1086 1827 1122 statim
1849 1086 2039 1134 distinguit
2066 1088 2250 1136 principia
2269 1089 2289 1108 ³²
2309 1087 2544 1134 definientia;
2564 1089 2667 1126 unde

1605 1149 1748 1174 nomen
1769 1145 1823 1174 est
1842 1138 1936 1175 sicut
1964 1139 2161 1187 quoddam
2189 1147 2312 1176 toturn
2332 1147 2368 1177 et
2386 1140 2665 1188 indistinctum,

1605 1189 1672 1226 sed
1698 1189 1866 1226 definitio
1895 1191 2026 1228 dividit
2054 1192 2091 1227 in
2119 1192 2342 1241 singularia,
2371 1192 2468 1230 idest
2495 1193 2666 1230 distincte

1603 1241 1711 1290 ponit
1731 1243 1750 1263 ’¹‘
1769 1242 1951 1291 principia
1971 1243 2124 1281 definiti.

1604 1358 1718 1394 supra
1746 1347 1850 1392 dixit3
1880 1359 1969 1383 nam
1999 1347 2217 1385 definientia
2243 1348 2421 1386 videntur
2448 1351 2566 1386 esse*
2584 1350 2667 1387 uni-

1602 1398 1819 1446 versaliora,
1836 1411 1935 1447 quae
1955 1399 2045 1436 dixit
2059 1400 2162 1448 prius
2183 1413 2263 1437 esse
2283 1408 2374 1438 nota
2397 1401 2519 1438 nobis.
2542 1404 2638 1439 Item
2652 1408 2667 1423 ⁰

1604 1450 1633 1485 si
1654 1450 1853 1487 definitum
1883 1459 1980 1488 esset
1997 1452 2123 1490 notius
2151 1453 2262 1490 nobis
2290 1466 2407 1502 quam
2436 1453 2665 1502 definienda,

1603 1514 1682 1539 non
1701 1503 1955 1540 notificaretur
1969 1505 2079 1542 nobis
2094 1506 2294 1543 definitum
2312 1519 2382 1555 per
2397 1506 2665 1545 definitonem:

1603 1554 1693 1591 nihil
1723 1556 1824 1592 enim
1856 1556 2071 1594 notificatur
2098 1558 2208 1596 nobis
2241 1558 2311 1595 nisi
2340 1571 2386 1595 ex
2414 1559 2535 1607 magis
2569 1560 2667 1597 notis

1603 1607 1724 1644 nobis.
1756 1608 1832 1645 Sed
1861 1609 2064 1646 dicendum
2087 1612 2191 1659 quod
2213 1610 2433 1648 definientia
2454 1612 2666 1650 secundum

1603 1672 1643 1695 se
1659 1667 1745 1696 sunt
1758 1660 1862 1708 prius
1877 1669 1967 1698 nota
1982 1662 2092 1699 nobis
2107 1675 2223 1712 quam
2245 1663 2459 1710 definitum;
2480 1664 2549 1702 sed
2562 1665 2667 1714 prius

1604 1719 1659 1748 est
1677 1721 1811 1749 notum
1836 1714 1946 1750 nobis
1975 1715 2187 1762 definitum,
2209 1728 2325 1764 quam
2355 1717 2459 1765 quod
2487 1717 2574 1754 talia
2593 1717 2666 1754 sint

1604 1764 1821 1802 definientia
1840 1766 1973 1815 ipsius:
2003 1767 2098 1804 sicut
2116 1768 2220 1816 prius
2244 1775 2330 1805 sunt
2349 1776 2439 1806 nota
2458 1769 2569 1807 nobis
2588 1770 2666 1807 ani-

1604 1818 1679 1853 mal
1704 1826 1740 1854 et
1759 1818 1940 1855 rationale
1960 1831 2076 1866 quam
2095 1821 2228 1867 homo;
2253 1821 2319 1858 sed
2348 1821 2452 1870 prius
2474 1829 2529 1858 est
2555 1822 2666 1860 nobis

1608 1877 1719 1921 notus
1739 1870 1759 1891 ’²‘
1779 1871 1898 1907 homo
1928 1872 2099 1920 confuse,
2129 1885 2247 1921 quarn
2275 1874 2380 1922 quod
2401 1875 2444 1896 ²¹²*
2463 1874 2604 1912 animal
2629 1882 2667 1912 et

1604 1922 1784 1959 rationale
1813 1923 1886 1960 sint
1914 1923 2132 1961 definientia
2159 1925 2287 1974 ipsius.

1663 1987 1675 2011 1
1690 1987 1720 2012 1.
1741 1976 1889 2013 Deinde
1918 1989 2006 2013 cum
2036 1977 2138 2014 dicit:
2166 1980 2217 2014 Et
2228 1979 2343 2026 pueri
2360 1986 2442 2025 etc.,
2463 1979 2570 2028 ponit
2593 1986 2664 2016 ter-

1603 2027 1697 2063 tium
1718 2027 1866 2075 signum
1887 2037 2083 2077 sumptum
2105 2042 2149 2066 ex
2172 2031 2432 2068 universaliori
2452 2037 2467 2061 P
2487 2032 2663 2070 sensibili.

1605 2079 1708 2116 Sicut
1732 2080 1832 2117 en'im
1861 2081 2110 2118 universalius
2138 2082 2363 2130 intelligibile
2389 2091 2444 2120 est
2465 2085 2568 2132 prius
2597 2097 2665 2121 no-

1603 2139 1683 2168 tum
1712 2133 1822 2169 nobis
1842 2134 2053 2170 secundum
2081 2134 2323 2182 intellectum,
2348 2143 2390 2172 ut
2407 2144 2499 2184 puta
2525 2137 2666 2174 animal

1601 2185 1779 2230 homine,
1813 2185 1863 2221 ita
1892 2186 2135 2223 communius
2167 2188 2341 2224 sensibile
2375 2195 2431 2225 est
2466 2189 2570 2238 prius
2597 2202 2666 2227 no-

1601 2244 1682 2272 tum
1701 2237 1812 2273 nobis
1832 2240 2044 2276 secundum
2064 2251 2232 2286 sensum,
2247 2248 2290 2277 ut
2306 2247 2398 2289 puta
2416 2242 2491 2278 hoc
2524 2241 2665 2279 animal

1601 2301 1717 2337 quam
1750 2289 1811 2325 hic
1843 2291 1975 2327 homo.
2005 2292 2054 2327 Et
2088 2291 2172 2328 dico
2200 2293 2305 2340 prius
2338 2294 2550 2331 secundum
2579 2304 2664 2331 sen-

1599 2354 1686 2378 sum
1715 2349 1751 2377 et
1771 2343 1790 2363 ’¹‘
1810 2344 2023 2379 secundum
2042 2344 2171 2380 locum
2201 2352 2236 2381 et
2255 2346 2468 2382 secundum
2496 2354 2660 2394 tempus.

1599 2395 1818 2430 Secundum
1847 2395 1975 2431 locum
2005 2395 2181 2443 quidem,
2208 2396 2296 2445 quia
2322 2409 2410 2434 cum
2439 2398 2572 2447 aliquis
2594 2399 2614 2420 *
2640 2411 2663 2436 a

1597 2446 1752 2483 remotis
1770 2446 1920 2483 videtur
1937 2449 1967 2495 ²¹⁸,
1979 2448 2083 2496 prius
2097 2449 2327 2497 percipimus
2342 2449 2467 2498 ipsum
2483 2462 2564 2487 esse
2580 2463 2662 2488 cor-
2687 2466 2696 2474 ·

1594 2511 1667 2546 pus
1700 2511 1815 2546 quam
1854 2512 1935 2536 esse
1956 2500 2107 2547 animal,
2129 2508 2165 2537 et
2191 2502 2266 2538 hoc
2286 2502 2390 2550 prius
2418 2515 2536 2551 quam
2556 2504 2662 2552 quod

1595 2550 1640 2586 sit
1666 2551 1797 2597 homo,
1820 2559 1856 2588 et
1874 2552 2006 2589 ultimo
2027 2554 2130 2601 quod
2150 2553 2195 2590 sit
2214 2555 2400 2592 Socrates.
2426 2556 2474 2591 Et
2492 2556 2662 2593 similiter

1594 2603 1807 2640 secundum
1828 2610 1979 2652 tempus
2002 2618 2098 2653 puer
2120 2606 2224 2654 prius
2247 2608 2267 2628 '¹‘
2291 2608 2541 2656 apprehendit
2558 2609 2661 2646 hunc

1592 2663 1634 2692 ut
1661 2656 1853 2703 quendam
1886 2657 2101 2705 hominem,
2129 2671 2244 2707 quam
2272 2667 2314 2696 ut
2340 2660 2443 2696 hunc
2460 2661 2660 2699 hominem

1597 2708 1661 2756 qui
1682 2716 1736 2744 est
1755 2710 1862 2745 Plato
1882 2714 1910 2756 χ,
1932 2710 1996 2758 qui
2021 2718 2076 2747 est
2094 2719 2201 2759 pater
2221 2712 2315 2749 eius:
2337 2720 2373 2749 et
2390 2713 2466 2749 hoc
2481 2721 2536 2750 est
2554 2715 2660 2763 quod

1593 2760 1697 2807 dicit,
1712 2762 1827 2808 pueri
1837 2763 2006 2809 primum
2039 2764 2229 2811 appellant
2251 2777 2379 2802 omnes
2405 2766 2507 2802 viros
2528 2773 2658 2815 patres

1591 2819 1627 2849 et
1640 2814 1811 2861 seminas
1829 2820 1978 2861 matres,
1999 2817 2065 2852 sed
2079 2817 2265 2863 posterius
2284 2818 2542 2864 determinant,
2561 2819 2658 2856 idest

1590 2866 1836 2903 determinate
1857 2875 2090 2914 cognoscunt
2110 2870 2142 2915 ³¹²,
2164 2870 2462 2918 unumquodque.
2490 2871 2550 2907 Ex
2577 2883 2654 2920 quo

1590 2918 1786 2954 manifeste
1823 2920 1842 2940 ’¹‘
1875 2920 2084 2957 ostenditur
2117 2921 2223 2969 quod
2248 2921 2353 2970 prius
2390 2922 2655 2969 cognoscimus

1590 2970 1729 3019 aliquid
1758 2972 1828 3007 sub
1859 2972 2079 3009 confusione
2104 2985 2221 3022 quam
2249 2974 2431 3011 distincte.

1590 3106 1641 3126 tate
1654 3102 1727 3126 codd.
1737 3110 1808 3127 omn.
1817 3116 1836 3121 —
1846 3102 1924 3128 Linea
1937 3111 1993 3135 seq.
2007 3111 2055 3135 pro
2070 3103 2200 3133 distincte,
2214 3105 2378 3130 AILVXYsS
2394 3105 2483 3137 legunt
2497 3098 2651 3138 distinctim,

1590 3137 1613 3160 K
1636 3137 1796 3167 distinctum,
1816 3137 2063 3171 BFMNR'I'Z(pS?)
2082 3139 2235 3167 distinctam
2254 3147 2301 3172 pro
2319 3140 2373 3168 sed,
2394 3141 2446 3165 nisi
2463 3141 2536 3166 EGa.

1643 3171 1668 3205 υ)
1690 3172 1781 3196 Item...
1799 3173 1868 3197 notis
1887 3173 1969 3198 nobis.
1981 3186 2000 3193 —-
2012 3174 2082 3198 Haec
2100 3181 2152 3198 om.
2174 3174 2228 3198 Pab
2247 3179 2273 3199 et
2290 3174 2394 3206 pEGH,
2420 3183 2514 3208 nempe
2534 3176 2652 3202 homote—

1590 3207 1685 3237 leuton,
1704 3207 1774 3238 quod
1793 3215 1823 3231 ex
1838 3207 1892 3232 aliis
1911 3208 2042 3232 codicibus
2057 3208 2224 3234 restituimus.
2236 3222 2255 3228 -·
2268 3209 2348 3234 Linea
2363 3217 2418 3243 seq.
2433 3212 2540 3236 secund.
2551 3219 2580 3237 se
2598 3220 2651 3237 om.

1590 3241 1691 3266 MNRZ.
1705 3254 1724 3260 ·-
1737 3242 1799 3266 Post
1818 3243 1923 3267 alteram
1944 3243 2037 3268 lineam
2057 3251 2105 3276 pro
2123 3251 2203 3276 quam
2218 3244 2297 3276 quod,
2314 3252 2382 3269 unus
2397 3245 2418 3270 C
2436 3245 2513 3270 habet
2524 3254 2604 3279 quam
2615 3247 2653 3272 eit

1590 3276 1663 3301 nobis
1683 3279 1772 3301 notum
1791 3277 1869 3309 quod.

1643 3310 1671 3344 φ)
1696 3311 1894 3338 Universaliori.
1906 3327 1925 3332 -
1943 3313 2092 3339 Universali
2109 3314 2274 3339 LMNRZsO.
2286 3328 2306 3333 -
2318 3315 2397 3340 Linea
2415 3323 2470 3348 seq.
2485 3323 2533 3349 pro
2544 3316 2650 3341 univer-

1588 3346 1684 3375 salius,
1705 3347 1852 3372 universale
1870 3348 1980 3377 RSZsL;
2001 3354 2060 3380 post
2078 3349 2183 3374 alteram
2204 3349 2297 3374 lineam
2316 3358 2364 3382 pro
2382 3351 2560 3380 communius,
2577 3357 2649 3376 com-

1590 3388 1666 3405 mune
1685 3382 2019 3414 ABCIKLOSTUXYsGR,
2034 3384 2220 3409 convenienter
2235 3384 2266 3414 D.
2279 3386 2435 3410 conveniens
2453 3385 2507 3418 pn,
2525 3385 2568 3418 pG
2582 3385 2629 3410 lne-

1641 3415 1670 3450 χ)
1683 3416 1735 3446 Qui
1748 3420 1787 3442 est
1801 3417 1886 3442 Plato.
1896 3432 1914 3436 —
1924 3418 1959 3442 Ita
1970 3418 1989 3442 P
2003 3423 2028 3443 et
2043 3419 2057 3443 b
2065 3425 2073 3447 ς
2088 3419 2159 3443 DMN
2171 3419 2229 3444 hab.
2244 3420 2304 3451 lac.;
2320 3420 2362 3445 Rz
2377 3420 2487 3452 (omisso
2499 3420 2545 3452 qui
2557 3420 2607 3452 est)
2617 3424 2648 3445 ut

1589 3451 1739 3481 Platonem,·
1758 3457 1806 3476 cet.
1826 3461 1884 3477 cum
1894 3460 1919 3483 a,
1936 3453 1981 3485 qui
1991 3457 2030 3478 est
2043 3457 2072 3478 ut
2081 3454 2167 3478 Plato.
2181 3468 2199 3472 —
2213 3454 2268 3480 eius
2281 3462 2334 3480 om.
2348 3462 2366 3480 a
2380 3460 2405 3480 et
2415 3454 2490 3480 codd·
2503 3461 2556 3479 exc.
2566 3455 2618 3479 BD.
2629 3469 2648 3474 —

1589 3486 1645 3511 Lin.
1661 3494 1716 3519 seq.
1732 3494 1821 3512 omnes
1835 3488 1971 3513 om.c0dd.
1986 3496 2041 3512 exc.
2051 3488 2276 3521 BDEGHMNRZ5
2291 3497 2338 3522 pro
2351 3490 2436 3520 viros,
2451 3489 2581 3514 masculos
2590 3490 2645 3514 EG.

2695 465 2707 475 '⁵
2723 470 2769 487 non
2783 472 2821 488 zo.

2697 491 2719 502 ’⁸
2733 492 2758 513 in
2771 493 2824 515 add.
2838 499 2906 516 Αι-ιιο

2695 523 2760 540 srvz.

2695 632 2707 644 ⁹
2717 632 2841 661 compoetti
2852 638 2907 655 ma.

2696 843 2705 852 ·
2714 843 2739 863 et
2746 841 2801 866 add.
2810 843 2910 866 »moab-

2694 939 2702 948 ·
2715 938 2750 960 ad
2758 944 2817 960 suae
2822 940 2908 967 parte:

2695 965 2758 987 addit
2771 971 2796 987 n.

2697 1048 2706 1057 ·
2720 1049 2801 1075 utpote
2821 1047 2891 1070 codd.

2696 1079 2746 1095 exc.
2757 1080 2824 1095 nm.

2695 1101 2704 1110 ·
2715 1100 2797 1127 princi
2811 1100 2836 1121 ia
2858 1106 2906 1122 om.

2694 1131 2787 1148 ruma
2803 1141 2810 1148 .

2693 1255 2705 1267 ⁸
2711 1255 2827 1283 proponit
2838 1255 2907 1278 codd.

2696 1287 2745 1303 exc.
2759 1287 2834 1303 nucu
2845 1293 2855 1298 -
2866 1281 2908 1304 de—

2687 1333 2809 1360 finitionis
2824 1339 2846 1356 c.

2695 1361 2774 1408 3:⁸³³
2778 1359 2848 1383 codd.
2855 1364 2907 1382 exe.

2791 1423 2808 1439 u

2692 1887 2703 1897 ⁶
2715 1889 2795 1910 notum
2806 1889 2888 1911 mab.

2693 1913 2715 1926 *³
2729 1914 2792 1941 quod
2805 1921 2854 1937 om.
2866 1921 2906 1937 m

2693 1945 2852 1968 nrvzpmzox.

2790 2042 2808 2068 Ῥ

2690 2354 2702 2366 ⁸
2721 2356 2746 2376 et
2766 2361 2814 2377 om.
2833 2356 2904 2378 codd.

2691 2386 2784 2402 exau.

2690 2412 2700 2421 '¹
2715 2411 2808 2439 aliquid
2826 2418 2901 2434 »ιε-,ιιι

2684 2443 2817 2486 manaath&
2829 2470 2882 2487 m.

2686 2618 2698 2629 ⁸
2709 2618 2789 2646 primo
2798 2623 2901 2642 nuscum

2687 2645 2742 2671 nor(
2745 2650 2778 2672 pn
2783 2645 2800 2671 ἓ)

2781 2729 2802 2756 Χ

2681 2883 2694 2895 “
2703 2885 2729 2906 et
2736 2884 2846 2906 distincte
2854 2885 2895 2907 nd-

2683 2909 2739 2931 dunt
2750 2916 2860 2939 numa,
2870 2914 2896 2934 et

2682 2935 2746 2958 addit
2759 2943 2802 2964 po.

2683 2963 2692 2972 ·
2713 2961 2868 2985 deteminate
2880 2970 2895 2986 ι

1657 1294 1815 1330 Videtur
1842 1302 1969 1331 autem
2003 1296 2078 1332 hoc
2116 1308 2199 1332 esse
2237 1296 2466 1334 contrarium
2495 1297 2529 1334 ei
2561 1299 2666 1346 quod
2687 1307 2907 1335 finftun-oxme-
2961 1317 2968 1323 ·
