2898 3996
1181 296 1291 332 CAP.
1322 295 1388 341 111,
1419 294 1567 330 LECT.
1596 294 1631 330 v

1084 517 1381 574 LECTIO
1421 518 1732 593 QUINTA

360 672 597 704 DISPOSITIO
620 672 770 703 RERUM
793 670 1010 708 QUANTUM
1031 669 1090 699 AD
1113 668 1275 699 MOTUM
1299 668 1357 697 ET
1382 668 1578 704 QUIETEM
1604 668 1798 704 QUINQUE
1823 668 1955 698 MODIS
1980 668 2028 698 SE
2052 668 2223 698 HABERE
2247 667 2414 698 POTEST
2440 685 2457 689 -

1050 729 1378 760 EXCLUDUNTUR
1401 728 1492 759 DUO
1515 729 1631 759 PRIMI
1656 728 1764 759 MODI

322 872 428 917 Ἀρχνῗ
451 866 489 902 δὲ
513 871 574 906 τῆς
599 868 741 911 σκέψεως
767 867 864 900 ἔσται
890 865 975 909 ἥπερ
1000 868 1058 897 καὶ
1084 862 1235 911 περὶτῆς
1253 866 1381 911 λεχθεί-

393 927 451 952 σης
478 915 632 955 ἀπορίας,
650 907 710 943 διαὶ
728 913 762 943 τί
781 922 866 942 ποτε
885 911 955 942 ἐ’νια
973 911 1038 942 τῶν
1061 910 1164 943 ὄντων
1183 911 1242 943 ὁτὲ
1259 912 1317 955 μὲν
1334 922 1383 942 κι-

391 962 513 997 νεῖται,
533 957 590 988 ὁτὲ
614 953 651 988 δὲ
674 955 789 1000 ’ἠρεμεῖ
808 954 922 986 πάλιν.
944 952 1091 999 Ἀνάγκη
1110 952 1138 986 δ’
1160 955 1237 991 ἥτοι
1263 955 1381 987 πάντα

391 1001 411 1038 ἡ
434 1004 522 1044 εμεῖν
549 998 612 1041 ἀεί,
633 999 654 1036 ἦ
680 997 781 1031 πάντ’
807 999 857 1030 ἀεὶ
882 996 1057 1038 κινεῖσθαι,
1085 996 1106 1035 ἦ
1131 1000 1178 1031 ταὶ
1201 999 1260 1041 μὲν
1285 1003 1381 1030 κινεῖ-

391 1013 468 1077 σθαι
492 1043 540 1076 ταὶ
562 1039 600 1075 δέ
625 1043 769 1086 ἠρεμεῖν,
794 1044 851 1073 καὶ
878 1042 980 1074 πάλιν
1007 1041 1139 1074 τούτων
1162 1043 1239 1079 ἦτοι
1259 1043 1305 1075 ταὶ
1322 1043 1380 1086 μὲν

390 1086 569 1141 κινούμενα
593 1086 753 1119 κινεῖσθαι
787 1086 856 1126 ἀεί,
888 1086 934 1118 τά
957 1084 986 1116 δ’
1016 1085 1036 1123 ἦ
1059 1087 1209 1129 εμοῧντα
1235 1085 1379 1130 ἠρεμεῖν,

391 1131 411 1168 ἦ
438 1143 555 1164 πάντα
580 1130 760 1175 πεφυκέναι
786 1131 905 1173 ὁμοίως
929 1131 1032 1161 κινεῖσ
1056 1141 1090 1161 αι
1114 1133 1172 1162 καὶ
1194 1131 1340 1175 ἠρεμεῖν,
1359 1130 1380 1167 ἦ

391 1176 432 1207 τὸ
456 1175 575 1207 λοιπον
601 1176 653 1208 ἔτι
676 1175 734 1206 καὶ
758 1176 886 1218 τρίτον·
907 1171 1083 1250 ἐνδέέεται
1106 1175 1170 1220 γάρ
1188 1176 1236 1208 ταὶ
1251 1175 1309 1218 μὲν
1330 1176 1380 1207 ἀεὶ

391 1220 458 1252 τῶν
484 1219 588 1251 ὄντων
615 1220 762 1256 ἀκίνητα
785 1215 883 1257 εἶναι,
910 1219 957 1251 ταὶ
1003 1217 1010 1228 ’
1040 1218 1089 1250 ἀεὶ
1114 1219 1308 1263 κινούμενα,
1334 1219 1382 1251 ταὶ

390 1259 418 1294 δ’
450 1262 644 1307 ἀμφοτέρων
680 1261 980 1305 μεταλαμβάνειν·
1016 1261 1094 1305 ὅπερ
1129 1264 1206 1306 ἡμῖν
1241 1262 1380 1295 λεκτέον

391 1308 478 1339 ἐστί·
505 1307 612 1339 τοῦτο
642 1307 706 1352 γάρ
739 1305 807 1360 ἔχει
834 1305 928 1337 λύσιν
962 1319 999 1339 τε
1030 1305 1167 1339 πάντων
1200 1308 1266 1339 τῶν
1298 1308 1382 1339 ἀπο-

392 1350 581 1395 ρουμένων,
619 1353 676 1382 καὶ
716 1352 813 1386 τέλος
847 1350 924 1392 ἡμῖν
958 1349 1089 1387 ταύτης
1125 1351 1187 1388 τῆς
1226 1362 1382 1397 πραγμα-

392 1397 487 1432 τείας
512 1395 597 1426 ἐστί.

324 1480 370 1512 Τό
394 1480 453 1523 μὲν
484 1479 539 1513 οὖν
572 1479 675 1512 πάντ’
703 1479 857 1523 ἠρεμεῖν,
891 1481 949 1511 καὶ
979 1479 1105 1512 τούτου
1135 1481 1247 1522 ζητεῖν
1278 1481 1380 1526 λόγον

393 1521 540 1567 ἀφέντας
565 1523 627 1560 τήν
653 1523 818 1564 αἴσθησιν,
847 1524 1016 1566 ἀρρωστία
1040 1526 1090 1562 τίς
1116 1522 1188 1557 ἐστι
1213 1520 1379 1566 διανοίας,

389 1569 447 1598 καὶ
473 1570 546 1613 περὶ
571 1567 648 1599 ὅλου
673 1566 780 1607 τινός,
809 1567 882 1599 ἀλλ’
913 1568 950 1598 οὐ
975 1569 1048 1612 περὶ
1071 1567 1187 1611 μέρους
1216 1568 1382 1623 ἀμφισβή-

390 1623 497 1649 τησις·
518 1606 594 1643 οὐδὲ
619 1610 718 1655 μόνον
744 1611 824 1654 πρὸς
849 1611 907 1642 τὸν
933 1611 1081 1654 φυσικόν,
1099 1612 1191 1644 ἀλλά
1215 1625 1293 1656 προς
1318 1613 1383 1644 πά-

389 1665 449 1692 σας
475 1655 538 1693 ταὶς
563 1654 772 1698 ἐπιστήμας,
798 1656 839 1691 ὠς
866 1654 992 1695 εἰπεῖν,
1018 1658 1074 1686 καὶ
1101 1655 1214 1693 παίσας
1239 1656 1300 1693 ταὶς
1326 1651 1383 1687 δό-

389 1697 462 1740 ξας,
481 1695 540 1731 διαὶ
557 1698 605 1731 ’τὸ
629 1698 756 1734 κινήσει
780 1697 926 1743 χρῆσθαι
951 1698 1075 1736 πάσας.
1096 1700 1172 1731 Ἔτι
1197 1696 1225 1731 δ’
1250 1703 1284 1731 αἱ
1307 1703 1380 1744 περὶ

390 1743 455 1774 τῶν
482 1744 590 1788 ἀρχῶν
625 1742 818 1783 ἐνστάσεις,
849 1741 957 1784 ὥσπερ
987 1741 1019 1773 ἐν
1045 1747 1116 1780 τοῖς
1149 1746 1220 1786 περὶ
1246 1743 1293 1776 ταὶ
1317 1756 1383 1787 μα-

389 1784 532 1831 θήματα
562 1786 674 1829 λόγοις
711 1782 805 1818 οὐδέν
839 1786 902 1816 εἰσι
931 1786 1010 1829 πρὸς
1034 1786 1094 1817 τὸν
1125 1787 1378 1830 μαθηματικόν,

390 1829 508 1874 ὁμοίως
533 1827 570 1863 δέ
593 1832 650 1863 καὶ
676 1831 731 1862 ἐπὶ
756 1831 822 1862 τῶν
850 1829 970 1869 ἀλλων,
991 1829 1095 1866 οὕτως
1123 1826 1200 1862 οὐδὲ
1226 1833 1300 1875 περὶ
1318 1833 1380 1863 τοῦ

390 1876 446 1905 νῦν
470 1873 626 1919 ῥηθέντος
653 1874 733 1918 πρός
759 1873 817 1905 τὸν
843 1872 990 1916 φυσικόν·
1018 1873 1170 1911 ὑπόθεσις
1196 1875 1259 1920 γάρ
1284 1874 1337 1907 ὅτι
1358 1877 1379 1911 ἡ

388 1918 480 1959 φύσις
507 1916 595 1963 ἀρχή
620 1919 682 1954 τῆς
705 1917 878 1953 κινήσεως.

321 1959 446 2004 Σχεδὸν
470 1958 508 1994 δέ
533 1974 566 1995 τι
590 1964 646 1993 καὶ
673 1961 713 1993 τὸ
737 1960 840 2005 φάναι
857 1959 974 1992 πάντα
990 1960 1151 1992 κινεῖσθαι
1169 1957 1286 2005 ψεῦδος
1303 1962 1376 2006 μέν,

387 2007 494 2044 ἦττον
518 2002 555 2038 δὲ
579 2005 704 2038 τούτου
730 2005 825 2048 παραὶ
849 2004 912 2040 τήν
938 1999 1092 2046 μέθοδον·
1119 2003 1216 2042 ἐτέθη
1238 2006 1297 2050 μὲν
1314 2007 1378 2052 γάρ

387 2052 408 2088 ἢ
433 2049 526 2094 φύσις
551 2050 583 2082 ἐν
609 2053 679 2086 τοῖς
704 2052 849 2091 φυσικοῖς
870 2047 957 2092 ἀρχὴ
974 2047 1127 2093 καθάπερ
1144 2049 1303 2088 κινήσεως
1320 2053 1378 2083 καὶ

387 2095 539 2137 ἠρεμίας.
566 2094 703 2136 Ὁμοίως
729 2088 766 2124 δέ
791 2091 924 2136 φυσικόν
951 2092 970 2128 η“
995 2094 1134 2130 κίνησις·

320 2140 379 2169 καί
403 2139 482 2180 φασί
508 2148 594 2173 τινες
626 2134 787 2167 κινεῖσθαι
819 2136 884 2167 τῶν
918 2134 1022 2167 ὄντων
1057 2136 1093 2167 οὐ
1118 2136 1165 2169 ταὶ
1188 2136 1247 2179 μὲν
1272 2138 1319 2170 τά
1343 2133 1374 2169 δ’

389 2182 439 2220 οὔ,
460 2180 550 2213 ἀλλά
573 2178 691 2212 πάντα
714 2180 773 2211 καὶ
800 2179 864 2220 ἀεί,
884 2175 974 2211 ἀλλά
993 2178 1168 2211 λανθάνειν
1187 2181 1292 2212 τοῦτο
1313 2181 1377 2217 τήν

388 2224 556 2269 ἡμετέραν
582 2222 745 2260 αἴσθησιν.
771 2222 852 2267 Πρὸς
879 2222 932 2258 οὓς
960 2225 1081 2266 καίπερ
1107 2223 1144 2254 οὐ
1169 2219 1376 2278 διορίζοντας

388 2270 488 2301 ποίαν
512 2271 637 2304 κίνησιν
654 2267 821 2313 λέγουσιν,
840 2265 860 2302 ἦ
879 2265 1006 2306 παίσας,
1032 2267 1070 2297 οὐ
1094 2268 1247 2311 χαλεπόν
1270 2269 1380 2300 ἀπαν-

390 2314 509 2349 τῆσαι·

324 2355 402 2389 οὔτε
426 2357 490 2403 γάρ
512 2352 717 2395 αὐξάνεσθαι
743 2353 822 2385 οὕτε
847 2352 967 2396 φθίνειν
994 2353 1103 2385 οἷόντε
1124 2355 1280 2398 συνεχῶς,
1302 2355 1374 2387 ἀλλ’

388 2401 460 2433 ἔστι
484 2400 542 2430 καὶ
569 2398 609 2430 τὸ
633 2397 745 2441 μέσον.
766 2397 863 2429 Ἔστι
888 2392 916 2427 δ’
940 2395 1050 2440 ὅμοιος
1077 2397 1092 2429 ὁ
1117 2397 1216 2443 λόγος
1240 2399 1287 2439 τῷ
1307 2401 1379 2443 περὶ

390 2445 452 2477 τοῦ
477 2443 536 2475 τὸν
561 2441 763 2486 σταλαγμὸν
787 2441 1009 2482 κατατρίβειν
1037 2443 1093 2472 καὶ
1120 2442 1167 2473 ταὶ
1191 2442 1379 2495 ἐκφυόμενα

387 2488 466 2525 τούς
497 2485 605 2523 λίθους
638 2480 789 2529 διαιρεῖν·
816 2485 853 2516 οὗ
878 2485 942 2530 γάρ
968 2485 995 2515 εἰ
1021 2481 1159 2516 τοσόνδε
1193 2484 1330 2526 ἐξεωσεν
1357 2486 1378 2523 ἦ

390 2533 520 2576 ἀφεῖλεν
540 2531 556 2561 ὁ
577 2528 790 2584 σταλαγμός,
808 2530 867 2560 καὶ
887 2529 928 2561 τό
954 2527 1054 2572 ἥμισυ
1081 2529 1113 2561 ἐν
1138 2530 1250 2572 ἡμίσει
1274 2530 1378 2574 χρόνῳ

386 2575 560 2619 πρότερον·
589 2572 660 2606 ἀλλ’
681 2575 790 2616 ὡσπερ
816 2574 836 2609 ἡ
862 2574 1016 2611 νεωλκία,
1042 2575 1100 2604 καὶ
1127 2576 1156 2604 οἱ
1181 2574 1378 2619 σταλαγμοὶ

388 2623 418 2653 οἱ
443 2613 571 2652 τοσοιδὶ
603 2614 739 2649 τοσονδί
771 2617 914 2657 κινοῦσι,
947 2617 987 2649 τό
1011 2612 1049 2648 δὲ
1073 2616 1170 2660 μέρος
1203 2618 1314 2650 αὐτῶν
1346 2616 1378 2650 ἐν

388 2658 496 2696 οὐδενὶ
520 2660 625 2706 χρόνῳ
650 2661 828 2694 τοσοῦτον.
857 2661 1041 2705 Διαιρεῖται
1066 2661 1124 2705 μὲν
1145 2659 1199 2693 οὖν
1220 2662 1260 2694 τό
1280 2662 1378 2706 ἀφαι-

388 2707 477 2752 ρεθὲν
502 2707 546 2743 εἰς
571 2707 693 2746 πλείω,
723 2704 795 2737 ἀλλ’
824 2700 920 2736 οὐδὲν
953 2705 1066 2736 αὐτῶν
1100 2704 1232 2743 ἐκινήθη
1265 2708 1376 2750 χωρίς,

390 2751 463 2784 ἀλλ’
493 2749 577 2794 ἅμα.
611 2749 758 2792 Φανερόν
793 2746 848 2779 οὖν
878 2749 920 2785 ὠς
954 2749 1012 2780 οὐκ
1046 2748 1231 2794 ἀναγκαῖον
1265 2750 1316 2783 ἀεί
1345 2762 1379 2782 τι

390 2794 548 2835 ἀπιέναι,
576 2792 628 2825 ὅτι
660 2788 844 2835 διαιρεῖται
869 2793 889 2828 η
915 2790 1019 2833 φθίσις
1045 2792 1088 2829 εἰς
1123 2792 1264 2837 ἄπειρα,
1300 2793 1375 2825 ἀλλ’

390 2839 466 2871 ὅλον
492 2837 578 2870 ποτέ
604 2835 752 2869 ἀπιέναι.

320 2884 459 2926 Ὁμοίως
483 2876 520 2913 δὲ
550 2883 607 2912 καὶ
638 2881 692 2912 ἐπὶ
727 2878 934 2916 ἀλλοιώσεως
965 2880 1159 2911 ὁποιασοῦν·
1197 2878 1233 2911 ού
1262 2880 1326 2925 γάρ
1352 2881 1380 2911 εἰ

388 2925 542 2972 μεριστὸν
575 2925 618 2961 εἰς
653 2923 788 2966 ἀπειρόν
823 2922 862 2954 τό
899 2921 1153 2965 ἀλλοιούμενον,
1185 2918 1244 2955 διαὶ
1273 2925 1378 2956 τοῦτο

387 2973 445 3002 καὶ
471 2970 492 3005 ἥ
519 2969 708 3008 ἀλλοίωσις,
737 2967 808 3000 ἀλλ’
838 2965 944 3010 ἀθρόα
968 2969 1099 3012 γίνεται
1125 2966 1300 3008 πολλάκις,
1319 2967 1382 2999 ὥσ-

391 3026 451 3058 περ
476 3014 497 3049 ἦ
523 3011 633 3052 πῆξις.

316 3057 394 3090 Ἔτι
420 3057 504 3089 ὅταν
534 3056 659 3097 νοσήσῃ
691 3067 762 3095 τις,
797 3054 927 3100 ἀνάγκη
959 3054 1077 3099 χρόνον
1106 3053 1260 3108 γενέσθαι
1292 3055 1324 3086 ἐν
1356 3055 1379 3096 ᾧ

392 3099 661 3145 ὑγιασθήσεται,
685 3101 743 3131 καὶ
768 3098 814 3142 μη
839 3099 872 3130 ἐν
898 3097 1022 3141 πέρατι
1055 3109 1173 3143 χρονου
1205 3098 1381 3141 μεταβάλ-

389 3146 472 3175 λειν·
499 3141 628 3189 ἀνάγκη
654 3139 692 3175 δὲ
717 3144 761 3180 εὶς
788 3143 914 3187 ὑγίειαν
939 3142 1166 3186 μεταβάλλειν
1191 3143 1248 3173 καὶ
1265 3142 1313 3185 μή
1334 3143 1377 3179 εἰς

394 3187 476 3219 ἄλλο
505 3186 618 3230 μηθέν.
647 3186 748 3219 ’Ὥστε
775 3187 814 3218 τὸ
840 3186 943 3227 φάναι
972 3187 1113 3231 συνεχῶς
1147 3185 1377 3226 ἀλλοιοῦσθαι,

390 3232 466 3263 λίαν
491 3231 563 3262 ἐστὶ
589 3235 658 3268 τοῖς
684 3234 833 3275 φανεροῖς
860 3228 1095 3273 ἀμφισβητεῖν·
1113 3230 1157 3267 εἰς
1179 3229 1378 3261 τούναντίον

418 3275 456 3316 ἀρ
481 3274 502 3310 ’ἦ
528 3274 714 3311 ἀλλοίωσις·

327 3320 343 3351 ὁ
368 3315 405 3350 δε
427 3317 516 3354 λίθος
541 3317 620 3349 οὔτε
638 3316 856 3359 σκληρότερος
879 3318 1012 3361 γίνεται
1030 3316 1108 3347 οὔτε
1126 3314 1377 3358 μαλακώτερος.

325 3361 428 3396 Κατά
461 3373 498 3393 τε
530 3362 570 3393 τὸ
603 3360 758 3404 φέρεσθαι
789 3359 985 3402 θαυμαστόν
1017 3359 1046 3390 εἱ
1075 3357 1212 3395 λέληθεν
1246 3359 1262 3390 ό
1291 3358 1379 3396 λίθος

391 3404 487 3438 κάτω
512 3404 686 3449 φερόμενος
711 3403 732 3440 ἦ
757 3402 862 3445 μένων
888 3403 943 3434 ἐπὶ
967 3403 1028 3439 τῆς
1053 3403 1128 3446 γῆς.

321 3451 397 3483 Ἔτι
422 3445 452 3480 δ’
481 3449 501 3485 ἡ
526 3450 570 3492 γῆ
593 3450 652 3479 καὶ
677 3448 742 3480 τῶν
777 3446 886 3478 ἀλλων
919 3445 1061 3478 ἕκαστον
1087 3444 1122 3486 ἐξ
1149 3442 1297 3489 ἀνάγκης
1327 3445 1382 3489 μέ-

394 3504 484 3525 νουσι
505 3493 563 3535 μὲν
583 3492 613 3524 ἐν
632 3495 702 3528 τοῖς
721 3491 851 3526 οἰκείοις
873 3487 1004 3529 τόποις,
1022 3490 1194 3520 κινοῦνται
1211 3484 1248 3520 δέ
1266 3489 1380 3528 βιαίως

396 3535 431 3569 ἐκ
457 3535 603 3568 τούτων·
629 3537 719 3579 εἴπερ
751 3532 806 3566 οὖν
832 3534 903 3564 ἔνια
929 3533 1041 3565 αὐτῶν
1067 3531 1158 3564 ἐστὶν
1183 3532 1216 3564 ἐν
1242 3537 1310 3569 τοῖς
1338 3533 1381 3564 οἱ·

392 3583 492 3617 κείοις
517 3579 649 3620 τόποις,
679 3576 807 3624 ἀνάγκη
833 3572 917 3621 μηδὲ
940 3577 1036 3608 κατά
1060 3575 1165 3609 τόπον
1192 3575 1310 3609 πάντα
1333 3587 1379 3607 κι-

1437 867 1454 886 *
1476 867 1670 906 Principium
1693 874 1799 897 autem
1824 867 2081 897 considerationis
2105 874 2165 905 est,
2197 868 2284 907 quod
2309 867 2437 908 quidem
2465 874 2495 898 et

1503 911 1602 941 dictae
1626 911 1847 949 dubitationis,
1872 921 1968 951 quare
1991 912 2148 951 quaedam
2172 921 2283 941 eorum
2307 922 2387 951 quae
2411 918 2494 950 sunt,

1504 954 1673 994 aliquando
1702 955 1832 994 quidem
1861 962 2048 992 moventur,
2075 955 2245 995 aliquando
2275 962 2382 985 autem
2408 955 2495 995 quie-

1503 1004 1594 1027 scunt
1616 998 1740 1028 iterum.
1765 999 1898 1028 Necesse
1920 1005 2025 1028 autem
2042 1005 2096 1028 aut
2111 998 2219 1028 omnia
2242 998 2400 1039 quiescere
2417 1009 2495 1029 sern—

1502 1048 1573 1080 per;
1598 1048 1652 1071 aut
1675 1042 1782 1071 omnia
1803 1051 1925 1081 semper
1947 1042 2088 1078 moveri;
2112 1049 2166 1072 aut
2189 1042 2248 1072 alia
2271 1042 2399 1082 quidem
2425 1052 2494 1072 mo-

1503 1084 1578 1122 veri,
1602 1085 1661 1114 alia
1684 1092 1790 1115 autern
1814 1085 1980 1125 quiescere.
2005 1086 2046 1115 Et
2068 1085 2182 1115 iterum
2197 1086 2313 1116 horum
2337 1093 2391 1116 aut
2414 1096 2494 1126 quae

1502 1134 1671 1157 moventur
1687 1128 1807 1158 moveri
1824 1139 1957 1168 semper,
1974 1139 2055 1169 quae
2070 1139 2144 1159 vero
2160 1129 2326 1169 quiescunt
2337 1130 2495 1169 quiescere

1499 1178 1639 1209 semper;
1663 1178 1718 1202 aut
1741 1172 1849 1201 omnia
1872 1179 1944 1211 apta
1963 1179 2035 1202 nata
2059 1180 2131 1203 sunt
2159 1173 2299 1204 similiter
2321 1173 2441 1203 moveri
2465 1180 2495 1203 et

1502 1214 1680 1254 quiescere;
1703 1221 1757 1244 aut
1780 1215 1938 1254 reliquum
1962 1216 2096 1255 amplius
2121 1223 2150 1246 et
2172 1217 2299 1246 tertium
2323 1223 2376 1247 est.
2408 1217 2494 1247 Con-

1503 1258 1594 1297 tingit
1617 1258 1701 1287 enim
1724 1258 1783 1287 alia
1806 1258 1935 1298 quidem
1951 1269 2075 1298 semper
2097 1260 2272 1290 immobilia
2293 1270 2359 1290 esse
2383 1270 2495 1290 eorum

1504 1311 1585 1341 quae
1609 1309 1698 1339 sunt,
1723 1301 1783 1331 alia
1805 1311 1879 1332 vero
1904 1312 2026 1342 semper
2049 1303 2185 1340 moveri,
2210 1304 2268 1333 alia
2292 1311 2397 1334 autem
2421 1314 2495 1334 cum

1503 1345 1644 1385 utrisque
1668 1345 1816 1385 accipere.
1846 1346 1943 1382 Quod
1966 1346 2095 1386 quidem
2123 1347 2214 1376 nobis
2239 1348 2407 1377 dicendum
2431 1354 2493 1377 est:

1502 1388 1564 1418 hoc
1588 1389 1672 1418 enirn
1695 1389 1788 1419 habet
1815 1389 1988 1419 solutiones
2022 1390 2167 1419 omnium
2202 1391 2436 1428 dubitatorum‚
2466 1397 2496 1421 et

1502 1431 1574 1462 finis
1598 1432 1689 1462 nobis
1713 1439 1759 1462 est
1781 1433 1876 1462 huius
1900 1433 2028 1472 negotii.

1436 1475 1453 1494 *
1469 1475 1586 1506 Omnia
1600 1476 1694 1515 igitur
1717 1476 1886 1516 quiescere,
1900 1483 1930 1507 et
1944 1477 2039 1507 huius
2054 1477 2209 1507 rationem
2226 1487 2373 1517 quaerere
2390 1477 2495 1508 dimit-

1503 1526 1602 1549 tentes
1621 1530 1759 1558 sensum,
1772 1519 1935 1550 infirmitas
1954 1521 2110 1561 quaedam
2134 1528 2179 1551 est
2202 1521 2385 1551 intellectus
2401 1521 2442 1551 Et
2458 1521 2495 1551 de

1503 1569 1572 1593 toto
1596 1563 1722 1603 aliquo,
1748 1564 1801 1593 sed
1826 1574 1890 1593 non
1915 1563 1953 1594 de
1976 1571 2062 1604 parte
2086 1564 2274 1604 ambiguitas
2298 1571 2352 1595 est.
2384 1565 2495 1604 Neque

1503 1606 1609 1636 solum
1632 1607 1671 1636 ad
1694 1606 1873 1647 physicum,
1897 1607 1951 1637 sed
1967 1608 2006 1648 ad
2023 1618 2133 1638 omnes
2157 1608 2310 1646 scientias,
2334 1614 2371 1638 ut
2393 1608 2435 1638 ita
2452 1609 2495 1638 di-

1503 1660 1583 1688 cam,
1601 1657 1631 1680 et
1654 1661 1765 1680 omnes
1782 1650 1948 1690 opiniones
1958 1659 1967 1690 ;
1991 1658 2119 1691 propter
2134 1652 2165 1681 id
2174 1653 2270 1692 *quod
2293 1659 2384 1682 motu
2401 1659 2495 1682 utun-

1503 1700 1554 1724 tur
1568 1704 1688 1724 omnes.
1705 1694 1852 1733 Amplius
1870 1701 1986 1732 autem,
2006 1695 2044 1725 de
2064 1695 2223 1735 principiis
2243 1696 2495 1735 importunitates

1503 1737 1583 1767 sicut
1605 1737 1638 1767 in
1661 1738 1833 1768 rationibus
1869 1738 1948 1768 circa
1978 1739 2134 1769 doctrinas
2164 1739 2241 1769 nihil
2265 1746 2343 1778 'sunt
2366 1740 2405 1769 ad
2429 1750 2494 1769 ma-

1502 1780 1726 1819 thematicum,
1751 1781 1892 1811 similiter
1915 1789 2022 1812 autem
2044 1783 2076 1812 in
2100 1783 2181 1812 aliis:
2206 1783 2249 1813 sic
2268 1793 2370 1823 neque
2395 1783 2432 1813 de
2457 1793 2494 1813 eo

1502 1825 1591 1863 quod
1614 1834 1698 1854 nunc
1722 1825 1849 1862 dicitur,
1874 1826 1912 1854 ad
1937 1825 2113 1866 physicum.
2144 1826 2328 1866 Suppositio
2349 1826 2434 1856 enim
2451 1833 2495 1857 est

1502 1868 1590 1908 quod
1613 1875 1723 1898 natura
1747 1868 1937 1908 principium
1961 1876 2068 1899 motus
2093 1870 2141 1900 sit.

1434 1966 1450 1983 *
1462 1968 1539 1998 Fere
1558 1975 1663 1998 autem
1679 1968 1781 1998 adhuc
1798 1975 1828 1998 et
1844 1969 1951 1998 omnia
1971 1969 2070 1999 dicere
2083 1970 2214 2007 moveri,
2228 1970 2342 2000 falsum
2353 1970 2494 2010 quidem,

1500 2012 1606 2042 minus
1629 2018 1736 2042 autern
1751 2012 1812 2044 hoc
1829 2019 1949 2052 praeter
1972 2020 2080 2043 artem.
2104 2013 2249 2043 Positum
2265 2014 2394 2053 quidem
2411 2014 2495 2044 enim

1501 2062 1548 2086 est
1577 2056 1665 2095 quod
1689 2063 1799 2086 natura
1822 2056 1855 2086 in
1878 2056 2015 2096 physicis
2050 2057 2240 2096 principium
2267 2057 2305 2087 sit
2335 2065 2442 2088 motus
2466 2065 2496 2088 et

1501 2099 1632 2140 quietis:
1657 2099 1797 2130 similiter
1821 2106 1928 2130 autem
1951 2100 2118 2140 physicum
2141 2107 2186 2131 est
2209 2107 2326 2131 motus.

1434 2143 1475 2173 Et
1498 2143 1606 2173 dicunt
1624 2143 1754 2183 quidam
1773 2143 1893 2173 moveri
1917 2153 2028 2174 eorum
2048 2154 2128 2184 quae
2148 2151 2231 2182 sunt,
2254 2154 2319 2174 non
2343 2144 2403 2174 alia
2426 2144 2494 2185 qui-

1502 2186 1585 2224 dem,
1611 2186 1670 2216 alia
1693 2196 1767 2216 vero
1790 2197 1872 2224 non,
1897 2188 1952 2217 sed
1976 2188 2083 2217 omnia
2107 2194 2137 2217 et
2160 2195 2300 2227 semper;
2325 2189 2379 2218 sed
2401 2188 2495 2218 latere

1501 2229 1563 2259 hoc
1586 2236 1731 2259 nostrum
1755 2240 1893 2261 sensum.
1917 2231 1968 2260 Ad
1987 2241 2068 2271 quos
2093 2231 2187 2261 etiam
2204 2232 2334 2271 quidem
2353 2241 2418 2262 non
2442 2233 2494 2261 de-

1501 2273 1701 2303 terminantes
1718 2274 1843 2313 qualem
1858 2281 1985 2304 motum
2001 2275 2119 2313 dicunt,
2137 2282 2191 2305 aut
2209 2285 2331 2314 ornnes,
2351 2285 2417 2305 non
2437 2276 2495 2305 dif-

1501 2315 1582 2346 ficile
1605 2322 1651 2346 est
1674 2317 1893 2347 contradicere.

1434 2359 1545 2399 Neque
1570 2359 1655 2389 enim
1674 2360 1779 2399 augeri
1795 2370 1897 2400 neque
1912 2360 2014 2391 minui
2033 2361 2181 2400 possibile
2201 2369 2247 2392 est
2262 2362 2421 2400 continue,
2439 2363 2494 2392 sed

1503 2410 1548 2433 est
1567 2410 1597 2433 et
1612 2403 1764 2434 medium.
1789 2404 1846 2434 Est
1861 2411 1966 2434 autem
1983 2404 2092 2434 similis
2108 2405 2186 2435 ratio
2206 2405 2279 2435 huic
2294 2406 2332 2435 de
2349 2416 2386 2436 eo
2406 2407 2494 2446 quod

1502 2454 1547 2476 est
1578 2453 1700 2486 guttam
1736 2454 1914 2485 conterere,
1944 2454 1974 2477 et
2003 2448 2160 2478 nascentia
2193 2449 2312 2488 lapides
2344 2449 2491 2480 scindere.

1500 2490 1574 2520 Non
1599 2491 1683 2520 enim
1705 2491 1730 2520 si
1749 2498 1873 2521 tantum
1897 2490 2003 2521 effodit
2026 2498 2080 2521 aut
2103 2492 2236 2522 removit
2258 2498 2355 2532 gutta,
2381 2499 2411 2523 et
2428 2503 2494 2523 me-

1501 2533 1591 2563 dium
1613 2535 1646 2564 in
1669 2534 1774 2564 medio
1798 2541 1941 2573 tempore
1964 2535 2064 2574 prius:
2090 2536 2144 2565 sed
2167 2535 2247 2566 sicut
2267 2536 2354 2566 navis
2377 2542 2492 2566 tractus

1501 2584 1557 2615 est,
1574 2585 1604 2608 et
1619 2585 1724 2617 guttae
1748 2585 1796 2608 tot
1819 2585 1943 2608 tanturn
1966 2585 2112 2616 movent,
2141 2589 2211 2618 pars
2235 2586 2342 2609 autem
2364 2579 2490 2609 illarum

1500 2620 1533 2650 in
1557 2621 1645 2651 nullo
1672 2628 1814 2661 tempore
1839 2628 1970 2652 tantum.
1995 2622 2152 2652 Dividitur
2175 2622 2259 2652 enim
2277 2623 2366 2663 quod
2386 2633 2491 2653 remo-

1500 2671 1570 2694 tum
1586 2671 1632 2695 est
1650 2665 1682 2694 in
1698 2665 1803 2704 plura;
1827 2666 1881 2695 sed
1897 2665 1974 2695 nihil
1996 2675 2108 2695 eorum
2129 2669 2255 2696 motum
2275 2673 2319 2696 est
2339 2673 2492 2704 seorsum,

1501 2708 1555 2737 sed
1571 2708 1675 2739 simul.
1699 2708 1902 2739 Manifestum
1921 2708 2014 2748 igitur
2029 2710 2117 2749 quod
2134 2719 2198 2739 non
2219 2717 2265 2740 est
2283 2710 2493 2740 necessarium

1501 2761 1624 2791 semper
1647 2751 1764 2792 aliquid
1792 2752 1893 2791 abire,
1925 2753 1999 2792 quia
2025 2752 2191 2783 diminutio
2215 2753 2247 2783 in
2275 2753 2414 2792 infinita;
2438 2754 2492 2783 sed

1499 2801 1605 2826 toturn
1627 2795 1797 2836 aliquando
1821 2796 1914 2826 abire.

1434 2882 1582 2914 Similiter
1614 2890 1719 2913 autem
1748 2891 1778 2914 et
1801 2884 1834 2913 in
1854 2883 2035 2914 alteratione
2063 2883 2210 2924 qualibet.
2246 2885 2320 2914 Non
2353 2884 2438 2914 enirn
2466 2884 2491 2914 si

1500 2926 1641 2966 partibile
1665 2927 1697 2956 in
1720 2926 1879 2957 infinitum
1903 2934 1948 2957 est
1980 2927 2068 2967 quod
2091 2927 2246 2966 alteratur,
2275 2934 2404 2967 propter
2431 2927 2492 2958 hoc

1501 2977 1531 3000 et
1553 2970 1712 3000 alteratio:
1741 2971 1796 3000 sed
1818 2971 1910 3001 velox
1932 2970 1967 3001 fit
1990 2970 2169 3009 multoties,
2201 2971 2280 3001 sicut
2304 2971 2490 3011 congelatio.

1433 3056 1592 3096 AmpliuS‚
1617 3066 1691 3086 cum
1713 3055 1888 3087 infirmetur
1911 3056 2033 3096 aliquis,
2057 3066 2182 3087 necesse
2205 3063 2251 3087 est
2274 3063 2398 3096 tempus
2425 3056 2491 3087 fieri

1499 3100 1532 3129 in
1551 3109 1616 3140 quo
1641 3100 1808 3138 sanabitur,
1833 3106 1863 3130 et
1885 3110 1950 3130 non
1974 3100 2006 3130 in
2029 3100 2163 3130 termino
2189 3100 2340 3140 temporis
2359 3101 2490 3130 mutari:

1499 3153 1623 3173 necesse
1644 3150 1750 3173 autem
1773 3143 1805 3173 in
1829 3143 1992 3174 sanitatem
2015 3144 2140 3182 mutari,
2158 3150 2187 3174 et
2201 3144 2233 3173 in
2252 3144 2337 3173 aliud
2356 3143 2489 3173 nullum.

1500 3187 1605 3223 Quare
1629 3187 1729 3216 dicere
1749 3187 1897 3217 continue
1922 3187 2041 3217 alterari
2055 3209 2063 3224 ‚
2095 3187 2233 3217 multum
2255 3187 2287 3216 in
2316 3186 2488 3216 manifestis

1500 3236 1546 3260 est
1568 3230 1739 3269 ambigere:
1762 3230 1795 3260 in
1818 3230 2010 3260 contrarium
2034 3230 2118 3259 enim
2141 3230 2292 3260 alteratio.

1433 3321 1538 3358 Atque
1560 3319 1638 3358 lapis
1662 3328 1765 3358 neque
1789 3318 1897 3348 durior
1919 3317 1953 3347 fit
1976 3326 2079 3356 neque
2102 3317 2239 3346 mollior.

1432 3362 1450 3380 *
1475 3362 1516 3392 Et
1541 3362 1715 3392 secundum
1738 3362 1826 3401 quod
1848 3360 1961 3398 fertur,
1994 3359 2135 3389 mirabile
2167 3366 2213 3390 est
2235 3359 2260 3389 si
2292 3359 2383 3390 latuit
2409 3360 2488 3400 lapis

1500 3405 1648 3435 deorsum
1667 3405 1758 3442 latus,
1783 3410 1837 3434 aut
1860 3413 1989 3433 manens
2012 3403 2044 3432 in
2067 3409 2157 3433 terra.

1433 3449 1580 3487 Amplius
1604 3455 1720 3485 autem,
1737 3454 1815 3477 terra
1839 3453 1868 3476 et
1891 3446 2026 3476 aliorum
2049 3446 2302 3486 unumquodque
2326 3456 2362 3476 ex
2383 3456 2486 3478 neces-

1500 3491 1587 3522 sitate
1611 3496 1794 3531 permanent
1826 3489 1954 3529 quidem
1976 3489 2008 3518 in
2036 3489 2170 3529 propriis
2192 3489 2289 3528 locis,
2320 3498 2488 3521 moventur

1501 3541 1607 3565 autem
1622 3534 1772 3564 violenter
1786 3543 1822 3563 ex
1838 3533 1895 3562 his.
1921 3533 1952 3563 Si
1967 3533 2060 3572 igitur
2082 3533 2238 3573 quaedam
2252 3533 2396 3572 ipsorum
2415 3542 2488 3565 sunt

1501 3578 1533 3607 in
1549 3577 1682 3618 propriis
1698 3576 1785 3614 locis,
1801 3586 1924 3606 necesse
1940 3586 2043 3616 neque
2057 3577 2231 3607 secundum
2253 3577 2362 3607 locum
2381 3578 2488 3608 omnia

2520 873 2531 883 ¹*
2546 872 2602 899 Cap.
2614 878 2648 894 ιη.
2664 873 2731 894 Text.

2521 904 2550 919 21.

2524 1479 2532 1487 ”
2547 1477 2615 1498 Text.
2630 1483 2663 1499 22.

2521 1976 2531 1986 ⁴
2546 1974 2614 1996 Text.
2629 1980 2663 2002 ²3-

2514 3366 2525 3377 ⁸
2539 3365 2606 3389 Text.
2620 3372 2657 3393 24.
