2898 3996
1173 291 1282 326 CAP.
1313 291 1345 336 Ι,
1376 289 1524 326 LECT.
1554 290 1586 325 II
2385 285 2456 322 365

1023 502 1235 560 LECT
1237 504 1318 557 10
1358 502 1737 557 SECUNDA

742 663 955 694 RATIONES
977 663 1035 693 AD
1061 661 1385 693 OSTENDENDUM
1409 661 1574 692 MOTUM
1597 661 1695 691 ESSE
1719 661 2022 691 SEMPITERNUM

302 789 482 837 Αρξωμεθα
506 785 544 822 δὲ
570 791 700 834 πρῶτον
727 791 762 822 ἐκ
788 791 853 821 τῶν
879 785 1098 843 διωρισμένων
1125 790 1202 833 ἡμῖν
1229 787 1261 821 ἐν
1281 793 1351 826 τοῖς
1407 788 1424 808 *
1448 789 1636 828 Incipiemus
1659 796 1765 820 autem
1781 791 1919 830 primurn
1936 802 1972 822 ex
1987 792 2119 823 definitis
2134 803 2151 822 a
2166 793 2257 823 nobis
2272 793 2304 823 in
2320 793 2459 833 Physicis

368 838 511 879 φυσικοῖς
543 835 716 878 πρότερον.
748 833 863 876 Φαμὲν
889 829 931 869 δή
958 844 1020 869 την
1044 835 1169 870 κίνησιν
1195 830 1281 864 εἶναι
1305 831 1355 864 ἐν-

371 877 546 923 τελέχειαν
578 878 638 909 τοῦ
669 878 808 914 κινητοῦ
835 877 854 918 ᾖ
879 876 1026 914 κινητόν.
1058 878 1260 923 Ἀναγκαῖον
1290 877 1353 920 ἄρα

370 921 530 966 ὑπάρχειν
551 916 603 952 τά
626 920 816 966 πράγματα
838 919 885 952 τά
901 917 1070 965 δυνάμενα
1090 921 1251 952 κινεῖσθαι
1275 919 1350 952 καθ’

368 963 515 1000 ἑκάστην
543 966 682 1000 κίνησιν.
716 965 781 995 Καὶ
815 966 912 1009 χωρὶς
941 960 978 996 δὲ
1009 965 1070 997 τοῦ
1101 965 1163 1001 τῆς
1194 963 1352 1001 κινήσεως

369 1009 437 1052 ὀρισ
466 1009 523 1048 οῦ,
554 1008 619 1045 πᾶς
647 1007 684 1039 ἂν
711 1007 947 1053 ὁμολογήσειεν
982 1009 1167 1053 ἀναγκαῖον
1194 1005 1277 1039 εἶναι
1308 1019 1354 1038 κι-

367 1019 494 1083 νεῖσθιαι
519 1051 560 1083 τό
584 1047 729 1083 δυνατὸν
753 1051 913 1084 κινεῖσθαι
937 1051 1011 1083 καθ’
1040 1051 1187 1088 ἑκάστην
1213 1054 1352 1091 κίνησιν,

371 1095 437 1126 οἷον
464 1094 680 1127 ἀλλοιοῦσθαι
704 1095 762 1138 μὲν
788 1097 829 1128 τό
856 1095 1055 1136 ἀλλοιωτόν,
1074 1094 1229 1139 φέρεσθαι
1254 1092 1290 1127 δὲ
1312 1095 1354 1127 τὸ

367 1139 463 1172 κατά
487 1138 592 1171 τόπον
625 1139 856 1182 μεταβλητόν·
881 1139 970 1171 ὥστε
995 1136 1047 1171 δεῖ
1069 1139 1229 1183 πρότερον
1254 1150 1354 1170 καυσ-

370 1183 430 1214 τὸν
454 1180 540 1214 εἶναι
565 1185 638 1226 πρὶν
662 1182 818 1225 κάεσθαι,
843 1186 900 1215 καὶ
923 1183 1104 1216 καυστικὸν
1131 1185 1203 1227 πρὶν
1227 1183 1334 1215 κάειν.

301 1227 427 1261 Οὐκοῦν
448 1229 506 1259 καὶ
523 1228 641 1259 ταῦτα
659 1228 844 1273 ἀναγκαῖον
870 1226 891 1264 ἦ
915 1227 1069 1273 γενέσθαι
1087 1228 1174 1259 ποτὲ
1193 1227 1250 1259 οὐκ
1270 1226 1354 1259 ὄντα

304 1840 356 1874 Tei

369 1268 390 1306 ’ἢ
417 1266 510 1303 ἀΐδια
534 1268 630 1302 εἶναι.
665 1272 701 1302 Εἰ
726 1272 783 1315 μὲν
815 1274 924 1304 τοίνυν
957 1271 1092 1317 ἐγένετο
1119 1272 1183 1303 τῶν
1212 1271 1355 1307 κινητῶν

370 1313 535 1356 ἕκαστον,
564 1312 749 1359 ἀναγκαῖον
779 1314 939 1360 πρότερον
963 1317 1026 1352 τῆς
1050 1314 1224 1358 ληφθείσης
1252 1315 1354 1350 ἄλλην

393 1358 523 1390 ενέσθαι
547 1358 743 1402 μεταβολήν
767 1361 825 1391 καὶ
848 1361 988 1400 κίνησιν,
1005 1357 1080 1390 καθ’
1103 1359 1142 1395 ἦν
1161 1357 1296 1402 ἐγένετο
1315 1357 1355 1390 τό

369 1369 514 1435 liuva-cdv
530 1401 706 1439 κινηθῆναι
724 1401 745 1439 ἦ
761 1404 908 1440 κινῆσαι.
934 1404 970 1434 Εἰ
991 1400 1019 1435 δ’
1041 1403 1125 1435 ὄντα
1143 1403 1355 1447 προϋπῆρχεν

371 1449 442 1487 ἀεί,
474 1446 632 1483 κινήσεως
657 1446 706 1499 μή
731 1446 847 1487 οὔσης,
880 1447 1002 1492 ἄλογον
1028 1446 1086 1490 μὲν
1112 1450 1268 1490 φαίνεται
1299 1447 1355 1477 καὶ

371 1489 513 1523 αὐτόθεν
540 1490 776 1526 ἒπιστησασιν·
804 1489 841 1522 οὗ
858 1491 924 1534 μην
947 1491 1036 1523 ἀλλά
1052 1491 1179 1534 μᾶλλον
1198 1490 1249 1522 ἔτι
1267 1495 1356 1534 προϊ-

372 1535 442 1567 οῦσι
468 1534 573 1566 τοῦτο
601 1534 792 1577 συμβαίνειν
824 1533 1021 1581 ἀναγκαῖον.
1055 1535 1092 1566 Εἰ
1116 1535 1179 1580 γάρ
1206 1536 1272 1566 τῶν
1297 1533 1355 1578 μὲν

368 1579 511 1614 κινητῶν
539 1577 656 1618 ὄντων,
684 1579 749 1608 τῶν
774 1574 812 1610 δὲ
834 1580 1023 1620 κινητικῶν,
1047 1578 1106 1611 ὁτὲ
1130 1579 1188 1622 μὲν
1207 1578 1305 1610 ’ἐσται
1323 1589 1357 1608 τι

371 1623 502 1666 πρῶτον
526 1623 652 1662 κινοῦν,
672 1621 712 1653 τὸ
736 1619 772 1653 δὲ
795 1621 999 1664 κινούμενον,
1021 1623 1079 1654 ὁτὲ
1103 1617 1131 1653 δ’
1154 1620 1261 1663 οὐθέν,
1282 1622 1352 1653 ἀλλ’

370 1666 498 1710 ἠρεμεῖ,
523 1665 706 1710 ἀναγκαῖον
734 1667 838 1698 τοῦτο
862 1667 1090 1710 μεταβάλλειν
1116 1667 1288 1710 πρότερον·
1316 1663 1355 1703 ἦν

369 1709 433 1755 γάρ
459 1720 493 1740 τι
519 1711 628 1741 αἴτιον
653 1710 715 1746 τῆς
740 1709 891 1754 ἠρεμίας·
910 1711 930 1746 ’ἡ
948 1711 1012 1755 γάρ
1031 1710 1187 1754 ἠρέμησις
1206 1709 1358 1754 στέρησις

370 1754 433 1791 τῆς
466 1751 636 1790 κινήσεως.
667 1752 768 1786 Ὥστε
805 1754 867 1797 πρὸ
901 1754 962 1791 τῆς
998 1753 1129 1799 πρώτης
1163 1754 1356 1797 μεταβολῆς

371 1798 470 1829 ἔσται
494 1796 673 1850 μεταβολή
699 1796 859 1842 προτέρα.

378 1840 437 1885 μὲν
462 1852 525 1885 γαρ
550 1845 632 1871 κινεῖ
654 1842 822 1886 μοναχῶς,
842 1841 888 1874 τοὶ
912 1835 948 1871 δὲ
971 1843 1030 1872 καὶ
1055 1840 1118 1878 τάς
1136 1839 1290 1878 ἐναντίας
1311 1852 1358 1871 κι-

370 1884 500 1924 νήσεις,
528 1884 594 1915 οἷον
621 1884 661 1915 τὸ
686 1885 744 1928 μὲν
770 1886 833 1927 πῦρ
858 1884 1044 1928 θερμαίνει,
1071 1884 1166 1929 ψύχει
1192 1881 1221 1916 δ’
1251 1885 1308 1925 οὔ,
1337 1885 1356 1920 ἡ

369 1924 397 1960 δ’
420 1926 590 1971 ἐπιστήμη
615 1923 708 1959 δοκεῖ
730 1930 796 1961 τῶν
816 1929 974 1960 ἐναντίων
993 1926 1076 1960 εἶναι
1094 1931 1166 1971 μία,
1193 1930 1357 1961 Φαίνεται

397 1971 427 2004 ἐν
455 1970 509 2003 οὖν
534 1973 633 2003 κάκεῖ
655 1984 687 2004 τι
713 1969 797 2004 εἶναι
824 1971 1058 2016 ὁμοιότροπον·
1082 1973 1122 2005 τὸ
1147 1973 1211 2018 γάρ
1236 1972 1357 2017 ψυχρὸν

370 1983 535 2059 ξθερμαίνει
552 2015 699 2057 στραφέν
717 2028 784 2053 πως
801 2018 859 2048 καὶ
879 2015 1036 2058 ἀπελθόν,
1050 2015 1159 2061 ὥσπερ
1176 2018 1234 2048 καὶ
1254 2018 1358 2060 ἀμαρ-

371 2059 468 2092 τάνει
492 2059 573 2090 ε’κών
600 2059 615 2090 ὀ
641 2059 854 2104 ἐπιστήμων,
882 2059 966 2091 ὅταν
994 2059 1163 2093 ἀνάπαλιν
1187 2060 1359 2105 χρήσηται

372 2104 417 2146 τῇ
444 2102 628 2146 ἐπιστήμῃ.

300 2147 391 2178 Ἀλλ’
422 2145 477 2178 οὖν
503 2145 566 2178 ὅσα
590 2159 628 2192 γε
652 2142 787 2178 δυνατοὶ
811 2150 915 2178 ποιεῖν
947 2149 1005 2179 καὶ
1031 2146 1173 2192 πάσχειν
1199 2147 1220 2183 ’ἢ
1243 2151 1356 2188 κινεῖν,

348 2365 349 2368 ’
375 2366 424 2396 ἀεὶ
450 2366 611 2407 ἐκινεῖτο,
638 2362 740 2402 δῆλον
766 2368 806 2403 ὠς
834 2367 870 2398 οὐ

374 2187 481 2231 τρὶ-δέ
503 2190 677 2231 κινεῖσθαι,
705 2191 742 2222 οὐ
764 2190 898 2226 πάντως
925 2186 1056 2224 δυνατά
1081 2192 1185 2231 ἐστιν,
1207 2191 1279 2223 ἀλλ’
1300 2186 1358 2222 ὡδὶ

373 2234 500 2279 ἔχοντα
523 2236 580 2265 καὶ
607 2234 842 2276 πλησιάζοντα
869 2231 1039 2272 ἀλλήλοις,
1062 2234 1152 2266 “Ὠσθ’
1174 2234 1257 2267 ὅταν
1277 2237 1359 2271 πλη-

372 2277 491 2322 σιάσῃ,
522 2282 621 2319 κινεῖ,
647 2278 689 2310 τὸ
713 2276 750 2310 δὲ
774 2282 937 2319 κινεῖται,
969 2281 1025 2310 καὶ
1053 2277 1135 2311 ὅταν
1162 2279 1292 2322 ὑπάρξῃ
1318 2279 1359 2315 ὠς

373 2318 458 2353 εἶναι
483 2322 524 2354 τό
549 2322 608 2365 μὲν
633 2323 800 2359 κινητικὸν
827 2322 867 2355 τό
884 2315 921 2355 δὲ
945 2322 1093 2359 κινητόν.
1119 2323 1156 2353 Εἰ
1183 2325 1292 2355 τοίνυν
1311 2322 1359 2366 μη“

928 2365 1032 2403 οὕτως
1061 2364 1170 2410 εἶχον,
1198 2368 1238 2403 ὠς
1263 2362 1362 2398 δυνά-

372 2420 457 2451 μενα
482 2410 524 2440 τὸ
575 2409 607 2440 ἐν
630 2409 792 2441 κινεῖσθαι
818 2410 858 2442 τό
873 2377 919 2443 §e
943 2414 1055 2451 κινεῖν,
1078 2411 1149 2443 ἀλλ’
1172 2408 1238 2442 ἔδει
1256 2422 1362 2454 μετα-

371 2452 508 2493 βάλλειν
539 2421 682 2497 (ibive—:pov
715 2454 841 2486 αὐτῶν·
870 2453 999 2499 ἀνάγκη
1031 2455 1094 2500 γάρ
1120 2452 1153 2485 ἐν
1179 2458 1248 2491 τοῖς
1280 2453 1359 2496 πρός

373 2507 407 2528 τι
433 2497 540 2528 τοῦτο
572 2497 785 2541 συμβαίνειν,
819 2499 886 2531 οἷον
912 2499 939 2530 εἰ
963 2497 1010 2542 μή
1037 2498 1070 2530 ὃν
1100 2493 1277 2529 διπλάσιον
1302 2499 1359 2529 νῦν

373 2536 566 2581 διπλάσιον,
592 2541 838 2585 μεταβάλλειν,
865 2544 891 2575 εὶ
917 2542 962 2586 μή
991 2541 1177 2587 ἀμφότερα,
1204 2541 1356 2586 θάτερον.

366 2583 489 2617 Ἔσται
516 2585 581 2628 ἄρα
605 2597 655 2623 τις
680 2585 829 2630 προτέρα
854 2586 1032 2631 μεταβολή
1058 2587 1120 2623 τῆς
1146 2585 1292 2630 πρώτης.

307 2663 387 2709 Πρὸς
412 2658 449 2694 δὲ
474 2661 610 2699 τούτοις
643 2662 684 2695 τὸ
716 2675 740 2695 π
763 2662 876 2706 ότερον
908 2666 965 2695 καὶ
998 2663 1136 2711 ὕστερον
1170 2665 1238 2701 πῶς
1263 2664 1360 2695 ἔσται

308 2753 346 2784 Εἰ

311 3144 349 3175 Εἰ

374 2706 492 2751 χρόνου
517 2706 563 2750 μη
589 2706 702 2746 ὄντος;
729 2709 749 2743 ἠ
777 2709 792 2739 ὁ
816 2707 950 2760 χρόνος,
976 2708 1022 2751 μή
1050 2710 1147 2745 οὔσης
1178 2709 1358 2748 navaie-emm

369 2750 412 2787 δή
438 2748 529 2782 ἐστιν
556 2751 572 2781 ὀ
604 2750 718 2794 χρόνος
748 2762 905 2789 κινησεως
939 2751 1072 2796 ἀριθμός
1097 2750 1117 2788 ἦ
1141 2753 1263 2790 κίνησίς
1295 2764 1358 2793 τις,

375 2797 464 2850 εἷπερ
492 2794 541 2825 ἀεὶ
566 2794 681 2838 χρόνος
708 2795 818 2836 ἐστίν,
847 2793 975 2841 ἀνάγκη
1010 2798 1066 2827 καὶ
1097 2797 1222 2832 κίνησιν
1254 2792 1359 2828 ἀΐδιον

375 2849 471 2872 ειναι.

303 2883 410 2916 Ἀλλά
435 2881 500 2924 μην
526 2883 599 2923 περί
616 2893 653 2936 γε
678 2881 874 2936 χρόνιουΙέξω
897 2882 965 2920 ἑνός
984 2883 1208 2936 ὀμόνοητικῶς
1226 2883 1360 2927 ἔχοντες

368 2928 554 2960 φαίνονται
580 2937 719 2963 παντες·
746 2937 910 2971 αγενητον
934 2926 998 2972 γάρ
1019 2938 1103 2958 ειναι
1122 2926 1268 2972 λέγουσι.
1294 2928 1361 2959 Καὶ

374 2961 434 3003 διά
469 2970 573 3001 τοῦτο
608 2969 811 3023 Δημόκριτός
850 2982 885 3001 τε
918 2966 1079 3002 δείκνυσιν
1113 2971 1154 3008 ὥς
1191 2966 1359 3003 ἀδύνατον

379 3014 521 3047 ἅπαντα
545 3024 731 3058 γεγονεναι·
758 3014 817 3046 τὸν
842 3014 905 3059 γάρ
930 3013 1046 3059 χρόνον
1075 3013 1238 3060 ἀγένητον
1261 3012 1359 3047 εἶναι.

374 3057 515 3089 Πλάτων
541 3055 568 3090 δ’
594 3057 699 3089 αὑτὸν
724 3058 824 3103 γεννᾷ
848 3057 959 3100 μόνος·
988 3057 1058 3102 ἅμα
1083 3058 1141 3101 μὲν
1166 3058 1230 3112 γάρ
1256 3058 1360 3091 αὑτὸν

377 3102 424 3142 τῷ
443 3101 568 3144 οὐρανῷ
608 3101 770 3147 εγονέναι,
786 3101 844 3133 τὸν
859 3096 887 3133 δ’
908 3100 1046 3146 οὐρανὸν
1059 3114 1234 3147 γεγονεναι
1251 3106 1358 3145 φησίν.

372 3143 428 3176 οὖν
448 3141 616 3178 ἀδύνατον
643 3146 716 3178 ἐστι
739 3147 797 3176 καὶ
822 3142 904 3177 εἶναι
924 3149 980 3178 καὶ
1005 3147 1125 3182 νοῆσαι
1149 3147 1264 3191 χρόνον
1285 3147 1364 3178 ἄνευ

378 3189 439 3220 τοῦ
456 3190 525 3229 νῦν,
544 3189 586 3222 τὸ
602 3184 639 3221 δὲ
657 3190 711 3220 νῦν
738 3190 811 3221 ἐστὶ
835 3190 979 3232 μεσότης
1006 3202 1074 3230 τις,
1098 3193 1157 3222 καὶ
1182 3190 1286 3235 ἀρχήν
1303 3192 1360 3222 καὶ

378 3233 540 3269 τελευτήν
566 3233 642 3277 ἔχον
670 3232 760 3276 ἅμα,
796 3231 902 3277 ἀρχὴν
926 3233 984 3276 μὲν
1011 3235 1071 3265 τοῦ
1098 3234 1253 3278 ἐσομένου
1285 3233 1363 3288 χρό-

378 3287 447 3316 νου,
466 3278 627 3313 τελευτήν
653 3272 689 3308 δὲ
715 3277 776 3307 τοῦ
794 3276 1032 3320 παρελθόντος,
1054 3274 1183 3323 ἀνάγκη
1204 3278 1254 3309 ἀεὶ
1275 3289 1360 3310 ειναι

376 3319 507 3364 χρόνοψ
534 3320 574 3351 τὸ
598 3319 662 3366 γάρ
688 3319 834 3363 ἔσχατον
867 3322 928 3351 τοῦ
952 3322 1150 3352 τελευταίου
1178 3320 1359 3363 ληφθέντος

376 3362 495 3408 χρόνου
520 3363 553 3394 ’έν
579 3375 645 3396 τινι
674 3363 740 3395 τῶν
763 3363 819 3394 νῦν
845 3363 956 3395 ἔσται·
988 3359 1082 3395 οὐδὲν
1112 3364 1176 3409 γάρ
1200 3364 1276 3396 ἔστι
1299 3367 1359 3396 λα·

379 3407 447 3446 βεϊν
479 3407 512 3439 ἐν
544 3407 592 3448 τῷ
622 3405 726 3451 χρόνῳ
757 3407 851 3448 παρά
879 3407 920 3439 τὸ
945 3408 1012 3439 νῦν.
1042 3406 1136 3439 ”ssa-‘r'
1167 3408 1237 3439 ἐπεί
1270 3409 1360 3440 ἐστιν

381 3449 468 3495 ἀρχή
494 3462 531 3481 τε
562 3452 620 3482 καὶ
649 3449 792 3486 τελευτή
819 3450 859 3482 τὸ
887 3451 965 3491 νῦν,
1000 3450 1129 3496 ἀνάγκη
1164 3452 1272 3483 αὐτοῦ
1305 3453 1356 3484 ἐπ’

380 3493 554 3538 ἀμφότερα
579 3491 663 3526 εἶναι
689 3494 738 3526 ἀεὶ
762 3507 785 3538 χ
807 3493 891 3525 όνον.
918 3494 1024 3526 Ἀλλά
1047 3494 1112 3538 μην
1138 3496 1204 3541 εἴγε
1229 3495 1359 3540 χρόνον,

377 3538 517 3582 φανερὸν
544 3536 596 3570 ὅτι
623 3537 752 3583 ἀνάγκη
770 3549 854 3569 ειναι
870 3539 926 3570 καὶ
945 3540 1085 3579 κίνησιν,
1104 3540 1193 3582 εἴπερ
1212 3540 1227 3570 ὁ
1245 3539 1360 3583 χρόνος

379 3581 483 3619 πάθος
509 3593 543 3614 τι
565 3581 735 3618 κινήσεως.

1474 833 1570 871 prius.
1596 832 1736 863 Dicimus
1760 842 1865 865 autem
1895 843 2019 866 motum
2044 847 2109 866 esse
2137 844 2241 867 actum
2265 837 2390 866 mobilis
2415 847 2460 866 se-

1475 876 1615 905 cundum
1643 878 1731 916 quod
1760 885 1806 908 est
1832 879 1964 909 mobile:
1996 890 2120 910 necesse
2151 891 2224 919 ergo
2256 881 2382 910 existere
2412 890 2461 910 res

1474 919 1637 958 possibiles
1653 921 1772 950 moveri
1795 921 1969 953 secun'dum
1986 934 2247 964 unumquemque
2268 931 2402 954 motum.
2421 924 2461 954 Et

1475 962 1540 992 sine
1563 970 1669 993 motus
1693 964 1883 1004 definitione,
1901 967 2003 997 omnis
2020 967 2128 1008 utique
2144 968 2341 998 confitebitur
2357 977 2460 998 neces-

1475 1005 1591 1035 sarium
1615 1016 1680 1036 esse
1703 1008 1822 1038 moveri
1845 1010 1993 1048 possibile
2013 1011 2131 1041 moveri
2152 1012 2326 1041 secundum
2345 1021 2460 1041 unum-

1475 1058 1634 1089 quemque
1658 1057 1792 1090 motum,
1817 1059 1852 1082 ut
1867 1054 1986 1084 alterari
2009 1055 2178 1093 alterabile,
2195 1056 2265 1085 ferri
2288 1062 2394 1086 autem
2415 1065 2460 1084 se-

1476 1093 1617 1121 cundum
1650 1093 1758 1124 locum
1793 1097 1952 1127 mutabile.
1982 1098 2086 1134 Quare
2117 1100 2202 1139 prius
2240 1105 2364 1139 oportet
2395 1108 2460 1128 esse

1476 1136 1694 1166 combustibile
1717 1148 1813 1178 quam
1830 1141 2045 1180 comburatur,
2066 1149 2095 1172 et
2111 1143 2344 1173 combustivum
2363 1152 2461 1182 quam

1476 1179 1669 1210 comburere.

1409 1218 1424 1235 *
1440 1221 1524 1261 Ergo
1548 1229 1578 1252 et
1599 1222 1676 1253 haec
1698 1226 1907 1256 necessarium
1940 1234 1985 1258 est
2013 1235 2067 1259 aut
2089 1229 2168 1260 facta
2191 1230 2360 1270 aliquando
2384 1239 2460 1267 esse,

1477 1275 1550 1295 cum
1564 1276 1629 1296 non
1646 1275 1761 1306 essent3
1778 1275 1832 1299 aut
1846 1278 1995 1310 perpetua
2010 1281 2085 1302 esse.
2098 1271 2113 1288 *
2130 1274 2160 1303 Si
2177 1274 2270 1312 igitur
2286 1274 2402 1304 factum
2418 1279 2463 1303 est

1476 1309 1643 1340 mobilium
1662 1313 1926 1353 unumquodque,
1945 1316 2153 1346 necessarium
2169 1324 2215 1347 est
2234 1317 2319 1357 prius
2339 1323 2464 1356 accepta

1476 1353 1569 1383 aliam
1591 1354 1800 1385 mutationem
1823 1356 1936 1387 factam
1963 1368 2028 1388 esse
2060 1366 2089 1389 et
2116 1367 2260 1398 motum,
2291 1361 2465 1391 secundum

1477 1406 1573 1437 quem
1595 1397 1713 1428 factum
1727 1406 1772 1429 est
1787 1401 1934 1439 possibile
1950 1409 2075 1432 motum
2099 1413 2163 1433 esse
2179 1411 2233 1434 aut
2253 1404 2381 1434 moveri.
2401 1401 2416 1418 '¹‘
2433 1403 2465 1434 Si

1477 1447 1582 1470 autem
1597 1451 1677 1481 quae
1693 1449 1775 1481 sunt,
1793 1452 1953 1483 praeerant
1968 1455 2100 1486 semper,
2118 1454 2207 1478 motu
2225 1458 2290 1478 non
2307 1448 2465 1485 existente,

1476 1483 1685 1515 irrationabile
1704 1486 1833 1526 quidem
1851 1488 1973 1519 videtur
1992 1497 2021 1520 et
2040 1491 2077 1521 ab
2097 1491 2306 1526 inscientibus
2331 1494 2374 1521 At
2392 1501 2466 1521 vero

1478 1529 1577 1567 magis
1592 1528 1837 1568 ingredientibus
1852 1531 1914 1562 hoc
1929 1534 2137 1564 necessarium
2154 1535 2299 1566 accidere.
2318 1535 2349 1565 Si
2370 1535 2465 1573 enim,

1478 1571 1545 1600 aliis
1561 1572 1690 1613 quidem
1708 1574 1878 1605 mobilibus
1897 1577 2107 1616 existentibus,
2123 1578 2189 1609 aliis
2206 1586 2312 1609 autem
2328 1578 2465 1616 motivis,

1478 1614 1647 1655 aliquando
1671 1617 1801 1656 quidem
1817 1619 1874 1649 erit
1889 1620 2016 1660 aliquod
2033 1622 2172 1661 primum
2191 1633 2333 1660 movenS,
2348 1622 2468 1662 aliquid

1479 1665 1585 1707 autem
1613 1661 1701 1699 quod
1731 1669 1894 1701 movetur,
1926 1664 2095 1704 aliquando
2125 1666 2254 1706 quidem
2284 1666 2381 1703 nihil,
2413 1666 2467 1695 sed

1480 1702 1776 1752 quiescit;.oportet
1797 1706 1858 1736 hoc
1881 1708 1994 1738 mutari
2018 1709 2112 1748 prius.
2139 1710 2214 1740 Erat
2237 1710 2321 1741 enim
2349 1709 2467 1750 aliquid

1479 1754 1572 1775 causa
1594 1747 1725 1795 quletis:
1757 1749 1845 1788 quies
1869 1751 1953 1781 enim
1983 1752 2115 1791 privatio
2147 1760 2252 1784 motus
2276 1760 2330 1784 est.
2363 1753 2467 1790 Quare

1479 1795 1549 1837 ante
1568 1799 1703 1839 pnmam
1721 1793 1930 1824 mutationem
1950 1795 2005 1826 erit
2024 1796 2155 1827 mutatio
2175 1797 2269 1837 prior.

1413 1828 1428 1845 *
1441 1831 1511 1861 Aha
1534 1833 1663 1872 quldem
1687 1835 1771 1865 enim
1790 1844 1918 1868 movent
1934 1839 2145 1879 singulariter,
2170 1841 2228 1871 alia
2245 1847 2349 1872 autem
2369 1847 2399 1871 et
2421 1850 2467 1870 se-

1480 1876 1621 1925 cundum
1644 1879 1814 1909 contrarios
1838 1888 1963 1912 motus:
1992 1890 2028 1913 ut
2050 1884 2129 1923 ignis
2152 1885 2281 1925 quidem
2310 1883 2466 1922 calefacit,

1480 1918 1630 1959 fngefacit
1652 1929 1758 1952 autem
1781 1932 1866 1963 non;
1890 1926 2016 1957 scientia
2039 1935 2144 1958 autem
2160 1929 2281 1958 videtur
2299 1928 2467 1958 contrario—

1479 1972 1551 1993 rum
1575 1974 1640 1995 esse
1664 1976 1736 1997 una.
1761 1967 1892 1998 Videtur
1914 1970 2008 2009 igitur
2031 1978 2061 2001 et
2083 1971 2125 2001 ibi
2149 1982 2214 2002 esse
2238 1972 2355 2012 aliquid
2374 1972 2467 2001 simili

1480 2007 1598 2038 modo:
1632 2009 1781 2049 frigidum
1811 2012 1895 2042 enim
1926 2014 2063 2045 calefacit
2094 2025 2281 2045 conversum
2313 2016 2467 2056 quodam-

1480 2051 1578 2081 modo
1603 2059 1633 2082 et
1655 2054 1837 2093 abscedens;
1862 2056 1942 2087 sicut
1965 2064 1995 2088 et
2017 2066 2123 2097 peccat
2142 2059 2336 2089 voluntarius
2356 2059 2465 2098 sciens,

1480 2095 1608 2134 quando
1633 2106 1649 2126 e
1673 2099 1828 2128 contrario
1853 2100 1950 2131 utitur
1973 2101 2107 2132 scientia.

1414 2136 1475 2166 Sed
1497 2138 1591 2177 igitur
1613 2149 1831 2183 quaecumque
1854 2144 2014 2183 possibilia
2038 2153 2111 2176 sunt
2133 2146 2232 2176 facere
2255 2141 2308 2177 au't
2327 2146 2390 2186 pati
2414 2153 2467 2176 aut

1480 2191 1622 2221 movere,
1650 2183 1726 2215 haec
1754 2193 1860 2216 autem
1890 2189 2026 2227 moveri,
2057 2200 2121 2220 non
2151 2190 2274 2230 penitus
2307 2190 2467 2230 possibilia

1481 2232 1553 2255 sunt
1561 2232 1570 2264 ;
1594 2227 1648 2256 sed
1671 2227 1714 2257 sic
1730 2239 1763 2259 se
1786 2229 1930 2262 habentia
1953 2238 1983 2262 et
1997 2233 2140 2272 proxima
2163 2234 2325 2264 alterutris,
2351 2234 2466 2272 Quare,

1481 2278 1554 2298 cum
1577 2270 1804 2311 proximantur,
1821 2274 1906 2304 aliud
1928 2283 2046 2314 movet,
2070 2277 2154 2307 aliud
2178 2285 2283 2309 autem
2306 2284 2466 2316 movetur;

1480 2318 1510 2342 et
1534 2322 1607 2342 cum
1630 2314 1691 2345 sint
1714 2322 1749 2346 ut
1772 2316 1811 2347 sit
1839 2318 1900 2348 hoc
1930 2319 2059 2359 quidem
2089 2321 2260 2358 motivum,
2292 2321 2369 2351 illud
2392 2331 2465 2351 vero

1479 2355 1606 2386 mobile.
1622 2355 1637 2372 *
1652 2358 1684 2388 Si
1698 2359 1791 2399 igitur
1813 2371 1879 2391 non
1894 2372 2016 2402 semper
2039 2365 2238 2402 movebatur,
2263 2364 2466 2395 manifestum

1480 2405 1532 2448 est·
1548 2402 1637 2439 quod
1664 2412 1730 2432 non
1753 2413 1784 2434 se
1807 2404 1963 2436 habebant
1985 2407 2065 2437 sicut
2094 2418 2178 2438 nunc
2201 2408 2382 2447 possibilia,
2405 2409 2466 2439 hoc

1480 2443 1609 2492 quidem
1631 2455 1769 2485 movere,
1786 2447 1864 2478 illud
1882 2457 1988 2480 autem
2010 2451 2145 2489 moveri;
2170 2452 2223 2481 sed
2238 2452 2378 2492 oportuit
2396 2462 2466 2482 mu-

1480 2493 1536 2516 tan
1566 2488 1699 2519 alterurn
1730 2490 1867 2522 illorum.
1897 2493 2029 2524 Necesse
2057 2495 2141 2524 enim
2167 2495 2199 2524 in
2223 2495 2259 2536 iis
2283 2505 2364 2535 quae
2395 2503 2468 2526 sunt

1480 2531 1518 2559 ad
1542 2532 1670 2571 aliquid,
1694 2533 1755 2564 hoc
1778 2535 1930 2567 accidere:
1955 2544 1991 2567 ut
2013 2537 2038 2568 si
2061 2548 2126 2568 non
2150 2546 2195 2569 est
2213 2539 2358 2578 duplum,
2383 2549 2467 2569 nunc

1480 2581 1586 2623 autem
1609 2583 1655 2606 est
1678 2577 1822 2617 duplum,
1843 2581 1967 2619 mutari,
1986 2581 2011 2610 si
2035 2591 2100 2612 non
2124 2589 2305 2623 utrumque,
2322 2583 2463 2613 alterum.

1479 2617 1546 2648 Em
1569 2629 1642 2658 ergo
1666 2622 1821 2660 quaedam
1839 2624 1972 2654 mutatio
1991 2625 2077 2664 prior
2095 2626 2204 2665 prima.

1413 2659 1430 2678 *
1452 2661 1565 2692 Adhuc
1589 2670 1705 2702 autem,
1729 2666 1815 2705 prius
1839 2674 1869 2698 et
1891 2669 2045 2707 posterius
2068 2670 2232 2709 quomodo
2257 2676 2364 2707 erunt,
2387 2677 2466 2700 tem-

1437 2747 1444 2753 ·
1470 2715 1557 2754 ‘pore
1580 2717 1646 2736 non
1669 2708 1834 2740 existente?
1858 2717 1912 2741 aut
1934 2718 2071 2752 tempus,
2090 2713 2149 2743 nisi
2168 2713 2207 2743 sit
2225 2711 2354 2744 motus?
2439 2745 2443 2750 A

1414 2747 1446 2778 51
1468 2749 1562 2788 igitur
1585 2757 1709 2791 tempus
1733 2763 1882 2784 numerus
1906 2763 2012 2786 motus
2036 2763 2091 2794 est,
2116 2764 2170 2787 aut
2191 2764 2298 2787 motus
2321 2757 2465 2797 quidam3

1481 2793 1506 2822 si
1529 2794 1658 2834 quidem
1681 2802 1806 2836 tempus
1834 2808 1956 2839 semper
1979 2807 2042 2839 est,
2067 2807 2097 2831 et
2120 2808 2244 2831 motum
2267 2811 2392 2832 necesse
2421 2808 2467 2832 est

1480 2844 1670 2877 perpetuum
1694 2850 1768 2870 esse.
2270 2852 2272 2855 '

1416 2880 1458 2908 At
1479 2890 1554 2910 vero
1579 2882 1616 2911 de
1638 2889 1796 2923 tempore,
1820 2892 1940 2925 praeter
1961 2897 2079 2925 unum,
2104 2889 2297 2919 concorditer
2319 2889 2466 2919 habentes

1479 2924 1625 2961 videntur
1640 2936 1764 2958 omnes:
1780 2929 1955 2968 ingenitum
1971 2931 2056 2961 enim
2072 2941 2136 2962 esse
2151 2932 2267 2963 dicunt.
2285 2933 2326 2963 Et
2339 2939 2467 2973 propter

1479 2968 1541 2998 hoc
1564 2969 1762 3001 Democritus
1786 2973 1978 3005 demonstrat
1999 2975 2192 3015 impossibile
2212 2977 2319 3006 omnia
2335 2987 2400 3007 esse
2423 2976 2466 3006 fa-

1481 3018 1545 3042 cta:
1575 3013 1768 3053 impossibile
1792 3017 1876 3047 enim
1900 3025 1945 3048 est
1967 3025 2091 3059 tempus
2122 3020 2239 3050 factum
2270 3031 2344 3051 esse.
2378 3020 2466 3050 Plato

1480 3063 1587 3087 autem
1615 3064 1740 3098 tempus
1768 3067 1893 3099 generat
1923 3062 2026 3092 solus:
2060 3063 2153 3093 simul
2178 3064 2260 3093 enim
2284 3074 2358 3094 cum
2381 3064 2465 3094 caelo

1480 3099 1598 3130 factum
1622 3111 1697 3140 esse,
1723 3104 1844 3134 caelum
1863 3112 1968 3135 autem
1988 3106 2105 3137 factum
2124 3117 2189 3137 esse
2208 3107 2289 3138 dicit.

1413 3140 1430 3158 *
1444 3140 1476 3172 Si
1498 3143 1591 3182 igitur
1613 3145 1805 3186 impossibile
1825 3155 1870 3179 est
1885 3156 1915 3180 et
1930 3159 1995 3180 esse
2019 3158 2048 3180 et
2070 3150 2237 3190 intelligere
2253 3157 2377 3190 tempus
2399 3150 2465 3179 sine

1479 3187 1550 3227 ipso
1574 3197 1674 3228 nunc;
1697 3200 1780 3221 nunc
1798 3200 1904 3223 autem
1923 3200 1969 3224 est
1987 3194 2126 3224 medium
2146 3194 2318 3234 quoddam,
2334 3201 2363 3224 et
2378 3193 2464 3233 prin-

1481 3231 1599 3271 cipium
1615 3239 1644 3262 et
1655 3233 1751 3264 finem
1766 3235 1882 3266 habens
1902 3236 1994 3266 simul
2007 3235 2210 3279 (principium
2224 3237 2352 3278 quidem
2368 3236 2464 3267 futuri

1480 3276 1641 3315 temporis,
1654 3276 1750 3307 finem
1764 3289 1838 3309 vero
1854 3279 2039 3322 praeteriti):
2058 3290 2180 3310 necesse
2199 3287 2245 3311 est
2260 3290 2382 3320 semper
2398 3290 2463 3310 esse

1480 3325 1614 3358 tempus.
1636 3321 1792 3352 Ultimum
1808 3323 1892 3352 enim
1907 3323 1985 3353 finiti
2001 3324 2117 3363 accepti
2131 3324 2280 3363 temporis
2299 3324 2332 3354 in
2355 3324 2462 3364 aliquo

1478 3362 1622 3402 ipsorum
1645 3375 1728 3394 nunc
1752 3365 1823 3395 erit:
1848 3366 1924 3396 nihil
1948 3367 2031 3396 enim
2050 3374 2095 3397 est
2119 3367 2254 3407 accipere
2273 3367 2305 3397 in
2321 3375 2462 3407 tempore

1480 3414 1599 3446 praeter
1622 3417 1716 3438 nunc.
1746 3409 1861 3447 Quare,
1885 3411 2037 3450 quoniam
2060 3417 2105 3440 est
2127 3410 2197 3441 finis
2221 3418 2251 3441 et
2273 3411 2463 3451 principium

1479 3450 1585 3490 ipsum
1609 3461 1706 3489 nunc,
1731 3462 1854 3483 necesse
1878 3461 1923 3484 est
1944 3453 2041 3493 ipsius
2065 3453 2097 3484 in
2121 3461 2251 3494 utraque
2274 3462 2359 3494 parte
2383 3465 2462 3485 sem-

1480 3497 1535 3534 per
1551 3506 1616 3526 esse
1631 3504 1764 3536 tempuS.
1782 3498 1824 3526 At
1839 3506 1912 3527 vero
1925 3497 1950 3527 si
1962 3504 2097 3537 tempus,
2111 3498 2311 3528 manifestum
2328 3506 2373 3530 est
2389 3499 2463 3540 quia

1480 3549 1604 3569 necesse
1628 3546 1673 3570 est
1697 3547 1726 3570 et
1748 3547 1873 3570 motum
1906 3548 1987 3571 esse:
2018 3541 2173 3582 siquidem
2201 3549 2326 3582 tempus
2356 3543 2459 3583 passio

1480 3583 1635 3622 quaedam
1654 3589 1759 3613 motus
1779 3590 1832 3613 est.

2488 794 2566 841 ζῑὲἱῐς.
2573 800 2631 846 gap.
2653 800 2670 815 1.

2489 1235 2497 1244 ·
2513 1233 2580 1255 Text.
2596 1239 2616 1260 5.

2490 1279 2500 1287 ''
2514 1277 2589 1300 Text.⁴
2598 1277 2621 1298 6.

2493 1405 2502 1414 '
2517 1404 2582 1425 Text.
2598 1410 2618 1431 7.

2495 1845 2504 1853 '¹
2519 1843 2585 1865 Text.
2600 1843 2622 1865 8.

2494 2368 2504 2378 '¹
2517 2367 2586 2389 Text.
2601 2373 2623 2395 9.

2494 2673 2503 2682 ·
2518 2672 2586 2694 Text.
2601 2679 2633 2694 ιο,

2492 3153 2502 3161 ·
2516 3151 2582 3173 Text.
2598 3157 2625 3174 11.
