2950 4004
217 790 230 811 ἲ

1144 293 1254 329 CAP.
1286 294 1333 340 11,
1364 294 1513 330 LECT.
1545 295 1593 330 111

2385 297 2449 333 151

1043 489 1258 544 LECT
1260 490 1342 544 10
1381 489 1696 547 TERTIA

783 630 1058 662 DISPUTATUR
1080 630 1137 660 DE
1160 630 1280 662 LOCO
1304 632 1362 661 AN
1386 632 1452 663 SIT
1476 632 1626 664 FORMA
1649 635 1739 665 AUT
1762 636 1957 666 MATERIA

279 752 376 783 Ἐπεὶ
402 744 439 781 δὲ
464 748 506 780 τό
530 748 589 792 μὲν
613 746 689 779 καθ’
718 746 806 779 αὐτὸ
831 746 872 778 τό
897 741 934 777 δὲ
957 746 1036 777 κατΙ
1067 745 1150 778 ἄλλο
1181 747 1342 792 λέγεται,

351 795 409 825 καὶ
436 793 541 830 τόπος
567 793 583 823 ὁ
608 792 666 834 μὲν
691 789 820 830 κοινός,
848 790 881 822 ἑν
908 790 931 831 ᾧ
959 789 1100 823 ἅπαντα
1126 790 1173 823 τά
1197 791 1347 834 σώματά

353 838 459 877 ἐστιν,
482 837 504 868 ’ἁ
528 832 559 867 δ’
577 832 673 874 ἴδιος,
702 835 734 866 ὲν
761 834 784 876 ᾧ
809 833 944 878 πρώτῳ·
968 834 1006 865 λε’
1032 847 1056 864 ω
1081 830 1110 866 δ’
1133 835 1200 866 οἷον
1226 835 1266 866 σύ
1289 836 1344 866 νῦν

353 882 386 913 ὲν
411 882 460 921 τῷ
485 880 627 921 οὐρανῷ,
655 878 710 911 ὅτι
735 876 766 910 ἐν
793 879 841 919 τῷ
869 877 952 922 ἀέρι,
980 889 1079 916 ουτος
1105 873 1132 908 δ’
1160 879 1192 910 ἑν
1218 880 1266 920 τῷ
1293 880 1346 910 οὗ-

353 925 460 970 ρανῷ,
485 924 544 955 καὶ
569 921 602 954 ἐν
628 923 676 963 τῷ
704 920 775 966 ἀέρι
799 917 837 953 δέ
863 921 916 954 ὅτι
948 920 980 954 ἐν
1007 923 1053 964 τῇ
1077 923 1136 968 γῇ·
1165 924 1283 966 ὁμοίως
1309 918 1347 954 δὲ

351 970 410 1000 καὶ
435 966 630 1010 ἐν’ταιίτῃ,
658 966 711 999 ὅτι
738 967 769 998 ὲν
797 961 883 1007 τῷδε
916 967 962 1008 τῷ
997 967 1105 1007 τόπῳ,
1133 967 1165 1004 ὃς
1200 966 1345 1012 περιέχει

353 1007 449 1044 οὐδὲν
475 1010 578 1043 πλέον
603 1009 624 1048 ἦ
649 1010 698 1043 σέ.
725 1011 762 1042 Εἰ
786 1006 830 1048 δή
855 1008 947 1042 ἐστιν
973 1011 989 1042 ὁ
1015 1009 1121 1048 τόπος
1147 1010 1188 1042 τὸ
1214 1012 1345 1055 πρῶτον

353 1051 507 1101 περιέχον
533 1055 599 1087 τῶν
630 1054 798 1100 σωμάτων
831 1053 998 1094 ἕκαστον,
1026 1054 1128 1098 πέρας
1155 1066 1189 1087 τι
1217 1054 1254 1086 ἂν
1280 1057 1344 1092 εἴη·

353 1100 441 1133 ὥστε
472 1095 598 1140 δόξειεν
630 1098 669 1131 ἂν
699 1099 740 1131 τό
773 1094 859 1136 εἶδος
889 1101 946 1130 καὶ
971 1099 992 1135 ἡ
1018 1099 1127 1143 μορφή
1157 1098 1304 1131 ἑκάστου
1332 1100 1347 1130 ὀ

354 1144 461 1182 τόπος
486 1140 571 1175 εἶναι
596 1143 619 1184 ᾧ
646 1144 794 1187 ὁρίζεται
819 1143 860 1176 τό
884 1142 1023 1188 μέγεθος
1048 1145 1106 1175 καὶ
1125 1143 1145 1179 ἡ
1165 1142 1225 1180 ὕλη
1245 1144 1265 1179 ’ἡ
1285 1145 1346 1175 τοῦ

353 1187 525 1235 μεγέθους·
552 1189 659 1220 τοῦτο
683 1187 747 1234 γάρ
773 1187 920 1220 ἑκάστου
946 1186 1062 1242 πέρας.
1089 1186 1185 1219 Οὕτω
1206 1187 1263 1231 μὲν
1290 1186 1346 1219 οὖν

352 1233 533 1265 σκοποῦσιν
561 1233 576 1264 ὀ
602 1231 708 1269 τόπος
733 1232 775 1264 τό
801 1231 947 1264 ἑκάστου
974 1226 1060 1269 ειὸός
1085 1229 1190 1263 ἐστιν·

392 1282 399 1294 l

289 1321 308 1364 ᾖ
333 1315 371 1352 δὲ
395 1315 487 1352 δοκεῖ
512 1321 528 1351 ὀ
553 1318 658 1356 τόπος
691 1316 777 1351 εἶναι
803 1320 844 1351 τό
868 1314 1046 1362 διάστημα
1080 1319 1140 1352 τοῦ
1165 1318 1346 1364 μεγέθους,

354 1365 375 1400 ἣ
394 1365 469 1401 ὕλη·
489 1364 594 1396 τοῦτο
610 1363 674 1409 γάρ
694 1363 887 1408 ἕτερον’-’τοῦ
907 1363 1079 1408 μεγέθους·
1097 1364 1203 1396 τοῦτο
1224 1359 1253 1394 δ’
1275 1361 1347 1395 ἐστὶ

354 1409 396 1441 τό
422 1407 657 1453 περιεχόμενον
684 1406 750 1439 ὑπὸ
775 1408 837 1440 τοῦ
861 1403 968 1445 εἴδους
992 1409 1050 1439 καὶ
1067 1407 1259 1451 ὡρισμένον,
1281 1408 1347 1439 οἷον

355 1452 421 1484 ὑπὸ
447 1447 610 1484 ἐπιπέδου
634 1454 692 1483 καὶ
719 1450 879 1494 πέρατος.
898 1452 997 1483 Ἔστι
1015 1447 1057 1483 δὲ
1070 1453 1228 1484 τοιοῦτον
1246 1453 1266 1487 ’ἡ
1287 1451 1346 1488 ὕλη

353 1498 412 1528 καὶ
438 1496 479 1529 τὸ
506 1494 677 1540 ἀόριστον·
705 1494 789 1528 ὅταν
814 1495 879 1542 γάρ
906 1495 1068 1540 ἀφαιρεθῇ
1094 1495 1136 1527 τό
1162 1496 1266 1538 πέρας
1290 1497 1349 1527 καὶ

355 1540 403 1572 τοὶ
426 1539 517 1577 πάθη
549 1541 610 1576 τῆς
644 1542 805 1584 σφαίρας,
837 1541 996 1572 λείπεται
1028 1534 1125 1571 οὐδὲν
1159 1540 1254 1582 παραὶ
1284 1540 1348 1576 τήν

356 1583 450 1621 ὕλην.
477 1584 534 1615 Διό
558 1585 616 1615 καὶ
639 1583 782 1616 Πλάτων
809 1584 871 1619 τήν
898 1583 979 1620 ὕλην
1003 1586 1060 1616 καὶ
1086 1583 1149 1620 τήν
1174 1583 1285 1628 χώραν
1307 1584 1348 1615 τό

355 1626 446 1660 αὐτό
469 1639 564 1670 φησιν
591 1625 676 1659 εἶναι
702 1628 734 1659 ἐν
759 1629 807 1668 τῷ
833 1629 973 1671 Τιμαίῳ·
996 1629 1038 1660 τό
1054 1627 1118 1672 γάρ
1136 1630 1349 1670 μεταληπτι-

353 1671 412 1703 κὸν
429 1673 486 1703 καὶ
513 1671 576 1708 τήν
601 1671 715 1716 χώραν
740 1672 772 1703 ἓν
797 1673 855 1703 καὶ
881 1670 1024 1704 ταύτόν·
1049 1673 1151 1704 ἄλλον
1168 1667 1348 1714 δὲτρόπον

357 1716 425 1747 ἐκεῖ
447 1728 485 1747 τε
509 1715 616 1762 λέγων
643 1715 683 1747 τό
708 1715 965 1759 μεταληπτικὸν
989 1717 1047 1747 καὶ
1073 1716 1105 1747 ἐν
1124 1719 1194 1752 τοῖς
1211 1714 1350 1761 λεγομέ-

355 1770 422 1796 νοις
449 1759 610 1805 ἀγράφοις
641 1754 828 1805 δόγμασιν,
856 1758 942 1803 ὅμως
971 1760 1032 1791 τόν
1057 1758 1164 1791 τόπον
1196 1761 1254 1790 καὶ
1288 1759 1349 1795 τήν

354 1803 466 1848 χώραν
485 1804 526 1835 τό
545 1800 632 1836 αὐτὸ
659 1803 874 1847 ἀπεφήνατο.
901 1803 1046 1848 Λέγουσι
1065 1803 1124 1846 μὲν
1141 1803 1205 1856 γάρ
1224 1807 1350 1840 πάντες

359 1845 444 1879 εἷναί
470 1859 504 1879 τι
529 1847 589 1880 τόν
615 1846 740 1888 τόπον,
767 1850 800 1880 τί
825 1842 856 1879 δ’
884 1849 997 1886 ἐστίν,
1031 1847 1128 1883 οὗτος
1154 1858 1251 1891 μονος
1278 1845 1353 1879 ἑπε-

356 1894 508 1937 χείρησεν
534 1892 650 1923 εἰπεῖν.

289 1936 437 1973 Εἰκότως
463 1935 490 1967 δ’
512 1933 549 1967 ἑκ
566 1935 698 1968 τούτων
724 1935 964 1979 σκοπουμένοις
985 1930 1111 1974 δόξειεν
1131 1934 1169 1967 ἂν
1187 1932 1272 1966 εἶναι
1289 1947 1353 1979 χα-

355 1981 459 2013 λεπόν
484 1983 644 2024 γνωρίσαι
669 1981 702 2011 τί
726 1980 817 2012 ἐστιν
837 1981 853 2012 ὁ
871 1979 989 2020 τόπος,
1010 1981 1101 2035 εἴπερ
1120 1979 1253 2011 τούτων
1273 1980 1351 2011 ὁπο-

357 2027 512 2069 τερονοῦν
539 2022 644 2065 ἐστίν,
671 2025 740 2056 εἴτε
766 2025 786 2060 ἢ
813 2022 874 2061 ὕλη
901 2026 968 2056 εἴτε
994 2023 1035 2056 τό
1060 2018 1160 2060 ειδος·
1189 2023 1295 2060 ἄλλως
1314 2035 1351 2055 τε

355 2070 421 2115 γάρ
446 2070 510 2105 τήν
538 2067 733 2112 ἀκροτάτην
760 2068 829 2113 ἔχει
853 2067 953 2109 Θέαν,
986 2070 1043 2099 καὶ
1069 2069 1166 2113 χωρὶς
1195 2067 1350 2104 ἀλλήλων

359 2112 396 2145 οὐ
420 2108 535 2158 ῥᾴδιον
560 2113 742 2159 γνωρίζειν.

284 2153 394 2190 Ἀλλά
417 2157 482 2200 μὴν
508 2156 562 2189 ὅτι
586 2169 624 2203 γε
652 2153 822 2189 ἀδύνατον
857 2155 1079 2198 ὁποτερονοῦν
1109 2155 1243 2187 τούτων
1267 2153 1354 2187 εἶναι

358 2201 416 2234 τὸν
443 2201 621 2242 τόπον,οὖ
642 2200 795 2245 χαλεπόν
821 2195 914 2231 ἰδεῖν.
942 2199 986 2231 Τό
1011 2199 1069 2243 μὲν
1095 2199 1159 2245 γάρ
1185 2195 1270 2236 εἶδος
1293 2201 1352 2231 καὶ

358 2247 379 2282 ’ἢ
406 2244 466 2282 ὕλη
495 2243 531 2277 οὐ
555 2247 739 2291 γωρίζεται
764 2244 827 2276 τοῦ
853 2243 1070 2289 πράγματος,
1097 2243 1156 2275 τὸν
1181 2240 1218 2275 δὲ
1245 2242 1351 2275 τόπον

359 2285 549 2346 ἐνδένχεται·
567 2284 611 2322 Ἑν
637 2290 661 2331 ᾤ
685 2290 749 2336 γάρ
777 2288 839 2331 ἀὴρ
866 2286 919 2328 ἦν,
939 2289 972 2322 ὲν
995 2288 1106 2327 τούτῳ
1132 2287 1234 2320 πάλιν
1253 2282 1352 2332 ὕδωρ,

358 2335 401 2371 ὠς
427 2344 566 2375 εφαμεν,
583 2336 731 2379 γίνεται,
751 2332 1084 2376 ἀντιμεθισταμένων
1112 2329 1273 2368 ἀλλήλοις
1292 2333 1354 2364 τοῦ

358 2390 396 2411 τε
422 2373 548 2415 ὕδατος
572 2380 631 2409 καὶ
656 2378 718 2410 τοῦ
746 2377 853 2421 ἀέρος,
878 2380 937 2409 καὶ
962 2377 1028 2410 τῶν
1053 2375 1161 2407 ἀλλων
1186 2375 1352 2416 σωμάτων

359 2423 493 2466 ὁμοίως
519 2421 607 2455 ὥστε
634 2422 714 2455 οὔτε
739 2421 851 2466 μόριον
877 2420 944 2453 οὔθ’
970 2421 1048 2462 ἕξις,
1077 2417 1166 2452 ἀλλά
1189 2421 1353 2466 χωριστὸς

359 2467 375 2497 ὁ
401 2465 507 2504 τόπος
541 2465 688 2498 ἑκάστου
720 2466 824 2498 ἐστίν·
851 2468 908 2497 καὶ
933 2466 997 2512 γάρ
1027 2461 1121 2498 δοκεῖ
1148 2463 1288 2496 τοιοῦτό
1319 2477 1352 2497 τι

360 2506 445 2542 εἶναι
470 2511 486 2543 ὁ
511 2510 617 2548 τόπος
644 2511 710 2542 οἷον
738 2510 778 2543 τό
804 2509 953 2555 ἀγγεῖον·
978 2510 1051 2543 ἔστι
1071 2508 1134 2587 {dp
1157 2509 1197 2542 τό
1217 2510 1350 2554 ἀγγεῖον

359 2553 466 2592 τόπος
486 2553 734 2598 μεταφορητός·
762 2553 802 2587 τό
826 2551 853 2587 δ’
878 2555 1012 2600 ἀγγεῖον
1040 2555 1076 2586 οὐ
1102 2552 1134 2586 ἐν
1160 2555 1222 2586 τοῦ
1247 2554 1355 2600 πράγ-

357 2598 468 2642 ματός
493 2597 597 2631 ἐστιν.
618 2599 663 2642 ἲῌ
687 2598 744 2643 μὲν
765 2597 820 2630 οὖν
841 2598 1005 2645 χωριστός
1023 2599 1095 2633 ἐστι
1114 2599 1176 2630 τοῦ
1197 2597 1354 2642 πράγμα-

359 2654 436 2683 τος,
470 2642 584 2685 ταύτῃ
610 2643 668 2686 μὲν
697 2643 754 2674 οὐκ
779 2643 853 2676 ἔστι
879 2643 919 2676 τὸ
945 2638 1044 2681 εἶδος·
1073 2644 1093 2686 ᾖ
1118 2638 1156 2675 δὲ
1186 2643 1352 2688 περιέχει,

359 2685 476 2730 ταύτῃ
502 2685 614 2729 ἕτερος
639 2687 701 2724 τῆς
727 2686 818 2724 ὕλης.

292 2730 390 2760 ’Δοκεϊ
411 2725 450 2761 δὲ
476 2731 526 2762 ἀεὶ
552 2730 593 2762 τὸ
619 2730 652 2762 ὅν
679 2742 743 2763 που
770 2731 858 2764 αὐτό
882 2743 919 2764 τε
945 2728 1030 2763 εἶναί

359 2773 458 2811 ἐκτός
484 2774 606 2807 αὐτοῦ.

292 2817 448 2850 Πλάτωνι
473 2818 590 2861 μέντοι
613 2817 767 2859 λεκτέον,
786 2818 814 2849 εἱ
831 2813 883 2849 δεῖ
902 2818 1142 2862 παρεκβάντας
1160 2818 1278 2857 εἰπεῖν,
1297 2813 1356 2850 διά

360 2864 393 2894 τί
419 2862 479 2893 οὐκ
505 2863 537 2893 ἐν
570 2861 664 2902 τόπῳ
695 2862 743 2894 ταὶ
771 2857 841 2899 εἴδη
870 2863 929 2894 καὶ
955 2865 983 2894 οἱ
1011 2862 1163 2906 ἀριθμοί,
1197 2864 1287 2904 εἴπερ
1313 2862 1354 2894 τό

359 2905 555 2950 μεθεκτικόν
583 2907 598 2937 ὁ
624 2905 747 2947 τόπος,
774 2908 842 2939 εἴτε
867 2907 930 2938 τοῦ
959 2906 1109 2952 μεγάλου
1133 2907 1191 2938 καὶ
1217 2907 1278 2938 τοῦ
1304 2918 1355 2950 μι-

358 2951 437 2993 κροῦ
464 2949 559 2988 ὄντος
585 2951 648 2981 τοῦ
666 2949 876 2994 μεθεκτικοῦ,
899 2952 967 2982 εἴτε
993 2951 1055 2988 τῆς
1081 2949 1173 2991 ὕλης,
1193 2949 1302 2994 ὥσπερ
1321 2949 1352 2982 ἐν

361 2995 408 3035 τῷ
433 2995 560 3037 Τιμαίῳ
585 2993 763 3040 γέγραφεν.

284 3037 362 3069 Ἔτι
388 3038 455 3074 πῶς
483 3037 520 3070 ἂν
547 3037 681 3082 φέροιτο
706 3038 750 3075 εὶς
775 3038 834 3071 τόν
861 3039 969 3071 αὐτοῦ
999 3038 1125 3079 τόπον,
1152 3039 1179 3070 εἱ
1206 3039 1221 3069 ὁ
1247 3037 1352 3076 τόπος

360 3076 399 3118 ἦν
426 3082 447 3117 ἡ
473 3081 533 3119 ὕλη
560 3081 582 3118 ἦ
606 3082 648 3114 τό
673 3076 780 3122 εἶδος;
809 3077 978 3115 ἀδύνατον
1004 3082 1069 3128 γάρ
1096 3082 1133 3114 οὗ
1158 3083 1205 3126 μή
1228 3085 1353 3120 κίνησις

360 3120 446 3169 μηδὲ
470 3126 512 3158 τό
539 3126 606 3158 ἄνω
632 3125 652 3162 ἦ
676 3125 772 3158 κάτω
798 3127 885 3167 ἐστί,
910 3126 1017 3159 τόπον
1043 3124 1139 3158 εἶναι.
1169 3126 1273 3158 ’Ὥστε
1298 3127 1355 3168 ζη-

360 3168 485 3207 τητέος
511 3171 542 3201 ὲν
568 3174 640 3208 τοῖς
664 3170 835 3208 τοιούτοις
861 3172 877 3202 ό
902 3170 1022 3209 τόπος.
1048 3171 1086 3202 Εἰ
1110 3166 1140 3202 δ’
1160 3171 1193 3203 ἐν
1221 3171 1314 3212 αὐτῷ
1339 3172 1354 3202 ό

361 3211 467 3249 τόπος
490 3208 564 3255 (δεῖ
580 3213 659 3260 γάρ,
678 3216 768 3256 εἴπερ
789 3213 810 3250 ἦ
831 3214 939 3259 μορφή
965 3213 986 3251 ἦ
1012 3214 1116 3257 ὕλη),
1144 3215 1242 3247 ἔσται
1265 3216 1280 3245 ὁ
1297 3214 1356 3247 τό-

361 3268 422 3293 πος
449 3257 480 3288 ἐν
507 3256 615 3299 τόπῳ·
647 3257 859 3300 μεταβάλλει
891 3259 956 3303 γάρ
991 3258 1062 3302 ἅμα
1094 3260 1142 3300 τῷ
1175 3258 1353 3303 πράγματι

359 3301 417 3331 καὶ
441 3305 587 3333 κινεῖται
610 3303 669 3333 καὶ
694 3301 734 3335 τὸ
759 3297 845 3339 εἶδος
869 3305 925 3333 καὶ
952 3301 992 3334 τό
1019 3301 1189 3346 ἀόριστον,
1217 3303 1275 3334 οὐκ
1303 3304 1353 3334 ἀεὶ

361 3342 394 3375 ἐν
419 3345 467 3384 τῷ
493 3345 602 3386 αὐτῷ,
623 3346 696 3378 ἀλλ’
723 3345 824 3389 οὗπερ
847 3347 906 3377 καὶ
932 3346 973 3377 τὸ
998 3347 1152 3392 πρᾶγμα·
1178 3345 1265 3379 ὥστε
1291 3347 1352 3379 τοῦ

361 3386 470 3420 τόπου
495 3388 594 3421 ἔσται
619 3388 736 3425 τόπος.

284 3430 364 3462 ’Ἔτι
391 3429 474 3464 ὅταν
501 3431 536 3472 ἐξ
563 3431 657 3475 ἀέρος
683 3427 767 3476 ὕδωρ
798 3431 962 3476 γένηται,
991 3430 1164 3464 ἀπόλωλεν
1192 3434 1208 3464 ὁ
1233 3432 1351 3470 τόπος·

362 3476 399 3507 οὐ
424 3475 488 3521 γάρ
514 3477 546 3507 ὲν
573 3477 619 3517 τῷ
647 3477 740 3517 αὐτῷ
766 3477 860 3517 τόπῳ
886 3476 927 3508 τό
950 3475 1126 3522 γενόμενον
1152 3477 1262 3519 σῶμα.
1299 3478 1353 3513 Τίς

363 3518 418 3551 οὖν
444 3521 463 3556 ἡ
491 3519 614 3565 φθοράς
639 3520 697 3561 Ἐξ
722 3519 763 3551 ὧν
791 3520 849 3563 μὲν
875 3522 985 3552 τοίνυν
1012 3520 1196 3565 ἀναγκαῖον
1218 3518 1302 3552 εἶναί
1320 3532 1353 3553 τι

361 3563 420 3596 τόν
447 3563 566 3605 τόπον,
585 3567 642 3596 καὶ
669 3563 770 3596 πάλιν
794 3563 830 3604 ἐξ
855 3564 897 3595 ὧν
918 3562 1098 3607 ἀπορήσειν
1120 3563 1158 3595 ἄν
1175 3575 1225 3602 τις
1245 3564 1353 3596 αὐτοῦ

362 3609 443 3651 περὶ.
460 3609 522 3646 τῆς
547 3609 680 3650 οὐσίας,
707 3611 850 3651 εἴρηται.

1056 2743 1089 2763 τι
1109 2733 1166 2764 καὶ
1186 2730 1301 2779 ἕτερόν
1321 2742 1353 2763 τι

1399 751 1415 770 *
1439 751 1600 788 Quoniam
1624 760 1729 784 autem
1753 754 1838 784 aliud
1861 756 1990 795 quidem
2014 756 2189 786 secundum
2212 766 2255 794 se,
2279 756 2364 787 aliud
2379 766 2453 787 vero

1466 797 1641 827 secundum
1666 797 1751 828 aliud
1767 798 1894 836 dicitur,
1919 799 2059 829 similiter
2075 806 2104 829 et
2119 800 2207 829 locus
2231 800 2309 830 alius
2325 800 2454 840 quidem

1466 841 1656 879 communis,
1680 841 1712 871 in
1736 852 1801 882 quo
1818 843 1925 872 omnia
1942 853 2074 882 corpora
2089 850 2173 881 sunt,
2198 844 2276 874 alius
2292 854 2366 874 vero
2382 854 2454 884 pro-

1466 884 1564 923 prius,
1580 884 1612 914 in
1627 895 1693 924 quo
1712 886 1826 924 primo.
1852 887 1931 917 Dico
1959 894 2064 917 autem
2087 888 2282 925 communis,
2306 888 2395 928 quasi
2419 895 2453 918 tu

1466 937 1551 958 nunc
1574 928 1606 958 in
1630 929 1716 959 caelo
1741 939 1790 967 es,
1820 930 1894 970 quia
1919 931 1952 960 in
1975 940 2064 967 aere,
2089 931 2139 960 hic
2165 938 2271 961 autem
2293 931 2325 961 in
2350 932 2454 969 caelo;

1467 978 1497 1001 et
1519 971 1551 1001 in
1574 982 1659 1010 aere,
1691 973 1765 1013 quia
1793 973 1824 1003 in
1850 980 1945 1011 terra;
1975 974 2115 1004 similiter
2145 981 2250 1005 autern
2279 982 2309 1005 et
2331 975 2363 1004 in
2387 975 2455 1012 hac,

1467 1014 1542 1055 quia
1564 1022 1595 1046 et
1616 1015 1648 1045 in
1671 1015 1761 1055 loco,
1786 1017 1841 1057 qui
1870 1017 1947 1047 nihil
1978 1018 2116 1048 continet
2139 1018 2210 1058 plus
2239 1029 2336 1059 quam
2359 1025 2398 1049 te.
2424 1018 2456 1049 Si

1466 1058 1561 1098 igitur
1582 1059 1671 1089 locus
1695 1067 1740 1090 est
1763 1060 1902 1099 primum
1926 1061 2088 1092 continens
2112 1063 2366 1103 unumquodque
2390 1072 2456 1093 cor-

1467 1112 1538 1142 pus,
1562 1103 1714 1133 terminus
1737 1104 1867 1144 quidam
1890 1105 1998 1146 utique
2022 1106 2088 1144 erit.
2113 1106 2218 1143 Quare
2240 1106 2363 1137 videtur
2387 1117 2456 1146 spe-

1468 1146 1529 1176 cies
1553 1153 1584 1177 et
1606 1147 1708 1177 forma
1731 1148 1979 1188 uniuscuiusque
2008 1149 2098 1180 locus
2122 1160 2202 1188 esse,
2227 1160 2288 1190 qua
2313 1150 2457 1180 determi-

1469 1197 1560 1220 natur
1583 1191 1768 1230 magnitudo
1798 1198 1828 1222 et
1850 1193 1978 1222 materia
2003 1193 2244 1232 magnitudinis:
2273 1194 2349 1224 haec
2373 1194 2458 1224 enim

1468 1240 1515 1264 est
1537 1234 1786 1275 uniuscuiusque
1809 1236 1970 1272 terminus.
1987 1236 2004 1255 *
2027 1236 2076 1267 Sic
2100 1237 2228 1277 quidem
2247 1237 2341 1276 igitur
2356 1237 2457 1268 consi-

1468 1278 1659 1317 derantibus,
1682 1279 1772 1309 locus
1797 1279 2045 1320 uniuscuiusque
2069 1281 2185 1320 species
2209 1287 2263 1311 est.

1402 1321 1586 1352 Secundum
1608 1329 1715 1353 autem
1734 1324 1823 1363 quod
1845 1324 1967 1354 videtur
1982 1334 2047 1354 esse
2069 1324 2158 1355 locus
2176 1325 2320 1355 distantia
2339 1325 2459 1365 magni-

1468 1365 1604 1405 tudinis,
1628 1373 1674 1396 est
1689 1367 1830 1397 materia:
1854 1367 1931 1397 haec
1954 1378 2092 1408 namque
2115 1368 2209 1398 altera
2232 1375 2277 1399 est
2300 1378 2318 1398 a
2340 1368 2459 1408 magni-

1468 1409 1586 1440 tudine.
1610 1410 1697 1441 Haec
1721 1417 1827 1441 autem
1843 1418 1889 1442 est
1904 1418 2050 1442 contenta
2073 1412 2131 1442 sub
2155 1412 2257 1452 specie
2274 1419 2304 1442 et
2319 1412 2459 1450 definita,

1469 1453 1550 1484 sicut
1572 1454 1630 1484 sub
1654 1455 1749 1494 plano
1774 1461 1804 1485 et
1819 1455 1964 1486 termino.
1988 1456 2044 1486 Est
2067 1463 2173 1486 autem
2188 1456 2372 1486 huiusmodi
2395 1466 2460 1486 ma-

1469 1497 1545 1528 teria
1568 1504 1599 1528 et
1620 1497 1791 1529 infinitum.
1816 1499 1902 1530 Cum
1929 1499 2014 1529 enim
2037 1506 2257 1530 removeantur
2279 1499 2403 1530 termini
2432 1506 2461 1530 et

1469 1541 1630 1581 passiones
1649 1542 1812 1581 sphaerae,
1836 1543 2023 1583 relinquitur
2045 1543 2123 1574 nihil
2146 1551 2266 1584 praeter
2287 1543 2459 1574 materiam.

1470 1585 1562 1616 Unde
1585 1585 1674 1616 Plato
1698 1587 1861 1616 materiam
1885 1594 1915 1617 et
1936 1587 2046 1617 locum
2069 1587 2143 1618 dicit
2167 1597 2232 1618 esse
2255 1587 2341 1618 idem
2355 1588 2387 1618 in
2406 1587 2460 1618 Ti-

1466 1636 1577 1667 maeo,
1601 1629 1794 1669 receptivum
1818 1630 1902 1660 enim
1919 1638 1949 1661 et
1966 1631 2075 1661 locum
2092 1641 2194 1661 unum
2217 1638 2247 1662 et
2269 1631 2353 1661 idem
2370 1631 2459 1662 dicit:

1471 1673 1532 1702 alio
1556 1683 1631 1703 vero
1647 1674 1746 1703 modo
1770 1674 1813 1704 ibi
1829 1674 1934 1704 dicens
1958 1675 2160 1714 receptivum,
2182 1681 2212 1705 et
2234 1675 2266 1705 in
2290 1675 2378 1706 dictis
2394 1685 2460 1705 non

1471 1716 1592 1756 scriptis
1617 1717 1827 1756 dogmatibus.
1852 1719 1975 1748 Tamen
1989 1719 2098 1749 locum
2114 1725 2144 1749 et
2160 1719 2353 1758 receptivum
2376 1719 2460 1748 idern

1471 1760 1586 1790 retulit.
1610 1760 1627 1779 *
1649 1761 1767 1791 Dicunt
1782 1761 1912 1801 quidem
1937 1762 2021 1792 enim
2046 1773 2156 1792 omnes
2180 1773 2246 1792 esse
2271 1762 2388 1803 aliquid
2412 1763 2460 1792 lo-

1472 1811 1561 1834 cum:
1587 1804 1664 1844 quid
1688 1812 1793 1835 autem
1817 1812 1872 1844 est,
1896 1806 1946 1836 hic
1970 1806 2056 1836 solus
2081 1813 2211 1836 conatus
2231 1813 2276 1836 est
2299 1806 2408 1837 dicere.

1406 1935 1519 1965 Merito
1543 1941 1650 1965 autem
1673 1945 1709 1965 ex
1733 1935 1780 1965 his
1803 1936 2034 1966 intendentibus
2057 1936 2180 1967 videtur
2207 1937 2315 1978 utique
2339 1937 2462 1967 difficile

1473 1989 1662 2019 cognoscere
1681 1979 1758 2019 quid
1775 1987 1820 2010 est
1837 1980 1937 2018 locus,
1955 1980 1980 2010 si
1997 1980 2126 2020 quidem
2141 1981 2257 2011 horum
2284 1982 2461 2021 quodcum-

1472 2033 1535 2063 que
1551 2030 1607 2061 est,
1628 2023 1691 2053 sive
1707 2024 1836 2054 materia
1859 2024 1923 2054 sive
1945 2024 2057 2055 forma.
2075 2025 2161 2054 Haec
2181 2024 2265 2054 enim
2281 2025 2463 2055 altissimam

1473 2067 1588 2097 habent
1620 2067 1885 2106 speculationem,
1919 2075 1949 2098 et
1972 2068 2037 2098 sine
2060 2068 2195 2098 invicem
2218 2079 2283 2098 non
2307 2069 2394 2099 facile
2418 2076 2464 2099 est

1474 2121 1663 2150 cognoscere
1687 2111 1763 2150 ipsa.

1406 2155 1423 2173 *
1439 2157 1480 2185 At
1502 2165 1577 2185 vero
1593 2155 1682 2195 quod
1696 2155 1891 2194 impossibile
1907 2156 1946 2186 sit
1959 2155 2112 2186 utrumvis
2131 2156 2247 2186 horum
2263 2166 2328 2186 esse
2344 2156 2462 2195 locum,
2490 2163 2499 2172 ·

1473 2209 1538 2229 non
1563 2205 1609 2228 est
1641 2198 1765 2229 difficile
1795 2199 1909 2229 videre.
1934 2200 2050 2229 Forma
2074 2200 2158 2229 enim
2188 2207 2218 2230 et
2244 2200 2372 2230 materia
2399 2210 2464 2230 non

1473 2249 1656 2282 separantur
1671 2252 1689 2272 a
1703 2250 1750 2280 re;
1767 2243 1876 2273 locum
1891 2250 1997 2273 autem
2014 2243 2175 2283 contingit.
2194 2244 2228 2273 In
2244 2254 2309 2284 quo
2326 2254 2463 2285 namque

1474 2296 1526 2316 aer
1549 2293 1623 2324 erat,
1646 2286 1679 2315 in
1701 2286 1764 2317 hoc
1782 2287 1896 2317 iterum
1919 2297 2011 2327 aqua,
2035 2287 2116 2318 sicut
2134 2287 2268 2318 diximus
2292 2288 2393 2327 prius,
2417 2287 2462 2327 fit,

1473 2330 1686 2361 transmutatis
1710 2331 1749 2360 ad
1767 2330 1901 2360 invicem
1924 2341 2056 2372 aereque
2080 2338 2110 2361 et
2132 2342 2229 2371 aqua,
2253 2338 2284 2362 et
2307 2332 2372 2361 aliis
2397 2342 2464 2362 cor-

1474 2374 1605 2414 poribus
1629 2373 1778 2404 similiter.
1797 2375 1902 2411 Quare
1921 2385 2024 2415 neque
2040 2385 2110 2415 pars
2130 2385 2231 2415 neque
2251 2375 2390 2414 habitus3
2410 2377 2465 2406 sed

1475 2418 1654 2458 separabilis
1678 2425 1724 2448 est
1741 2418 1830 2448 locus
1847 2419 1885 2448 ab
1901 2429 2108 2459 unoquoque.
2126 2419 2252 2449 Etenim
2267 2419 2389 2450 videtur
2405 2420 2464 2450 tale

1475 2462 1552 2502 quid
1571 2472 1637 2492 esse
1655 2461 1745 2491 locus
1761 2468 1796 2492 ut
1813 2469 1882 2499 vas;
1900 2462 2015 2492 etenim
2030 2473 2084 2492 vas
2100 2463 2189 2492 locus
2205 2463 2463 2494 transmutabilis:

1474 2516 1527 2536 vas
1552 2513 1658 2536 autem
1681 2505 1757 2535 nihil
1780 2505 1832 2536 rei.
1857 2506 1874 2524 *
1895 2506 2076 2536 Secundum
2099 2506 2230 2546 quidem
2260 2507 2354 2546 igitur
2376 2508 2465 2547 quod

1475 2549 1654 2589 separabilis
1676 2556 1722 2579 est
1737 2559 1755 2579 a
1775 2559 1819 2588 re,
1836 2549 1878 2580 sic
1902 2549 2030 2590 quidem
2054 2560 2119 2580 non
2143 2557 2189 2580 est
2211 2550 2321 2580 forma.
2347 2550 2463 2581 Secun-

1475 2595 1554 2624 dum
1576 2600 1682 2623 autem
1706 2594 1794 2633 quod
1824 2594 1977 2632 continet,
2002 2593 2045 2624 sic
2068 2594 2198 2634 quidem
2223 2594 2355 2624 alterum
2379 2602 2424 2625 est
2447 2606 2465 2625 a

1476 2644 1613 2668 materia.

1409 2732 1541 2764 Videtur
1556 2738 1663 2762 autem
1677 2741 1800 2771 semper
1815 2732 1903 2771 quod
1917 2738 1962 2761 est
1978 2731 2101 2769 alicubi,
2119 2731 2225 2771 ipsum
2248 2740 2313 2761 esse
2333 2731 2462 2772 aliquid,

1477 2783 1507 2806 et
1530 2776 1663 2806 alterum
1687 2775 1806 2815 aliquid
1830 2782 1912 2805 extra
1935 2775 2050 2815 ipsum.
2118 2775 2125 2780 ”

1408 2819 1532 2850 Platoni
1548 2819 1642 2859 igitur
1661 2819 1830 2849 dicendum
1854 2825 1900 2849 est
1923 2817 1962 2861 (si
1987 2825 2111 2859 oportet
2126 2818 2329 2858 digredientes
2349 2818 2462 2861 dicere)

1475 2873 1571 2903 quare
1595 2873 1661 2893 non
1683 2863 1716 2892 in
1739 2863 1811 2893 loco
1837 2862 1953 2902 species
1978 2869 2007 2892 et
2030 2862 2152 2892 numeri
2176 2869 2258 2900 sunt,
2281 2863 2306 2892 si
2321 2863 2353 2892 id
2375 2864 2463 2903 quod

1474 2917 1546 2937 vere
1568 2907 1821 2947 participativum
1853 2913 1915 2945 est,
1939 2907 2028 2937 locus
2052 2906 2108 2945 sit;
2139 2906 2203 2936 sive
2226 2916 2377 2946 magnum
2400 2907 2464 2937 sive

1476 2961 1609 2990 parvum
1637 2950 1676 2981 sit
1699 2951 1787 2991 quod
1814 2950 2067 2990 participativum
2090 2956 2149 2988 est,
2174 2950 2237 2980 sive
2261 2950 2404 2989 materia,
2428 2958 2464 2982 ut

1474 2995 1507 3025 in
1530 2995 1664 3025 Timaeo
1689 2994 1819 3034 scripsit.

1407 3039 1424 3058 *
1447 3038 1594 3079 Amplius
1618 3038 1784 3078 quomodo
1808 3037 1937 3068 ferretur
1954 3038 1987 3068 in
2011 3038 2059 3068 sui
2082 3038 2205 3075 locum,
2230 3037 2255 3067 si
2273 3037 2362 3068 locus
2386 3045 2465 3069 esset
2489 3047 2499 3058 ⁸

1475 3082 1603 3113 materia
1631 3089 1685 3112 aut
1707 3079 1846 3122 species?
1879 3082 2074 3121 Impossibile
2103 3088 2148 3112 est
2167 3081 2250 3112 enim
2278 3081 2366 3111 cuius
2398 3092 2463 3112 non

1475 3134 1520 3157 est
1551 3132 1658 3156 motus
1682 3136 1785 3166 neque
1809 3135 1934 3156 sursum
1964 3133 2017 3156 aut
2045 3126 2210 3163 deorsum,
2241 3125 2349 3155 locum
2378 3133 2461 3156 esse:

1475 3180 1571 3211 quare
1587 3170 1784 3210 quaerendus
1807 3169 1839 3199 in
1863 3169 2082 3200 huiuscemodi
2097 3169 2186 3199 locus
2206 3174 2259 3198 est.
2277 3168 2294 3187 *
2309 3168 2341 3198 Si
2357 3175 2462 3198 autem
2489 3177 2498 3187 ·

1474 3214 1507 3244 in
1535 3214 1604 3254 ipso
1629 3214 1718 3244 locus
1742 3220 1788 3244 est
1811 3211 1950 3255 (oportet
1973 3213 2057 3243 enim
2081 3212 2105 3242 si
2128 3211 2256 3252 quidem
2280 3218 2333 3241 aut
2361 3211 2462 3242 forma

1475 3265 1529 3288 aut
1544 3257 1672 3288 materia
1688 3255 1758 3299 est),
1774 3257 1829 3287 erit
1844 3257 1933 3287 locus
1947 3256 1979 3286 in
1997 3257 2079 3286 loco.
2097 3256 2359 3285 Transmutantur
2378 3255 2462 3285 enim

1474 3301 1569 3332 simul
1594 3311 1667 3332 cum
1690 3311 1722 3330 re
1746 3308 1775 3331 et
1791 3307 1959 3330 moventur
1982 3306 2011 3329 et
2034 3298 2150 3338 species
2166 3304 2195 3328 et
2210 3297 2379 3336 infinitum,
2396 3309 2461 3329 non

1474 3355 1598 3385 semper
1629 3345 1662 3374 in
1697 3345 1828 3382 eodem,
1864 3344 1918 3373 sed
1949 3342 2003 3373 ubi
2034 3342 2143 3382 utique
2173 3351 2230 3371 res.
2265 3341 2369 3378 Quare
2399 3342 2460 3373 loci

1476 3389 1533 3419 erit
1555 3389 1654 3418 locus.

1408 3433 1424 3451 '¹‘
1440 3433 1598 3472 Amplius,
1619 3442 1692 3462 cum
1717 3427 1758 3461 ex'
1771 3439 1839 3459 aere
1862 3429 1896 3459 fit
1919 3439 2010 3469 aqua,
2035 3428 2174 3469 perditus
2198 3435 2243 3459 est
2264 3429 2370 3460 locus:
2395 3439 2461 3460 non
2486 3438 2497 3449 ·

1476 3476 1560 3514 enim
1583 3476 1615 3505 in
1639 3475 1751 3504 eodem
1767 3474 1838 3503 loco
1855 3473 1943 3512 quod
1966 3472 2000 3502 fit
2025 3482 2148 3512 corpus.
2165 3472 2255 3509 Quae
2278 3473 2371 3513 igitur
2395 3483 2461 3504 cor—

1475 3517 1600 3559 ruptio?
1623 3519 1639 3537 *
1660 3519 1705 3547 Ex
1721 3517 1835 3557 quibus
1859 3516 1952 3556 igitur
1975 3516 2183 3546 necessarium
2199 3523 2244 3547 est
2264 3516 2371 3547 locum
2395 3527 2460 3547 esse
2486 3527 2496 3538 ⁴

1475 3563 1609 3603 aliquid,
1639 3568 1669 3591 et
1691 3561 1804 3591 iterum
1828 3570 1863 3590 ex
1887 3559 2002 3599 quibus
2034 3560 2143 3600 utique
2166 3560 2319 3591 dubitabit
2349 3561 2460 3601 aliquis

1475 3607 1513 3636 de
1536 3605 1706 3636 substantia
1728 3603 1841 3643 ipsius,
1866 3603 1985 3634 dictum
2008 3610 2062 3634 est.

2480 767 2490 813 ζ
2507 766 2562 794 Cap.
2578 773 2603 787 11.
2608 754 2684 788 'Texh

2491 799 2514 818 4.

2483 1246 2494 1257 *
2508 1245 2574 1267 Text.
2590 1251 2619 1273 ¹5·

2486 1769 2498 1780 ⁸
2511 1769 2579 1790 Text.
2593 1769 2623 1790 16.

2514 2162 2580 2183 Text.
2596 2168 2626 2189 17.

2492 2519 2500 2527 ·
2514 2517 2581 2538 Text.
2598 2518 2628 2539 18.

2513 3046 2579 3067 Text.
2595 3052 2624 3074 19.

2513 3176 2580 3198 Text.
2593 3182 2631 3198 201

2512 3437 2578 3460 Text.
2593 3444 2622 3460 21.

2510 3526 2576 3548 Text.
2590 3531 2624 3547 22.
