2950 4004
1120 209 1230 244 CAP.
1260 208 1346 254 VII,
1377 207 1526 243 LECT.
1556 208 1608 243 XI

46 1295 55 1304 ·
69 1294 138 1316 Num.
154 1300 176 1331 9.

279 293 327 329 Et
346 290 432 328 dicit
451 290 555 338 quod
585 289 696 326 etiam
716 289 838 324 forma
867 295 903 324 et
921 287 1024 336 quod
1044 287 1136 335 quid
1156 294 1210 322 est
1227 286 1337 335 perti-

279 352 343 381 net
362 343 411 380 ad
431 342 774 379 considerationem
794 340 981 386 naturalis,
1004 339 1213 376 secundum
1235 339 1338 386 quod

281 397 393 434 etiam
421 395 507 432 finis
537 403 591 431 est
626 403 661 431 et
699 394 803 430 cuius
832 405 944 429 causa
977 393 1019 428 fit
1042 391 1243 439 generatio.
1274 390 1338 427 Di-

41 460 53 471 *
76 460 151 480 autem
179 458 252 484 mab,
282 457 383 486 ctum
399 456 454 484 est
474 448 574 484 enirn
591 448 610 468 Ψ·
627 459 739 496 supra
754 447 795 467 *ἴῃ
820 446 924 493 quod
944 445 1067 481 forma
1087 452 1122 480 et
1136 443 1221 480 finis
1237 443 1338 479 coin-

43 490 230 549 ?QffiQJ-Tvx'
282 502 409 539 cidunt
424 502 443 522 ’Β
463 501 501 537 in
525 501 648 543 idem;
679 507 714 535 et
729 498 816 546 quia
835 505 967 534 natura
991 504 1167 545 operatur
1185 503 1340 544 propter

41 537 172 600 §zelfam
185 536 252 558 ⁰⁰dd‘
283 554 435 602 aliquid,
454 561 495 590 ut
513 554 609 590 infra
629 554 648 572 ¹*
666 550 896 600 probabitur,
917 561 1072 586 necesse
1094 556 1148 585 est
1166 549 1270 596 quod
1291 548 1339 585 ad

43 625 54 636 ⁸
67 589 240 652 'iffirffss‘lo
283 608 492 644 naturalem
524 605 707 654 pertineat
744 602 979 639 considerare
1014 602 1177 637 formam
1208 602 1227 622 >²²
1261 614 1339 637 non

43 676 255 698 *ea-amomoeab.
284 661 408 696 solum
437 659 659 706 inquantum
681 662 735 691 est
754 655 888 701 forma,
905 654 971 690 sed
1002 654 1113 690 etiam
1134 656 1153 673 θ
1181 654 1338 702 inquan-

284 721 365 749 tum
394 719 449 748 est
475 710 571 747 finis.
607 708 646 745 Si
675 715 803 744 autern
832 714 965 743 natura
993 719 1070 743 non
1099 715 1225 754 ageret
1252 719 1339 755 pro-

283 772 365 813 pter
405 762 543 810 aliquid
557 791 566 808 ,
596 759 850 798 consideraret
891 759 1046 807 quidem
1076 759 1252 795 naturalis
1293 759 1339 796 de

283 818 406 854 forma
432 815 655 863 inquantum
677 821 732 850 est
759 813 898 859 forma,
929 812 995 849 sed
1015 825 1094 849 non
1113 812 1338 860 inquantum

284 876 339 905 est
364 866 463 904 finis.

335 932 371 968 7.
388 919 536 956 Deinde
552 931 639 955 cum
655 918 757 956 dicit:
776 919 827 954 Et
833 918 981 965 penitus
989 923 1146 965 propter
1155 917 1244 965 quid
1258 924 1339 964 ete.,

0 954 263 1017 ‘ffossemmstrdt
283 972 445 1010 ostendit
463 973 659 1020 quomodo
679 971 855 1007 naturalis
879 970 1095 1015 ,demonstat
1117 982 1185 1018 per
1206 982 1340 1006 omnes

284 1037 426 1062 causas.
456 1026 505 1061 Et
531 1024 655 1073 primo
685 1023 882 1073 quomodo
912 1023 1145 1059 demonstrat
1172 1035 1240 1071 per
1258 1035 1338 1059 ma-

283 1078 415 1115 teriam
445 1085 481 1114 et
499 1085 732 1124 moventem,
753 1089 850 1125 quae
874 1083 962 1112 sunt
985 1088 1120 1112 causae
1139 1075 1284 1124 priores
1304 1076 1342 1112 in

46 1141 254 1164 *ostenditomm
283 1130 539 1179 generatione;
561 1130 728 1167 secundo
748 1128 909 1166 ostendit
924 1129 943 1150 ²³⁸
964 1128 1162 1177 quomodo
1183 1129 1341 1165 demon-

45 1173 201 1226 ε’ἕιῖῗζῗῖὲᾳ.
284 1191 373 1220 strat
390 1195 459 1231 per
478 1183 653 1229 formam,
669 1182 739 1218 ibi:
759 1183 810 1218 Et
833 1183 867 1218 si
891 1182 962 1218 hoc
979 1182 1073 1229 fieri
1099 1181 1205 1218 debet
1223 1182 1242 1202 ‘⁸
1259 1189 1340 1227 etc.;

283 1236 389 1272 tertio
406 1235 603 1283 quomodo
625 1235 858 1272 demonstrat
870 1246 939 1282 per
952 1235 1082 1280 finem,
1099 1234 1171 1270 ibi:
1191 1236 1242 1270 Et
1254 1235 1341 1282 quia

283 1289 433 1338 dignius
451 1290 471 1308 ⁴*
492 1295 596 1324 etc.-
612 1287 711 1324 Dicit
735 1300 823 1335 ergo
842 1287 966 1335 primo
983 1287 1087 1335 quod
1110 1287 1148 1323 in
1168 1287 1341 1324 naturali-

283 1342 354 1378 bus
375 1340 612 1378 reddendum
633 1349 688 1377 est
705 1348 860 1389 propter
883 1339 973 1388 quid
996 1340 1155 1388 penitus,
1171 1340 1265 1377 idest
1286 1353 1341 1377 56-

285 1394 452 1431 cundum
467 1394 661 1442 quodlibet
671 1405 788 1441 genus
804 1405 956 1429 causae:
976 1400 1028 1439 ut,
1040 1392 1128 1440 quia
1143 1393 1217 1429 hoc
1235 1405 1342 1441 prae-

147 1451 162 1476 δ
285 1446 394 1483 cessit
413 1444 441 1493 ὃ,
471 1446 550 1483 sive
579 1446 668 1482 illud
696 1446 741 1482 sit
769 1446 924 1483 materia
952 1445 1031 1481 sive
1065 1457 1247 1491 movens,
1278 1458 1343 1482 ne-

285 1511 388 1536 cesse
417 1507 472 1535 est
507 1499 582 1535 hoc
619 1510 700 1534 esse
739 1506 1032 1545 consequenter;
1061 1506 1102 1534 ut
1139 1498 1168 1534 si
1202 1499 1342 1546 aliquid

284 1558 504 1599 generatum
524 1558 579 1587 est
605 1563 650 1587 ex
680 1550 884 1597 contrariis,
906 1562 1060 1586 necesse
1081 1558 1135 1586 est
1153 1550 1241 1588 illud
1263 1563 1343 1587 cor-

285 1603 427 1653 rumpi,
458 1611 494 1640 et
521 1603 551 1639 si
577 1604 634 1639 sol
654 1603 932 1652 appropinquat
959 1602 1007 1639 ad
1035 1603 1167 1650 polum
1196 1611 1342 1651 septen—

285 1657 495 1703 trionalem,
512 1668 666 1692 necesse
686 1663 741 1704 est
759 1656 841 1692 fieri
860 1656 940 1692 dies
968 1655 1155 1702 longiores
1176 1663 1211 1692 et
1229 1656 1342 1703 frigus

286 1709 444 1747 diminui
473 1716 508 1745 et
531 1709 696 1746 calorem
725 1708 851 1756 augeri
880 1708 982 1756 apud
1002 1719 1067 1744 eos
1087 1707 1151 1755 qui
1175 1708 1343 1744 habitant

285 1762 323 1799 in
341 1770 445 1811 parte
466 1761 755 1810 septentrionali.
778 1761 856 1808 Sed
877 1769 1006 1798 tamen
1026 1760 1342 1808 considerandum

47 1827 56 1836 ·
71 1825 144 1847 sotum
159 1824 246 1846 add-1³-
286 1822 341 1852 est
355 1814 460 1863 quod
478 1827 558 1851 non
571 1815 590 1835 ³³²
609 1826 760 1863 semper
779 1826 823 1850 ex
842 1814 1092 1862 praecedente
1111 1813 1267 1850 materia
1281 1815 1342 1850 vel

47 1877 58 1888 ⁴
72 1877 138 1904 sequi
149 1882 185 1898 m-
285 1875 465 1904 movente
484 1879 638 1904 necesse
659 1875 714 1904 est
731 1866 872 1915 aliquid
895 1867 1074 1914 subsequi
1090 1868 1121 1913 *ς
1139 1866 1205 1903 sed
1224 1879 1342 1916 quan-

287 1921 412 1968 doque
449 1920 688 1968 subsequitur
724 1919 863 1968 aliquid
900 1919 1132 1967 simpliciter,
1172 1919 1267 1956 idest
1302 1927 1343 1955 ut

286 1985 457 2022 semper,
492 1981 534 2010 ut
561 1973 598 2009 in
625 1974 682 2009 his
710 1985 807 2020 quae
837 1973 934 2009 dicta
969 1979 1073 2018 sunt;
1112 1973 1342 2020 quandoque

49 2035 260 2081 2zetom-nzrcux
287 2033 414 2062 autem
440 2033 482 2062 ut
510 2026 734 2074 frequenter,
754 2034 795 2062 ut
824 2038 868 2062 ex
897 2025 1041 2062 semine
1069 2027 1237 2062 humano
1268 2033 1303 2061 et
1323 2027 1342 2046 '⁹⁴

79 2076 84 2082 ’
288 2086 466 2115 movente
495 2078 533 2115 in
561 2078 820 2125 generatione,
853 2085 894 2113 ut
922 2078 1150 2125 frequentius
1178 2078 1344 2126 sequitur

288 2138 508 2178 generatum
535 2130 675 2167 habere
705 2131 801 2167 duos
830 2131 971 2175 oculos,
1001 2130 1104 2178 quod
1132 2137 1260 2166 tamen
1280 2130 1342 2166 ali-

288 2182 442 2230 quando
463 2183 599 2220 deficit.
629 2184 678 2220 Et
705 2182 870 2219 similiter
898 2194 942 2219 ex
962 2183 1035 2218 hoc
1063 2183 1168 2230 quod
1187 2183 1345 2233 materia

288 2235 340 2272 sic
370 2243 424 2272 est
453 2236 631 2284 disposita
659 2236 697 2272 in
726 2247 884 2284 corpore
912 2236 1098 2281 humano,
1128 2235 1263 2272 accidit
1283 2247 1343 2282 ge-

340 2399 364 2432 ὂ)
385 2403 421 2430 ut,
435 2400 496 2433 quia
510 2401 559 2425 hoc
572 2401 727 2432 praecessit.
741 2415 759 2419 -
773 2404 802 2425 ut
817 2404 892 2432 patet
910 2401 973 2433 quia
991 2408 1028 2426 ex
1046 2401 1094 2426 hoc
1113 2402 1183 2433 quod
1197 2402 1346 2433 praecessit

287 2435 385 2466 FYsG,
404 2439 430 2460 et
447 2436 510 2468 quia
528 2443 566 2460 ex
587 2436 636 2461 hoc
659 2436 730 2468 quod
750 2436 881 2467 processit
905 2437 981 2468 pEG,
1007 2439 1036 2460 ut
1059 2436 1121 2468 quia
1140 2443 1177 2461 ex
1200 2437 1248 2461 hoc
1273 2437 1346 2468 quod

282 2471 429 2502 praecessit
447 2475 494 2496 cet.
509 2476 535 2495 et
552 2478 577 2495 α.

2404 207 2451 253 89

1393 286 1514 322 nerari
1540 286 1683 322 febrem
1703 293 1857 334 propter
1870 286 1889 306 ³³²
1908 285 2200 333 putrefationem
2219 293 2260 321 ut
2280 285 2452 332 frequen-

1394 338 1482 382 tius;
1513 338 1744 387 quandoque
1772 346 1900 375 tamen
1928 338 2141 386 impeditur.

1449 392 1482 426 8.
1514 391 1660 428 Deinde
1686 403 1774 427 cum
1795 390 1903 427 dicit:
1932 392 1981 427 Et
1999 391 2033 427 si
2049 392 2119 427 hoc
2135 391 2230 438 fieri
2247 391 2352 426 dehet
2370 399 2452 437 ete.,

1395 443 1556 480 ostendit
1583 444 1781 491 quomodo
1812 444 1856 480 sit
1885 443 2223 480 demonstrandum
2247 443 2286 479 in
2307 451 2454 480 natura-

1394 495 1490 532 libus
1514 508 1581 544 per
1606 509 1759 532 causam
1789 497 1999 533 formalem.
2029 497 2089 533 Ad
2120 496 2224 532 cuius
2253 496 2454 543 intelligen-

1394 548 1485 585 tiam
1498 550 1517 569 ss
1538 548 1734 585 sciendum
1756 557 1820 596 est,
1842 549 1945 597 quod
1966 549 2119 596 quando
2143 561 2187 585 ex
2208 549 2328 585 causis
2346 561 2454 597 prae-

1397 601 1615 638 cedentibus
1648 601 1685 637 in
1719 602 1970 648 generatione,
2001 601 2139 638 scilicet
2167 614 2212 638 ex
2241 602 2397 638 materia
2420 610 2455 638 et

1395 661 1587 700 movente,
1619 654 1786 702 sequitur
1813 654 1953 702 aliquid
1976 666 2019 690 ex
2040 654 2270 700 necessitate,
2301 663 2390 691 tunc
2409 667 2454 691 ex

1396 707 1448 743 eis
1466 714 1590 755 potest
1618 707 1716 743 sumi
1732 707 1751 727 ’³‘
1768 707 2051 752 demonstratio,
2066 714 2107 743 ut
2122 719 2234 755 supra
2251 709 2292 728 *ἦ
2313 708 2454 744 dictum

1397 768 1470 805 est;
1500 772 1578 796 non
1607 767 1733 796 autem
1767 760 1921 808 quando
1951 759 2118 808 sequitur
2150 760 2288 808 aliquid
2316 768 2358 797 ut
2385 761 2454 797 fre-

1396 820 1563 860 quenter.
1596 812 1671 849 Sed
1699 819 1788 849 tunc
1817 813 1929 850 debet
1957 813 2056 849 sumi
2074 814 2094 833 ²⁹
2115 813 2385 850 demonstratio
2407 814 2454 850 ab

2483 295 2491 302 ¹
2505 299 2550 320 per
2562 300 2696 321 ntrefflmzp

2483 326 2505 340 N.

2484 559 2491 565 '
2510 557 2650 578 evidentiam
2665 564 2695 579 DF

2483 589 2552 604 munz.

2484 716 2493 726 ·“
2506 715 2562 739 fieri
2575 720 2653 735 tosnz.

2483 736 2506 751 ’ὲ
2521 741 2590 762 Num.
2606 746 2681 768 praec.

2483 821 2494 832 ⁸
2502 820 2564 847 fieri
2573 826 2641 848 pnsz.

1397 877 1442 901 eo
1472 865 1575 912 quod
1611 873 1666 901 est
1697 866 1883 913 posterius
1921 866 1958 901 in
1996 866 2257 913 generatione,
2297 866 2344 903 ad
2382 867 2456 903 hoc
2486 875 2494 883 ·

1396 918 1500 965 quod
1530 917 1668 965 aliquid
1705 930 1749 953 ex
1778 918 1998 955 necessitate
2031 925 2208 966 sequatur
2243 931 2287 955 ex
2317 920 2454 966 altero,

1397 970 1491 1006 sicut
1511 982 1555 1006 ex
1579 970 1901 1018 propositionibus
1931 971 2261 1007 demonstrationis
2290 972 2457 1020 sequitur

1398 1022 1610 1068 conclusio;
1644 1031 1685 1059 ut
1712 1024 1965 1071 procedamus
2000 1024 2297 1061 demonstrando
2326 1025 2395 1061 sic:
2426 1025 2456 1061 si

1396 1076 1470 1113 hoc
1499 1075 1610 1112 debet
1638 1075 1731 1122 fieri,
1762 1076 1829 1112 ista
1859 1084 1894 1112 et
1922 1076 1989 1112 ista
2018 1077 2274 1124 requiruntur;
2305 1077 2399 1114 sicut
2426 1077 2457 1114 si

1397 1129 1510 1166 debet
1527 1128 1697 1175 generari
1717 1129 1848 1175 homo,
1879 1141 2031 1165 necesse
2053 1137 2107 1165 est
2134 1129 2238 1178 quod
2260 1130 2305 1166 sit
2324 1142 2456 1166 semen

1397 1182 1608 1218 humanum
1637 1193 1751 1228 agens
1785 1181 1821 1217 in
1855 1182 2106 1228 generatione.
2142 1182 2182 1218 Si
2215 1189 2341 1218 autem
2369 1195 2456 1231 pro-

1399 1234 1578 1271 cedamus
1596 1234 1615 1254 *
1635 1246 1654 1270 e
1676 1246 1878 1271 converso:
1900 1240 1954 1270 est
1969 1247 2093 1270 semen
2113 1236 2320 1271 humanum
2340 1247 2458 1284 agens

1398 1288 1434 1323 in
1463 1287 1724 1336 generatione,
1761 1299 1838 1323 non
1867 1287 2053 1335 sequitur,
2090 1299 2182 1336 ergo
2215 1289 2458 1336 generabitur

1397 1341 1521 1385 homo,
1547 1340 1640 1376 sicut
1660 1352 1704 1375 ex
1723 1340 2045 1388 propositionibus
2065 1340 2232 1388 sequitur
2252 1341 2455 1377 conclusio.

1400 1393 1475 1429 Sed
1501 1393 1576 1429 hoc
1597 1392 1702 1441 quod
1721 1393 1834 1429 debet
1861 1393 1953 1439 fieri,
1975 1393 2071 1430 idest
2090 1393 2139 1429 ad
2158 1393 2261 1441 quod
2282 1393 2458 1430 termina-

1398 1453 1457 1482 tur
1472 1447 1491 1465 “
1511 1445 1713 1492 generatio,
1731 1453 1810 1482 erat
1829 1446 2040 1482 secundum
2061 1458 2175 1494 supra
2187 1447 2227 1467 *ἕξ
2237 1446 2334 1482 dicta
2354 1447 2458 1494 quod

1399 1498 1490 1546 quid
1519 1505 1597 1534 erat
1621 1510 1714 1545 esse,
1735 1498 1830 1535 idest
1848 1499 1982 1535 forma.
2012 1499 2122 1536 Unde
2142 1499 2384 1535 manifestum
2405 1507 2460 1535 est

1399 1551 1504 1599 quod
1532 1551 1685 1599 quando
1715 1551 1924 1588 secundum
1962 1552 2064 1588 hunc
2100 1552 2262 1588 modum
2300 1552 2458 1589 demon-

1400 1611 1581 1650 stramus,
1616 1603 1649 1639 si
1678 1604 1749 1639 hoc
1776 1604 1882 1640 dehet
1896 1605 2008 1651 fieri,
2048 1604 2353 1641 demonstramus
2390 1618 2459 1653 per

1400 1667 1553 1692 causam
1583 1656 1794 1692 formalem.

1453 1721 1487 1756 9.
1510 1708 1657 1744 Deinde
1673 1720 1760 1744 cum
1776 1708 1878 1745 dicit:
1898 1710 1949 1744 Et
1965 1710 2052 1756 quia
2072 1710 2221 1758 dignius
2237 1717 2318 1756 ete.,
2335 1717 2457 1746 osten-

1400 1761 1452 1797 dit
1485 1761 1683 1809 quomodo
1719 1761 1895 1797 naturalis
1930 1762 2163 1798 demonstrat
2199 1774 2267 1810 per
2304 1775 2457 1799 causam

1399 1814 1565 1850 finalem.
1592 1814 1640 1850 Et
1659 1813 1745 1850 dicit
1765 1814 1869 1861 quod
1899 1814 2010 1850 etiam
2031 1815 2206 1851 naturalis
2227 1815 2459 1852 demonstrat

1399 1866 1600 1914 aliquando
1621 1866 1761 1915 aliquid
1790 1878 1883 1913 esse,
1913 1867 2001 1914 quia
2026 1867 2172 1915 dignius
2202 1875 2256 1904 est
2284 1868 2388 1915 quod
2407 1868 2459 1904 sic

1399 1920 1495 1965 siff-“3
1521 1919 1615 1955 sicut
1643 1919 1672 1955 si
1702 1919 1933 1956 demonstret
1961 1921 2066 1968 quod
2094 1920 2225 1957 dentes
2255 1921 2458 1957 anteriores

1399 1980 1485 2009 sunt
1504 1972 1612 2019 acuti,
1634 1972 1722 2020 quia
1742 1972 1875 2008 melius
1896 1980 1950 2009 est
1969 1972 2021 2008 sic
2041 1985 2122 2009 esse
2143 1974 2190 2010 ad
2210 1973 2458 2010 dividendum
2486 1992 2496 2002 ι

1400 2025 1538 2071 cibum,
1548 2033 1592 2061 vet
1605 2032 1738 2061 natura
1751 2031 1762 2045 ε
1778 2025 1863 2062 facit
1877 2026 1982 2073 quod
1997 2026 2131 2062 melius
2148 2034 2212 2062 est.
2226 2027 2316 2063 Non
2331 2034 2459 2063 tamen

1399 2078 1485 2114 facit
1503 2078 1608 2126 quod
1627 2078 1762 2114 melius
1783 2086 1837 2115 est
1857 2078 2083 2127 simpliciter,
2105 2079 2171 2115 sed
2192 2079 2299 2127 quod
2323 2079 2457 2116 melius

1401 2138 1455 2167 est
1483 2131 1693 2168 secundum
1723 2131 1826 2179 quod
1860 2131 2040 2180 competit
2072 2132 2300 2168 substantiae
2332 2132 2458 2169 unius-

1400 2183 1598 2230 cuiusque:
1627 2183 1794 2231 alioquin
1815 2184 1965 2221 cuilibet
1984 2184 2136 2221 animali
2156 2184 2262 2221 daret
2290 2185 2458 2222 animam

1400 2236 1632 2283 rationalem,
1642 2248 1739 2284 quae
1752 2244 1806 2273 est
1816 2237 2076 2287 melior-quam
2089 2237 2215 2274 anima
2226 2238 2457 2274 irrationalis.

1399 2410 1445 2434 per
1464 2402 1587 2426 mendum
1606 2402 1630 2426 in
1649 2402 1867 2432 AClKQTVXab,
1887 2403 1924 2427 ad
1939 2403 2110 2428 dividendum
2125 2407 2150 2428 et
2165 2404 2227 2428 bene
2241 2408 2267 2428 et
2281 2408 2387 2433 natura,
2403 2405 2418 2429 i.
2436 2412 2458 2428 e.

1400 2441 1426 2461 et
1445 2438 1506 2462 bene
1525 2442 1643 2469 corrupte
1661 2445 1708 2470 pro
1727 2438 1811 2462 cibum
1831 2439 1860 2469 (t
1879 2439 1912 2462 bn
1935 2446 1983 2470 pro
2001 2438 2074 2470 absc).
2094 2439 2118 2463 O
2144 2439 2211 2471 legit,
2230 2439 2267 2463 ad
2281 2439 2459 2469 dividendum,

1402 2473 1471 2497 unde
1489 2473 1568 2497 etiam
1588 2476 1695 2497 natura.
1708 2486 1726 2491 -
1740 2476 1827 2497 tamen
1847 2473 1918 2506 facit
1936 2473 2007 2505 quod
2025 2473 2117 2498 melius
2135 2477 2175 2498 est
2193 2482 2246 2498 orn.
2261 2474 2330 2502 Pab;
2346 2482 2460 2506 sequens

340 2504 362 2539 ε)
384 2505 554 2530 dividendum
573 2506 671 2535 cibum,
691 2509 716 2530 et
735 2509 841 2531 natura.
867 2506 907 2530 Sic
927 2507 1036 2538 legimus
1056 2514 1115 2531 cum
1134 2507 1347 2531 DEFGHLMNR
1401 2508 1472 2539 quod
1491 2508 1581 2532 melius
1599 2511 1638 2532 est
1665 2516 1718 2532 om.
1737 2508 1770 2537 P,
1791 2516 1884 2540 nempe
1904 2509 1964 2540 legit
1975 2509 2047 2541 facit
2070 2509 2141 2540 quod
2155 2510 2247 2535 melius
2271 2513 2311 2533 est
2328 2516 2378 2533 non
2398 2509 2460 2534 sim-

288 2540 363 2572 sYZ;
384 2541 552 2566 dividendum
572 2541 657 2566 cibum
677 2545 702 2566 el
722 2542 784 2566 bene
803 2545 900 2566 natura
920 2542 948 2573 P,
968 2543 1013 2567 sed
1032 2541 1094 2567 haec
1113 2543 1188 2567 lectio
1207 2542 1348 2575 explicatur
1398 2543 1512 2574 pliciter,
1528 2543 1574 2567 sed
1592 2543 1734 2568 secundum
1753 2543 1824 2575 quod
1843 2548 1890 2568 etc.

432 3572 499 3604 Opp.
521 3572 549 3595 D.
565 3572 677 3596 'summa
697 3572 726 3596 T.
744 3572 761 3596 11

2485 1246 2495 1256 ⁸
2531 1245 2684 1273 procederem

2485 1272 2553 1293 codd.
2569 1278 2618 1293 exc.
2633 1278 2684 1293 ori..

2486 1457 2497 1467 ⁴¹
2508 1456 2676 1478 determinatur
2685 1462 2699 1477 r

2486 1483 2578 1504 nsxxab.

2486 1510 2504 1520 ⁸·
2522 1509 2592 1530 Num.
2607 1515 2627 1536 2,
2642 1509 2663 1530 6.

2511 1994 2536 2012 ut
2549 1992 2581 2012 sit
2594 1992 2627 2013 sic
2641 1998 2678 2013 EG.
