2982 4022
276 1199 286 1206 ·
300 1196 370 1218 Num.
384 1203 407 1222 4.

277 1253 286 1263 '
299 1253 368 1275 Num.
385 1253 407 1273 6.

269 2000 351 2028 *juero
369 2006 416 2021 orn.
432 2005 483 2021 roz.

271 2107 319 2133 ’,εἰ
333 2105 396 2133 qnod
409 2111 431 2126 N.

270 2476 280 2486 ⁸
296 2477 318 2496 et
332 2481 379 2496 om.
399 2480 483 2502 rampe.

270 2849 281 2858 ⁴⁸
297 2847 321 2868 S.
331 2847 464 2868 Th.lcct.1.
473 2857 483 2861 -

271 2874 323 2895 hid.
350 2874 388 2895 lib.
413 2874 466 2894 Vlll
476 2890 481 2899 ,

272 2907 291 2921 c.
309 2906 323 2923 ι,
339 2907 360 2922 n.
376 2907 395 2921 2.

271 2927 293 2937 ⁸·
308 2927 369 2948 Lect.
382 2933 413 2953 ιιι,
426 2933 447 2948 n.
459 2927 479 2948 6.

271 3059 280 3069 “
296 3059 376 3085 aliqua
393 3065 440 3080 om.
455 3065 483 3079 Ac

272 3091 398 3121 IKOQFVKY.

524 309 569 345 52
1162 309 1507 347 PHYSICORUM
1533 310 1882 349 ARISTOTELIS
1912 311 2005 347 LIB.
2037 312 2050 347 I

518 391 618 413 textus.
641 403 660 407 -
682 395 708 422 7.
723 385 885 413 Aristotelis
899 385 986 413 thesis
1001 386 1036 413 de
1051 385 1233 414 distinctione
1247 386 1415 422 privationis
1429 396 1446 415 a
1459 387 1580 415 materia

518 425 549 452 in
570 434 656 452 sensu
687 424 826 461 explicato
848 434 875 452 n.
898 434 926 459 4,
950 426 1089 461 probatur
1110 425 1278 461 dupliciter,
1303 426 1446 454 ostensive
1474 432 1502 454 et
1528 436 1580 462 per

519 464 721 492 deductionem
750 465 787 492 ad
814 464 1000 500 impossibile.
1023 466 1050 500 a)
1075 464 1195 492 Materia
1221 471 1263 493 est
1290 474 1341 493 ens
1368 465 1513 502 pertinens
1541 467 1579 494 ad

519 503 753 531 constitutionem
774 503 831 531 rei:
855 504 934 540 quod
955 503 1036 531 nullo
1059 504 1149 532 modo
1172 503 1227 532 dici
1248 510 1343 541 potest
1358 505 1393 532 de
1405 504 1577 541 privatione,

518 552 592 580 quae
614 550 655 570 est
675 552 727 579 per
747 552 777 570 se
798 552 859 570 non
879 552 939 570 ens.
955 559 974 564 -
988 544 1016 570 8.
1037 543 1064 578 b)
1086 543 1115 571 Si
1137 543 1257 573 materifl
1283 553 1344 573 non
1364 544 1460 574 differt
1478 553 1506 574 a.
1520 544 1579 582 pri-

517 582 632 610 vatione
661 592 697 610 ne
724 581 833 610 ratione
855 582 990 618 quidem,
1012 582 1141 619 sequitur
1161 581 1261 619 quod,
1282 592 1349 611 cum
1376 583 1505 612 materia
1526 592 1577 620 ap-

517 628 596 658 petat
609 622 732 649 formam
746 643 753 656 ,
775 628 803 649 et
824 621 886 658 ipsa
906 621 1028 658 privatio
1051 628 1166 658 appetat
1187 622 1327 658 formam,
1350 622 1368 650 i.
1383 625 1408 651 e.
1423 623 1467 651 sui
1488 623 1576 659 ipsius

517 661 755 688 destructionem:
778 661 859 697 quod
879 667 921 689 est
941 661 1127 697 impossibile.
1143 678 1163 683 -
1184 671 1211 698 9.
1233 661 1397 690 Avicennae
1418 669 1475 690 tres
1496 662 1575 690 obie-

653 797 676 812 .,
787 777 961 818 ostquam
993 769 1248 819 Philosophus
1283 770 1438 807 exclusit
1469 770 1576 808 dubi-

590 842 613 861 i„
651 816 711 870 73)
739 822 944 859 tationes
980 829 1016 858 et
1044 834 1190 859 errores
1219 822 1462 871 antiquorum
1494 824 1576 871 phi-

581 872 610 926 }
639 875 1035 928 Wlosophorum
1075 875 1344 923 provenientes
1390 887 1434 911 ex
1472 875 1576 924 igno-

584 944 613 962 α.
639 918 767 973 »ι”ᾷῖῥιθ
786 929 904 965 rantia
931 926 1124 974 materiae,
1153 927 1215 964 hic
1243 927 1404 965 excludit
1432 939 1577 966 errores

514 983 781 1031 provenientes
816 993 860 1017 ex
889 980 1097 1028 ignorantia
1131 980 1364 1030 privationis.
1404 981 1453 1018 Et
1481 981 1578 1019 circa

515 1036 590 1072 hoc
606 1036 673 1075 tria
688 1035 789 1073 facit:
809 1033 935 1082 primo
955 1033 1135 1082 proponit
1154 1033 1359 1071 errantium
1380 1046 1526 1072 errores
1541 1041 1576 1081 ¹²3

517 1089 685 1126 secundo
715 1085 877 1125 ostendit
905 1085 1156 1124 differentiam
1179 1087 1293 1125 huius
1311 1087 1509 1135 positionis
1529 1087 1578 1124 ad

514 1141 713 1178 veritatem
743 1153 857 1188 supra
884 1139 932 1175 ab
961 1138 1043 1188 ipso
1073 1140 1378 1189 determinatam,
1409 1140 1477 1177 ibi:
1507 1141 1581 1177 Sed

514 1195 585 1230 hoc
613 1194 739 1244 differt
757 1195 776 1215 '⁴²
798 1200 886 1238 etc.;
915 1192 1023 1229 tertio
1051 1193 1190 1242 probat
1216 1204 1325 1230 suam
1356 1193 1577 1243 opinionem

513 1259 647 1284 veram
669 1259 762 1294 esse,
784 1245 849 1282 ibi:
871 1245 1042 1282 Subiecta
1062 1245 1209 1294 quidem
1229 1252 1366 1284 natura
1386 1247 1406 1268 *
1436 1253 1503 1283 etc.

569 1311 604 1336 2.
635 1300 733 1337 Dicit
762 1311 850 1347 ergo
878 1297 1004 1347 primo
1039 1298 1144 1347 quod
1178 1299 1334 1348 quidam
1361 1299 1579 1348 philosophi

514 1353 712 1400 tetigerunt
740 1351 961 1398 materiam,
1000 1352 1067 1388 sed
1100 1364 1178 1388 non
1206 1353 1452 1399 sufficienter3
1490 1352 1579 1400 quia

514 1417 593 1442 non
613 1406 891 1453 distinguebant
913 1405 1008 1441 inter
1029 1405 1283 1454 privationem
1308 1413 1343 1442 et
1362 1405 1578 1442 materiam:

513 1459 616 1496 unde
644 1459 749 1507 quod
778 1466 833 1494 est
856 1457 1089 1506 privationis,
1110 1458 1364 1495 attribuebant
1386 1458 1577 1494 materiae.

514 1512 564 1548 Et
591 1512 680 1560 quia
708 1510 871 1560 privatio
901 1511 1113 1548 secundum
1142 1523 1181 1547 se
1211 1518 1267 1547 est
1294 1523 1373 1547 non
1402 1523 1488 1557 ens,
1525 1510 1578 1547 di-

514 1565 650 1601 cebant
670 1564 774 1614 quod
793 1563 951 1600 materia
978 1563 1190 1600 secundum
1219 1576 1259 1600 se
1289 1571 1344 1600 cst
1364 1575 1443 1600 non
1463 1575 1530 1600 ens
1548 1561 1576 1599 β.

514 1617 563 1653 Et
591 1617 660 1664 sic,
695 1618 789 1654 sicut
822 1615 961 1664 aliquid
990 1616 1207 1665 simpliciter
1234 1624 1271 1653 et
1297 1629 1366 1665 per
1394 1629 1434 1652 se
1461 1617 1505 1653 fit
1533 1628 1579 1652 ex

512 1670 682 1715 materia,
713 1670 765 1706 sie
787 1669 1064 1706 confitebantur
1091 1669 1196 1717 quod
1218 1669 1435 1718 simpliciter
1456 1676 1492 1705 et
1510 1681 1580 1718 per

513 1735 552 1759 se
573 1723 713 1771 aliquid
732 1723 775 1759 fit
795 1735 839 1758 ex
868 1735 945 1759 non
976 1730 1070 1759 ente.
1102 1723 1151 1758 Et
1187 1722 1236 1759 ad
1260 1723 1334 1759 hoc
1352 1721 1577 1771 ponendum

514 1777 660 1813 duabus
697 1775 904 1812 rationibus
938 1775 1223 1812 inducebantur.
1257 1775 1387 1812 Primo
1422 1774 1577 1823 quidem

513 1829 656 1866 ratione
694 1828 930 1865 Parmenidis
968 1828 1123 1865 dicentis
1162 1828 1267 1877 quod
1304 1827 1488 1877 quidquid
1523 1836 1578 1864 est

512 1890 662 1930 praeter
690 1894 756 1918 ens
786 1889 839 1917 est
867 1894 946 1918 non
974 1893 1061 1918 ens:
1099 1881 1202 1918 unde
1231 1893 1318 1918 cum
1347 1881 1505 1918 materia
1533 1881 1578 1917 sit

512 1943 661 1983 praeter
681 1947 758 1981 ens,
781 1933 868 1983 quia
897 1947 975 1985 non
1004 1941 1058 1970 est
1083 1946 1148 1970 ens
1169 1941 1264 1980 actu,
1288 1934 1464 1971 dicebant
1490 1946 1575 1970 earn

514 1987 742 2036 simpliciterx
764 1999 846 2023 esse
878 1999 957 2024 non
990 1999 1068 2023 ens.
1108 1987 1286 2024 Secundo
1315 1999 1408 2023 vero
1440 1988 1459 2008 ss
1489 1987 1577 2036 quia

511 2037 713 2078 videbatur
743 2040 794 2076 eis
829 2040 933 2089 quod
966 2039 1004 2076 id
1033 2039 1138 2088 quod
1171 2047 1226 2076 est
1258 2052 1419 2076 numero
1454 2052 1575 2076 unum

511 2095 573 2131 vel
602 2093 792 2140 subiectO,
822 2093 868 2130 sit
887 2093 999 2130 etiam
1019 2092 1164 2129 ratione
1183 2105 1324 2130 unum:
1355 2093 1461 2142 quod
1481 2094 1499 2112 ‘³⁵
1515 2093 1576 2129 hic

511 2147 676 2196 appellat
705 2155 786 2182 esse
808 2147 975 2195 potentia
1003 2157 1136 2192 unum,
1165 2145 1255 2194 quia
1288 2158 1332 2182 ea
1365 2158 1462 2193 quae
1491 2154 1577 2182 sunt

516 2201 660 2237 ratione
682 2211 816 2247 unum,
847 2199 899 2236 sic
923 2211 963 2235 se
986 2199 1128 2235 habent
1146 2199 1251 2247 quod
1273 2199 1408 2236 eadem
1430 2206 1484 2235 est
1502 2199 1575 2235 vir-

511 2261 569 2289 tus
589 2253 799 2301 utriusque;
830 2265 875 2289 ea
892 2264 986 2289 vero
1016 2263 1114 2300 quae
1143 2259 1229 2288 sunt
1258 2252 1428 2288 subiecto
1452 2263 1574 2288 unum

511 2306 579 2342 sed
607 2318 684 2342 non
714 2305 875 2352 ratione,
906 2317 984 2341 non
1011 2305 1152 2342 habent
1181 2305 1341 2342 eandem
1364 2305 1574 2353 potentiam

511 2371 578 2395 seu
601 2359 791 2405 virtutem,
820 2365 862 2394 ut
889 2365 991 2406 patet
1014 2358 1052 2394 in
1071 2358 1158 2394 albo
1188 2365 1224 2394 et
1252 2357 1410 2394 musico.
1442 2358 1574 2394 Subie-

511 2419 613 2448 ctum
634 2419 760 2448 autem
791 2419 826 2447 et
853 2411 1012 2460 privatio
1049 2419 1135 2447 sunt
1162 2423 1283 2447 unum
1312 2423 1494 2457 numero,
1533 2418 1575 2447 ut

510 2478 575 2501 aes
609 2472 645 2501 et
674 2466 693 2485 ’μ
722 2465 985 2512 infiguratum:
1019 2463 1122 2500 unde
1154 2464 1355 2501 videbatur
1387 2463 1441 2500 eis
1469 2464 1574 2511 quod

511 2525 636 2554 essent
662 2518 765 2554 idem
789 2517 931 2553 ratione
950 2517 1012 2553 vel
1033 2516 1182 2554 virtute.
1215 2517 1276 2553 Sic
1304 2516 1414 2564 igitur
1434 2516 1494 2553 hic
1515 2529 1574 2552 ac-

511 2571 598 2619 cipit
625 2571 806 2607 unitatem
834 2569 1036 2618 potentiae.

566 2625 599 2660 3.
631 2624 708 2660 Sed
737 2636 784 2660 ne
813 2623 897 2671 quis
925 2622 1015 2659 hic⁷
1035 2622 1179 2659 dubitet
1204 2620 1404 2658 occasione
1433 2622 1573 2658 horum

509 2677 717 2714 verborum
747 2676 839 2724 quid
872 2676 917 2712 sit
944 2674 1112 2724 potentia
1141 2674 1343 2721 materiae,
1383 2681 1419 2710 et
1445 2682 1573 2710 utrum

511 2730 556 2766 sit
582 2742 659 2766 una
686 2730 747 2766 vel
778 2731 924 2777 plures3
955 2728 1159 2765 dicendum
1189 2734 1244 2763 est
1271 2726 1377 2774 quod
1405 2734 1509 2763 actus
1539 2734 1575 2763 et

510 2782 678 2831 potentia
699 2782 871 2819 dividunt
890 2781 1085 2830 quodlibet
1104 2787 1222 2828 genus
1242 2779 1397 2825 entium,
1413 2786 1455 2815 ut
1471 2787 1574 2828 patet

511 2836 548 2872 in
568 2837 619 2871 IX
639 2836 854 2883 Metaphys.
874 2835 893 2855 *
909 2841 944 2870 et
964 2833 1001 2869 in
1020 2833 1127 2869 tertio
1147 2832 1258 2869 huius
1275 2833 1328 2869 ³⁵5².
1350 2832 1460 2869 Unde
1481 2832 1574 2868 sicut

510 2887 676 2937 potentia
691 2888 740 2924 ad
755 2887 972 2935 qualitatem
998 2898 1076 2922 non
1096 2893 1150 2922 est
1174 2885 1314 2934 aliquid
1335 2891 1436 2922 extra
1455 2898 1573 2933 genus

511 2940 716 2989 qualitatis,
756 2940 806 2976 ita
834 2939 1000 2988 potentia
1034 2939 1082 2975 ad
1116 2951 1197 2975 esse
1226 2938 1467 2976 substantiale
1495 2951 1574 2975 non

511 3001 566 3030 est
594 2992 734 3041 aliquid
767 3000 869 3029 extra
906 3004 1024 3039 genus
1062 2991 1302 3028 substantiae.
1342 2992 1434 3028 Non
1466 2991 1574 3039 igitur

509 3046 676 3096 potentia
696 3045 876 3082 materiae
896 3052 951 3081 est
966 3045 1122 3092 aliqua*
1136 3045 1345 3093 proprietas
1366 3044 1493 3081 addita
1512 3057 1571 3080 su-

510 3112 579 3148 per
599 3099 798 3135 essentiam
820 3098 898 3134 eius
914 3095 943 3144 δ;
970 3098 1036 3135 sed
1052 3097 1208 3134 materia
1231 3097 1442 3134 secundum
1462 3110 1571 3133 suam

564 3248 590 3279 a)
607 3247 735 3279 proponit
754 3247 901 3271 errantium
927 3254 1038 3271 error-ex.
1052 3261 1069 3265 —
1084 3247 1119 3271 Ita
1138 3247 1232 3276 PMab,·
1247 3247 1377 3279 proponit
1395 3254 1500 3271 errores
1518 3246 1573 3271 sive

511 3284 628 3307 rationes
647 3283 794 3307 errantium
815 3283 874 3311 1-1G;
890 3283 1019 3314 proponit
1038 3282 1186 3313 opinionem
1207 3282 1355 3307 errantium
1375 3285 1401 3306 et
1419 3289 1509 3306 eorum
1529 3289 1572 3306 ra-

511 3319 593 3343 tiones
613 3319 645 3348 F;
657 3318 785 3350 proponit
804 3325 908 3342 errores
929 3317 1076 3342 errantium
1098 3318 1134 3348 03
1147 3318 1223 3349 ponit
1243 3317 1354 3350 (DHNX
1371 3316 1514 3352 proponit)
1530 3324 1572 3342 ra-

511 3354 594 3378 tiones
609 3354 756 3378 errantium
771 3353 855 3377 ceteri.
869 3353 956 3377 Lectio
971 3352 990 3376 F
1006 3353 1106 3377 videtur
1119 3353 1194 3385 plene
1209 3352 1355 3377 satisfacere
1369 3352 1504 3377 contextui.
1514 3352 1573 3377 Duo

511 3389 578 3412 enim
595 3389 652 3413 facit
667 3390 691 3412 S.
704 3389 820 3412 Thomas
836 3396 894 3412 cum
905 3388 1041 3412 Aristotele
1056 3388 1080 3412 in
1094 3388 1139 3412 hac
1155 3388 1237 3420 prima
1251 3393 1323 3421 parte
1337 3387 1464 3419 lectionis3
1479 3394 1572 3420 nempe

512 3424 583 3455 ponit
598 3424 682 3455 primo
696 3425 842 3455 opinionem
862 3424 1008 3452 errantium,
1029 3423 1120 3448 deinde
1135 3424 1238 3455 exponit
1255 3422 1366 3447 rationes
1385 3430 1483 3447 eorum.

566 3457 591 3489 β)
611 3459 776 3483 dicebant...
788 3466 839 3483 non
860 3466 914 3483 ens.
928 3472 947 3476 -
966 3459 1035 3483 Haec
1060 3466 1112 3483 orn.
1132 3457 1448 3490 AC1K1.0QSTVXYp13.
1461 3471 1480 3477 -
1492 3458 1572 3482 Paulo

513 3498 587 3524 post,
611 3494 667 3517 loco
681 3494 835 3524 simpliciter
853 3497 879 3519 et
894 3501 946 3525 per
964 3501 991 3519 se
1008 3494 1058 3526 fit,
1083 3494 1153 3526 quod
1172 3499 1212 3518 est
1235 3493 1309 3518 lectio
1328 3493 1532 3522 DEGHLORZ,
1552 3493 1571 3517 Ρ

512 3527 589 3551 habet
606 3535 656 3558 per
674 3536 701 3552 sc
720 3529 873 3560 simpliciter
885 3530 933 3560 fit,
954 3529 1052 3554 BFNab
1063 3537 1114 3561 per
1127 3536 1154 3554 se
1174 3532 1200 3554 et
1222 3528 1378 3561 simpliciter
1390 3527 1440 3561 fit,
1464 3529 1489 3558 Q
1509 3528 1572 3553 sim-

508 3562 616 3594 pliciter
630 3570 682 3594 per
703 3571 730 3587 se
747 3564 795 3595 fit,
811 3564 985 3588 AClKTVXY
1004 3565 1158 3596 simpliciter
1169 3565 1245 3597 fit.-
1261 3564 1324 3589 Post
1343 3563 1406 3588 duas
1427 3564 1506 3588 lineas
1526 3564 1571 3589 EG

513 3597 614 3656 ‹Ii’uabus
634 3598 788 3657 finitionibus
814 3598 962 3624 utebantur.
989 3599 1080 3624 Primo
1110 3600 1215 3632 quidem
1245 3599 1438 3625 inducebantur
1469 3599 1572 3624 ratione

536 3639 637 3657 armeni
660 3640 689 3657 is.

1634 388 1751 416 ctiones.
1766 404 1786 409 -
1811 397 1853 416 ιο.
1876 388 1988 416 Solutio
2016 397 2124 417 earum.
2146 389 2297 426 Appetitas
2317 390 2454 420 naturalis
2481 398 2524 420 est
2546 392 2691 421 ordinatio

1633 427 1796 464 aliquorum
1818 429 1977 456 secundum
1994 428 2140 464 propriam
2161 435 2294 457 naturam
2321 429 2351 458 in
2371 431 2459 459 finem
2482 441 2577 460 suum.
2599 433 2691 460 Mate-

1633 466 1705 495 riam
1727 467 1812 503 igitur
1832 474 1965 504 appetere
1979 467 2112 503 formam,
2134 467 2205 496 nihil
2227 468 2304 497 aliud
2319 475 2360 497 est
2374 479 2462 506 quam
2483 479 2548 499 eam
2562 471 2692 500 ordinari

1633 507 1670 533 ad
1698 506 1820 534 formam
1847 506 1919 534 sicut
1946 507 2075 543 potentia
2102 507 2251 536 ordinatur
2271 509 2308 536 ad
2335 514 2440 536 actum.
2457 526 2476 531 —
2500 519 2544 537 ιι.
2571 510 2692 539 Materia

1632 546 1853 582 quodammodo
1873 545 2068 584 corrumpitur
2087 553 2115 574 et
2136 548 2356 584 quodammodo
2377 557 2447 576 non.
2474 549 2638 578 Secundum
2660 559 2690 578 se

1631 588 1727 621 neque
1745 591 1896 622 generatur
1920 594 2015 623 neque
2036 586 2245 623 corrumpitur:
2275 588 2415 624 probatur
2436 587 2502 616 hoc.
2523 589 2635 617 Tamen
2656 598 2691 618 ex

1631 625 1687 652 hoc
1712 634 1772 652 non
1800 625 1957 653 excluditur
1985 625 2054 662 quin
2079 635 2131 662 per
2155 626 2331 655 creationem
2358 626 2389 654 in
2413 635 2475 655 esse
2501 628 2649 663 procedat.
2670 645 2690 650 -

1635 671 1679 691 12.
1701 663 1848 701 Epilogus.

1631 771 1878 809 substantiam
1904 781 1959 810 est
1976 775 2145 822 potentia
2173 775 2220 812 ad
2250 787 2331 812 esse
2359 776 2612 813 substantiale.
2643 777 2693 814 Et

1631 831 1759 860 tamen
1777 825 1946 872 potentia
1966 826 2145 863 materiae
2165 827 2333 865 subiecto
2354 837 2410 865 est
2422 841 2500 866 una
2518 837 2692 878 respectu

1632 877 1838 913 multarum
1857 877 2080 924 formarum;
2102 879 2170 916 sed
2189 880 2332 917 ratione
2352 889 2438 918 sunt
2460 882 2603 918 multae
2621 895 2691 931 po-

1631 928 1767 966 tentiae
1783 929 1995 968 secundum
2014 931 2274 969 habitudinem
2290 933 2339 970 ad
2353 934 2521 975 diversas
2535 935 2690 975 formas.

1631 981 1743 1019 Unde
1762 981 1802 1019 in
1819 982 1927 1019 tertio
1954 982 2066 1020 huius
2082 985 2102 1005 *²
2122 984 2267 1028 dicetur
2295 986 2400 1034 quod
2425 999 2540 1037 posse
2568 987 2691 1025 sanari

1632 1042 1669 1071 et
1685 1047 1800 1084 posse
1818 1034 2002 1073 infirmari
2031 1036 2207 1074 differunt
2221 1037 2241 1059 *
2254 1039 2464 1077 secundum
2493 1039 2690 1086 rationem.

1684 1099 1721 1134 4.
1760 1087 1908 1125 Deinde
1947 1101 2034 1126 cum
2073 1089 2180 1128 dicit:
2222 1090 2296 1127 Sed
2333 1092 2407 1128 hoc
2440 1091 2565 1142 differt
2601 1100 2691 1140 etc.,

1632 1140 1795 1177 ostendit
1815 1140 2065 1179 differentiam
2085 1154 2176 1179 suae
2195 1143 2384 1192 opinionis
2405 1143 2454 1181 ad
2472 1144 2693 1192 opinionem

1631 1193 1880 1241 praemissam
1899 1195 1929 1231 ⁹⁸.
1951 1195 1999 1230 Et
2027 1194 2125 1232 circa
2143 1195 2218 1232 hoc
2238 1195 2314 1233 duo
2334 1196 2436 1233 facit:
2460 1197 2586 1246 primo
2605 1208 2693 1246 ape-

1633 1245 1678 1282 rit
1705 1246 1934 1283 intellectum
1966 1259 2058 1284 suae
2091 1247 2300 1296 opinionis;
2335 1250 2503 1287 secundo
2532 1249 2696 1287 ostendit

1633 1298 1724 1347 quid
1752 1298 1824 1336 alia
1853 1299 1981 1348 opinio
2005 1308 2133 1349 ponat,
2162 1300 2235 1338 ibi:
2269 1301 2428 1344 Quidam
2451 1308 2576 1340 autem
2596 1303 2697 1353 quod

1633 1364 1707 1388 non
1737 1357 1790 1388 est
1804 1352 1823 1372 ’³
1844 1359 1912 1388 etc.
1929 1351 2028 1388 Dicit
2049 1365 2138 1400 ergo
2157 1353 2294 1402 primo,
2316 1355 2419 1403 quod
2444 1356 2606 1392 multum
2626 1355 2694 1392 dif-
2719 1369 2732 1381 ⁴¹

1632 1404 1702 1441 fert
1733 1404 1874 1452 aliquid
1903 1417 1985 1441 esse
2012 1417 2133 1442 unum
2162 1417 2324 1443 nurnero
2351 1408 2413 1444 vel
2451 1407 2632 1456 subiecto,
2656 1411 2696 1445 'et

1634 1469 1717 1493 esse
1749 1469 1870 1495 unum
1901 1457 2071 1506 potentia
2101 1459 2164 1495 vel
2197 1458 2352 1497 ratione.
2389 1460 2490 1507 Quia
2521 1473 2592 1498 nos
2623 1461 2695 1509 ipsi

1634 1509 1805 1556 dicimus,
1826 1517 1867 1547 ut
1896 1521 1940 1547 ex
1968 1510 2225 1559 superioribus
2238 1511 2260 1532 *
2271 1519 2385 1561 patet,
2406 1513 2511 1562 quod
2538 1508 2696 1551 materia

1634 1569 1671 1599 et
1687 1562 1863 1611 pr1vatio,
1892 1562 1978 1601 licet
2005 1562 2078 1601 sint
2104 1576 2225 1602 unum
2250 1565 2436 1613 subiecto,
2457 1573 2587 1609 tamen
2609 1574 2697 1603 sunt

1633 1616 1792 1653 alterum
1821 1615 1976 1653 ratione.
2010 1617 2128 1663 Quod
2153 1624 2257 1666 patet
2290 1630 2336 1654 ex
2373 1618 2534 1656 duobus.
2563 1618 2694 1656 Primo

1634 1668 1789 1716 quidem
1817 1668 1906 1718 quia
1938 1669 2096 1706 materia
2126 1677 2181 1706 est
2207 1681 2287 1707 non
2311 1682 2377 1707 ens
2405 1672 2616 1711 secundum
2636 1685 2696 1709 ac-

1633 1722 1772 1769 cidens,
1799 1721 1867 1759 sed
1885 1721 2046 1771 privatio
2068 1730 2122 1759 est
2140 1735 2218 1759 non
2238 1735 2305 1759 ens
2325 1735 2394 1772 per
2413 1736 2470 1761 se:
2498 1725 2696 1765 hoerenim

1631 1775 1757 1823 ipsum
1795 1774 1898 1823 quod
1928 1782 1984 1812 est
2010 1774 2265 1824 infiguratum,
2290 1775 2474 1824 significat
2496 1789 2575 1822 non
2595 1782 2694 1825 esse,

1631 1828 1700 1865 sed
1727 1840 1791 1864 aes
1819 1840 1898 1865 non
1926 1827 2110 1876 significat
2136 1840 2214 1865 non
2243 1841 2346 1877 esse,
2376 1828 2447 1867 nisi
2469 1829 2695 1879 inquantum

1631 1881 1665 1917 ei
1684 1880 1818 1918 accidit
1835 1878 2091 1928 infiguratum.
2113 1881 2292 1918 Secundo
2317 1894 2411 1919 vero
2430 1882 2520 1931 quia
2538 1883 2696 1921 materia

1631 1941 1686 1970 est
1700 1945 1821 1983 prope
1848 1946 1940 1979 rem,
1967 1941 2004 1970 et
2023 1941 2079 1970 est
2105 1933 2312 1983 aliqualiter
2330 1940 2356 1982 ¹,
2377 1935 2467 1983 quia
2490 1944 2548 1973 est
2569 1937 2695 1985 inpo-

1630 1987 1744 2023 tentia
1778 1986 1826 2023 ad
1860 1998 1962 2033 rem,
1994 1993 2030 2023 et
2057 1993 2113 2023 est
2145 1986 2352 2036 aliqualiter
2383 1988 2590 2027 substantia
2618 1989 2691 2036 rei,

1630 2039 1719 2088 quia
1738 2039 1848 2076 intrat
1874 2039 1913 2076 in
1937 2038 2241 2076 constitutionem
2261 2041 2511 2079 substantiae:
2533 2041 2601 2084 sed
2618 2042 2695 2079 hoc

1631 2092 1678 2129 de
1705 2092 1918 2142 privatione
1948 2091 2021 2129 dici
2048 2104 2127 2132 non
2153 2100 2288 2141 potest.
2611 2108 2614 2110 ·

1688 2146 1719 2182 5.
1750 2144 1898 2182 Deinde
1919 2157 2006 2182 cum
2027 2144 2135 2182 dicit:
2170 2146 2330 2187 Quidam
2348 2151 2474 2184 autem
2498 2147 2600 2195 quod
2616 2159 2692 2184 non

1630 2204 1684 2235 est
1702 2205 1783 2245 etc„
1813 2198 2027 2235 manifestat
2042 2198 2305 2235 *intellectum
2326 2199 2516 2248 opinionis
2534 2199 2694 2248 platoni-

1630 2263 1696 2287 cae
1705 2252 1736 2287 *.
1748 2252 1798 2292 Et
1813 2251 1901 2287 dicit
1919 2250 2024 2299 quod
2039 2250 2219 2296 Platonici
2232 2252 2428 2301 ponebant
2441 2252 2596 2301 quidem
2616 2252 2693 2290 duo

1630 2316 1675 2340 ex
1701 2310 1809 2353 parte
1837 2303 2029 2351 materiae,
2059 2303 2198 2342 scilicet
2229 2302 2413 2353 magnum
2442 2313 2479 2342 et
2504 2316 2690 2355 parvum3

1629 2357 1696 2394 sed
1725 2365 1853 2393 tamen
1881 2356 1985 2393 aliter
2002 2369 2128 2406 *quam
2156 2357 2386 2395 Aristoteles.
2423 2356 2525 2405 Quia
2548 2358 2693 2397 Aristo-

1629 2411 1721 2447 teles
1739 2409 1847 2458 ponit
1865 2409 1935 2446 ista
1955 2409 2032 2447 duo
2053 2422 2134 2446 esse
2154 2410 2354 2447 materiam
2373 2418 2411 2448 et
2422 2411 2690 2459 privationem,

1630 2475 1728 2511 quae
1747 2469 1833 2499 sunt
1851 2474 1973 2499 unum
1993 2462 2163 2499 subiecto
2182 2470 2219 2499 et
2238 2462 2416 2500 differunt
2433 2463 2598 2501 ratione:
2620 2465 2692 2502 'sed

1629 2516 1687 2552 isti
1715 2527 1794 2552 non
1820 2516 2015 2564 ponebant
2047 2515 2152 2563 quod
2184 2515 2343 2558 alterum
2372 2515 2530 2553 istorum
2552 2518 2573 2537 “
2593 2525 2692 2555 esset

1628 2568 1790 2618 privatio
1808 2574 1844 2604 et
1859 2568 2018 2604 alterum
2037 2567 2205 2615 materia,
2226 2568 2294 2604 sed
2311 2567 2565 2617 privationem
2586 2582 2691 2607 coas—

1628 2621 1830 2658 sumebant
1847 2620 2008 2668 utrique,
2038 2620 2178 2658 scilicet
2203 2633 2324 2670 parvo
2355 2629 2391 2667 et
2417 2634 2580 2670 magno;
2609 2623 2691 2661 sive

1628 2673 1841 2722 acciperent
1859 2673 1929 2710 ista
1946 2673 2023 2710 duo
2040 2673 2164 2719 simul,
2180 2679 2310 2722 utpote
2331 2687 2419 2713 cum
2437 2676 2692 2723 loquebantur

1628 2739 1707 2764 non
1735 2726 2004 2774 distinguentes
2023 2738 2108 2763 earn
2126 2727 2145 2748 ’¹‘
2158 2739 2227 2775 per
2246 2740 2430 2775 magnum
2451 2736 2487 2765 et
2503 2741 2690 2777 parvum;

1629 2779 1708 2816 sive
1744 2779 1956 2828 acciperent
1987 2786 2191 2828 utrumque
2224 2792 2409 2818 seorsum.
2447 2781 2558 2819 Unde
2588 2789 2692 2833 patet

1628 2832 1732 2880 quod
1762 2832 1920 2869 omnino
1949 2832 2054 2869 aliter
2081 2832 2276 2881 ponebant
2302 2833 2372 2871 tria
2393 2833 2690 2884 principi—affi'Pla-

1628 2885 1753 2931 tonici,
1773 2892 1960 2934 ponentes
1987 2885 2152 2925 formam
2177 2893 2214 2923 et
2240 2898 2424 2934 magnum
2453 2894 2490 2925 et
2508 2886 2688 2936 parvutm

1629 2946 1664 2975 et
1682 2938 1914 2984 Aristoteles,
1931 2938 1995 2986 qui
2013 2938 2141 2987 posuit
2159 2939 2358 2979 materiam
2380 2947 2418 2979 et
2434 2939 2689 2989 privationem

1627 2999 1664 3027 et
1683 2992 1859 3028 formam.
1890 2991 2072 3027 Platonici
2098 3003 2192 3028 vero
2221 3004 2342 3041 usque
2379 2991 2429 3029 ad
2452 2993 2531 3029 hoc
2552 3005 2688 3041 perve—

1627 3046 1763 3081 nerunt
1790 3044 1880 3092 prae
1910 3044 1989 3080 aliis
2016 3043 2252 3093 philosophis
2279 3045 2562 3093 antiquioribus,
2582 3046 2688 3094 quod

1626 3104 1775 3146 oportet
1798 3109 1914 3134 unam
1935 3097 1955 3118 *⁸
1975 3097 2168 3145 quandam
2189 3105 2362 3135 naturam
2382 3097 2546 3148 supponi
2567 3099 2689 3144 omni-

1678 3245 1705 3280 γ)
1727 3253 1759 3270 ne
1777 3246 1835 3278 quis
1854 3246 1904 3271 hic.
1918 3261 1936 3264 —
1950 3246 2031 3270 Codd.
2051 3253 2083 3271 ne
2101 3242 2208 3278 aliquis,
2229 3250 2254 3270 et
2273 3254 2325 3271 exc.
2344 3242 2414 3271 FMN
2437 3254 2491 3271 om.
2509 3247 2560 3272 hic.
2575 3261 2593 3266 -
2606 3247 2688 3272 Paulo

1627 3281 1697 3310 infra,
1711 3282 1768 3306 loco
1781 3284 1856 3306 actus
1870 3281 1964 3306 habent
1981 3288 2026 3306 ens
2046 3281 2374 3313 AHIKMNOQTVXYpF,
2388 3288 2433 3306 ens
2447 3285 2508 3307 actu
2527 3283 2582 3307 B.—
2591 3282 2688 3307 Deinde

1627 3317 1739 3346 codices,
1760 3324 1813 3341 cxc.
1833 3316 2035 3348 BDEFGHMN,
2055 3324 2103 3350 pro
2121 3317 2245 3342 dividunt
2263 3321 2362 3349 ponunt
2381 3316 2489 3346 dividit,
2509 3322 2546 3348 et,
2565 3325 2619 3343 exc.
2637 3317 2687 3342 ΗΜ

1626 3352 1657 3382 Ν,
1677 3351 1744 3376 entis
1758 3352 1815 3376 loco
1829 3352 1936 3376 entium.
1952 3352 2015 3376 Post
2027 3352 2133 3377 alteram
2148 3351 2250 3383 lineam,
2265 3359 2312 3384 pro
2326 3351 2429 3384 aliquid
2442 3352 2489 3377 EG
2502 3353 2590 3386 legunt
2600 3351 2688 3382 alium·

1628 3386 1748 3420 idemque
1767 3386 1861 3412 habent
1881 3392 1939 3412 ante
1958 3390 2039 3412 extra
2057 3393 2141 3420 genus
2160 3386 2331 3412 substantiae.

1680 3420 1704 3454 ὃ)
1719 3422 1814 3447 addita
1830 3429 1910 3454 super
1923 3423 2061 3447 essentiam
2077 3422 2140 3447 eius.
2153 3435 2171 3441 —
2183 3422 2279 3447 addita
2292 3421 2318 3447 ei
2330 3429 2411 3454 super
2423 3429 2479 3447 esse
2492 3421 2528 3452 N;
2543 3428 2598 3448 esse
2610 3421 2687 3454 etim

1626 3457 1827 3489 FMpB.—-lnfra‚
1843 3465 1890 3490 pro
1905 3458 2028 3490 potentia
2042 3458 2169 3483 materiae
2186 3457 2301 3483 subiecto
2319 3461 2366 3487 est,
2385 3456 2544 3483 BCFMNRZ
2564 3455 2686 3490 potentia

1625 3493 1740 3518 subiecto
1754 3496 1800 3522 est,
1812 3493 1832 3517 L
1839 3493 1975 3525 potentiae
1990 3493 2118 3518 materiae
2129 3496 2176 3522 est,
2190 3497 2238 3518 cet.
2247 3493 2371 3525 potentii:
2383 3492 2547 3518 substantia
2559 3494 2608 3518 at.
2619 3491 2685 3516 Edd.

1625 3528 1668 3553 ab
1687 3529 1775 3560 legunt
1794 3528 1860 3554 sicut
1878 3528 1964 3553 Pinna.

1679 3562 1701 3595 ε)
1721 3567 1747 3588 et
1771 3567 1810 3589 est
1823 3563 1983 3596 aliqualiter.
1996 3575 2015 3583 —-
2029 3563 2099 3590 Haec
2112 3562 2190 3589 verba
2203 3562 2324 3589 omittunt
2337 3563 2438 3589 codices
2452 3561 2506 3592 Fi..
2517 3564 2544 3588 et
2555 3563 2597 3586 est
2609 3561 2685 3587 omit—

1626 3603 1682 3623 tunt
1703 3599 1754 3623 Rz.
1767 3613 1787 3618 -
1800 3599 1861 3623 Post
1886 3599 1992 3624 alteram
2015 3598 2108 3623 lineam
2132 3598 2190 3623 loco
2213 3598 2276 3631 quia
2294 3598 2379 3624 intrat
2396 3597 2491 3623 habent
2515 3603 2582 3630 quae
2601 3595 2685 3622 intrat

1626 3634 1726 3659 codices
1747 3633 1857 3666 exceptis
1876 3633 2112 3659 BDEFGHMNsL.

2717 1002 2729 1014 ⁸¹
2743 1001 2806 1023 Lect.
2820 1006 2843 1028 n,
2853 1006 2877 1023 n.
2887 1001 2909 1024 8.

2717 1057 2728 1069 ⁸
2742 1057 2824 1086 ἅψει-1
2832 1056 2931 1079 manab-

2767 1212 2898 1235 raedlctam
2917 1218 2931 1235 ι

2745 1368 2815 1392 Num.
2829 1375 2878 1402 aeq.

2718 1525 2810 1549 zm.
2824 1532 2866 1555 ιιι,
2875 1533 2899 1550 ιι.
2908 1533 2932 1555 7,

2721 1557 2780 1607 ιιιιὲιιὲε
2788 1597 2790 1599 Ι
2799 1553 2852 1575 lect.
2870 1559 2916 1581 ,ιιιι
2925 1569 2932 1581 ,

2719 2210 2731 2222 ¹*
2745 2209 2848 2232 oaetmdtt
2863 2209 2932 2233 codd.

2721 2242 2932 2286 ramata..

2720 2295 2771 2311 exc.
2784 2294 2900 2311 amm.

2716 2526 2727 2538 ⁶
2749 2525 2848 2548 duorum
2876 2526 2930 2548 add.

2718 2551 2787 2574 codd.
2802 2558 2853 2575 exc.
2865 2558 2908 2574 tn«.

2717 2741 2728 2752 ‘¹
2742 2746 2772 2762 ea
2786 2746 2840 2763 mu.

2714 3088 2725 3099 ⁶
2732 3093 2801 3109 unam
2806 3086 2926 3110 out-codd.

2714 3119 2764 3135 exc.
2777 3119 2848 3135 nnn.
