2898 3996
416 274 490 311 380

478 359 511 378 νε
499 345 616 377 -ἴσθαι,
642 342 718 375 Ὀτι
742 353 800 384 μεν
827 339 881 372 οὖν
909 339 1079 371 ἀδύνατον
1107 336 1127 373 ἦ
1155 338 1204 368 ἀεὶ
1230 335 1349 367 πάντα
1373 339 1472 366 κινεῖ-

480 389 556 422 σθαι
582 387 602 424 ἦ
630 388 679 419 ἀεὶ
706 385 824 417 πάντα,
856 381 1006 426 ἠρεμεῖν,
1040 382 1075 413 ὲκ.
1109 379 1241 412 τούτων
1274 380 1332 411 καὶ
1360 379 1468 411 ἄλλων

479 443 644 466 *rotouvoev
671 439 860 461 ttm‘teucete
863 439 877 458 V
906 427 944 458 ἄν
970 437 1033 462 τις.

466 539 666 566 SYNOP51s.—
687 544 710 562 1.
725 535 933 569 Argumentum
949 537 976 558 et
997 528 1097 557 divisio
1119 534 1219 556 textus.
1236 543 1255 549 -
1269 535 1295 555 2.
1311 526 1468 563 Dispositio

413 587 508 606 rerum
530 581 669 612 quantum
690 574 727 601 ad
748 579 859 600 motum
881 577 908 598 et
929 569 1053 606 quietern
1074 567 1220 603 tripliciter
1240 576 1270 594 se
1291 567 1395 594 habere
1416 575 1468 601 po-

413 623 481 651 test3
503 623 606 650 nempe
626 613 670 640 vel
691 613 730 640 ita
744 611 823 648 quod
845 609 942 638 omnia
963 617 1076 644 semper
1095 606 1251 643 quiescant,
1265 606 1309 633 vel
1330 605 1370 633 ita
1390 605 1470 641 quod

414 655 512 684 omnia
533 661 645 689 semper
667 656 844 684 moveantur,
865 649 909 677 vel
923 648 962 675 ita
982 647 1063 684 quod
1084 646 1227 682 quaedam
1252 651 1423 673 moveantur
1443 650 1470 671 et

413 694 554 731 quaedam
576 691 732 728 quiescant.
748 689 804 717 Sed
825 689 876 716 iste
897 687 995 715 tertius
1017 686 1121 714 modus
1136 685 1239 713 iterum
1260 683 1406 720 tripliciter
1427 683 1469 710 di-

412 733 529 761 viditur:
551 737 600 759 aut
621 730 698 758 enim
719 731 746 764 a)
767 737 839 764 quae
861 732 1022 760 moventur,
1037 734 1150 769 semper
1171 730 1332 758 moventur,
1348 729 1375 750 et
1396 731 1470 759 quae

413 772 570 809 quiescunt,
586 778 698 805 semper
719 767 880 805 quiescunt;
896 771 944 793 aut
965 765 992 800 b)
1015 763 1114 792 omnia
1134 770 1202 791 nata
1222 769 1288 790 sunt
1314 762 1422 790 moveri
1443 768 1471 789 et

413 811 566 848 quiescere,
589 816 616 837 et
637 808 706 836 nihil
727 813 768 835 est
789 806 868 843 quod
889 813 1001 840 semper
1022 809 1171 831 moveatur
1192 802 1235 830 vel
1257 811 1370 837 semper
1391 800 1471 837 quie-

413 857 486 884 scat;
501 855 550 877 aut
570 848 693 884 denique
715 848 740 881 c)
762 846 818 874 alia
838 853 988 880 nunquam
1008 849 1175 876 moventur,
1197 841 1253 869 alia
1273 849 1387 877 semper
1407 849 1471 868 mo-

413 896 523 923 ventur,
538 888 594 916 alia
614 896 681 915 vero
703 887 759 913 hoc
773 885 861 912 modo
877 892 906 911 se
922 884 1027 910 habent
1046 882 1125 918 quod
1133 881 1316 925 quandoque
1333 889 1470 908 movean-

412 936 459 957 tur
479 934 507 956 et
527 927 702 970 quandoque
723 924 877 961 quiescant.
893 939 911 943 —
925 922 1114 950 Declarantur
1132 920 1178 948 isti
1199 919 1326 956 quinque
1348 919 1470 947 modi.—

415 969 440 996 3.
460 969 566 996 Textus
587 964 787 994 subdivis10.-
801 961 965 990 Excluditur
979 960 1103 1005 primum
1125 960 1288 987 membrum
1309 958 1471 995 praedictae

413 1005 568 1040 divisionis,
584 1012 611 1033 et
632 1003 790 1032 ostenditur
810 1000 912 1037 triplici
934 1000 1045 1028 ratione
1072 1000 1151 1036 quod
1172 999 1210 1026 ad
1230 998 1390 1026 naturalem
1410 1007 1471 1026 non

412 1047 534 1083 pertinet
547 1044 690 1080 disputare
705 1048 804 1070 contra
818 1039 992 1077 positionem
1014 1039 1093 1076 quod
1108 1038 1207 1066 omnia
1228 1038 1379 1075 quiescunt
1397 1046 1471 1065 sem-

362 1111 367 1118 .
412 1096 471 1122 per.
496 1102 514 1106 -
537 1094 564 1119 4.
589 1085 699 1111 Ponere
721 1081 799 1117 quod
827 1079 925 1107 omnia
953 1085 1106 1106 moventur
1133 1086 1261 1114 semper,
1284 1083 1327 1105 est
1354 1077 1471 1121 quidem

412 1125 514 1152 falsum
536 1130 563 1151 et
584 1129 683 1150 contra
703 1119 842 1156 principia
870 1118 1003 1147 scientiae
1031 1116 1184 1152 naturalis,
1204 1116 1233 1144 in
1255 1125 1313 1154 qua
1333 1115 1471 1160 supponi-

411 1170 458 1191 tur
478 1169 609 1191 naturam
631 1170 692 1189 esse
707 1158 878 1203 principium
898 1167 959 1185 non
980 1157 1075 1186 solum
1090 1162 1196 1192 motus,
1213 1157 1263 1184 sed
1285 1155 1371 1184 etiam
1393 1155 1473 1192 quie·-

412 1203 463 1230 tis:
490 1209 615 1230 attamen
643 1201 713 1227 haec
740 1198 845 1235 positio
873 1197 969 1225 minus
997 1198 1163 1225 adversatur
1189 1195 1323 1224 scientiae
1351 1195 1473 1223 naturali

360 1258 366 1264 ·
413 1251 500 1278 quam
521 1240 708 1277 praecedens;
730 1247 798 1266 nam
812 1237 902 1274 magis
923 1243 1019 1273 potest
1039 1236 1125 1264 latere
1143 1236 1222 1271 quod
1243 1244 1304 1263 non
1325 1234 1361 1262 sit
1382 1234 1471 1271 quies,

177 1474 186 1483 ·
201 1473 263 1493 Lect.
274 1477 298 1492 ιι.

177 1678 186 1687 ·
201 1677 274 1698 Lectt.
288 1682 294 1697 ι
310 1681 359 1703 sqq.

275 1712 291 1728 α.

183 2100 191 2109 ’
206 2099 268 2120 Lect.
286 2104 323 2119 xiv
328 2113 333 2118 .

181 2306 192 2317 ’⁸
206 2306 276 2327 Num.
291 2311 311 2333 3.

184 2515 193 2523 ·
208 2513 270 2534 Lect.
287 2518 335 2539 seq.
342 2528 348 2538 ,

184 2545 247 2560 num.
258 2545 277 2566 3.

183 2624 194 2634 ⁶
208 2628 275 2649 quam
290 2627 359 2646 mco.

186 2777 271 2798 'lech
281 2777 384 2804 praeced.

186 2810 318 2850 mclgircst'udz'l
332 2830 382 2851 rab.

413 1290 500 1318 quam
523 1281 601 1316 quod
627 1288 687 1306 non
715 1277 749 1305 sit
778 1283 889 1305 moms.-
903 1276 986 1304 Unde
1007 1274 1167 1303 Heraclitus
1195 1281 1223 1303 et
1244 1274 1304 1302 eius
1325 1282 1471 1310 sequaceS,

411 1326 551 1356 ponentes
573 1318 671 1347 omnia
692 1317 801 1345 moveri
822 1324 944 1352 semper,
960 1315 1090 1343 dixerunt
1105 1314 1184 1359 quod
1206 1319 1304 1342 motus
1324 1313 1392 1341 latet
1408 1321 1472 1340 sen-

413 1369 477 1388 surn
498 1365 638 1387 nostrum.
652 1374 671 1379 -
689 1358 713 1385 5.
730 1355 895 1384 Excluditur
915 1354 1060 1391 praedicta
1081 1353 1197 1390 opinio:
1220 1359 1247 1380 et
1263 1352 1362 1390 primo
1383 1361 1472 1389 quan-

562 1495 567 1501 ,
616 1464 851 1526 *postquam
892 1454 1145 1512 Philosophus
1186 1452 1224 1488 in
1262 1451 1424 1500 septimo
1453 1451 1473 1471 *

533 1498 652 1556 '5³25‘
633 1508 890 1545 wostenderat
918 1506 1026 1558 quod
1051 1506 1088 1542 in
1114 1504 1358 1541 moventibus
1382 1511 1418 1540 et
1435 1503 1474 1540 in

533 1555 555 1579 ἱ
649 1586 660 1610 ,
677 1561 880 1597 mobilibus
901 1568 978 1596 no'n
999 1565 1053 1595 est
1071 1557 1332 1606 procederem
1351 1556 1473 1593 infini-

480 1639 503 1645 --
605 1609 616 1622 ⁷
636 1610 660 1639 Ἀ
678 1622 772 1659 tum,
793 1612 859 1649 sed
880 1619 936 1648 est
956 1611 1135 1648 devenire
1160 1610 1207 1647 ad
1228 1609 1382 1658 aliquod
1399 1609 1474 1657 pri-

416 1681 541 1713 mum;
564 1642 598 1704 et
616 1667 716 1703 hiet
737 1666 812 1702 iam
832 1664 1029 1701 ostendit0‘
1049 1663 1153 1711 quod
1173 1670 1299 1699 motus
1323 1674 1475 1721 semper

415 1722 482 1759 fuit
502 1729 537 1757 et
560 1731 710 1767 semper
739 1718 826 1763 erit,
856 1717 1010 1753 ulterius
1030 1715 1200 1764 procedit
1219 1714 1294 1751 ad
1286 1715 1475 1763 lnquiren-

418 1775 510 1812 dum
526 1772 782 1809 conditionem
797 1769 908 1818 primi
923 1777 1050 1806 motus
1066 1775 1101 1804 et
1114 1767 1226 1815 primi
1242 1767 1410 1803 motoris.
1428 1768 1476 1803 Et

419 1826 595 1864 dividitur
623 1825 660 1861 in
687 1831 811 1872 partes
841 1822 950 1858 duas:
972 1822 1009 1857 in
1037 1820 1160 1868 prima
1184 1819 1346 1856 ostendit
1372 1820 1475 1867 quod

417 1879 562 1928 primus
590 1885 717 1913 motus
746 1883 800 1912 est
828 1874 1090 1922 sempiternus,
1118 1880 1154 1908 et
1181 1872 1285 1920 quod
1309 1871 1475 1920 primum

418 1943 580 1968 movens
610 1937 665 1966 est
693 1928 850 1964 omnino
885 1926 1101 1970 immobile;
1131 1925 1300 1961 secundo
1330 1937 1374 1960 ex
1402 1926 1476 1960 hoc

418 1983 590 2032 procedit
617 1982 664 2018 ad
694 1978 972 2017 ostendendum
1001 1954 1121 2026 qualis
1149 1977 1194 2013 sit
1221 1977 1365 2025 primus
1393 1989 1476 2013 mo-

419 2044 496 2082 tus,
527 2043 562 2072 et
580 2034 699 2082 qualis
719 2033 764 2069 sit
782 2032 927 2080 primus
946 2039 1082 2075 motor,
1103 2029 1170 2066 ibi.
1198 2031 1249 2065 At
1265 2041 1355 2066 vero
1374 2029 1479 2066 aliud

407 2089 636 2137 facientibus
652 2085 915 2134 principium*
932 2091 999 2120 etc.
1021 2083 1150 2119 Prima
1170 2089 1296 2118 autem
1316 2094 1403 2130 pars
1424 2082 1476 2118 di-

420 2141 561 2178 viditur
589 2139 627 2175 in
654 2146 778 2186 partes
806 2144 896 2173 tres:
926 2136 964 2172 in
982 2135 1105 2184 prima
1131 2134 1237 2182 ponit
1264 2135 1334 2171 sub
1363 2147 1477 2183 quae-

421 2194 542 2230 stione
579 2190 772 2240 quandam
811 2188 1035 2225 divisionem
1072 2187 1476 2235 quinquemembrem;

421 2246 460 2282 in
488 2244 654 2281 secunda
674 2242 835 2279 excludit
854 2249 927 2277 tres
942 2248 1065 2300 partes
1091 2239 1306 2287 propositae
1327 2239 1477 2276 divisio-

422 2298 490 2343 nis,
512 2298 578 2333 ibi:
604 2296 738 2332 Omnia
759 2294 874 2343 igitur
894 2294 1111 2341 quiescere*
1104 2297 1210 2328 '.·etc
1202 2292 1339 2338 ,tertio
1359 2291 1478 2340 inqui-

422 2350 466 2386 rit
494 2351 541 2386 de
562 2349 712 2386 duobus
741 2346 896 2383 residuis
921 2344 1116 2392 membris,
1138 2345 1241 2393 quod
1271 2357 1405 2381 eorum
1434 2344 1479 2381 sit

421 2402 559 2448 verius,
589 2400 676 2449 quia
706 2412 750 2436 ex
787 2400 860 2435 hoc
890 2398 1078 2446 dependet
1113 2397 1252 2434 veritas
1281 2410 1396 2446 quam
1424 2397 1478 2433 in-

422 2455 569 2503 quirere
589 2453 755 2499 intendit,
773 2451 838 2487 ibi:
865 2451 998 2487 Omnia
1018 2456 1142 2487 autem
1161 2450 1254 2487 velle
1277 2450 1478 2498 aliquando

421 2507 608 2555 quidemss
630 2513 696 2542 etc.

476 2571 509 2596 2.
541 2559 639 2594 Dicit
668 2569 755 2604 ergo
784 2556 908 2604 primo
938 2555 1041 2603 quod
1069 2555 1295 2603 principium
1320 2567 1479 2604 sequen-

421 2612 465 2648 tis
499 2609 830 2655 considerationis,
872 2621 946 2666 qua
975 2608 994 2628 *
1028 2607 1217 2656 inquirere
1251 2608 1479 2644 intendimus

422 2665 468 2701 de
496 2664 619 2712 primo
645 2670 751 2699 motu
781 2668 816 2697 et
838 2660 962 2709 primo
991 2668 1150 2706 motore,
1182 2667 1237 2696 est
1265 2661 1369 2708 quod
1396 2672 1479 2708 per-

421 2717 512 2754 tinet
539 2716 588 2752 ad
627 2714 899 2752 dubitationem
936 2712 1169 2761 praedictam
1208 2715 1347 2760 (quam
1385 2713 1479 2749 scili-

423 2777 480 2805 cet
508 2769 666 2804 movit*
656 2766 871 2803 solvendo
901 2765 1108 2802 secundam
1129 2765 1348 2811 rationem):
1378 2766 1479 2802 unde

423 2821 635 2868 contingit*
651 2821 751 2869 quod
776 2818 965 2877 quaedam
986 2817 1188 2865 aliquando
1209 2825 1422 2864 moventur,
1445 2826 1480 2854 et

423 2873 625 2922 aliquando
655 2873 850 2930 quiescunt
878 2872 1034 2917 iterum,
1065 2877 1101 2906 et
1128 2882 1206 2907 non
1240 2882 1391 2929 semper
1417 2871 1478 2907 vel

424 2933 626 2963 moventur
652 2926 713 2962 vel
742 2923 954 2973 quiescunt,
986 2900 1034 2959 ex⁷
1058 2935 1134 2970 quo
1167 2923 1319 2971 ponitur
1353 2930 1478 2960 motus

425 2978 674 3026 sempiternus
694 2977 730 3014 in
751 2975 976 3014 communi?
1005 2977 1053 3012 Et
1082 2975 1169 3012 dicit
1198 2977 1300 3024 quod
1325 2988 1478 3012 necesse

425 3038 480 3066 est
508 3030 792 3078 dispositionem
813 3041 951 3074 rerum,
973 3036 1156 3077 quantum
1177 3029 1225 3065 ad
1249 3036 1398 3065 motum
1417 3029 1478 3065 vel

426 3083 602 3131 quietem,
623 3082 812 3130 tripliciter
840 3093 879 3119 se
899 3081 1050 3117 habere.
1073 3081 1250 3127 Quorum
1269 3093 1367 3117 unus
1396 3093 1478 3118 mo-

426 3134 495 3171 dus
524 3143 589 3181 est,
610 3143 650 3171 ut
674 3134 802 3171 omnia
831 3146 982 3181 semper
1011 3133 1216 3181 quiescant,
1238 3141 1273 3170 et
1301 3133 1391 3170 nihil
1417 3133 1479 3170 ali-

425 3188 577 3235 quando
597 3195 813 3233 moveatur;
834 3186 1021 3224 secundus
1040 3186 1179 3223 modus
1200 3193 1264 3233 est,
1290 3194 1331 3223 ut
1350 3186 1479 3223 omnia

479 3316 505 3347 α)
520 3319 545 3340 et
560 3316 600 3340 hic:
613 3316 664 3339 iam
678 3316 824 3340 ostendit-
834 3319 859 3340 et
868 3315 947 3340 etiam
962 3315 1014 3340 iam
1028 3316 1143 3341 ostendit
1153 3316 1204 3345 Pb,·
1218 3316 1263 3340 sed
1274 3316 1323 3345 hic,
1335 3316 1400 3341 idest
1414 3316 1476 3341 huc-

426 3357 509 3382 usque
527 3350 552 3374 in
565 3350 613 3374 hoc
629 3350 693 3374 libro
707 3355 804 3379 octavo.
821 3351 911 3375 melius
926 3351 1042 3382 exprimit
1057 3356 1169 3375 mentem
1186 3358 1207 3375 5.
1217 3350 1342 3380 Thomae,
1356 3357 1384 3375 ut
1399 3356 1477 3383 patet.

480 3383 504 3415 β)
524 3385 577 3408 alia
596 3392 696 3415 semper
717 3385 820 3410 mobilia
839 3388 864 3410 et
883 3393 1017 3417 nunquam
1036 3386 1179 3426 quiescant.
1192 3399 1212 3404 -
1226 3387 1262 3411 Ita
1280 3386 1329 3415 pem
1348 3386 1386 3418 pF
1401 3386 1477 3411 habet

427 3419 480 3442 alia
499 3422 593 3447 autem,
613 3425 671 3450 post
690 3421 758 3451 quod
779 3427 834 3451 seq.
848 3427 898 3444 ras.
918 3421 992 3444 unius
1014 3421 1131 3445 litterae*
1126 3429 1150 3445 in
1169 3428 1220 3453 qua
1234 3420 1352 3445 scribitur
1366 3428 1476 3453 semper,

429 3457 452 3476 et
472 3461 550 3485 marg.
569 3454 625 3477 add.
645 3458 807 3479 moveantur.
826 3454 923 3479 Totum
941 3463 993 3479 om.
1008 3462 1025 3479 a
1043 3461 1067 3480 et
1087 3461 1136 3480 cet.
1157 3463 1209 3479 exc.
1225 3454 1412 3485 sBCGKLOZ,
1433 3456 1476 3488 qui

428 3491 511 3510 tamen
524 3496 573 3511 non
584 3489 748 3515 concordant:
763 3489 817 3513 alia
828 3497 889 3514 vero
900 3490 972 3521 (uero
983 3498 1035 3514 om
1047 3491 1092 3521 sL)
1107 3497 1210 3522 semper
1220 3493 1376 3514 moveantur·
1386 3491 1476 3520 sBGL,

428 3520 483 3544 alia
498 3529 557 3546 vero
571 3529 671 3553 semper
683 3523 735 3547 sint
750 3524 854 3548 mobilia
869 3528 894 3549 et
907 3532 1039 3556 nunquam
1053 3525 1187 3556 quiescant
1202 3525 1245 3555 sC,
1259 3527 1306 3549 aut
1318 3524 1416 3556 (autem
1431 3525 1476 3559 sz)

429 3562 530 3586 semper
550 3561 685 3582 moventur
708 3556 879 3589 (moveantur
902 3559 950 3591 sZ)
970 3563 995 3584 et
1014 3567 1147 3591 nunquam
1173 3560 1308 3592 quieescunt
1327 3558 1478 3592 (quiescant

1017 260 1360 299 PHYSICORUM
1387 258 1735 295 ARISTOTELIS
1765 259 1857 294 LIB.
1889 258 1974 295 VIII

1592 335 1722 365 moveri.
1749 336 1846 372 Quod
1869 335 1962 375 igitur
1984 335 2180 375 impossibile
2203 324 2242 366 sit
2265 343 2319 368 aut
2337 347 2460 378 semper
2476 338 2585 368 omnia

1592 378 1714 408 moveri
1741 385 1795 408 aut
1824 388 1947 418 semper
1978 378 2086 409 omnia
2115 379 2293 420 quiescere,
2325 390 2362 411 ex
2383 381 2432 411 his
2460 387 2490 425 et
2518 381 2585 412 aliis

1593 421 1778 452 huiusmodi
1802 422 1877 452 sciet
1899 422 2009 462 utique
2033 422 2154 463 aliquis.

1524 530 1582 553 tum
1601 525 1642 553 ad
1656 531 1762 554 motum
1778 525 1936 564 augmenti,
1947 534 1981 553 ex
2001 524 2082 554 cuius
2105 526 2336 555 consideratione
2358 527 2480 556 maxime
2501 529 2584 558 indu-

1523 565 1641 592 cebatur
1662 565 1820 593 Heraclitus
1847 566 1885 593 ad
1906 574 1988 592 suam
2016 564 2201 601 positionem.
2223 582 2243 587 -
2264 567 2352 600 Quod
2379 573 2498 604 augetur
2519 577 2587 597 non

1524 610 1639 640 oportet
1666 605 1801 632 continue
1829 604 1942 641 augeri,
1964 604 2004 632 ita
2029 605 2109 640 quod
2137 604 2167 632 in
2189 605 2315 641 qualibet
2341 612 2422 642 parte
2449 607 2588 644 temporis

1524 651 1638 679 semper
1663 643 1807 680 quantitas
1835 650 1986 681 augeatur3
2008 643 2060 671 sed
2080 649 2147 680 post
2174 651 2360 681 augmentum
2387 644 2474 674 unius
2498 646 2586 683 partis

1524 681 1716 727 interponitur
1736 683 1863 711 medium
1885 690 2009 719 tempus,
2031 682 2062 710 in
2083 691 2142 719 quo
2164 683 2235 711 nihil
2255 690 2383 720 augetur,
2405 681 2456 712 sed
2477 684 2509 713 fit
2529 685 2587 714 dis-

1524 721 1630 757 positio
1656 723 1693 750 ad
1714 729 1901 759 augmentum
1929 721 2095 758 posterioris
2117 722 2213 758 partis.
2237 722 2435 751 Manifestatur
2455 725 2512 752 hoc
2536 733 2588 761 per

1524 760 1636 789 similia.
1658 778 1677 783 -
1698 762 1776 789 idern
1798 762 1952 790 dicendum
1974 762 2009 789 de
2031 767 2114 789 motu
2134 762 2343 790 diminutionis.
2365 779 2384 784 -
2405 763 2432 791 6.
2455 764 2587 792 Secundo

1524 805 1660 837 quantum
1681 801 1719 828 ad
1739 801 1948 829 alterationem.
1963 803 1991 836 a)
2008 800 2146 835 Quamvis
2174 810 2278 838 corpus
2300 802 2379 838 quod
2400 802 2535 831 alteratur
2552 802 2589 831 sit

1525 839 1666 867 divisibile
1686 839 1716 868 in
1731 839 1885 875 infinitum,
1899 849 1960 868 non
1974 845 2091 876 oportet
2105 841 2185 876 quod
2202 847 2320 877 propter
2333 841 2390 869 hoc
2411 841 2543 871 alteratio
2557 842 2588 871 in

1525 878 1669 907 infinitum
1691 879 1842 914 dividatur,
1858 880 1897 908 ita
1917 879 1998 916 quod
2017 879 2048 907 in
2069 879 2198 916 qualibet
2217 886 2298 916 parte
2318 881 2457 917 temporis
2478 880 2588 918 aliquid

1525 918 1701 946 alterationis
1722 918 1784 953 fiat;
1807 920 1857 946 sed
1878 918 2024 947 multoties
2044 918 2140 955 plures
2167 926 2262 956 partes
2283 920 2413 957 corporis
2439 919 2526 949 simul
2546 921 2588 949 al-

1524 963 1660 993 terantur,
1675 964 1703 986 et
1717 957 1873 994 aliquando
1889 958 1973 986 etiam
1989 964 2082 986 totum
2096 967 2211 995 corpus.
2222 975 2241 980 -—
2255 959 2382 987 Solvitur
2395 957 2557 988 difficultas.
2569 977 2588 982 -

1527 1006 1553 1033 7.
1569 997 1597 1032 b)
1619 997 1723 1025 Omnis
1744 997 1873 1025 alteratio
1894 996 2013 1034 requirit
2034 997 2255 1026 determinatum
2269 1003 2383 1035 tempus
2404 1005 2432 1027 et
2453 1000 2588 1028 determi-

1525 1043 1626 1064 natum
1649 1037 1813 1065 terminum.
1836 1036 1920 1065 Nulla
1942 1043 2039 1065 autem
2064 1037 2127 1065 talis
2151 1037 2272 1065 mutatio
2297 1044 2339 1066 est
2359 1046 2473 1074 semper
2496 1039 2588 1067 eonti-

1526 1085 1593 1104 nua.
1615 1092 1635 1097 -—
1656 1076 1683 1104 8.
1705 1078 1731 1112 c)
1760 1076 1846 1112 Lapis
1873 1085 1934 1104 non
1962 1075 1994 1104 fit
2021 1083 2115 1112 neque
2145 1076 2246 1104 durior
2272 1085 2366 1114 neque
2396 1077 2512 1106 mollior
2538 1087 2590 1114 per

1525 1115 1664 1151 temporis
1691 1115 1952 1153 longinquitatem.
1982 1123 2049 1151 ergo
2079 1114 2196 1143 evidens
2224 1122 2267 1143 est
2296 1116 2376 1153 quod
2404 1125 2465 1145 non
2490 1116 2590 1145 omnia

1526 1163 1640 1190 semper
1660 1154 1823 1183 alterantur.
1847 1171 1866 1176 -
1887 1164 1914 1190 9.
1936 1154 2034 1182 Tertio
2054 1160 2190 1200 quantum
2218 1156 2256 1183 ad
2277 1160 2384 1183 motum
2406 1151 2537 1184 localem.
2559 1158 2588 1192 a)

1526 1195 1599 1222 Sunt
1620 1194 1708 1230 aliqui
1736 1201 1833 1222 motus
1859 1194 1965 1222 locales
1986 1199 2014 1221 et
2035 1193 2146 1229 quietes
2171 1194 2212 1222 ita
2231 1194 2373 1223 manifesti
2395 1195 2476 1232 quod
2502 1196 2589 1224 latere

1526 1242 1587 1261 non
1601 1239 1731 1269 possunt.
1751 1250 1770 1255 -
1795 1243 1838 1261 ιο.
1861 1234 1888 1268 b)
1910 1232 2093 1261 Manifestum
2120 1239 2164 1262 est
2190 1235 2333 1271 quaedam
2361 1243 2517 1271 corporum
2538 1244 2589 1263 na-

1526 1273 1661 1301 turalium
1684 1282 1745 1300 esse
1767 1272 1796 1300 in
1811 1272 1934 1308 propriis
1956 1272 2035 1306 locis,
2057 1271 2087 1300 in
2101 1273 2206 1309 quibus
2227 1282 2261 1302 ex
2281 1273 2448 1303 necessitate
2469 1281 2589 1303 naturae

1526 1311 1694 1348 quiescunt,
1717 1321 1770 1340 nec
1791 1312 1857 1340 inde
1879 1318 2064 1340 removentur
2084 1312 2138 1340 nisi
2159 1322 2210 1349 per
2230 1312 2405 1342 violentiam.
2419 1329 2438 1336 -
2451 1313 2589 1351 Epilogus

1528 1357 1555 1379 et
1576 1351 1734 1380 conclusio.

1529 1463 1682 1499 semper
1709 1459 1948 1498 moveantur,
1970 1459 2006 1488 et
2030 1451 2120 1488 nihil
2140 1452 2328 1500 quiescat;
2348 1452 2478 1490 tertius
2505 1465 2589 1490 mo-

1529 1504 1599 1540 dus
1629 1511 1698 1550 est,
1729 1504 1833 1552 quod
1862 1504 2051 1563 quaedam
2081 1512 2308 1542 moveantur
2335 1512 2371 1541 et
2398 1505 2588 1554 quaedam

1530 1556 1734 1605 quiescant.
1757 1556 1832 1593 Sed
1862 1557 1929 1593 iste
1962 1556 2091 1594 tertius
2119 1557 2258 1594 modus
2291 1557 2427 1594 iterum
2456 1558 2588 1596 dividi-

1529 1617 1589 1646 tur
1607 1609 1645 1647 in
1664 1617 1737 1646 tres
1757 1609 1906 1646 modos.
1920 1610 2095 1657 Quorum
2109 1610 2254 1669 primus
2274 1617 2339 1658 est,
2356 1611 2461 1659 quod
2475 1623 2589 1660 quae-

1531 1662 1620 1699 dam
1639 1669 1868 1699 moveantur
1883 1669 1919 1699 et
1933 1662 2122 1710 quaedam
2142 1662 2379 1711 quiescant,
2348 1663 2368 1684 *
2391 1663 2441 1700 ita
2460 1671 2626 1701 tamen

1529 1715 1635 1763 quod
1656 1727 1700 1751 ea
1719 1727 1816 1772 quae
1836 1716 2080 1751 moventur·
2084 1743 2092 1761 ,
2118 1727 2271 1763 semper
2289 1724 2528 1762 moveantur,
2554 1724 2590 1753 et

1531 1779 1576 1803 ea
1604 1779 1702 1815 quae
1731 1766 1939 1814 quiescunt,
1960 1779 2111 1816 semper
2139 1768 2345 1816 quiescant,
2367 1775 2403 1804 et
2429 1769 2521 1806 nihil
2545 1769 2591 1806 sit

1531 1820 1635 1867 quod
1664 1819 1894 1867 quandoque
1928 1827 2130 1856 moveatur
2158 1828 2195 1856 et
2222 1820 2452 1879 quandoque
2486 1821 2590 1870 quie-

1531 1879 1619 1908 scat.
1642 1871 1840 1908 Secundus
1856 1871 1995 1908 modus
2015 1879 2070 1909 est
2083 1884 2105 1908 e
2124 1873 2322 1920 contrario,
2339 1873 2443 1921 quod
2462 1874 2592 1911 omnia

1531 1932 1618 1962 sunt
1631 1932 1719 1960 nata
1739 1932 1775 1960 et
1793 1924 1942 1961 moveri
1962 1931 1998 1961 et
2016 1924 2222 1973 quiescere,
2244 1933 2280 1961 et
2298 1901 2387 1962 nihil
2413 1933 2468 1962 est
2487 1927 2591 1974 quod

1531 1989 1683 2025 semper
1697 1984 1898 2014 moveatur
1911 1978 1972 2013 vel
1988 1989 2140 2025 semper
2154 1977 2331 2025 quiescat.
2344 1977 2494 2014 Tertius
2509 1990 2592 2015 rno-

1532 2032 1602 2068 dus
1630 2029 1740 2066 huius
1767 2029 1955 2065 secundae
1977 2029 2171 2066 divisionis
2192 2037 2257 2076 est,
2279 2031 2383 2078 quod
2403 2030 2473 2067 alia
2492 2043 2591 2068 sem-

1532 2095 1599 2131 per
1627 2082 1700 2118 sint
1727 2081 1937 2118 immobilia
1965 2089 2002 2118 et
2029 2094 2226 2130 nunquam
2245 2090 2490 2130 moveantur;
2520 2083 2593 2120 alia

1533 2146 1684 2192 semper
1699 2134 1854 2170 mobilia
1874 2142 1910 2170 et
1929 2146 2125 2182 nunquam
2145 2134 2339 2182 quiescant
2355 2133 2391 2180 Ρς
2412 2135 2484 2172 alia
2497 2147 2591 2173 vero

1532 2186 1677 2244 possint
1697 2188 1716 2207 ³³²
1743 2186 1860 2245 accipi
1889 2198 1975 2222 cum
2005 2193 2180 2235 utroque,
2209 2187 2348 2223 scilicet
2367 2200 2456 2224 cum
2484 2196 2592 2226 motu

1534 2248 1570 2277 et
1596 2238 1742 2288 quiete,
1774 2240 1822 2275 ita
1849 2240 1955 2287 quod
1992 2239 2224 2287 quandoque
2262 2248 2490 2277 moveantur
2517 2249 2554 2278 et
2571 2243 2592 2261 ⁶

1533 2292 1764 2340 quandoque
1780 2291 1983 2340 quiescant.
2002 2293 2049 2328 Et
2065 2292 2163 2329 istud
2181 2292 2358 2329 ultimum
2373 2293 2592 2331 membrum

1534 2353 1589 2382 est
1616 2345 1726 2382 nobis
1765 2344 2095 2381 determinandum
2129 2356 2198 2393 pro
2227 2345 2400 2392 veritate,
2430 2345 2519 2394 quia
2554 2346 2594 2384 in

1533 2399 1608 2435 hoc
1635 2398 1820 2434 habentur
1839 2397 2044 2433 solutiones
2064 2396 2237 2434 omnium
2267 2397 2516 2436 obiectorum.
2545 2399 2596 2436 Et

1534 2449 1688 2499 quando
1707 2450 1782 2486 hoc
1801 2449 2087 2495 ostenderimus,
2099 2449 2326 2486 habebimus
2343 2450 2463 2487 finem
2478 2462 2594 2499 quem

1534 2502 1763 2539 intendimus
1799 2502 1838 2538 in
1866 2502 1936 2538 isto
1973 2514 2109 2560 opere,
2139 2501 2278 2538 scilicet
2309 2503 2508 2551 pervenire
2543 2504 2593 2542 ad

1534 2555 1700 2604 primum
1719 2562 1867 2590 motum
1889 2555 2172 2602 sempiternum,
2195 2562 2230 2591 et
2249 2554 2297 2591 ad
2316 2555 2482 2604 primurn
2510 2567 2593 2592 mo-

1533 2620 1629 2645 vens
1657 2607 1865 2643 immobile.
1889 2606 1950 2642 Sic
1979 2619 2068 2665 ergo
2096 2607 2247 2644 tertium
2271 2608 2491 2645 membrum
2518 2608 2592 2657 pri—

1535 2673 1622 2697 mae
1643 2659 1835 2696 divisionis
1855 2659 2057 2696 dividitur
2051 2672 2088 2695 ιιι
2107 2659 2176 2696 tria
2203 2661 2389 2707 membra,
2411 2667 2447 2697 et
2465 2660 2562 2698 fiunt
2576 2666 2591 2688 ⁷

1534 2713 1572 2749 in
1591 2713 1769 2749 universo
1789 2712 1955 2760 quinque
1977 2712 2151 2749 membra
2169 2712 2280 2749 huius
2299 2712 2505 2751 divisionis.

1587 2766 1654 2802 Est
1669 2773 1796 2801 autem
1815 2765 2131 2802 considerandum
2147 2765 2274 2814 quod
2266 2778 2304 2802 ιιι
2318 2765 2435 2803 tribus
2453 2766 2592 2804 horum

1534 2818 1796 2854 membrorum
1826 2817 1955 2853 omnia
1984 2818 2082 2854 entia
2108 2826 2302 2867 ponuntur
2327 2818 2439 2855 unius
2467 2818 2592 2867 dispo-

1533 2871 1695 2917 sitionis3
1716 2870 1809 2907 sicut
1828 2878 1929 2918 patet
1948 2869 1985 2906 in
2008 2870 2132 2918 primo
2153 2871 2340 2930 membro,
2361 2883 2439 2919 quo
2459 2871 2593 2908 dicitur

1534 2923 1663 2960 omnia
1683 2923 1865 2982 semper*
1880 2922 2087 2971 quiescere;
2117 2930 2152 2960 et
2175 2923 2214 2960 in
2237 2922 2418 2970 secundo,
2439 2934 2516 2972 quo
2537 2923 2590 2960 di-

1534 2976 1628 3012 citur
1649 2975 1777 3012 omnia
1805 2976 1990 3024 semper*
2007 2975 2171 3020 moveri;
2201 2982 2237 3012 et
2263 2975 2303 3012 in
2329 2983 2483 3024 quarto,
2512 2987 2629 3024 quo·

1533 3028 1666 3065 dicitur
1685 3028 1814 3064 omnia
1835 3028 2065 3075 quandoque
2093 3028 2286 3076 quiescere
2307 3035 2343 3065 et
2361 3028 2590 3102 quandoque

1533 3080 1693 3117 moveri.
1715 3082 1757 3117 In
1776 3093 1853 3117 uno
1875 3088 2002 3117 autem
2021 3081 2209 3126 membro,
2226 3080 2386 3117 cilicet
2378 3093 2416 3117 ιιι
2430 3081 2588 3128 Uettio,

1534 3133 1751 3171 dividuntur
1767 3132 1864 3169 entia
1883 3132 1921 3168 in
1937 3133 2030 3169 duas
2046 3132 2320 3181 dispositiones,
2333 3133 2472 3170 scilicet
2486 3135 2590 3184 quod

1533 3186 1722 3235 quaedam
1741 3197 1893 3234 semper
1911 3193 2149 3232 moveantur,
2171 3193 2207 3222 et
2226 3185 2416 3234 quaedam
2440 3198 2590 3235 semper

1530 3316 1580 3351 sZ)
1600 3316 1744 3345 sKZ‚a11'a
1762 3324 1865 3348 semper
1885 3319 2040 3341 nroveantur
2058 3319 2084 3342 et
2102 3323 2236 3349 nimquam
2255 3317 2390 3358 quieseant
2408 3317 2460 3349 50;
2485 3325 2590 3342 conser-

1530 3359 1622 3376 vamus
1642 3352 1777 3376 lectionem
1797 3352 1847 3379 Pb,
1872 3351 1933 3384 quia
1951 3352 2021 3376 nulla
2039 3353 2151 3377 secunda
2170 3359 2263 3377 manus
2286 3352 2312 3376 in
2335 3352 2466 3377 codicibus
2484 3352 2590 3384 praebet

1530 3387 1672 3415 meliorem.
1687 3391 1712 3411 et
1730 3386 1807 3411 verba
1827 3387 1908 3411 omitti
1928 3395 1979 3411 non
1998 3392 2115 3419 possunt,
2128 3392 2157 3412 ut
2175 3394 2220 3419 per
2238 3394 2267 3412 se
2285 3391 2354 3419 patet
2373 3392 2398 3412 et
2415 3387 2492 3412 etiam
2505 3395 2534 3412 ex
2549 3387 2588 3412 his

1531 3429 1598 3454 quae
1617 3421 1680 3453 infra
1699 3421 1831 3446 dicuntur:
1856 3422 1953 3447 scilicet
1977 3422 2002 3446 in
2022 3422 2146 3454 quinto..
2155 3422 2247 3454 ‚quod
2265 3422 2394 3455 quaedam
2413 3429 2516 3454 semper
2534 3429 2589 3447 mo-

1532 3460 1654 3485 veantur,
1674 3457 1804 3489 quaedam
1824 3464 1958 3488 nunquam
1979 3460 2141 3483 moveantur.

1584 3492 1610 3524 γ)
1631 3491 1676 3516 Sic
1694 3499 1786 3524 ergo..
1789 3495 1837 3516 .et
1855 3492 1962 3524 fiunt.-
1943 3491 2059 3521 -5P1Rb
2082 3491 2127 3518 Sic
2145 3499 2210 3525 ergo
2229 3491 2315 3516 dum.
2319 3488 2409 3524 ‚stunt
2427 3491 2524 3521 02³0,
2543 3491 2589 3516 Sic

1532 3533 1620 3558 ergo..
1624 3529 1674 3551 ,ει
1692 3526 1729 3551 sic
1748 3526 1821 3559 flunt
1840 3526 1875 3555 Ι),
1897 3526 1941 3551 Sn'e
1959 3533 2047 3559 ergo..
2051 3530 2100 3552 ,ει
2124 3526 2162 3552 ita
2179 3527 2254 3560 fiunt
2272 3527 2325 3556 εΗ,
2345 3526 2390 3552 Sic
2408 3533 2506 3559 ergo...
2517 3508 2588 3550 yunde

1524 3561 1599 3593 fiunt
1616 3561 1651 3585 B.
1671 3561 1716 3586 Sic
1734 3567 1821 3594 ergo..
1825 3544 1916 3594 .fiimt
1935 3566 1982 3586 cet.
2001 3566 2026 3586 et
2044 3568 2070 3586 a.

2643 1675 2785 1696 meum..

2615 1689 2831 1749 2⁸35&ssss

2617 1758 2748 1779 oqsmrz.

2718 2141 2734 2175 β

2619 2198 2738 2224 'ponent
2750 2197 2803 2219 rab.

2619 2250 2668 2271 'et
2683 2255 2732 2272 om.
2745 2255 2832 2276 emor
2862 2244 2867 2255 ²

2617 2933 2791 2984 ἕιέθαῗὶῧὲῦ.
2800 2937 2830 2955 ΡΑ

2642 2993 2829 3016 merom}-

2617 3088 2667 3110 tn
2680 3094 2729 3111 οιιι.
2744 3087 2813 3111 codd.
2860 3103 2862 3105 >

2617 3118 2639 3137 et
2653 3121 2677 3137 a.
2860 3123 2862 3126 ·
