2950 4004
451 292 521 328 118

447 371 512 408 bat
534 370 640 406 Plato
679 369 782 417 quod
816 366 1005 404 infinitum
1033 377 1113 401 non
1147 364 1271 400 solum
1301 370 1357 398 est
1384 361 1422 398 in
1456 373 1512 397 re-

447 424 520 460 bus
549 421 797 467 sensibilibus,
819 420 886 456 sed
907 419 1019 455 etiam
1043 418 1081 453 in
1102 417 1171 453 illis
1191 417 1223 462 ³³,
1244 414 1339 452 idest
1362 414 1400 450 in
1419 413 1512 451 ideis

449 474 645 524 separatis;
680 473 767 522 quia
801 472 913 509 etiam
941 471 979 507 in
1012 470 1100 519 ipsis
1133 468 1300 506 numeriS
1333 466 1513 516 separatis

450 535 505 565 est
524 527 664 576 aliquid
691 526 861 571 formale,
882 531 923 561 ut
949 535 1093 569 unum,
1120 529 1156 558 et
1175 520 1318 569 aliquid
1345 520 1365 540 ‘¹‘
1394 526 1512 556 mate-

449 580 559 627 riale,
587 587 629 616 ut
657 579 746 625 duo,
769 590 814 614 ex
842 577 980 625 quibus
1009 587 1144 612 omnes
1173 573 1322 611 numeri
1355 584 1513 620 compo-

450 640 600 669 nuntur.

504 698 539 733 7.
556 683 705 721 Deinde
722 694 810 719 cum
831 681 935 719 dicit:
950 681 1000 717 Et
1012 680 1053 716 hi
1065 680 1212 728 quidem
1233 678 1419 727 infinitum
1438 688 1516 713 esse

444 749 581 787 parem
602 744 685 783 ete.‚
707 734 870 772 ostendit
891 733 1142 770 differentiam
1172 744 1306 768 eorum
1326 738 1511 779 quantum

452 791 500 827 ad
529 789 695 826 radicem
724 787 870 825 infiniti.
892 787 940 823 Et
959 785 1047 822 dicit
1071 785 1177 833 quod
1205 782 1444 833 Pythagorici
1463 790 1516 819 at-

451 843 667 879 tribuebant
700 840 889 878 infinitum
926 839 991 875 uni
1021 837 1159 884 radici,
1185 836 1324 874 scilicet
1352 847 1515 873 numero

207 434 216 442 ¹
231 432 286 453 aliis
300 437 400 452 nemum.

207 537 217 547 ⁸
233 536 299 558 aliud
312 536 364 557 rab.

450 895 544 945 pari.
566 896 615 931 Et
641 895 716 931 hoc
745 892 1034 930 manifestabant
1063 890 1269 939 dupliciter.
1291 889 1420 926 Primo
1449 901 1534 938 per-

453 948 660 985 rationem:
681 946 769 994 quia
797 945 834 983 id
853 944 958 993 quod
983 943 1217 981 concluditur
1236 942 1284 980 ab
1305 942 1376 979 alio
1397 949 1433 978 et
1450 953 1519 990 per

454 1001 555 1038 aliud
582 999 813 1045 terminatur,
838 1004 1024 1046 quantum
1045 1003 1100 1033 est
1127 997 1174 1033 de
1194 1008 1246 1043 se,
1267 995 1381 1032 habet
1409 994 1519 1032 ratio-

453 1066 544 1090 nem
572 1052 727 1098 infiniti;
757 1051 861 1099 quod
890 1058 1018 1086 autem
1055 1049 1245 1086 concludit
1267 1055 1303 1085 et
1329 1047 1516 1095 terminat,

454 1107 569 1142 habet
587 1105 772 1142 rationem
788 1102 949 1140 termini.
970 1103 1045 1139 Par
1064 1109 1192 1139 autern
1212 1113 1395 1139 numerus
1415 1113 1519 1137 com-

454 1158 697 1207 prehenditur
726 1163 762 1193 et
790 1155 1025 1193 concluditur
1057 1155 1127 1192 sub
1160 1154 1306 1204 impari.
1341 1154 1381 1191 Si
1417 1153 1520 1190 enim

454 1210 679 1260 proponitur
698 1209 832 1257 aliquis
861 1221 1043 1245 numerus
1061 1220 1141 1257 par,
1161 1207 1330 1256 undique
1352 1206 1518 1244 divisibi-

455 1265 498 1300 lis
518 1270 693 1312 apparet3
715 1274 804 1298 curn
822 1274 917 1298 vero
947 1261 1074 1298 addita
1092 1261 1233 1298 unitate
1255 1261 1303 1297 ad
1331 1259 1520 1308 imparem

456 1316 659 1354 numerum
688 1314 893 1362 reducitur,
920 1314 998 1351 iam
1027 1315 1220 1362 quandam
1250 1312 1519 1350 indivisionem

457 1369 715 1418 consequitur,
747 1380 791 1404 ac
820 1367 850 1404 si
878 1379 948 1416 par
966 1367 1036 1404 sub
1061 1366 1199 1415 impari
1228 1365 1521 1413 constringatur:

456 1423 558 1459 unde
587 1421 739 1459 videtur
771 1420 875 1469 quod
909 1432 978 1468 par
1005 1419 1051 1456 sit
1078 1431 1147 1468 per
1179 1431 1218 1456 se
1252 1418 1457 1464 infinitum,
1489 1425 1524 1454 et

458 1482 586 1512 causet
606 1474 643 1511 in
672 1473 752 1510 aliis
772 1473 1008 1510 infinitatem.
1029 1493 1053 1499 -
1075 1471 1250 1509 Ostendit
1278 1471 1390 1508 etiam
1419 1470 1522 1507 idem

457 1540 526 1577 per
563 1527 724 1575 signum.
751 1527 811 1563 Ad
847 1525 952 1562 cuius
981 1524 1210 1562 evidentiam
1239 1523 1438 1560 sciendum
1469 1531 1524 1560 est

457 1580 562 1629 quod
589 1580 629 1616 in
656 1578 907 1627 geometricis,
936 1590 1107 1626 gnomon
1142 1578 1161 1599 ’¹‘
1194 1577 1328 1614 dicitur
1365 1576 1524 1625 quadra-

458 1642 540 1670 tum
561 1634 580 1654 ’³‘
610 1645 724 1681 super
758 1632 987 1669 diametrum
1018 1629 1225 1667 consistens
1255 1641 1343 1666 cum
1373 1629 1524 1666 duobus

458 1685 749 1735 supplementis:
780 1683 999 1721 huiusmodi
1027 1683 1138 1731 igitur
1165 1695 1336 1730 gnomon
1365 1682 1523 1718 circum—

458 1740 603 1788 positus
631 1738 829 1787 quadrato,
850 1736 1039 1774 constituit
1059 1736 1297 1784 quadratum.
1327 1735 1386 1771 Ex
1413 1734 1525 1772 huius

461 1805 550 1841 ergo
570 1791 810 1829 similitudine
835 1790 874 1826 in
901 1789 1069 1826 numeris
1094 1800 1307 1836 gnomones
1336 1787 1408 1824 dici
1435 1800 1523 1836 pos-

461 1853 548 1883 sunt
585 1843 733 1881 numeri
776 1842 840 1891 qui
885 1841 1073 1890 aliquibus
1115 1840 1282 1877 numeris
1323 1840 1523 1878 adduntur.

461 1900 529 1935 Est
565 1905 693 1934 autem
729 1895 790 1932 hic
820 1897 839 1916 ’¹‘
868 1894 1165 1938 observandum,
1187 1893 1291 1942 quod
1325 1892 1355 1929 si
1391 1893 1524 1942 aliquis

219 1592 229 1601 '
250 1595 336 1618 gnomo
363 1589 431 1610 codd.

222 1621 243 1637 et
251 1623 266 1637 α
272 1617 291 1641 b,
299 1619 319 1637 et
328 1616 358 1637 ita
366 1615 432 1637 infra.

219 1644 229 1655 ⁹
245 1642 434 1670 quadrangulum

221 1676 242 1691 r.

220 1907 229 1917 ·
241 1906 277 1954 liic
285 1911 333 1927 om.
344 1911 382 1933 uo,
390 1905 433 1926 hoc

220 1938 246 1953 cc
258 1948 263 1953 .

461 1950 621 1999 accipiat
662 1960 843 1986 numeros
886 1947 1051 1995 impares
1096 1946 1307 1983 seeundum
1350 1945 1548 1994 ordinem,

320 2011 335 2045 β
461 2001 736 2053 progressionis
773 2000 950 2037 naturalis
987 1998 1028 2047 β,
1063 2006 1099 2036 et
1134 1998 1292 2045 unitati,
1332 2010 1428 2046 quae
1467 2006 1522 2035 est

461 2056 689 2106 quadratum
715 2053 854 2091 virtute
883 2053 1132 2101 (inquantum
1166 2052 1284 2088 semel
1312 2063 1432 2088 unum
1471 2058 1525 2088 est

461 2111 619 2155 unum),
641 2107 755 2144 addat
781 2106 949 2155 primum
975 2117 1179 2141 numerum
1208 2104 1406 2152 imparem,
1428 2103 1524 2140 scili-

464 2170 522 2199 cet
548 2160 766 2207 ternarium,
792 2158 1036 2195 constituetur
1063 2157 1345 2205 quaternarius,
1375 2157 1440 2205 qui
1470 2164 1525 2193 est

463 2226 647 2252 numerus
676 2213 898 2261 quadratus:
924 2223 1013 2248 nam
1042 2211 1100 2247 bis
1129 2212 1204 2248 duo
1234 2217 1321 2246 sunt
1348 2216 1521 2257 quatuor.

465 2268 505 2304 Si
523 2279 616 2305 vero
645 2265 732 2302 huic
752 2264 920 2301 secundo
941 2263 1124 2312 quadrato
1153 2262 1313 2299 addatur
1332 2262 1521 2299 secundus

463 2320 587 2369 impar
607 2321 626 2341 ²¹⁴
655 2318 795 2355 scilicet
822 2317 1026 2366 quinarius,
1058 2315 1248 2362 consurgit
1274 2315 1522 2362 novenarius,

464 2373 529 2421 qui
549 2379 604 2409 est
631 2371 858 2420 quadratum
877 2369 1049 2415 ternarii3
1069 2381 1159 2405 nam
1178 2375 1233 2404 ter
1259 2368 1329 2404 tria
1347 2375 1434 2404 sunt
1457 2380 1525 2405 no-

463 2438 565 2463 vem.
579 2425 619 2462 Si
639 2432 766 2461 autem
785 2423 874 2460 huic
888 2422 995 2460 tertio
1012 2421 1195 2470 quadrato
1216 2420 1376 2458 addatur
1394 2420 1523 2458 tertius

223 2487 437 2534 *codgvggrgggu
463 2479 606 2528 impar,
637 2477 775 2514 scilicet
804 2475 1054 2525 septenarius,
1081 2473 1271 2521 consurgit
1293 2475 1312 2495 '¹‘
1332 2474 1520 2521 sedecim,

223 2529 294 2561 ms
352 2529 357 2534 “
463 2532 528 2580 qui
549 2538 603 2568 est
630 2531 856 2579 quadratum
879 2527 1120 2578 quaternarii:
1143 2534 1178 2563 et
1206 2527 1258 2563 sic
1278 2536 1430 2575 semper
1455 2539 1525 2575 per

464 2584 676 2622 ordinatam
699 2582 935 2619 additionem
963 2592 1214 2618 numerorum
1233 2579 1439 2628 imparium
1467 2591 1525 2615 re-

463 2638 572 2674 sultat
593 2638 612 2658 '¹‘
632 2637 767 2673 eadem
791 2636 915 2672 forma
941 2634 980 2671 in
1007 2633 1187 2679 numeris,
1208 2632 1346 2668 scilicet
1363 2632 1524 2680 quadra-

462 2698 556 2727 tum.
576 2691 651 2727 Per
678 2688 912 2726 additionem
940 2695 1068 2723 autem
1095 2685 1257 2734 parium,
1288 2696 1441 2733 semper
1467 2697 1524 2721 re-

462 2744 573 2780 sultat
601 2743 750 2780 diversa
769 2742 901 2789 figura.
923 2741 1027 2776 Nam
1053 2739 1084 2775 si
1110 2738 1257 2787 primus
1284 2750 1364 2786 par,
1386 2737 1525 2774 scilicet

464 2797 552 2843 duo,
569 2796 754 2834 addantur
769 2795 789 2815 ²1²
804 2793 948 2840 unitati,
965 2791 1156 2839 consurgit
1173 2790 1368 2838 ternarius,
1385 2790 1450 2839 qui
1470 2797 1525 2827 est

463 2850 607 2897 figurae
635 2848 840 2893 trilaterae:
870 2846 900 2882 si
929 2852 1056 2882 autem
1084 2843 1172 2880 huic
1201 2843 1362 2880 addatur
1390 2855 1523 2880 secun-

464 2903 534 2940 dus
561 2914 642 2950 par,
663 2900 802 2938 scilicet
829 2898 1109 2948 quaternarius,
1137 2895 1326 2943 consurgit
1353 2903 1524 2945 septena-

463 2956 551 3003 rius,
577 2954 642 3003 qui
671 2961 726 2990 est
763 2953 905 3000 figurae
942 2951 1197 2999 heptagonae:
1229 2956 1265 2985 et
1293 2948 1346 2985 sic
1373 2961 1525 2997 semper

462 3008 629 3046 variatur
647 3007 767 3054 figura
796 3016 1045 3042 numerorum
1075 3015 1120 3039 ex
1142 3001 1331 3039 additione
1360 3001 1522 3050 parium.

464 3063 512 3099 Et
531 3062 605 3097 hoc
622 3060 773 3097 videtur
792 3070 873 3094 esse
894 3057 1043 3104 signum
1063 3055 1168 3103 quod
1186 3054 1423 3091 uniformitas
1441 3066 1525 3102 per-

464 3115 555 3151 tinet
575 3115 595 3134 *
615 3114 663 3150 ad
690 3122 894 3149 numerum
923 3109 1122 3158 imparem,
1148 3107 1371 3144 difformitas
1399 3114 1525 3143 autem

465 3175 501 3204 et
527 3166 689 3204 varietas
709 3173 745 3201 et
773 3163 962 3200 infinitum
989 3161 1177 3211 pertinent
1201 3162 1221 3182 Ψ·
1245 3160 1293 3197 ad
1321 3171 1526 3197 numerum

465 3232 609 3269 parem.
649 3219 698 3255 Et
733 3218 808 3254 hoc
845 3223 901 3252 est
933 3215 1036 3264 quod
1074 3214 1178 3251 dicit:
1209 3213 1357 3260 signum
1393 3212 1525 3260 huius,

467 3273 604 3309 scilicet
641 3270 744 3320 quod
782 3268 970 3306 infinitum
1009 3274 1187 3315 sequatur
1219 3278 1423 3303 numerum
1460 3277 1526 3314 pa-

467 3338 560 3371 rem,
582 3332 636 3361 est
664 3325 738 3360 hoc
758 3323 862 3372 quod
891 3320 1070 3368 contingit
1095 3319 1132 3356 in
1161 3319 1346 3356 numeris:
1367 3319 1525 3355 circum-

462 3378 590 3425 positis
618 3377 716 3414 enim
744 3375 1015 3426 gnomonibus,
1046 3373 1141 3410 idest
1173 3371 1342 3410 numeris
1370 3371 1524 3418 additis,

226 2326 234 2332 '
250 2324 326 2350 impar
345 2328 394 2343 om,
407 2327 436 2343 ru

223 2357 268 2378 upa
282 2353 303 2371 ct
318 2355 332 2370 α
343 2349 363 2370 b.

223 2647 231 2656 ⁸
247 2647 321 2666 restat
334 2651 355 2666 r.

224 2803 234 2811 ⁸
254 2802 358 2823 addatur
376 2807 436 2823 uzon

224 2835 294 2850 Luxu.

225 3124 233 3133 ⁸
243 3123 361 3150 pertineat
370 3121 438 3142 codd.

228 3155 267 3170 cx·
298 3155 303 3159 ⁴

226 3177 235 3185 ⁸
244 3155 361 3202 pidrisneat
369 3174 437 3195 codd.

227 3207 276 3223 exe.
289 3207 327 3223 m.

523 3497 548 3531 β)
565 3499 760 3531 progressionis
780 3498 919 3523 naturalis.
933 3497 1157 3530 -progressionis
1172 3495 1314 3520 numeralis
1331 3495 1412 3520 PRsX
1433 3500 1458 3519 et
1477 3495 1528 3519 b.-

470 3533 526 3557 Lin.
541 3541 595 3565 seq.
609 3542 655 3565 pro
676 3534 829 3565 inquantum
849 3534 927 3558 semel
946 3541 1026 3557 unum
1046 3535 1084 3557 est
1104 3539 1192 3561 unum,
1213 3531 1368 3563 inquantum
1389 3538 1469 3555 tanum
1489 3533 1527 3555 est

470 3569 553 3592 solum
574 3576 653 3592 unum
673 3569 724 3598 ΡΤ,
741 3569 894 3600 inquantum
914 3568 959 3593 sil'
979 3568 1090 3598 (simul)
1111 3575 1190 3592 unum
1210 3569 1249 3592 est
1269 3573 1348 3591 unum
1369 3566 1426 3590 edd.
1441 3565 1491 3591 ab.

1069 283 1415 322 PHYsmoaUM
1441 252 1791 318 Amsro‘rELls
1821 281 1914 317 ΜΒ.
1945 280 1995 316 111

1566 360 1667 396 circa
1696 371 1824 405 unum,
1845 358 1941 395 idest
1969 358 2068 395 circa
2095 358 2300 406 unitatem,
2330 364 2367 395 et
2391 364 2512 405 extra,
2532 358 2629 396 idest

1567 412 1665 449 circa
1702 412 1795 449 alios
1827 423 2028 458 numeros,
2060 411 2262 459 aliquando
2297 412 2444 460 quidem
2467 412 2520 459 fit
2551 411 2627 448 alia

1565 465 1715 513 species,
1735 465 1831 502 idest
1849 464 1921 501 alia
1940 464 2062 501 forma
2082 464 2298 510 numeralis,
2319 464 2458 501 scilicet
2475 477 2544 513 per
2563 464 2628 502 ad-

1568 517 1752 555 ditionem
1780 517 1930 555 numeri
1957 517 2076 566 paris;
2102 517 2303 565 aliquando
2332 522 2456 554 autem
2473 518 2527 565 fit
2552 529 2628 554 una

1566 571 1720 619 species,
1750 571 1888 608 scilicet
1914 582 1983 619 per
2010 570 2244 608 additionem
2281 569 2430 607 numeri
2461 569 2628 619 imparis.

1569 625 1618 660 Et
1645 623 1699 660 sic
1725 631 1828 672 patet
1862 635 1977 672 quare
2007 624 2240 672 Pythagoras
2274 635 2435 660 numero
2468 622 2549 671 pari
2577 629 2629 660 at-

1569 675 1738 713 tribuerit
1751 677 1770 698 *
1785 676 2020 714 infinitatem.
2657 679 2673 727 ζ,
2682 679 2792 727 garum
2813 686 2873 702 ΡΜ

1624 730 1731 766 Plato
1752 737 1879 766 autem
1899 729 2123 766 attribuebat
2139 730 2158 751 ’³‘
2174 729 2322 767 duabus
2344 727 2545 775 radicibus,
2562 727 2631 764 sci·
2658 722 2873 780 gfssgibuftwm

1570 781 1656 818 licet
1680 794 1819 830 magno
1840 790 1877 819 et
1902 794 2039 831 parvo:
2060 783 2155 819 haec
2183 781 2286 819 enim
2315 781 2392 819 duo
2421 780 2632 818 secundum

1571 834 1696 883 ipsum
1726 843 1813 872 sunt
1841 847 1886 871 ex
1912 842 2018 883 parte
2038 835 2230 883 materiae,
2251 834 2311 871 cui
2340 834 2521 883 competit
2548 833 2633 871 infi-

1572 896 1705 925 nitum.

1627 941 1662 978 8.
1683 939 1832 978 Deinde
1854 952 1942 977 cum
1962 940 2066 978 dicit:
2092 940 2166 982 Qui
2182 945 2307 977 autem
2328 940 2374 977 de
2393 944 2530 986 natura
2550 946 2632 987 ete.‚

1573 993 1680 1042 ponit
1707 993 1906 1042 opiniones
1925 993 2153 1030 naturalium
2172 993 2490 1042 philosophorum
2512 993 2559 1030 de
2577 992 2634 1029 in-

1573 1046 1693 1084 finito.
1716 1046 1923 1084 Sciendum
1953 1054 2008 1083 est
2036 1058 2125 1094 ergo
2151 1046 2255 1094 quod
2285 1057 2420 1082 omnes
2448 1046 2635 1082 naturales

1573 1098 1803 1148 philosophi,
1825 1099 1889 1148 qui
1908 1099 2047 1137 scilicet
2066 1098 2279 1135 naturaliter
2297 1097 2481 1147 principia
2509 1109 2635 1134 rerum

1574 1153 1822 1200 tradiderunt,
1843 1152 2015 1190 dixerunt
2042 1151 2145 1200 quod
2166 1150 2354 1188 infinitum
2383 1162 2462 1187 non
2491 1157 2546 1187 est
2567 1162 2637 1199 per

1576 1217 1616 1242 se
1631 1205 1849 1251 subsistens,
1870 1205 1966 1241 sicut
1984 1216 2098 1252 supra
2112 1205 2132 1225 *
2148 1203 2290 1241 dictum
2311 1210 2382 1250 est;
2407 1203 2475 1240 sed
2489 1210 2638 1252 ponunt
2663 1206 2675 1218 ⁶
2688 1205 2759 1230 Num·
2773 1212 2797 1234 5-

1576 1258 1767 1295 infinitum
1797 1270 1877 1294 esse
1906 1257 2082 1294 accidens
2111 1255 2265 1293 alicuius
2302 1263 2458 1293 naturae
2487 1255 2521 1292 ei
2550 1268 2637 1304 sup-

1576 1311 1733 1360 positae.
1774 1310 1851 1357 Qui
1880 1322 1968 1357 ergo
2006 1316 2216 1358 posuerunt
2247 1321 2369 1346 unum
2407 1308 2637 1358 principium

1577 1371 1723 1400 tantum
1752 1362 1965 1409 materiale,
1996 1362 2267 1411 quodcumque
2304 1362 2369 1409 sit,
2401 1363 2447 1399 de
2475 1373 2638 1399 numero

1579 1428 1713 1453 eorum
1734 1427 1832 1465 quae
1851 1416 2026 1453 dicuntur
2041 1416 2238 1462 elementa,
2255 1414 2334 1452 sive
2355 1426 2420 1451 aer
2438 1414 2518 1452 sive
2539 1426 2639 1463 aqua

1579 1469 1658 1506 sive
1696 1468 1837 1518 aliquid
1873 1469 2056 1515 medium,
2083 1468 2256 1505 dixerunt
2280 1467 2372 1505 illud
2406 1479 2487 1504 esse
2515 1467 2640 1504 infini-

1578 1530 1671 1559 tum.
1693 1522 1770 1568 Qui
1797 1533 1891 1559 vero
1916 1522 2086 1558 fecerunt
2103 1522 2211 1571 plura
2240 1521 2428 1558 elementa
2447 1520 2515 1557 sed
2532 1519 2640 1557 finita

1579 1575 1791 1612 secundum
1820 1586 2037 1622 numerum,
2064 1575 2188 1612 nullus
2220 1586 2354 1611 eorum
2382 1572 2509 1622 posuit
2536 1572 2640 1622 quod

1581 1628 1768 1664 elementa
1796 1635 1920 1664 essent
1951 1627 2097 1664 infinita
2130 1627 2341 1664 secundum
2370 1625 2638 1675 quantitatem:

1579 1680 1660 1729 ipsa
1689 1680 1791 1717 enim
1821 1680 2006 1717 distinctio
2036 1681 2314 1718 elementorum
2339 1678 2557 1716 contrariari
2584 1679 2642 1716 vi-

1581 1734 1740 1770 debatur
1767 1733 1940 1770 infinitati
1977 1733 2172 1782 utriusque
2207 1745 2351 1770 eorum.
2384 1732 2461 1769 Sed
2493 1731 2543 1768 illi
2576 1731 2640 1780 qui

1579 1787 1748 1823 fecerunt
1774 1786 1920 1823 infinita
1948 1787 2158 1823 secundum
2187 1797 2407 1832 numerum,
2438 1784 2567 1821 dicunt
2595 1796 2640 1821 ex

1580 1839 1759 1876 omnibus
1787 1838 1855 1875 illis
1882 1838 2036 1875 infinitis
2065 1838 2145 1876 fieri
2177 1838 2374 1887 quoddam
2406 1849 2529 1875 unum
2557 1837 2641 1874 infi-

1579 1892 1700 1929 nitum
1728 1904 1797 1940 per
1825 1899 2053 1928 contactum.

1633 1958 1668 1993 9.
1699 1946 1748 1981 Et
1775 1944 1813 1981 hi
1842 1945 1992 1981 fuerunt
2026 1946 2271 1991 Anaxagoras
2305 1951 2341 1979 et
2376 1942 2638 1980 Democritus:

1579 1998 1643 2047 qui
1662 1998 1700 2035 in
1720 1998 1870 2034 duobus
1890 1997 2125 2035 differebant.
2151 1996 2279 2033 Primo
2300 1996 2456 2044 quidem
2474 1995 2514 2033 in
2533 1995 2641 2044 quid-

1579 2051 1691 2088 ditate
1710 2050 1984 2099 principiorum
2005 2049 2258 2086 infinitorum:
2287 2061 2378 2085 nam
2396 2050 2642 2096 Anaxagoras

1576 2104 1704 2151 posuit
1731 2103 1791 2140 illa
1818 2102 1964 2140 infinita
1988 2102 2171 2151 principia
2200 2114 2280 2138 esse
2310 2101 2474 2138 infinitas
2499 2101 2640 2138 similes

1576 2164 1714 2205 partes,
1733 2163 1775 2192 ut
1795 2157 1814 2177 ss
1839 2156 1960 2192 carnis
1980 2163 2015 2191 et
2034 2155 2129 2191 ossis
2158 2162 2193 2191 et
2224 2154 2463 2200 huiusmodi;
2497 2155 2641 2190 Demo·
2669 2163 2678 2172 ·
2692 2164 2832 2187 neom-m.

1579 2209 1691 2245 critus
1715 2216 1844 2245 autem
1862 2208 1990 2256 posuit
2009 2209 2029 2229 ’¹‘
2047 2207 2267 2244 huiusmodi
2294 2206 2440 2243 infinita
2457 2205 2641 2255 principia
2669 2209 2891 2258 Jgfflmmm

1579 2274 1661 2298 esse
1694 2261 1934 2298 indivisibilia
1963 2272 2143 2309 corpora,
2183 2259 2393 2296 differentia
2429 2259 2641 2296 secundum
2741 2252 2748 2261 ⁸

1578 2315 1739 2362 figuras;
1774 2326 1871 2363 quae
1904 2313 2060 2362 quidem
2100 2324 2260 2361 corpora
2297 2313 2446 2350 dicebat
2473 2325 2555 2349 esse
2583 2324 2641 2349 se-

1579 2367 1683 2404 mina
1710 2367 1823 2404 totius
1850 2374 2018 2403 naturae.
2038 2366 2123 2402 Alia
2151 2365 2361 2402 differentia
2380 2372 2437 2402 est
2455 2372 2640 2413 quantum

1579 2421 1628 2457 ad
1646 2420 1908 2457 habitudinem
1937 2420 2075 2456 horum
2100 2418 2373 2467 principiorum
2393 2417 2443 2454 ad
2461 2417 2638 2454 invicem.

1578 2474 1822 2520 Anaxagoras
1856 2472 1958 2508 enim
1977 2473 1996 2493 '¹‘
2020 2471 2111 2508 dixit
2148 2471 2252 2520 quod
2285 2470 2474 2519 quaelibet
2500 2470 2637 2507 harum
2667 2478 2768 2527 grgxueaeg·
2778 2484 2880 2505 *mum
2919 2477 2922 2478 ’

1577 2525 1743 2574 partium
1763 2525 1994 2562 infinitarum
2015 2532 2112 2561 esset
2136 2523 2342 2561 commixta
2362 2523 2523 2570 cuilibet,
2544 2522 2639 2559 sicut
2755 2519 2763 2526 ’

1579 2579 1683 2627 quod
1709 2578 1748 2615 in
1775 2578 1942 2626 qualibet
1968 2585 2073 2626 parte
2102 2577 2223 2613 carnis
2252 2583 2350 2613 esset
2382 2588 2425 2613 os
2454 2583 2490 2612 et
2509 2587 2529 2612 e
2549 2587 2639 2612 con-

1577 2643 1703 2678 verso,
1720 2638 1756 2667 et
1770 2630 1939 2667 similiter
1957 2630 2005 2667 de
2025 2629 2115 2667 aliis.
2137 2630 2185 2666 Et
2207 2630 2282 2666 hoc
2300 2629 2399 2676 ideo,
2411 2628 2499 2677 quia
2515 2627 2639 2665 vidit*
2666 2635 2675 2644 ·
2689 2634 2770 2658 viden*
2783 2641 2798 2657 ι»

1579 2683 1684 2733 quod
1703 2683 1898 2732 quodlibet
1925 2683 1967 2719 fit
1987 2695 2031 2719 ex
2051 2683 2237 2731 quolibet3
2267 2690 2304 2719 et
2332 2694 2420 2718 cum
2441 2681 2640 2718 crederet*
2665 2689 2674 2697 ·
2689 2687 2823 2710 amam
2837 2695 2859 2710 ν-

1578 2737 1683 2786 quod
1707 2749 1822 2773 omne
1855 2736 1960 2785 quod
1979 2736 2022 2772 fit
2041 2748 2086 2773 ex
2114 2736 2252 2784 aliquo,
2274 2742 2329 2772 est
2351 2735 2391 2772 in
2416 2746 2474 2781 eo,
2490 2734 2639 2782 syllogi—

1578 2789 1678 2826 zavit
1705 2790 1810 2839 quod
1837 2789 2032 2837 quodlibet
2055 2789 2101 2825 sit
2129 2788 2166 2825 in
2190 2788 2358 2837 quolibet
2373 2793 2398 2824 ⁷.
2421 2788 2469 2824 Et
2498 2798 2543 2823 ex
2563 2788 2646 2837 hoc(
2763 2799 2780 2824 τ

1576 2843 1726 2880 videtur
1753 2842 1833 2891 ipse
1853 2842 2042 2879 affirmare
2071 2842 2175 2890 quod
2195 2841 2398 2890 aliquando
2424 2852 2560 2877 omnes
2579 2851 2639 2877 res

1580 2903 1686 2932 erant
1713 2895 1825 2932 simul
1864 2895 2044 2932 confusae
2074 2894 2336 2941 adinvicem,
2366 2901 2403 2930 et
2433 2892 2524 2930 nihil
2561 2899 2641 2929 erat

1581 2948 1795 2985 distinctum
1824 2948 1872 2984 ab
1900 2948 1985 2984 alio.
2007 2947 2114 2984 Sicut
2142 2947 2243 2984 enim
2263 2947 2357 2984 haec
2385 2958 2472 2982 caro
2502 2951 2538 2981 et
2565 2945 2640 2982 hoc

1580 3014 1623 3038 os
1653 3001 1948 3038 commiscentur
1966 3000 2014 3037 ad
2034 3000 2209 3046 invicem,
2230 2999 2336 3048 quod
2359 2998 2640 3036 demonstratur

1579 3066 1647 3103 per
1674 3053 1956 3101 generationem
1985 3065 2119 3090 eorum
2139 3054 2188 3090 ad
2211 3052 2375 3089 invicem
2399 3052 2431 3098 ³¹³,
2453 3051 2505 3087 sic
2525 3050 2638 3088 etiam
2665 3057 2726 3104 2052
2739 3055 2882 3105 gg-„gusst

1582 3107 1725 3144 estssde
1745 3106 1914 3155 quolibet
1933 3105 2018 3142 alio.
2040 3106 2182 3142 Omnia
2204 3105 2315 3153 igitur
2338 3103 2540 3153 aliquando
2561 3104 2639 3141 fue-
2665 3099 2793 3157 {veg'bomJ
2809 3098 2880 3132 ⁴0¹³?

1582 3167 1667 3196 runt
1694 3159 1817 3196 simul.
1839 3159 1907 3195 Est
1927 3158 2027 3195 enirn
2056 3158 2226 3207 accipere
2249 3157 2476 3207 principium
2501 3157 2639 3206 disgre-
2743 3150 2750 3156 ’

1581 3212 1740 3260 gationis
1768 3224 1846 3248 non
1874 3212 1999 3248 solum
2027 3211 2065 3248 in
2089 3211 2215 3260 aliquo
2244 3223 2336 3258 uno,
2357 3211 2423 3247 sed
2451 3210 2490 3247 in
2518 3209 2639 3248 omni-

1582 3266 1652 3302 bus
1673 3264 1799 3302 simul:
1820 3264 1925 3314 quod
1945 3264 1997 3301 sic
2015 3264 2201 3313 probabat
2215 3264 2247 3301 ²¹¹.
2270 3263 2387 3310 Quod
2407 3263 2510 3300 enim
2533 3263 2576 3300 fit
2595 3274 2641 3299 ex
2667 3271 2880 3319 mahummet

1581 3318 1675 3364 alio,
1706 3324 1784 3355 erat
1810 3317 1914 3366 prius
1942 3317 1975 3354 ei
2006 3316 2276 3364 commixtum,
2298 3324 2333 3353 et
2360 3317 2550 3366 per*hoc
2576 3316 2639 3362 fit,
2668 3313 2789 3352 'p'ropter
2801 3330 2882 3350 οιοαι

1580 3370 1685 3420 quod
1723 3378 1938 3419 segregatur
1965 3371 2013 3407 ab
2053 3383 2120 3417 eo;
2149 3370 2218 3407 sed
2247 3369 2378 3407 omnia
2411 3369 2527 3417 fiunt,
2557 3367 2642 3405 licet

1634 3495 1660 3527 γ)
1680 3494 1880 3527 syllogizavit...
1900 3493 2048 3526 quolibet.—-
2061 3493 2102 3518 LS
2121 3493 2188 3518 idem
2208 3493 2279 3518 aliter
2295 3493 2452 3525 exprimunt:
2471 3498 2509 3517 ex
2526 3491 2575 3516 hoc
2591 3491 2642 3516 sibi

1582 3529 1721 3555 videbatur·
1743 3530 1816 3562 sequi
1835 3527 1922 3563 (quod
1950 3529 2007 3554 add.
2027 3527 2060 3562 S)
2079 3535 2116 3553 ex
2135 3528 2161 3552 vi
2184 3527 2404 3562 syllogizatIonis,
2419 3527 2490 3560 quod
2507 3526 2641 3559 quodlibet

1574 3566 1611 3598 fit
1631 3563 1676 3598 (sit
1695 3565 1741 3597 sL)
1763 3565 1788 3589 in
1808 3563 2008 3597 quolibet—fit
2026 3563 2121 3588 habent
2135 3563 2211 3588 etiam
2230 3562 2368 3594 ADlKQT,
2388 3565 2427 3588 est
2445 3561 2546 3587 ORYZ.

2669 3356 2894 3379 mmmm-upon..
2928 3367 2929 3370 ,
