2898 3996
231 747 240 754 ¹·
257 744 316 765 enim
329 749 367 765 m.

231 846 239 854 ·
252 850 281 865 ex
295 850 342 865 om.
350 848 440 870 aesopi·-

231 876 246 906 ς’
249 886 355 923 'pertinet
372 894 439 916 codd.

231 928 282 944 exc.
295 927 400 943 Αῡῑῡικκ.

232 1002 240 1009 ·
251 998 373 1027 prooemio
387 1005 408 1020 Ρ.

230 1027 250 1035 ”·
258 1025 288 1046 Ca
308 1031 331 1050 .1,
338 1030 381 1050 n.4
389 1030 439 1052 sqq.

231 1062 242 1067 ··
251 1051 275 1073 S.
284 1031 328 1072 Ῥη
343 1051 394 1072 lect.
407 1057 422 1071 1.

231 1077 282 1098 ‘Ca
301 1083 354 1103 ‚xv‚
368 1082 441 1104 n.5.-

234 1104 259 1125 S.
267 1084 380 1129 ffl.‚1ect.
395 1109 425 1123 xx
433 1118 439 1129 ,

232 1136 293 1150 num.
305 1135 330 1150 u.

232 1159 240 1165 ·
249 1156 298 1177 Lib.
307 1155 336 1182 V,
347 1155 398 1176 lect.
405 1160 438 1180 nt,

232 1187 295 1203 num.
303 1187 324 1208 7.

231 1475 239 1483 ·
254 1473 324 1495 Num.
339 1480 387 1502 seq.

232 1528 239 1535 ·
252 1525 330 1553 primo
346 1532 393 1547 om.
412 1531 440 1547 81>

230 1558 357 1574 treunovz.

233 1633 240 1640 '
250 1633 285 1651 est
296 1631 331 1652 ed.
345 1636 359 1651 a
370 1634 392 1651 et
401 1636 441 1651 co-

231 1657 293 1678 dices
303 1663 351 1678 exc.
362 1662 426 1678 ucri..

233 1843 239 1850 ”
251 1843 274 1862 et
283 1846 330 1862 om.
342 1846 438 1861 nor-ami.

467 290 543 335 344

468 366 578 403 Circa
596 365 762 414 primum
782 362 925 400 inducit
942 363 1055 399 talem
1076 361 1272 398 rationem.
1290 361 1420 397 Sciens
1440 373 1519 397 ma-

466 419 567 455 xime
596 417 729 454 dicitur
755 416 806 452 ad
832 415 982 463 aliquid,
1013 414 1150 451 scilicet
1177 414 1224 450 ad
1253 413 1392 460 scibile,
1415 413 1520 449 cuius

468 470 682 507 assimilatio
711 469 749 505 in
778 468 928 515 sciente,
949 466 1101 504 scientia
1121 473 1185 502 est.
1207 466 1293 502 Hoc
1320 473 1447 502 autem
1468 465 1521 501 sic

466 524 612 572 probat.
639 523 681 558 In
708 521 811 557 nullo
839 520 912 556 alio
940 531 1076 567 genere
1092 517 1298 565 gcontingit
1324 517 1428 566 quod
1457 517 1520 553 ali·

468 575 558 623 quid
587 575 634 611 de
661 584 764 610 novo
793 571 969 609 adveniat
1005 571 1114 607 alicui
1142 571 1287 619 absque
1324 570 1404 606 eius
1437 581 1520 605 mu-

467 627 617 670 tatione,
638 626 708 662 nisi
727 625 765 661 in
784 625 832 662 ad
852 624 1006 672 aliquid:
1027 624 1070 660 fit
1085 623 1188 659 enim
1208 622 1347 670 aliquid
1364 622 1519 669 aequale

468 679 587 725 alicui,
608 678 690 726 ipso
718 690 795 714 non
819 675 980 722 mutato,
1001 676 1068 712 sed
1096 676 1224 712 altero.
1245 675 1429 711 Videmus
1457 685 1521 710 au-

467 730 698 779 temtquod
725 731 826 766 nulla
854 728 1061 765 mutatione
1089 728 1185 764 facta
1213 727 1251 763 in
1278 726 1444 775 potentia
1468 726 1521 762 in-

466 783 662 829 tellectiva,
683 783 726 819 fit
744 781 907 828 scientia,
923 781 990 817 sed
1010 781 1134 817 solum
1154 780 1332 816 existente
1351 779 1520 828 quodam

467 836 504 872 in
519 835 695 872 sensitiva
713 842 833 883 parte:
855 834 942 882 quia
957 833 1094 869 scilicet
1113 834 1186 868 ex*e
1197 832 1424 880 experientia
1437 843 1521 880 par-

466 887 688 934 ticularium,
706 899 802 935 quae
822 886 1006 934 pertinent
1021 885 1040 905 '⁴⁵
1055 885 1104 922 ad
1125 885 1342 922 sensitivam
1361 891 1520 932 partem,

467 940 672 988 accipimus
700 939 892 975 scientiam
925 937 1146 974 universalis
1179 937 1217 973 in
1245 937 1452 983 intellectu,
1482 943 1523 973 ut

465 994 645 1042 probatur
673 991 710 1027 in
740 993 752 1027 I
785 992 803 1012 ’¹‘
830 991 1043 1038 Metaphys.
1075 991 1116 1011 ’³²³⁵
1150 997 1185 1026 et
1212 990 1250 1026 in
1279 991 1310 1026 II
1340 989 1522 1026 Posterio-

467 1057 562 1082 rum.
581 1046 600 1066 ’ὅ
617 1045 715 1080 Cum
735 1043 843 1090 igitur
861 1043 899 1079 in
926 1043 975 1079 ad
1003 1042 1142 1092 aliquid
1162 1055 1240 1080 non
1259 1041 1306 1079 sit
1324 1049 1462 1089 motus,
1482 1049 1524 1078 ut

467 1109 579 1146 supra
595 1099 614 1118 ⁴⁴
627 1097 830 1145 probatum
860 1103 924 1142 est,
946 1095 1114 1144 sequitur
1141 1095 1245 1144 quod
1273 1107 1351 1132 non
1371 1095 1416 1132 sit
1435 1095 1522 1132 alte-

467 1150 559 1186 ratio
587 1149 626 1185 in
654 1148 870 1196 acceptione
899 1148 1086 1185 scientiae.

519 1203 554 1238 6.
576 1201 722 1238 Deinde
753 1213 840 1237 cum
869 1200 973 1237 dicit:
1001 1201 1136 1249 Neque
1164 1201 1279 1250 igitur
1305 1206 1409 1237 actus
1438 1207 1519 1246 etc.,

466 1254 627 1291 ostendit
654 1254 758 1302 quod
795 1266 874 1290 non
901 1253 947 1289 sit
973 1253 1010 1290 in
1038 1261 1143 1302 parte
1177 1253 1401 1290 intellectiva
1434 1253 1522 1289 alte-

466 1307 571 1354 ratio,
591 1307 629 1343 in
653 1306 814 1355 speciali.
841 1307 889 1342 Et
914 1306 1038 1354 primo
1063 1313 1248 1354 quantum
1276 1306 1325 1342 ad
1354 1305 1523 1342 conside-

468 1359 652 1396 rationem
671 1360 746 1395 iam
774 1358 945 1395 habentis
969 1359 1175 1405 scientiam,
1196 1370 1294 1407 quae
1323 1365 1378 1394 est
1405 1357 1523 1394 scien-

466 1412 538 1449 tiae
565 1424 672 1457 usus;
693 1412 859 1448 secundo
880 1419 1062 1459 quantum
1091 1411 1140 1447 ad
1158 1411 1321 1459 primam
1345 1410 1523 1447 scientiae

468 1465 747 1513 acceptionem,
776 1464 844 1500 ibi:
879 1464 982 1505 Quae
1000 1469 1124 1500 autem
1144 1475 1193 1499 ex
1213 1463 1401 1511 principio
1417 1465 1436 1482 ⁴*
1453 1470 1522 1500 etc.

467 1517 566 1554 Dicit
594 1529 681 1564 ergo
701 1517 824 1565 primo
845 1517 875 1562 *,
896 1517 1000 1563 quod
1029 1528 1073 1552 ex
1102 1527 1178 1563 quo
1199 1515 1237 1551 in
1255 1523 1360 1564 parte
1381 1516 1523 1552 intelle-

469 1569 565 1606 ctiva
592 1582 670 1606 non
691 1577 746 1605 est
773 1568 952 1616 alteratio,
973 1581 1051 1605 non
1069 1575 1194 1617 potest
1211 1568 1284 1605 dici
1312 1569 1418 1616 quod
1442 1568 1522 1617 ipse

467 1629 570 1658 actus
585 1621 772 1667 scientiae,
793 1620 856 1669 qui
877 1628 931 1657 est
950 1621 1213 1667 consideratio,
1234 1621 1521 1669 sit*generatio,

466 1674 536 1710 nisi
565 1674 675 1710 etiam
705 1674 836 1721 aliquis
875 1673 972 1711 dicat
1000 1674 1105 1722 quod
1142 1673 1301 1710 exterior
1337 1674 1522 1723 inspectio

466 1726 575 1773 oculi,
606 1734 641 1762 et
667 1726 793 1774 ipsum
820 1734 990 1774 tangere,
1018 1727 1090 1763 sint
1123 1726 1383 1774 generationes
1411 1739 1525 1776 quae-

467 1779 567 1816 dam.
590 1779 693 1815 Sicut
713 1778 928 1816 enim-visio
959 1786 1014 1816 est
1032 1786 1137 1816 actus
1156 1779 1300 1816 visivae
1320 1780 1524 1828 potentiae,

467 1839 502 1868 et
515 1839 665 1879 tangere
688 1839 741 1868 est
764 1839 868 1868 actus
887 1833 1046 1869 tactivae
1065 1831 1268 1881 potentiae,
1289 1832 1338 1868 ita
1358 1833 1423 1869 et*
1435 1844 1524 1869 con-

466 1884 639 1921 sideratio
669 1892 724 1921 est
751 1892 856 1921 actus
889 1885 1080 1932 potentiae
1117 1884 1381 1922 intellectivae.
1408 1887 1525 1922 Actus

467 1945 593 1974 autern
621 1950 699 1974 non
728 1937 816 1974 dicit
844 1938 1126 1985 generationem
1155 1937 1310 1974 alicuius
1342 1937 1525 1986 principii,

466 1990 533 2026 sed
568 1990 687 2037 magis
724 2002 946 2038 processum
975 2002 997 2027 a
1023 1989 1209 2039 principio
1243 1990 1380 2027 activo.
1414 1990 1527 2027 Unde

466 2042 590 2091 ipsum
617 2042 820 2090 intelligere
849 2055 926 2080 non
955 2050 1010 2080 est
1037 2042 1226 2091 generatio
1255 2043 1317 2080 vel
1346 2043 1524 2080 alteratio.

467 2096 616 2132 Tamen
646 2095 736 2132 nihil
771 2096 948 2144 prohibet
985 2095 1151 2144 aliquem
1179 2103 1307 2132 actum
1345 2095 1526 2144 consequi

466 2148 748 2195 generationem
775 2149 837 2186 vel
866 2148 1144 2194 alterationem;
1174 2148 1268 2201 sicut
1295 2148 1343 2185 ad
1372 2160 1526 2195 genera-

466 2200 607 2237 tionem
622 2206 636 2224 '1
650 2201 743 2248 ignis
758 2201 926 2249 sequitur
944 2202 1049 2249 quod
1070 2201 1271 2237 calefaciat.
1293 2201 1341 2237 Et
1359 2200 1527 2237 similiter

467 2254 514 2290 ad
529 2252 832 2290 immutationem
847 2266 980 2290 sensus
995 2266 1017 2290 a
1036 2253 1200 2290 sensibili
1215 2253 1383 2302 sequitur
1400 2253 1526 2302 ipsum

465 2306 595 2343 videre
622 2306 683 2343 vel
711 2313 873 2354 tangere.

521 2371 556 2407 7.
577 2358 723 2395 Deinde
753 2371 841 2395 cum
879 2358 982 2395 dicit:
1018 2359 1123 2400 Quae
1159 2364 1282 2395 autem
1311 2370 1361 2394 ex
1381 2359 1524 2406 princi—

461 2412 527 2459 pio
547 2419 628 2458 etc.,
650 2412 812 2448 ostendit
830 2411 935 2460 quod
954 2411 991 2447 in
1011 2411 1230 2460 acceptione
1251 2411 1428 2447 scientiae
1447 2423 1526 2447 non

469 2472 523 2500 est
549 2464 737 2512 generatio
765 2465 827 2501 vel
855 2463 1034 2501 alteratio.
1057 2463 1255 2512 Quidquid
1279 2463 1379 2501 enim
1409 2463 1523 2500 adve-

423 2550 431 2556 ,
467 2516 520 2553 nit
547 2517 654 2553 alicui
682 2529 750 2565 per
777 2518 897 2553 solam
926 2516 1195 2564 quietationem
1220 2524 1257 2553 et
1283 2516 1525 2554 residentiam

236 2897 243 2902 ”
259 2894 282 2915 in
299 2895 377 2916 anima
392 2901 443 2916 nni

234 2921 286 2941 xab.

236 3000 243 3007 '
258 2998 381 3025 exemplum
392 2999 442 3020 rab.

468 2569 677 2617 aliquarum
713 2569 1039 2618 perturbationum
1079 2571 1142 2607 vel
1179 2569 1413 2616 motionum,
1447 2582 1526 2606 non

468 2622 619 2659 advenit
654 2634 723 2670 per
759 2622 1039 2670 generationem
1079 2630 1115 2659 et
1151 2621 1427 2658 alterationem:
1458 2622 1524 2659 sed

468 2675 631 2722 scientia,
652 2687 748 2722 quae
775 2682 830 2712 est
849 2674 1010 2723 cognitio
1032 2674 1274 2723 speculativa,
1296 2682 1332 2711 et
1358 2674 1523 2722 pruden-

468 2727 528 2773 tia,
549 2739 646 2775 quae
671 2735 725 2764 est
744 2728 836 2764 ratio
857 2727 1032 2776 practica,
1053 2727 1260 2765 adveniunt
1278 2727 1428 2764 animae
1455 2740 1525 2776 per

469 2780 736 2828 quietationem
766 2788 802 2816 et
829 2780 1068 2817 residentiam
1104 2780 1359 2829 corporalium
1387 2780 1524 2817 motio-

469 2844 561 2868 num
590 2840 626 2869 et
653 2833 884 2869 sensibilium
911 2833 1151 2882 passionum:
1181 2845 1259 2870 non
1288 2846 1377 2881 ergo
1406 2834 1524 2870 seien-

468 2884 517 2920 tia
546 2892 581 2921 et
607 2885 805 2933 prudentia
833 2885 1038 2923 adveniunt
1065 2886 1214 2922 animae
1236 2887 1255 2907 ’¹‘
1274 2899 1344 2935 per
1371 2898 1524 2934 genera-

469 2936 611 2973 tionem
629 2938 690 2974 vel
718 2938 987 2989 alterationem.
1007 2939 1069 2975 Ad
1087 2938 1199 2975 huius
1223 2947 1350 2976 autem
1370 2938 1524 2975 rationis

470 2989 808 3027 manifestationem
855 2991 1043 3038 subiungit
1087 2992 1261 3040 exempla
1288 2993 1319 3028 ²⁵.
1357 2993 1525 3028 Ponatur

470 3041 573 3089 quod
602 3041 732 3090 aliquis
760 3043 902 3079 habens
940 3043 1133 3080 scientiam
1162 3044 1326 3081 dormiat
1356 3045 1419 3082 vel
1446 3044 1525 3081 ine-

470 3093 610 3130 brietur
637 3102 700 3130 aut
727 3094 949 3142 infirmetur,
970 3096 1212 3133 manifestum
1234 3105 1288 3133 est
1317 3097 1422 3146 quod
1444 3109 1523 3134 non

469 3153 592 3193 potest
610 3146 662 3183 uti
690 3146 841 3184 scientia
861 3155 896 3184 et
915 3149 1060 3196 operari
1081 3149 1291 3186 secundum
1321 3161 1424 3186 eam:
1455 3150 1523 3187 sed

471 3198 709 3236 manifestum
738 3207 792 3236 est
810 3201 914 3248 quod
941 3201 1094 3248 quando
1119 3202 1349 3250 perturbatio
1377 3202 1524 3251 praedi-

472 3258 529 3287 cta
557 3251 721 3299 quiescit,
744 3259 779 3288 et
798 3264 906 3289 mens
934 3253 1027 3290 redit
1045 3254 1095 3291 ad
1123 3261 1261 3291 statum
1290 3267 1415 3301 suum,
1436 3261 1525 3291 tunc

523 3387 548 3417 ζ)
564 3388 593 3412 In
615 3389 684 3413 nullo
702 3389 755 3414 alio
773 3397 876 3422 genere.
890 3402 908 3409 -
924 3391 953 3415 In
973 3392 1045 3416 nullo
1070 3399 1135 3425 ergo
1153 3393 1206 3417 alio
1229 3399 1325 3425 genere
1347 3394 1382 3423 B,
1403 3393 1432 3417 In
1452 3394 1523 3418 nullo

471 3429 566 3453 genere
584 3423 618 3453 Ι),
640 3423 667 3447 In
684 3425 755 3449 nullo
772 3428 859 3450 autem
879 3432 975 3457 genere
994 3434 1082 3451 rerum
1102 3427 1156 3458 EG,
1173 3428 1202 3452 In
1222 3428 1293 3452 nullo
1307 3428 1360 3453 alio
1374 3434 1470 3460 genere
1483 3435 1523 3453 re-

473 3463 531 3480 rum
551 3457 578 3485 F.
594 3457 622 3481 In
642 3459 712 3483 nullo
731 3466 827 3491 genere
849 3466 938 3485 rerum
958 3461 1099 3486 l-lLNRSZ.

524 3490 550 3522 η)
570 3491 606 3515 ad
623 3494 855 3523 generationem—-
868 3501 905 3518 ex
922 3497 1091 3527 generatione
1110 3497 1264 3528 EFGHNR;
1283 3497 1320 3522 ad
1337 3504 1390 3521 om.
1410 3497 1524 3522 D.-Pro

473 3525 622 3583 ἱιὲἒεῖῗξὲαιε,
641 3528 761 3585 ἒαέᾳαείΐ
781 3528 812 3558 Ρ,
833 3529 902 3561 quod
921 3535 959 3554 est
979 3532 1100 3555 correctio
1125 3531 1239 3556 lectionis
1262 3532 1367 3564 calefiat
1390 3531 1412 3556 R
1430 3537 1455 3557 et
1473 3533 1524 3557 Ve-

609 3578 614 3589 ,
632 3568 638 3584 ι
682 3569 703 3585 2.

526 3591 549 3625 0)
570 3594 594 3618 in
615 3595 729 3620 sensibus
754 3597 929 3623 exterioribus
947 3602 973 3623 et
992 3599 1018 3624 in
1037 3600 1208 3626 sensibilibus.
1221 3614 1241 3620 -
1257 3601 1341 3626 solum
1361 3601 1387 3626 in
1406 3601 1523 3627 sensibus

1078 282 1422 320 PHYSICORUM
1449 282 1796 319 ARISTOTELIS
1826 283 1920 320 LIB.
1948 283 2017 320 VII

1574 367 1699 409 potest
1730 360 1783 396 uti
1811 360 1987 407 scientia,
2019 368 2055 398 et
2082 362 2294 399 secundum
2323 374 2408 399 eam
2437 374 2559 411 agere.
2589 363 2639 399 Et

1576 420 1704 449 tamen
1732 424 1811 448 non
1841 411 2003 449 dicimus
2030 414 2135 462 quod
2166 426 2254 451 cum
2282 414 2476 452 dormiens
2503 415 2638 452 excita-

1575 473 1648 511 tur,
1670 471 1735 500 aut
1755 464 1879 501 ebrius
1901 466 1920 484 ’¹‘
1945 465 2120 513 quiescit,
2150 474 2215 503 aut
2238 466 2387 504 animus
2413 467 2638 505 infirmantis

1575 517 1624 553 ad
1666 516 1835 553 debitum
1877 517 2052 555 ordinem
2079 530 2148 566 per
2189 518 2386 556 sanitatem
2421 519 2636 568 reducitur,

1576 569 1681 618 quod
1699 576 1788 606 tunc
1808 570 1926 607 factus
1950 570 1996 606 sit
2014 570 2147 618 sciens,
2168 571 2275 619 quasi
2295 570 2450 609 scientia
2465 571 2513 608 de
2532 583 2636 609 novo

1575 629 1751 670 generata
1770 622 1817 659 sit
1837 623 1856 644 ³⁵²
1875 622 1914 660 in
1932 622 2032 671 ipso;
2053 623 2141 672 quia
2169 623 2289 660 inerat
2317 623 2351 660 ei
2378 624 2546 672 potentia
2573 624 2638 661 ha-

1575 674 1723 711 bitualis
1751 675 1802 712 ad
1827 676 2100 725 congruitatem
2127 676 2313 722 scientiae,
2342 676 2439 714 idest
2459 683 2502 713 ut
2528 677 2638 714 redu-

1577 735 1722 764 ceretur
1741 728 1790 768 ad
1819 740 2028 776 congruum
2049 735 2186 765 statum
2207 740 2286 778 quo
2305 729 2359 765 uti
2378 729 2532 766 scientia
2547 741 2636 778 pos-

1577 787 1642 817 set.
1664 779 1764 816 Dicit
1791 788 1919 817 autem
1948 780 2053 829 quod
2071 781 2143 818 tale
2171 781 2313 829 aliquid
2341 781 2522 829 contingit
2549 793 2638 819 cum

1576 831 1709 880 aliquis
1724 832 1948 890 aprincipio
1969 833 2126 882 acquirit
2139 834 2345 871 scientiam.
2362 834 2521 872 Videtur
2535 834 2649 872 enim

1576 885 1651 921 hoc
1678 885 1760 921 fien
1787 897 1857 933 per
1882 886 1957 922 hoc
1985 887 2089 934 quod
2117 887 2159 923 fit
2183 886 2372 935 quaedam
2401 886 2580 935 quietatio
2599 894 2637 924 et

1577 937 1778 974 residentia
1805 938 2035 984 turbationis,
2056 938 2153 975 idest
2183 939 2482 976 inordinatarum
2501 939 2638 977 motio-

1577 1002 1688 1035 num;
1708 1001 1807 1039 quae
1826 989 1953 1038 pueris
1980 989 2117 1038 insunt,
2137 998 2219 1028 tum
2247 992 2458 1029 secundum
2487 1004 2636 1042 corpus,

1578 1042 1666 1091 quia
1694 1050 1827 1079 natura
1863 1049 1941 1079 tota
1970 1050 2025 1079 est
2052 1042 2090 1079 in
2118 1043 2327 1080 mutatione
2362 1051 2518 1093 propter
2548 1057 2637 1093 aug-

1578 1103 1767 1141 mentum3
1784 1102 1865 1131 tum
1881 1095 1995 1132 etiam
2015 1095 2226 1133 secundum
2240 1103 2388 1145 partem
2403 1096 2636 1145 sensitivam,

1578 1148 1666 1196 quia
1685 1148 1723 1184 in
1743 1147 1796 1184 eis
1814 1147 2011 1196 passiones
2031 1147 2287 1186 dominantur.
2308 1148 2419 1186 Unde
2438 1149 2514 1186 hoc
2531 1149 2638 1199 quod

1579 1200 1666 1238 dicit
1693 1201 1806 1249 quies,
1827 1207 1952 1249 potest
1979 1200 2107 1238 referri
2137 1201 2185 1238 ad
2221 1201 2476 1239 turbationem
2505 1214 2639 1252 corpo-

1578 1253 1663 1290 ralis
1691 1260 1831 1299 motus,
1851 1265 1950 1301 quae
1969 1253 2129 1302 quiescit
2146 1261 2280 1291 natura
2298 1254 2476 1292 veniente
2499 1256 2548 1292 ad
2567 1261 2639 1292 sta·
2694 1253 2698 1256 ’

1577 1314 1675 1342 tum:
1696 1305 1810 1354 -quod
1839 1313 1966 1342 autem
1987 1305 2075 1343 dicit
2101 1307 2298 1344 residentia
2313 1308 2345 1354 ³⁸²,
2365 1314 2490 1356 potest
2512 1306 2640 1344 referri

1578 1359 1626 1396 ad
1653 1358 1850 1407 passiones
1877 1358 1992 1407 partis
2015 1358 2228 1407 sensitivae,
2248 1371 2347 1409 quae
2374 1370 2454 1397 non
2480 1359 2640 1397 totaliter

1578 1411 1788 1460 quiescunt,
1808 1411 1875 1448 secl
1895 1411 2072 1456 resident;
2100 1423 2145 1448 ex
2172 1412 2247 1448 hoc
2275 1412 2414 1450 scilicet
2441 1412 2547 1462 quod
2575 1411 2648 1450 (19--

1577 1464 1793 1512 primuntur
1811 1463 1881 1501 sub
1895 1464 1916 1485 '¹‘
1930 1464 2086 1511 ratione,
2102 1475 2181 1502 non
2200 1471 2328 1502 autem
2347 1477 2469 1515 usque
2489 1465 2536 1503 ad
2555 1472 2639 1515 per*

1578 1517 1807 1554 turbandam
1845 1517 2031 1554 rationem
2073 1517 2305 1564 ascendunt3
2343 1518 2438 1555 sicut
2479 1517 2649 1556 dicimus·

1580 1569 1821 1606 residentiam
1849 1568 1888 1606 in
1924 1569 2153 1618 liquoribus,
2182 1570 2336 1620 quando
2369 1570 2408 1608 id
2441 1571 2546 1619 quod
2585 1577 2641 1608 est

1580 1623 1833 1659 faeculentum
1867 1621 2062 1659 descendit
2094 1622 2267 1671 inferius,
2298 1631 2335 1660 et
2370 1623 2410 1660 id
2441 1623 2547 1673 quod
2584 1630 2641 1661 est

1580 1675 1752 1724 superius
1780 1681 1951 1712 remanet
1985 1686 2137 1724 purum.
2168 1676 2275 1713 Haec
2303 1683 2358 1713 est
2389 1675 2499 1724 igitur
2527 1687 2641 1714 causa

1581 1740 1698 1776 quare
1726 1727 1883 1764 iuvenes
1910 1739 1988 1764 non
2015 1735 2175 1777 possunt
2201 1728 2414 1776 addiscere,
2454 1728 2651 1778 capiendo¹

1581 1792 1626 1817 ea
1653 1792 1752 1828 quae
1790 1781 1838 1816 ab
1866 1779 1947 1816 aliis
1975 1779 2168 1827 dicuntur3
2193 1793 2323 1830 ⁴neque
2349 1793 2420 1830 per
2445 1781 2643 1819 interiores

1581 1845 1713 1870 sensus
1740 1840 1901 1881 possunt
1936 1833 2102 1870 iudicare
2131 1834 2179 1871 de
2207 1833 2341 1871 auditis
2377 1841 2443 1871 aut
2474 1833 2522 1871 de
2558 1832 2643 1884 qui]-

1581 1886 1820 1934 buscumque
1849 1897 1984 1922 eorum
2019 1885 2221 1933 cognitioni
2258 1886 2562 1934 occurrentibus,
2589 1885 2641 1924 ita

1580 1939 1678 1975 bene
1716 1938 1811 1974 sicut
1846 1938 2014 1974 seniores
2040 1939 2103 1975 vel
2128 1939 2344 1987 presbyteri
2370 1939 2499 1987 (quod
2535 1939 2639 1976 idem

1581 1998 1767 2029 est:·nam
1790 1991 1990 2039 presbyter
2007 1990 2046 2027 in
2074 2003 2209 2039 graeco
2237 1991 2340 2028 idem
2369 1999 2425 2028 est
2452 1991 2558 2040 quod
2583 2002 2639 2029 se·

1581 2044 1665 2080 nior
1683 2043 1721 2079 in
1741 2043 1891 2090 latino).
1912 2044 1961 2080 Et
1979 2043 2053 2079 hoc
2081 2043 2179 2090 ideo,
2201 2043 2289 2092 quia
2313 2044 2431 2080 multa
2444 2043 2640 2092 perturba-

1580 2096 1631 2132 tio
1661 2103 1698 2132 et
1724 2097 1865 2132 multus
1899 2102 2027 2132 motus
2056 2103 2112 2132 est
2144 2096 2242 2133 circa
2278 2096 2381 2145 ipsos
2409 2096 2579 2144 iuvenes,
2597 2102 2642 2148 ut

1581 2148 1723 2186 dictum
1753 2156 1819 2185 est.
1841 2148 1918 2185 Sed
1945 2148 2167 2186 huiusmodi
2194 2148 2356 2186 turbatio
2384 2149 2545 2186 totaliter
2570 2149 2652 2186 tol-‘2

1580 2201 1684 2248 litur,
1713 2202 1775 2238 vel
1805 2201 1919 2237 etiam
1947 2201 2155 2248 mitigatur,
2185 2201 2389 2250 aliquando
2426 2201 2584 2251 quidem
2604 2197 2641 2239 a

1581 2261 1725 2302 natura,
1745 2253 1840 2290 sicut
1868 2253 2023 2302 quando
2051 2254 2272 2302 pervenitur
2290 2254 2339 2291 ad
2366 2260 2505 2291 statum
2533 2264 2640 2306 sene-

1581 2306 1705 2353 ctutis,
1744 2306 1782 2343 in
1819 2318 1895 2355 quo
1923 2306 2142 2343 huiusmodi
2169 2313 2297 2344 motus
2334 2306 2547 2355 quiescunt;
2574 2306 2640 2358 ali-

1581 2359 1732 2408 quando
1763 2360 1891 2396 autem
1920 2359 1968 2395 ab
1996 2359 2182 2407 aliquibus
2207 2359 2287 2396 aliis
2316 2359 2448 2406 causis,
2469 2359 2566 2396 sicut
2590 2360 2648 2401 ab,

1581 2411 1754 2448 exercitio
1785 2419 1821 2448 et
1848 2412 2138 2449 consuetudine:
2169 2418 2206 2448 et
2236 2419 2327 2448 tunc
2352 2419 2515 2460 possunt
2541 2412 2641 2451 beno

1579 2464 1775 2502 addiscere
1804 2471 1839 2501 et
1875 2463 2052 2501 iudicare.
2084 2465 2134 2501 Et
2159 2464 2248 2501 inde
2276 2471 2332 2501 est
2359 2464 2464 2513 quod
2501 2464 2649 2502 exercit

1579 2517 1673 2554 tium
1709 2517 1891 2554 virtutum
1929 2517 2154 2563 moralium,
2183 2528 2253 2565 per
2289 2529 2384 2566 quas
2419 2516 2639 2555 huiusmodi

1578 2569 1775 2619 passiones
1795 2570 2060 2617 refraenentur,
2077 2570 2239 2606 multum
2257 2570 2360 2607 valet
2377 2570 2425 2606 ad
2444 2569 2639 2607 scientiam

1579 2622 1862 2671 acquirendam.
1893 2622 1983 2659 Sive
2021 2634 2110 2670 ergo
2138 2634 2207 2670 per
2238 2629 2434 2670 naturam,
2463 2622 2544 2660 sive
2571 2633 2642 2672 per

1579 2675 1796 2712 exercitium
1823 2674 1968 2712 virtutis
2001 2674 2164 2711 turbatio
2199 2674 2421 2723 passionum
2449 2674 2649 2724 quiescat,

1579 2727 1780 2771 attenditur
1798 2727 1835 2764 in
1854 2728 1929 2764 hoc
1948 2727 2139 2775 quaedam
2159 2727 2325 2764 alteratio
2340 2729 2371 2774 *‚
2388 2740 2476 2765 cum
2494 2726 2638 2776 passio-

1579 2793 1646 2817 nes
1665 2780 1884 2817 huiusmodi
1903 2779 1976 2817 sint
2003 2780 2213 2818 secundum
2233 2787 2380 2829 partem
2400 2780 2647 2828 sensitivatm‘

1579 2834 1673 2870 sicut
1701 2833 1814 2870 etiam
1848 2840 1904 2870 est
1931 2833 2057 2881 aliqua
2093 2833 2262 2870 alteratio
2291 2833 2516 2882 corporalis,
2547 2844 2645 2871 cum*

1579 2885 1771 2923 dormiens
1787 2885 1903 2933 surgit
1917 2893 1953 2922 et
1966 2886 2010 2923 fit
2019 2885 2188 2933 vigilans,
2203 2886 2418 2935 procedens
2431 2886 2481 2923 ad
2495 2893 2636 2925 actum.

1578 2939 1636 2975 Ex
1673 2951 1749 2987 quo
1787 2945 1892 2987 patet
1918 2938 2024 2986 quod
2060 2938 2228 2987 acceptio
2261 2937 2438 2975 scientiae
2474 2949 2554 2976 non
2581 2945 2639 2976 est

1578 2991 1758 3039 alteratio,
1779 2991 1848 3028 sed
1875 2990 2043 3039 sequitur
2066 2991 2336 3028 alterationem.
2352 3011 2376 3019 -
2393 2991 2451 3028 Ex
2469 2991 2544 3028 hoc
2571 3002 2637 3029 au-

1578 3052 1655 3081 tem
1675 3043 1829 3081 ulterius
1847 3043 2107 3081 universaliter
2122 3043 2322 3091 concludit,
2343 3044 2447 3092 quod
2466 3043 2634 3082 alteratio

1579 3103 1634 3133 est
1661 3096 1699 3134 in
1723 3096 1895 3133 sensibus
1923 3095 2185 3142 exterioribus,
2211 3103 2247 3133 et
2273 3096 2312 3133 in
2340 3096 2577 3134 sensibilibus
2603 3093 2635 3144 ⁶,

1579 3157 1616 3186 et
1633 3149 1672 3186 in
1690 3156 1767 3186 tota
1785 3156 1891 3198 parte
1910 3147 2060 3185 animae
2085 3148 2410 3198 sensitiva.(quod
2435 3149 2536 3187 dicit·
2547 3160 2635 3198 pro-

1578 3209 1661 3251 pter
1687 3201 1882 3251 passiones
1910 3201 2136 3248 interiores):
2166 3200 2232 3238 sed
2260 3201 2300 3239 in
2318 3202 2420 3239 nulla
2439 3201 2511 3240 alia
2529 3209 2635 3251 parte

1580 3254 1729 3292 animae
1757 3262 1814 3291 est
1841 3253 2020 3302 alteratio,
2041 3253 2110 3292 nisi
2128 3265 2198 3303 per
2225 3253 2411 3291 accidens.

1577 3394 1755 3419 exterioribus
1773 3401 1824 3419 non
1848 3394 1966 3419 sensibus
1985 3393 2154 3419 interior-ibus
2171 3393 2208 3423 D,
2227 3392 2254 3417 in
2274 3393 2391 3419 sensibus
2412 3392 2591 3419 exterioribus
2608 3395 2635 3419 et

1578 3429 1603 3453 in
1623 3429 1740 3454 sensibus
1758 3429 1938 3454 exterioribus
1956 3429 2015 3459 BR3
2038 3436 2086 3461 pro
2104 3431 2131 3454 et
2149 3428 2175 3453 in
2194 3428 2371 3458 sensibilibus,
2391 3429 2462 3461 quod
2479 3436 2533 3453 om.
2552 3427 2633 3459 EGL,

1577 3466 1603 3488 et
1622 3464 1647 3489 in
1661 3465 1778 3489 sensibus
1797 3465 1837 3489 ed.
1856 3471 1874 3489 a
1892 3468 1918 3489 et
1936 3463 2012 3497 aliqui
2032 3471 2063 3488 ex
2081 3467 2129 3489 cet.
2143 3463 2246 3488 codd.—
2259 3463 2370 3496 Pergunt
2383 3462 2468 3489 EGO:
2487 3466 2514 3489 et
2531 3463 2557 3488 in
2577 3464 2634 3488 tota

1574 3502 1654 3530 parte
1671 3499 1777 3524 animae
1794 3498 1941 3529 sensitivae,
1962 3499 1998 3524 R:
2017 3501 2044 3524 et
2062 3499 2089 3524 ln
2108 3501 2166 3524 tota
2180 3501 2261 3530 parte
2278 3498 2412 3528 sensitiva,
2431 3498 2466 3523 L:
2486 3501 2514 3524 et
2531 3498 2557 3523 in
2576 3500 2635 3522 tota

1574 3537 1654 3565 parte
1666 3534 1771 3559 animae
1782 3534 1899 3559 sensibili
1916 3534 1943 3559 in
1963 3533 2140 3559 interioribus.
2152 3546 2172 3554 -
2185 3534 2235 3558 Pro
2249 3533 2388 3566 passiones
2407 3533 2554 3563 interiores,
2568 3538 2632 3565 pas-

1577 3568 1662 3593 siones
1680 3569 1828 3594 exteriores
1842 3569 2004 3594 EGR.·-sed
2018 3569 2044 3594 in
2060 3569 2133 3594 nulla
2146 3569 2201 3594 alia
2210 3571 2292 3600 parte
2312 3568 2422 3602 legimus
2436 3575 2496 3594 cum
2511 3566 2632 3593 PDLSsZ

1579 3607 1603 3627 et
1622 3603 1712 3628 Vener.
1735 3603 1814 3635 1⁵04ss
1833 3603 1857 3628 T
1875 3611 1928 3629 om.
1948 3604 2028 3634 nulla,
2047 3608 2096 3629 cet.
2111 3609 2136 3629 et
2153 3603 2192 3628 ab
2211 3611 2264 3628 om.
2278 3603 2342 3630 alia.

2665 470 2674 479 ·
2689 469 2792 492 ebrietas
2809 480 2842 488 »υ
2864 471 2867 481 ’

2665 498 2687 517 et
2700 501 2725 517 a.

2664 627 2674 637 ⁶
2681 626 2717 654 fit
2727 633 2749 654 ιν,
2764 632 2812 650 om.
2821 631 2839 650 a
2865 626 2875 655 ᾖ

2665 652 2736 675 codd.
2750 659 2833 676 exc.»
2860 665 2864 669 k

2664 1311 2806 1335 “residem
2849 1335 2854 1340 ,

2666 1474 2768 1498 'es-rb.
2808 1458 2854 1481 '¹⁸
