2898 3996
166 697 176 706 ‘¹
192 695 251 717 enim
265 695 316 722 vab,
330 701 377 716 om.

168 722 237 743 codd.
262 727 311 743 exc.
334 727 376 742 nen

166 754 205 769 ro.

167 1219 177 1228 ·
192 1217 268 1238 medio
283 1223 334 1239 om.
344 1223 369 1242 Q.

264 1317 277 1342 θ

405 247 481 292 426

406 323 521 360 fertur
546 333 614 370 per
641 319 938 367 magnitudinem
964 318 1139 367 aliquam,
1165 317 1203 354 in
1222 317 1325 353 nullo
1353 316 1463 353 inter-

407 374 534 411 medio
554 374 659 421 signo
680 371 947 420 magnitudinis
971 371 1077 407 adest
1097 377 1133 406 et
1151 370 1268 416 abest,
1289 368 1385 406 idest
1403 381 1463 405 ac-

407 427 505 463 cedit
529 433 565 462 et
592 425 741 462 recedit.
773 425 872 461 Cum
891 423 993 460 enim
1028 422 1160 459 dicitur
1187 421 1292 470 quod
1321 421 1463 458 mobile

406 479 503 515 adsit
523 477 630 515 alicui
656 477 779 524 signo,
808 477 869 513 vel
886 477 964 524 fiat
989 475 1027 512 in
1056 487 1125 521 eo,
1145 475 1207 511 vel
1232 474 1390 515 accedat
1414 474 1463 511 ad

405 531 531 579 ipsum
551 530 580 576 ζ,
601 541 669 578 per
697 528 825 565 omnia
851 527 1069 564 huiusmodi
1098 526 1328 574 significatur
1359 526 1464 574 quod

405 583 495 620 illud
536 582 684 630 signum
714 581 759 618 sit
789 580 972 617 terminus
1014 587 1152 616 motus
1193 579 1293 616 Cum
1335 586 1462 615 autem

407 635 539 672 dicitur
566 634 671 683 quod
689 633 787 670 absit
810 634 872 670 vel
891 633 1075 678 abscedat,
1102 631 1332 679 significatur
1358 630 1464 679 quod

406 688 451 724 sit
477 686 704 736 principium
731 692 868 723 motus.
890 686 982 722 Non
1001 692 1057 721 est
1085 691 1212 721 autem
1232 685 1251 705 *
1270 691 1356 720 actu
1384 695 1463 719 me-

392 739 693 786 dium-signum
730 737 996 786 magnitudinis
1029 749 1099 774 nec
1130 736 1357 785 principium
1393 747 1464 772 nec

405 792 491 829 finis
518 799 662 838 motuS,
696 791 786 839 quia
813 803 883 827 nec
910 789 1132 827 terminatur
1160 801 1230 825 nec
1257 788 1386 836 incipit
1412 787 1463 824 ibi

406 852 552 890 motus;
582 844 648 881 sed
676 843 715 880 in
741 843 908 891 potentia
936 850 1083 879 tantum
1112 844 1255 890 (posset
1283 841 1384 877 enim
1412 840 1464 876 ibi

406 904 533 933 motus
552 896 717 944 incipere
736 896 798 932 vel
817 895 1036 941 terminari).
1053 895 1165 932 Unde
1180 899 1254 930 nec
1270 893 1376 930 adest
1394 904 1464 930 nec

406 950 511 986 abest
538 949 680 985 mobile
700 960 722 984 a
741 947 847 995 signo
867 947 1013 995 medio,
1043 947 1111 984 sed
1131 946 1347 995 simpliciter
1375 945 1464 982 dici·

405 1009 466 1038 tur
493 1014 575 1038 esse
603 1001 654 1037 ibi
681 1000 719 1037 in
747 1012 859 1037 nunc.
881 1001 975 1036 Esse
997 999 1098 1036 enim
1118 999 1260 1036 mobile
1279 998 1317 1035 in
1337 998 1463 1046 aliquo

407 1054 512 1102 signo
527 1052 804 1101 magnitudinis,
828 1060 1069 1101 comparatur
1082 1057 1096 1076 ’²
1111 1052 1159 1089 ad
1173 1059 1295 1088 totum
1315 1058 1464 1087 motum

406 1107 500 1143 sicut
527 1118 628 1142 nunc
656 1105 704 1142 ad
731 1113 892 1154 tempus.
1013 1141 1018 1148 ,

460 1171 495 1206 7.
514 1159 591 1195 Sed
610 1170 697 1194 cum
717 1158 859 1194 mobile
879 1157 983 1207 quod
1008 1164 1064 1194 est
1076 1158 1122 1204 A,
1138 1163 1262 1193 utatur
1275 1155 1358 1204 ipso
1374 1156 1404 1192 B
1424 1163 1466 1192 ut

407 1211 535 1248 medio
553 1212 583 1258 *,
594 1210 778 1259 principio
795 1218 831 1247 et
847 1211 923 1247 fine
943 1210 981 1246 in
996 1217 1093 1256 actu,
1111 1221 1266 1246 necesse
1287 1216 1341 1244 est
1360 1209 1465 1256 quod

407 1264 458 1300 ibi
478 1271 566 1310 stet,
595 1271 750 1312 propter
769 1263 843 1299 hoc
863 1263 967 1312 quod
986 1262 1071 1299 facit
1107 1261 1233 1310 ipsum
1269 1260 1463 1296 movendo

409 1325 444 1353 et
464 1316 597 1353 stando
616 1313 629 1336 ⁰
647 1327 767 1352 unum
795 1315 943 1363 signum
971 1327 1052 1351 esse
1083 1314 1170 1360 duo,
1201 1313 1339 1350 scilicet
1365 1312 1465 1360 prin-

409 1369 547 1417 cipium
575 1376 611 1405 et
629 1368 768 1415 finem,
794 1367 1027 1405 sicut-etiam
1060 1366 1238 1413 contingit
1265 1365 1303 1401 in
1335 1364 1466 1401 intelli-

408 1422 543 1469 gendo.
579 1422 786 1458 Possumus
821 1420 919 1457 enim
957 1420 1068 1456 simul
1106 1418 1307 1466 intelligere
1343 1429 1464 1454 unum

407 1481 592 1522 punctum
619 1481 662 1510 ut
690 1479 745 1509 est
762 1485 881 1509 unum
903 1472 1070 1508 subiecto
1090 1470 1120 1507 ’τ’
1149 1471 1216 1507 sed
1240 1470 1271 1506 si
1294 1482 1466 1506 seorsum

408 1525 656 1573 intelligamus
680 1525 804 1574 ipsum
823 1532 863 1561 ut
881 1524 1124 1572 principium,
1147 1535 1318 1560 seorsum
1339 1530 1465 1559 autem

459 1690 485 1724 ζ)
505 1690 546 1715 vel
563 1689 671 1715 accedat
683 1689 720 1714 ad
732 1689 826 1721 ipsum.
839 1702 858 1707 —-
870 1689 910 1713 vel
921 1688 1031 1713 accedat
1044 1687 1072 1712 id
1085 1688 1169 1720 ipsum
1182 1688 1273 1712 Venet.
1288 1687 1361 1719 1545,
1375 1694 1462 1712 errore

408 1726 502 1751 scilicet
515 1725 707 1757 typographico,
722 1732 800 1756 quem
814 1729 901 1748 tamen
915 1729 1052 1756 sequentes
1067 1723 1190 1749 editiones
1206 1723 1373 1747 retinuerunt.
1382 1735 1399 1740 ·—
1413 1723 1462 1746 Pro

408 1761 498 1786 omnia
511 1760 674 1789 huiusmodi,
689 1766 740 1792 per
755 1759 832 1784 huius
845 1759 897 1788 Ea,
909 1766 961 1790 per
978 1758 1067 1783 omnia
1080 1758 1157 1782 huius
1170 1758 1203 1787 P;
1217 1758 1308 1782 omnia
1321 1765 1374 1782 om.
1390 1757 1444 1789 pG.

460 1795 486 1828 η)
508 1795 572 1820 Esse
586 1795 680 1820 enim...
695 1797 874 1826 comparatur.
889 1807 909 1812 -
923 1794 959 1818 Ita
971 1793 1216 1818 DEFGHNORZab
1231 1797 1256 1817 et
1271 1792 1392 1825 implicite
1407 1797 1463 1822 cet„

408 1831 459 1863 qui,
478 1831 579 1862 legunt:
599 1830 648 1855 Est
672 1830 768 1855 enim...
793 1832 980 1861 comparatum·
1007 1828 1056 1853 Est
1079 1828 1175 1853 enim...
1194 1831 1378 1859 comparatum
1401 1827 1421 1852 P
1440 1832 1466 1851 et

407 1866 498 1890 Venet.
522 1865 595 1897 1504.

1010 238 1354 277 PHYSICORUM
1381 237 1728 275 ARISTOTELIS
1758 237 1851 273 LIB.
1880 237 1967 274 VIII

1517 323 1559 352 ut
1585 315 1713 362 finem,
1739 327 1818 351 non
1846 315 1955 351 simul
1974 315 2049 352 hoc
2069 314 2268 363 continget.
2291 317 2345 352 Ita
2365 323 2401 353 et
2425 328 2512 352 cum
2539 315 2579 353 id

1518 367 1622 416 quod
1640 375 1828 415 movetur,
1843 367 1958 404 utitur
1972 367 2099 416 aliquo
2119 367 2226 415 signo
2245 375 2287 404 ut
2304 380 2396 415 uno,
2412 380 2490 406 non
2511 368 2580 406 erit

1517 420 1568 456 ibi
1587 419 1657 456 nisi
1676 420 1714 456 in
1732 431 1811 456 uno
1831 431 1943 456 nunc.
1966 419 2006 456 Si
2025 427 2153 456 autem
2164 420 2281 456 utitur
2295 432 2342 457 eo
2355 428 2398 457 ut
2412 421 2576 469 duobus,

1518 472 1656 509 scilicet
1682 480 1723 509 ut
1750 472 1935 521 principio
1965 479 2001 508 et
2027 472 2104 509 fine
2133 472 2171 509 in
2199 479 2295 518 actu,
2325 485 2481 510 necesse
2510 473 2578 511 erit

1518 525 1624 573 quod
1647 525 1693 562 sit
1711 525 1762 561 ibi
1783 526 1802 546 ‘²'
1822 524 1860 562 in
1879 525 2030 562 duobus
2058 536 2176 572 nunc,
2198 531 2235 561 et
2252 536 2321 573 per
2340 537 2578 574 consequens

1517 577 1556 614 in
1574 585 1745 626 tempore
1772 577 1912 625 medio,
1943 584 1979 614 et
2005 577 2055 614 ita
2083 577 2251 626 quiescet
2270 578 2302 614 ¹¹².
2333 577 2577 615 Manifestum
2604 590 2614 600 ’

1520 637 1574 666 est
1603 641 1691 678 ergo
1720 630 1825 679 quod
1853 630 1892 667 id
1920 630 2023 679 quod
2052 629 2228 667 continue
2261 635 2439 666 movetur
2466 630 2514 667 ab
2543 631 2578 667 A

1518 681 1556 718 in
1581 683 1624 730 C,
1645 682 1684 719 in
1709 683 1836 720 medio
1857 684 1887 719 B
1908 694 2032 731 neque
2052 682 2158 719 affuit
2176 694 2301 730 neque
2321 682 2458 730 abfuit,
2483 682 2580 720 idest

1518 746 1642 783 neque
1657 735 1813 772 accessit
1828 747 1952 784 neque
1967 735 2147 772 abscessit
2155 735 2186 772 *z
2198 735 2264 772 sed
2279 747 2302 772 a
2316 735 2440 783 primo
2457 734 2576 783 signo,

1519 787 1624 835 quod
1644 794 1698 824 est
1717 789 1763 834 A,
1785 788 1902 824 abfuit
1923 788 1985 824 vel
2010 787 2199 835 abscessit,
2220 788 2327 836 quasi
2351 800 2374 824 a
2391 787 2577 837 principio

1518 839 1556 876 in
1576 847 1679 886 actu;
1699 839 1737 876 in
1759 840 1894 876 ultimo
1923 848 2049 877 autem
2068 840 2186 888 signo,
2208 841 2313 888 quod
2334 848 2389 877 est
2408 841 2451 888 C,
2473 840 2580 878 affuit

1517 892 1579 929 vel
1602 892 1767 939 accessit,
1797 892 1886 941 quia
1913 892 1964 935 ibi
1981 893 2174 941 perficitur
2201 900 2346 940 motus,
2375 901 2410 930 et
2437 893 2578 930 mobile

1518 944 1686 994 quiescit.
1706 965 1732 973 ·-
1752 945 1801 982 Et
1819 952 1874 982 est
1893 945 2164 982 attendendum
2184 946 2287 994 quod
2307 945 2344 982 in
2363 945 2578 993 praemissis

1518 997 1672 1046 ponitur
1695 999 1730 1034 A
1749 997 1981 1046 quandoque
2007 997 2161 1046 quidem
2187 1009 2258 1046 pro
2286 997 2431 1046 mobili,
2461 1010 2579 1046 quan-

1520 1050 1646 1098 doque
1674 1062 1768 1087 vero
1789 1051 1809 1071 ’Β
1829 1062 1898 1099 pro
1917 1049 2102 1099 principio
2121 1049 2398 1097 magnitudinis.

1574 1104 1608 1140 8.
1626 1103 1683 1139 Ex
1699 1102 1774 1139 istis
1790 1110 1916 1139 autem
1930 1109 2033 1150 patet
2051 1102 2156 1150 quod
2170 1109 2300 1139 motus·
2314 1101 2486 1149 reflexus,
2498 1101 2579 1139 sive

1519 1154 1558 1191 in
1587 1155 1755 1191 circulari
1775 1155 1854 1191 sive
1883 1154 1921 1191 in
1940 1161 2041 1190 recta
2059 1154 2328 1201 magnitudine,
2349 1166 2427 1191 non
2454 1161 2581 1203 potest

1520 1219 1602 1243 esse
1631 1206 1841 1254 continuus,
1872 1207 1940 1244 sed
1967 1205 2153 1243 intercidit
2180 1206 2287 1255 quies
2314 1206 2461 1253 media;
2491 1206 2581 1255 quia

1518 1259 1622 1296 idem
1651 1259 1798 1307 signum
1818 1266 1874 1295 est
1897 1258 2002 1307 quod
2027 1266 2113 1295 actu
2140 1259 2183 1296 fit
2209 1259 2296 1296 finis
2314 1259 2425 1308 primi
2452 1267 2581 1297 motus

1520 1319 1556 1348 et
1582 1311 1808 1361 principium
1837 1311 2062 1348 reflexionis.
2094 1311 2170 1348 Sed
2198 1311 2238 1348 in
2270 1319 2378 1348 motu
2413 1311 2581 1349 circulari

1519 1364 1661 1400 mobile
1689 1377 1768 1401 non
1794 1363 1909 1400 utitur
1945 1363 2071 1412 aliquo
2100 1363 2277 1412 signo-ut
2303 1363 2489 1413 principio
2516 1364 2580 1402 vel

1519 1417 1596 1454 fine
1625 1417 1663 1454 in
1691 1424 1787 1462 actu,
1808 1416 2073 1466 sed-quolibet
2100 1416 2206 1464 signo
2226 1416 2493 1464 magnitudinis
2510 1416 2582 1454 uti-

1518 1477 1578 1506 tur
1609 1477 1650 1506 ut
1685 1469 1839 1506 medio:
1874 1476 1910 1505 et
1945 1468 2032 1506 ideo
2068 1476 2195 1506 motus
2233 1469 2421 1506 circularis
2456 1475 2582 1518 potest

1521 1534 1601 1558 esse
1631 1522 1852 1570 continuus,
1881 1534 1959 1559 non
1988 1529 2117 1559 autem
2145 1522 2317 1559 reflexus.

1570 1685 1594 1721 Θ)
1615 1687 1700 1718 ipsum
1719 1687 1848 1712 movendo
1866 1690 1893 1711 et
1910 1686 2016 1712 stando.
2034 1700 2052 1706 -
2070 1686 2199 1712 movendo
2217 1690 2244 1712 et
2265 1686 2362 1712 stando
2385 1687 2470 1719 ipsum
2489 1685 2582 1712 DEFG

1519 1722 1578 1753 OZ;
1599 1722 1683 1754 ipsum
1702 1730 1756 1747 om.
1774 1723 1826 1754 pH.
1838 1735 1858 1740 -
1876 1729 1957 1746 unum
1976 1730 2029 1747 om.
2044 1722 2073 1746 F.
2086 1734 2104 1742 ›-
2115 1722 2197 1747 -Linea
2211 1723 2328 1755 sequenti
2347 1729 2395 1754 pro
2409 1721 2542 1756 contingit
2554 1721 2581 1748 in

1519 1757 1700 1790 intelligendo,
1719 1757 1854 1782 concludit
1874 1757 2046 1790 intelligendo
2064 1757 2141 1782 editio
2159 1764 2177 1782 a
2183 1764 2192 1786 ,·
2211 1757 2237 1782 in
2257 1758 2379 1782 omittunt
2395 1757 2472 1782 etiam
2491 1755 2582 1782 ADEF

1520 1792 1693 1859 53MlgRquium
1708 1830 1837 1859 punctum
1858 1830 1887 1852 ut
1905 1830 1944 1851 est
1969 1834 2050 1852 unum
2069 1827 2191 1852 subiecto.
2209 1841 2229 1846 -
2247 1835 2327 1852 unum
2343 1830 2472 1859 punctum
2497 1826 2583 1853 inme

1522 1869 1574 1886 uno
1591 1862 1706 1887 subiecto
1725 1862 1748 1893 1,
1768 1869 1848 1887 unum
1863 1865 1993 1895 punctum
2012 1869 2066 1887 esse
2085 1861 2112 1886 in
2132 1869 2183 1887 uno
2201 1862 2316 1887 subiecto
2330 1862 2415 1895 PEpG
2428 1867 2454 1887 et
2470 1862 2522 1887 ab.

2604 536 2614 546 ‘
2628 536 2662 558 {bi
2675 543 2723 559 om.
2737 537 2772 560 νὺ.

2604 621 2676 644 κρυ,
2682 617 2815 644 quiescatr.
2846 635 2848 638 ,

2605 747 2615 757 ”
2629 752 2704 775 neque
2719 746 2819 770 recusit
2850 739 2851 743 Ἰ

2604 773 2705 825 ἕξοι-αθ,
2729 779 2779 796 om.
2799 780 2818 796 ι
2841 775 2847 803 g

2607 1061 2616 1071 ·
2630 1060 2723 1088 quidem
2741 1066 2818 1088 Βιαιτ
2845 1052 2852 1063 ’“

2606 1092 2628 1114 z,
2642 1093 2691 1109 om.
2705 1086 2787 1109 mab.

2634 589 2733 618 quiescit
2750 596 2818 613 Am
2846 602 2848 605 -
