2898 3996
1090 280 1200 316 CAP.
1229 279 1299 326 VI,
1329 279 1479 315 LECT.
1511 279 1597 315 VIII

2358 291 2431 327 297

1012 500 1310 556 LECTIO
1350 500 1685 556 OCTAVA

432 663 551 694 ANTE
576 658 698 694 OMNE
721 661 886 692 MOVERI
911 660 1146 691 INVENITUR
1169 659 1391 690 MUTATUM
1413 659 1528 698 ESSE,
1552 660 1609 690 ET
1633 661 1749 690 ANTE
1774 660 1896 691 OMNE
1921 661 2142 692 MUTATUM
2166 659 2265 690 ESSE

1130 721 1374 752 PRAECEDIT
1397 722 1566 752 MUTARI

261 862 357 893 Ἐπεὶ
387 854 426 891 δὲ
449 858 491 891 τὸ
515 857 732 900 μεταβάλλον
766 856 858 889 ἅπαν
891 857 923 888 ἐν
954 857 1059 903 χρόνῳ
1089 857 1319 901 μεταβάλλει,

331 902 471 947 λέγεται
494 901 523 933 δ’
552 902 585 933 ἐν
609 900 715 945 χρόνῳ
740 901 967 944 μεταβάλλειν
992 902 1049 932 καὶ
1074 903 1116 939 ὠς
1142 902 1173 933 ἐν
1199 901 1319 943 πρώτῳ

329 949 388 978 καὶ
411 947 454 983 ὠς
477 944 551 976 καθ’
573 944 685 987 ἕτερον
709 945 798 987 (οἷον
824 945 856 977 ὲν
883 945 930 985 τῷ
957 946 1113 986 ἐνιαυτῷ,
1141 944 1194 977 ὅτι
1220 946 1252 976 ἐν
1276 945 1320 986 τῇ

331 989 440 1034 ἡμέρᾳ
464 988 712 1032 μεταβάλλει),
736 989 768 1021 ἑν
794 989 817 1030 ᾧ
843 988 962 1032 πρώτῳ
987 988 1092 1034 χρόνῳ
1112 988 1321 1032 μεταβάλλει

331 1034 372 1067 τό
397 1032 628 1078 μεταβάλλον,
647 1033 686 1065 ἐν’
701 1034 826 1073 ὁτῳοῦν
850 1032 981 1078 ἀνάγκη
1000 1032 1127 1065 τούτου
1148 1032 1320 1076 μεταβάλ-

329 1080 411 1109 λειν.
445 1078 552 1113 Δῆλον
585 1078 644 1121 μὲν
670 1074 725 1108 οὖν
755 1079 814 1108 καὶ
847 1078 883 1109 ἐκ
914 1077 976 1109 τοῦ
1010 1077 1158 1120 ὁρισμοῦ·
1185 1076 1225 1108 τό
1257 1075 1321 1121 γάρ

332 1123 462 1166 πρῶτον
489 1119 595 1158 οὕτως
621 1121 792 1168 ἐλέγομεν·
819 1120 856 1152 οὐ
873 1120 939 1164 μήν
960 1121 1048 1152 ἀλλά
1070 1122 1127 1152 καὶ
1154 1119 1189 1152 ἐκ
1214 1115 1320 1152 τῶνδε

284 1159 293 1166 ’
331 1165 486 1209 φανερόν·
511 1164 599 1197 ἔστω
623 1166 687 1212 γάρ
713 1166 745 1197 ἐν
768 1164 792 1206 ᾧ
813 1165 933 1210 πρώτῳ
949 1169 1093 1196 κινεῖται
1111 1164 1151 1197 τὸ
1171 1163 1323 1207 κινούμε-

331 1221 386 1241 νον
412 1209 459 1251 ἐφ’
488 1209 511 1250 ᾧ
536 1210 610 1247 ΧΡ,
635 1211 693 1241 καὶ
721 1204 888 1250 διηρήσθω
915 1209 1012 1240 κατά
1035 1208 1075 1241 τὸ
1099 1208 1138 1238 Κ·
1166 1209 1232 1245 πᾶς
1256 1207 1320 1253 γάρ

331 1252 447 1308 χρόνος
471 1248 652 1296 διαιρετός.
673 1253 729 1286 Ἐν
754 1242 798 1289 3⁴1}
816 1254 863 1295 τῷ
881 1253 939 1284 ΧΚ
955 1251 1060 1297 χρόνῳ
1076 1251 1156 1289 ἤτοι
1177 1257 1321 1284 κινεῖται

333 1309 353 1334 η
381 1298 418 1329 οὐ
442 1299 605 1337 κινεῖται,
637 1298 696 1329 καὶ
728 1296 830 1331 πάλιν
855 1297 887 1328 ἐν
914 1299 960 1338 τῷ
991 1297 1044 1327 KP
1074 1294 1250 1333 ὡσαύτως.
1282 1296 1322 1326 Εἰ

332 1341 391 1386 μὲν
425 1338 479 1373 οὖν
511 1340 542 1371 έν
575 1337 744 1395 μηδετέρῳ
776 1344 940 1382 κινεῖται,
972 1340 1109 1384 ἠρεμοίη
1143 1339 1181 1372 ἂν
1215 1340 1247 1372 ἐν
1272 1340 1321 1381 τῷ

331 1387 451 1417 παντί·
476 1383 638 1416 κινεῖσθαι
663 1397 726 1431 γαρ
752 1385 784 1416 ἐν
811 1383 924 1428 μηθενὶ
943 1385 1008 1416 τῶν
1026 1383 1153 1416 τούτου
1170 1383 1323 1427 κινούμε-

331 1441 386 1461 νον
413 1424 596 1460 ἀδύνατον.
623 1430 660 1460 Εἰ
679 1424 712 1460 ,δ’
742 1430 774 1461 ἐν
799 1427 930 1472 θατέρῳ
955 1427 1042 1472 μόνῳ
1066 1433 1230 1468 κινεῖται,
1262 1428 1322 1459 οὐκ

334 1472 373 1505 ἂν
399 1473 432 1511 ἐν
458 1471 577 1517 πρώτῳ
601 1477 728 1506 κινοῖτο
755 1473 802 1514 τῷ
826 1474 894 1504 XP-
919 1471 994 1504 καθ’
1017 1471 1129 1516 ἕτερον
1153 1472 1217 1518 γάρ
1235 1473 1255 1508 ἡ
1273 1474 1323 1503 κί-

331 1529 434 1554 νησις.
464 1515 612 1562 Ἀνάγκη
641 1515 706 1559 ἄρα
730 1517 763 1548 ὲν
790 1517 915 1558 ὁτῳοῦν
940 1517 1002 1549 τοῦ
1027 1517 1082 1547 XP
1111 1515 1318 1552 κεκινῆσθαι.

266 1556 484 1607 Δεδειγμένου
509 1555 546 1591 δὲ
571 1559 712 1602 τούτου,
731 1561 871 1605 φανερόν
897 1559 949 1593 ὅτι
976 1561 1042 1592 πᾶν
1065 1559 1106 1592 τό
1129 1560 1321 1604 κινούμενον

334 1603 464 1650 ἀνάγκη
481 1604 678 1640 κεκινῆσθαι
695 1603 872 1649 πρότερον.
893 1604 930 1635 Εἰ
946 1604 1010 1650 γάρ
1029 1604 1061 1636 ἐν
1079 1605 1127 1646 τῷ
1144 1605 1199 1635 ΧΡ
1216 1603 1321 1648 χρόνῳ

333 1648 452 1692 πρώτῳ
477 1648 581 1692 χρόνῳ
607 1648 648 1680 τὸ
673 1650 730 1680 ΚΛ
753 1651 928 1685 κεκίνηται
954 1647 1104 1694 μέγεθος,
1124 1649 1155 1679 ἐν
1181 1649 1229 1690 τῷ
1247 1649 1323 1691 ’ἡμί-

332 1705 381 1725 σει
406 1692 447 1726 τό
473 1693 653 1738 ὁμοταχῶς
677 1692 870 1735 κινούμενον
895 1693 953 1723 καὶ
980 1691 1051 1735 ἅμα
1076 1691 1259 1736 ἀρξάμενον
1281 1692 1322 1724 τό

333 1736 434 1780 ἥμισυ
460 1735 559 1768 ἔσται
581 1736 807 1780 κεκινημένον.
834 1736 872 1767 Εἰ
896 1731 933 1767 δὲ
958 1736 999 1768 τό
1025 1735 1195 1780 ὀμοταχὲς
1221 1734 1252 1767 έν
1274 1736 1322 1776 τῷ

333 1781 428 1822 αὐτῷ
445 1793 468 1824 χ
489 1779 550 1821 όνῳ
570 1783 744 1819 κεκίνηται
762 1791 810 1821 τι,
823 1781 882 1812 καὶ
899 1778 1045 1822 θάτερον·
1060 1779 1190 1825 ἀνάγκη
1210 1779 1322 1812 ταύτὸ

331 1825 466 1861 κεκινῆσ
491 1835 526 1856 αι
555 1823 706 1870 μέγεθος·
732 1823 819 1856 ὥστε
847 1823 1059 1868 κεκινημένον
1085 1823 1184 1856 ἔσται
1210 1823 1250 1855 τό
1274 1835 1321 1854 κι-

332 1869 503 1912 νούμενον.

258 1912 335 1946 Ἔτι
360 1909 398 1945 δέ
421 1913 448 1944 εἰ
474 1912 506 1943 ὲν
532 1913 579 1952 τῷ
605 1913 711 1944 παντὶ
735 1911 840 1957 χρόνῳ
866 1911 913 1952 τῷ
939 1913 993 1942 XP
1014 1909 1323 1956 κεκινῆσθαιλέγο-

331 1969 404 2002 μεν,
431 1955 452 1994 ἦ
478 1954 559 1993 ὅλως
577 1954 598 1992 ἦ
617 1954 649 1988 ἐν
676 1957 802 1997 ὁτῳοῦν
828 1955 932 2000 χρόνῳ
958 1956 1006 1996 τῷ
1025 1955 1142 1995 λαβεῖν
1160 1955 1203 1987 τό
1221 1954 1323 2000 ἔσχα-

333 2013 391 2034 τον
418 2000 528 2033 αὐτοῦ
552 2001 607 2031 νῦν
635 2001 762 2042 (τοῦτο
790 2000 855 2046 γάρ
880 2000 953 2031 ἐστι
978 1999 1018 2032 τό
1045 1999 1169 2043 όρίζον,
1196 2000 1254 2030 καὶ
1279 1999 1321 2031 τὸ

358 2045 463 2086 εταξύ
488 2045 554 2076 τῶν
579 2045 634 2075 νῦν
659 2044 810 2090 χρόνος),
828 2043 891 2076 κᾶν
917 2043 949 2075 ἐν
975 2047 1045 2080 τοῖς
1071 2043 1183 2081 ἄλλοις
1202 2044 1320 2087 ὁμοίως

330 2057 468 2135 λέγοιτο
492 2087 700 2125 κεκινῆσθαι.
728 2089 794 2120 Τοῦ
818 2083 846 2119 δ’
868 2089 1003 2132 ἡμίσεος
1021 2087 1168 2132 ἔσχατον
1194 2087 1214 2124 ή
1237 2083 1323 2120 διαί-

332 2145 430 2178 ρεσις.
450 2131 553 2165 Ὥστε
578 2134 634 2164 καὶ
659 2133 691 2164 ἐν
719 2133 765 2173 τῷ
787 2132 899 2175 ἡμίσει
918 2132 1130 2175 κεκινημένον
1149 2131 1247 2163 ἔσται
1262 2133 1321 2162 καὶ

335 2177 416 2215 ὅλως
442 2177 474 2209 ἐν
501 2177 626 2217 ὁτῳοῦν
646 2177 718 2208 τῶν
744 2177 861 2230 μερῷν·
889 2172 940 2228 ἀεὶ.
964 2176 1028 2228 γάρ
1056 2175 1127 2219 ἅμα
1152 2175 1198 2216 τῇ
1232 2176 1321 2219 τομῇ
1354 2209 1356 2214 ,

333 2220 450 2268 χρόνος
475 2219 566 2253 ἐστὶν
599 2219 775 2263 ὡρισμένος
801 2220 866 2252 υπὸ
893 2230 957 2252 των
983 2230 1051 2251 νυν.
1084 2220 1122 2250 Εἰ
1149 2217 1204 2251 οὖν
1232 2218 1321 2256 ἅπας

333 2265 392 2309 μὲν,
415 2265 533 2311 χρόνος
558 2260 740 2309 διαιρετός,
760 2264 802 2296 τό
818 2259 857 2295 δὲ
873 2262 1004 2307 μεταξύ
1022 2264 1088 2296 τῶν
1111 2264 1167 2295 νῦν
1191 2262 1322 2307 χρόνος,

335 2309 427 2342 ἅπαν
452 2310 492 2342 τό
517 2308 736 2352 μεταβάλλον
770 2308 894 2352 ἄπειρα
924 2307 1022 2339 ἔσται
1055 2306 1321 2351 μεταβεβληκός.

259 2393 336 2426 Ἔτι
360 2387 388 2424 δ’
418 2393 446 2424 εὶ
470 2392 511 2424 τό
535 2393 679 2435 συνεχῶς
705 2389 923 2435 μεταβάλλον
948 2393 1004 2422 καὶ
1030 2390 1076 2434 μη
1099 2390 1219 2435 φθαρὲν
1238 2386 1323 2434 μηδὲ

333 2435 548 2480 πεπαυμένον
574 2437 635 2474 τῆς
661 2435 855 2479 μεταβολῆς
881 2433 902 2472 ἦ
927 2434 1155 2478 μεταβάλλειν
1180 2435 1200 2472 ἦ
1219 2447 1324 2479 μετα-

332 2479 534 2521 βεβληκέναι
561 2477 747 2526 ἀναγκαῖον
775 2480 806 2511 ὲν
834 2479 973 2520 ὁτῳοῦν,
993 2479 1027 2511 ἐν
1046 2474 1083 2510 δὲ
1108 2480 1156 2520 τῷ
1181 2481 1237 2511 νῦν
1264 2478 1324 2511 οὐκ

333 2525 407 2557 ἔστι
447 2523 674 2569 μεταβάλλειν
691 2547 700 2564 ,
742 2521 872 2568 ἀνάγκη
912 2523 1205 2567 μεταβεβληκέναι
1244 2523 1319 2556 καθ’

333 2568 478 2601 ἕκαστον
504 2569 568 2601 τῶν
594 2569 663 2600 νῦν·
690 2566 769 2599 ὥστ’
798 2569 825 2599 εἰ
851 2567 899 2600 τά
922 2568 977 2599 νῦν
1005 2567 1149 2610 ἄπειρα,
1183 2568 1250 2600 πᾶν
1284 2569 1325 2600 τό

333 2612 551 2657 μεταβάλλον
579 2612 702 2656 ἄπειρα
728 2611 826 2644 ἔσται
851 2611 1119 2655 μεταβεβληκός.

266 2696 313 2728 Οὐ
337 2693 439 2739 μόνον
463 2691 502 2728 δὲ
526 2696 567 2728 τὸ
617 2694 810 2735 εταβάλλον
842 2694 972 2740 ἀνάγκη
1007 2695 1322 2738 μεταβεβληκέναι,

335 2739 426 2772 ἀλλά
461 2741 521 2771 καὶ
557 2751 598 2772 το
630 2739 885 2783 μεταβεβληκὸς
924 2738 1056 2785 ἀνάγκη
1094 2740 1323 2783 μεταβάλλειν

335 2782 510 2827 πρότεροψ

270 2826 362 2860 ἅπαν
386 2827 434 2872 γά
476 2827 517 2859 τό
547 2827 583 2858 ἔκ
607 2837 696 2863 τινος
724 2827 768 2863 εἵς
799 2837 832 2858 τι
863 2826 1116 2870 μεταβεβληκὸς
1150 2826 1184 2858 ἓν
1217 2827 1323 2873 χρόνῳ

333 2839 601 2915 μεταβέβληκεν.
632 2870 745 2902 Ἔστω
776 2870 840 2916 γάρ
869 2871 902 2903 ἐν
927 2872 974 2912 τῷ
999 2871 1056 2902 νῦν
1081 2871 1118 2903 ἐκ
1144 2872 1205 2903 τοῦ
1231 2875 1256 2903 Α
1279 2873 1324 2910 εἰς

333 2916 375 2947 τὸ
399 2916 423 2946 Β
448 2914 716 2958 μεταβεβληκός·
744 2912 862 2946 οὐκοῦν
892 2915 925 2946 ἐν
954 2914 1013 2959 μὲν
1046 2915 1093 2956 τῷ
1125 2916 1220 2956 αὐτῷ’
1252 2917 1321 2958 νῦν,

333 2959 366 2991 ἐν
392 2958 416 3000 ᾦ
442 2960 533 2991 ἐστιν
559 2959 592 2991 ἐν
618 2959 665 3000 τῷ
690 2959 728 2999 A,
748 2958 785 2990 οὗ
810 2958 1077 3002 μεταβέβληκεν·
1105 2957 1176 3003 ἅμα
1201 2960 1264 3005 γάρ
1284 2959 1322 2993 οἲν

333 3004 382 3039 εἴη
409 3003 442 3034 ἐν
467 3003 515 3044 τῷ
539 3003 564 3034 Α
587 3003 645 3034 καὶ
671 3003 718 3043 τῷ
741 3004 779 3033 Β·
805 3002 846 3034 τό
871 3002 934 3049 γάρ
959 3002 1234 3047 μεταβεβληκός,
1262 3003 1321 3036 ὅτε

333 3046 606 3090 μεταβέβληκεν,
639 3044 692 3078 ὅτι
722 3047 781 3078 οὐκ
805 3046 896 3079 ἔστιν
923 3048 956 3079 ἐν
981 3046 1116 3089 τούτῳ,
1147 3043 1322 3080 δέδεικται

335 3101 359 3122 π
383 3089 509 3136 ότερον.
542 3091 580 3121 Εἰ
604 3085 635 3121 δ’
662 3088 694 3121 ὲν
722 3091 829 3131 ἄλλῳ,
861 3091 992 3136 μεταξῦ
1017 3091 1114 3123 ἔσται
1145 3093 1160 3124 ὁ
1190 3091 1319 3137 χρόνος·

334 3145 372 3166 ου
422 3133 460 3178 οὶρ
484 3133 524 3171 ἦν
549 3132 696 3186 ἐχόμενα
721 3135 768 3167 τά
791 3136 859 3167 νῦν.

260 3177 358 3210 Ἐπεὶ
383 3188 438 3210 ουν
461 3178 496 3210 ἐν
520 3189 625 3222 χρονῳ
650 3177 898 3222 μεταβέβληκε,
923 3177 1040 3223 χρόνος
1064 3174 1094 3210 δ’
1123 3178 1212 3216 ἅπας
1237 3175 1323 3212 διαι-

332 3221 441 3265 ρετός,
467 3221 500 3253 ὲν
524 3222 573 3263 τῷ
599 3223 711 3266 ἡμίσει
737 3223 820 3255 ἄλλο
846 3222 943 3254 ἔσται
967 3223 1238 3266 μεταβεβληκός,
1264 3226 1322 3256 καὶ

335 3263 436 3297 πάλιν
467 3265 499 3296 ὲν
525 3265 573 3306 τῷ·
603 3266 871 3310 ἐκείνουημίσει
903 3265 1007 3307 ἄλλο,
1038 3269 1095 3298 καὶ
1123 3267 1174 3299 ἀεὶ
1201 3266 1320 3306 οὕτως·

333 3307 421 3341 ὥστε
445 3308 659 3352 μεταβάλλοι
684 3308 723 3340 ὀὲν
749 3309 923 3351 πρότερον.

261 3352 338 3385 Ἔτι
363 3348 391 3384 δ’
420 3352 476 3384 ἐπὶ
501 3352 563 3384 τοῦ
587 3350 746 3398 μεγέθους
777 3351 1001 3396 φανερώτερον
1033 3353 1074 3385 τό
1100 3353 1239 3398 λεχθέν,
1265 3350 1324 3387 8ιά

334 3396 376 3428 τὸ
400 3395 533 3440 συνεχὲς
557 3392 642 3428 εἶναι
668 3396 709 3427 τὸ
733 3395 870 3442 μέγεθος
888 3397 921 3428 ἐν
940 3397 964 3437 ᾤ
981 3397 1191 3439 μεταβάλλει
1209 3397 1249 3430 τὸ
1266 3410 1324 3442 με-

335 3439 523 3480 ταβάλλον.
551 3438 662 3471 Ἔστω
685 3439 750 3484 γάρ
776 3439 818 3472 τᾶ
835 3439 1087 3483 μεταβεβληκός
1106 3439 1142 3472 ἐκ
1158 3442 1220 3473 τοῦ
1238 3443 1259 3472 Γ
1277 3443 1320 3480 εἰς

335 3483 376 3516 τό
402 3485 437 3516 Δ.
463 3483 590 3515 Οὐκοῦν
615 3483 642 3515 εὶ
667 3484 726 3526 μὲν
753 3479 943 3526 ἀδιαίρετόν
969 3483 1041 3516 ἐστι
1066 3484 1107 3516 τό
1123 3485 1184 3525 ΓΔ,
1205 3485 1322 3529 ἀμερὲς

335 3527 474 3572 ἀμεροῦς
499 3527 598 3559 ἔσται
623 3525 795 3583 ἑχτόμενον.
821 3528 918 3559 Ἐπεὶ
941 3523 978 3559 δέ
1003 3529 1108 3560 τοῦτο
1136 3524 1320 3571 ἀδύνατον,

336 3571 465 3618 ἀνάγκη
487 3569 626 3617 μέγεθος
644 3582 729 3603 ειναι
747 3571 788 3604 τό
805 3570 936 3615 μεταξύ
953 3572 1010 3604 καὶ
1028 3572 1072 3609 εἰς
1093 3571 1215 3617 ἄπειρα
1236 3569 1323 3605 διαι-

409 3634 477 3667 Ορρ.
498 3634 528 3658 D.
543 3634 655 3658 'summe
674 3634 706 3658 T.
725 3634 754 3659 11.

1375 858 1392 877 *
1415 859 1578 896 Quoniam
1594 867 1700 891 autem
1719 871 1814 891 omne
1830 861 1918 902 quod
1937 867 2089 898 mutatur,
2113 861 2145 890 in
2168 868 2311 901 tempore
2334 867 2435 891 muta-

1441 910 1507 941 tur;
1531 904 1644 935 dicitur
1667 911 1773 935 autem
1795 905 1828 934 in
1851 911 1994 944 tempore
2021 905 2136 935 mutari
2161 912 2191 935 et
2225 905 2304 935 sicut
2331 905 2435 944 primo

1443 954 1472 977 et
1488 948 1567 978 sicut
1586 949 1762 978 secundum
1776 949 1920 986 alterum,
1934 955 1969 979 ut
1984 949 2016 978 in
2032 958 2116 978 anno
2133 948 2208 989 quia
2222 949 2255 978 in
2272 949 2321 978 die
2337 955 2436 978 muta-

1441 998 1507 1021 tur:
1532 991 1563 1021 in
1588 1002 1653 1031 quo
1677 992 1781 1032 primo
1805 999 1948 1032 tempore
1972 999 2112 1022 mutatur
2130 992 2162 1022 id
2181 993 2269 1032 quod
2285 999 2436 1030 mutatur,

1442 1041 1472 1064 et
1495 1034 1526 1064 in
1550 1035 1689 1075 qualibet
1711 1035 1805 1065 huius
1830 1046 1954 1066 necesse
1978 1043 2024 1066 est
2045 1043 2132 1076 parte
2155 1037 2280 1066 mutari.
2306 1036 2436 1066 Manife-

1442 1083 1528 1107 stum
1551 1084 1597 1108 est
1619 1079 1713 1118 igitur
1729 1086 1759 1109 et
1775 1089 1811 1109 ex
1827 1079 2025 1109 definitione:
2042 1079 2182 1119 primurn
2199 1080 2283 1110 enim
2303 1080 2345 1110 sic
2362 1079 2436 1109 dixi-

1442 1131 1524 1151 mus.
1549 1121 1565 1140 *
1581 1122 1642 1152 Sed
1666 1129 1695 1152 et
1720 1132 1756 1152 ex
1779 1122 1827 1152 his
1851 1123 2054 1153 manifestum
2069 1130 2123 1153 est.
2150 1121 2198 1154 Sit
2221 1123 2305 1154 enim
2323 1124 2356 1153 in
2371 1133 2437 1163 quo

1442 1164 1545 1204 primo
1569 1172 1716 1196 movetur
1740 1166 1828 1206 quod
1851 1173 1997 1197 movetur
2019 1167 2087 1204 XR,
2113 1173 2143 1197 et
2158 1167 2313 1197 dividatur
2328 1177 2438 1198 secun-

1443 1209 1520 1239 dum
1544 1210 1590 1239 K:
1608 1219 1703 1239 omne
1723 1209 1808 1239 enim
1827 1216 1952 1250 tempus
1969 1210 2121 1240 divisibile
2141 1217 2195 1241 est.
2221 1211 2256 1240 In
2274 1212 2334 1241 XK
2357 1218 2436 1241 tem-

1442 1262 1519 1292 pore
1542 1253 1636 1292 igitur
1659 1259 1713 1283 aut
1736 1260 1883 1283 movetur
1906 1260 1960 1284 aut
1982 1264 2048 1283 non
2073 1261 2237 1292 movetur;
2271 1262 2301 1285 et
2323 1255 2438 1285 iterum

1441 1296 1474 1326 in
1497 1297 1557 1327 KR
1580 1296 1730 1327 similiter.
1756 1297 1788 1327 Si
1811 1297 1905 1336 igitur
1927 1297 1960 1327 in
1983 1304 2095 1327 neutro
2120 1305 2276 1336 movetur,
2300 1298 2439 1338 quiescet

1442 1340 1548 1380 itaque
1571 1340 1604 1370 in
1626 1347 1713 1378 toto:
1745 1340 1864 1370 moveri
1889 1341 1973 1370 enirn
1996 1341 2028 1370 id
2058 1342 2146 1381 quod
2169 1341 2201 1371 in
2230 1342 2317 1372 nulla
2343 1342 2439 1372 huius

1442 1389 1529 1424 parte
1552 1390 1708 1422 movetur,
1725 1383 1920 1424 impossibile
1944 1391 1999 1415 est.
2020 1384 2052 1414 Si
2075 1394 2150 1414 vero
2174 1385 2207 1414 in
2224 1386 2318 1415 altera
2333 1386 2438 1416 solum

1441 1434 1599 1466 movetur,
1623 1438 1689 1458 non
1713 1422 1835 1468 utique'
1846 1428 1879 1458 in
1902 1428 2007 1468 primo
2027 1435 2173 1458 movetur
2188 1429 2275 1469 quod
2295 1436 2340 1460 est
2362 1430 2436 1460 XR:

1442 1472 1618 1502 secundum
1642 1472 1727 1502 enim
1743 1478 1914 1512 utrumque
1931 1478 2038 1503 motus
2059 1479 2113 1503 est.
2130 1473 2263 1502 Necesse
2280 1480 2326 1503 est
2345 1473 2440 1513 igitur

1441 1515 1474 1546 in
1498 1515 1640 1556 quolibet
1662 1515 1761 1555 ipsius
1783 1516 1851 1546 XR-
1865 1522 1992 1546 motum
2014 1516 2120 1556 ipsum
2144 1526 2219 1547 esse.

1374 1558 1391 1577 *
1407 1558 1544 1589 Ostenso
1561 1566 1668 1589 autem
1683 1559 1755 1597 hoc,
1769 1559 1973 1590 manifestum
1985 1566 2032 1590 est
2045 1560 2132 1600 quod
2150 1570 2245 1590 omne
2265 1561 2353 1600 quod
2370 1571 2439 1590 mo·
2468 1568 2477 1575 '

1442 1609 1542 1641 vetur,
1552 1613 1676 1633 necesse
1694 1609 1739 1633 est
1754 1610 1880 1633 motum
1897 1613 1962 1634 esse
1973 1603 2068 1643 prius.
2081 1603 2113 1634 Si
2129 1603 2256 1633 enimin
2266 1605 2324 1634 XR
2336 1605 2439 1644 primo

1442 1653 1585 1686 tempore
1601 1657 1657 1686 per
1675 1647 1732 1676 KL
1748 1653 1874 1677 motum
1889 1654 1935 1677 est
1949 1647 2211 1687 magnitudinem,
2226 1647 2259 1677 in
2275 1648 2440 1679 medietate

1422 1691 1531 1731 —quod
1554 1700 1653 1730 aeque
1676 1690 1823 1721 velociter
1846 1697 1993 1721 movetur
2021 1697 2051 1721 et
2075 1691 2170 1721 simul
2197 1691 2359 1731 inceptum
2383 1699 2440 1730 est,

1442 1733 1585 1764 medium
1609 1733 1667 1764 erit
1689 1741 1824 1765 motum.
1850 1734 1881 1764 Si
1906 1741 2012 1765 autem
2031 1745 2131 1775 aeque
2153 1735 2246 1764 velox
2269 1735 2301 1765 in
2326 1736 2440 1766 eodem

1443 1783 1586 1817 tempore
1609 1784 1736 1808 motum
1760 1785 1805 1808 est
1828 1778 1957 1818 aliquid,
1975 1785 2005 1808 et
2020 1778 2154 1809 alterum
2177 1789 2302 1809 necesse
2322 1786 2367 1810 est
2386 1789 2441 1819 per

1443 1821 1576 1851 eandem
1590 1827 1717 1851 motum
1736 1831 1801 1851 esse
1820 1821 2080 1862 magnitudinem.
2104 1823 2210 1859 Quare
2229 1822 2286 1853 erit
2313 1830 2440 1854 motum

1443 1865 1529 1904 prius
1553 1865 1642 1905 quod
1664 1872 1821 1896 movetur.

1375 1907 1392 1927 '¹‘
1404 1908 1551 1948 Amplius
1563 1915 1670 1939 autem
1686 1915 1716 1939 et
1731 1908 1757 1938 si
1775 1908 1808 1938 in
1825 1909 1913 1939 omni
1926 1915 2068 1948 tempore
2084 1910 2171 1951 quod
2188 1917 2233 1941 est
2244 1911 2302 1941 XR
2315 1917 2440 1941 motum
2468 1917 2477 1925 '

1444 1962 1510 1982 esse
1530 1952 1674 1990 dicimus,
1698 1959 1752 1983 aut
1768 1952 1901 1982 omnino
1921 1953 1954 1982 in
1973 1953 2116 1993 quolibet
2132 1960 2294 1993 tempore,
2314 1954 2347 1984 in
2364 1955 2441 1986 acci-

1443 1997 1560 2037 piendo
1576 1996 1728 2026 ultimum
1743 1997 1841 2036 ipsius
1856 1997 2008 2036 temporis
2024 2007 2108 2027 nunc
2133 1996 2215 2039 (hoc
2239 1998 2324 2028 enim
2341 1999 2439 2029 deter-

1443 2040 1568 2070 minans
1591 2046 1648 2078 est,
1672 2046 1703 2071 et
1725 2040 1868 2071 medium
1891 2041 2036 2080 ipsorum
2054 2051 2139 2071 nunc
2162 2048 2287 2081 tempus
2308 2041 2387 2084 est);
2409 2050 2439 2074 et

1442 2084 1476 2114 in
1499 2084 1566 2114 aliis
1590 2083 1732 2114 similiter
1750 2084 1870 2115 dicetur
1892 2091 2019 2115 motum
2042 2095 2118 2115 esse.
2136 2085 2310 2116 Medietatis
2334 2093 2440 2116 autem

1443 2127 1593 2158 ultimum
1617 2127 1729 2158 divisio
1754 2134 1812 2158 est:
1840 2138 1936 2169 quare
1960 2135 1990 2158 et
2004 2128 2037 2158 in
2059 2129 2166 2159 medio
2182 2136 2308 2160 motum
2327 2130 2393 2168 erit,
2411 2137 2441 2161 et

1444 2171 1577 2201 omnino
1600 2171 1633 2201 in
1652 2171 1790 2212 qualibet
1812 2172 1960 2212 partium.
1985 2172 2115 2212 Semper
2139 2173 2223 2203 enim
2247 2173 2342 2203 simul
2367 2184 2440 2204 cum

1445 2215 1618 2254 divisione,
1642 2222 1768 2255 tempus
1792 2223 1838 2246 est
1861 2216 2104 2247 determinatum
2127 2217 2165 2246 ab
2189 2217 2265 2257 ipsis
2288 2228 2383 2248 nunc.
2407 2218 2439 2249 Si

1444 2258 1539 2298 igitur
1562 2269 1658 2289 omne
1674 2265 1800 2299 tempus
1820 2260 1972 2290 divisibile
1989 2267 2045 2299 est,
2067 2261 2210 2291 medium
2229 2268 2336 2291 autem
2358 2262 2440 2301 ipso-

1445 2312 1518 2332 rum
1540 2312 1625 2333 nunc
1646 2309 1771 2343 tempus
1795 2310 1858 2342 est;
1881 2314 1977 2334 omne
2000 2304 2088 2345 quod
2109 2312 2269 2343 mutatur,
2293 2305 2439 2336 infinities

1445 2352 1605 2376 mutatum
1628 2353 1693 2376 erit.

1379 2389 1397 2407 κ’
1411 2390 1560 2429 Amplius
1577 2397 1701 2428 autem,
1725 2390 1750 2420 si
1765 2390 1798 2420 id
1813 2391 1902 2430 quod
1921 2391 2070 2421 continue
2086 2398 2227 2423 mutatur
2242 2399 2272 2423 et
2287 2403 2353 2423 non
2371 2403 2439 2423 cor-
2467 2399 2476 2407 “

1447 2433 1604 2474 rumpitur
1634 2443 1737 2474 neque
1769 2441 1881 2474 pausat
1903 2445 1921 2464 a
1943 2435 2139 2473 mutatione,
2163 2443 2217 2466 aut
2242 2437 2356 2467 mutari
2387 2443 2440 2468 aut

1446 2483 1605 2508 mutatum
1629 2487 1695 2507 esse
1718 2487 1843 2508 necesse
1867 2484 1913 2508 est
1934 2478 1968 2508 in
1992 2479 2151 2519 quolibet;
2175 2479 2208 2510 in
2232 2480 2302 2520 ipso
2333 2487 2439 2511 autem

1446 2528 1620 2551 nunc'non
1644 2528 1690 2551 est
1713 2522 1844 2552 mutari:
1861 2531 1985 2552 necesse
2000 2530 2159 2554 mutatum
2178 2534 2244 2554 esse
2258 2525 2439 2555 'secundum

1448 2565 1703 2606 unumquodque
1725 2565 1870 2605 ipsorum
1892 2576 1988 2597 nunc.
2016 2567 2121 2604 Quare
2146 2567 2171 2597 si
2194 2567 2263 2607 ipsa
2285 2578 2369 2598 nunc
2392 2568 2439 2598 in-

1446 2608 1534 2639 finita
1558 2616 1651 2647 sunt,
1675 2618 1800 2640 necesse
1824 2616 1869 2640 est
1899 2620 1994 2640 omne
2018 2611 2107 2652 quod
2135 2618 2293 2650 mutatur,
2319 2611 2439 2643 infinite

1446 2659 1606 2683 mutatum
1630 2663 1705 2684 esse.

1378 2696 1396 2716 *
1406 2697 1482 2727 Non
1494 2697 1601 2727 solum
1610 2703 1716 2727 autem
1727 2698 1816 2737 quod
1828 2702 1970 2728 'mutatur
1985 2708 2110 2729 necesse
2126 2705 2172 2729 est
2188 2706 2347 2730 mutatum
2362 2709 2439 2739 esse,
2467 2709 2476 2717 ·

1446 2741 1501 2771 sed
1523 2740 1619 2771 etiam
1642 2747 1802 2772 mutatum
1825 2751 1951 2772 necesse
1973 2742 2060 2783 prius
2083 2743 2208 2774 mutari.

1379 2834 1485 2866 Omne
1509 2834 1594 2865 enim
1617 2836 1706 2876 quod
1722 2845 1758 2866 ex
1778 2835 1919 2878 quodam
1934 2836 1968 2866 in
1983 2836 2135 2876 quiddam
2159 2844 2318 2868 mutatum
2334 2844 2389 2876 est,
2406 2838 2439 2868 in

1446 2885 1589 2921 tempore
1612 2886 1772 2910 mutatum
1796 2886 1850 2910 est.
1876 2880 1922 2910 Sit
1945 2880 2029 2910 enim
2052 2881 2084 2910 in
2108 2881 2178 2921 ipso
2201 2891 2286 2912 nunc
2306 2891 2342 2911 ex
2360 2882 2439 2912 Ain

1444 2922 1469 2953 B
1494 2929 1670 2953 mutatum:
1694 2933 1768 2963 ergo
1791 2923 1823 2953 in
1848 2924 1962 2954 eodem
1985 2924 2114 2964 quidem
2137 2935 2222 2955 nunc
2246 2925 2279 2955 in
2301 2935 2366 2967 quo
2394 2933 2439 2956 est

1444 2966 1477 2996 in
1491 2966 1562 3006 ipso
1581 2969 1627 3005 A,
1643 2977 1710 2997 non
1728 2974 1887 2998 mutatum
1910 2974 1970 2998 est:
1992 2968 2087 2999 simul
2111 2969 2195 2999 enim
2215 2976 2294 2999 esset
2312 2969 2345 2999 in
2368 2969 2438 3009 ipso

1443 3012 1473 3040 A
1500 3017 1530 3041 et
1552 3010 1584 3040 in
1609 3011 1644 3041 B.
1675 3011 1773 3048 Quod
1796 3011 1881 3041 enim
1904 3018 2063 3042 mutatum
2087 3020 2148 3051 est,
2179 3014 2307 3053 quando
2337 3020 2438 3043 muta-

1444 3061 1514 3085 tum
1537 3061 1602 3093 est,
1626 3055 1715 3095 quod
1747 3065 1812 3085 non
1837 3062 1882 3086 est
1904 3056 1937 3085 in
1961 3055 2043 3095 hoc,
2075 3063 2238 3087 ostensum
2271 3063 2316 3087 est
2339 3057 2436 3097 prius

1444 3098 1477 3128 Si
1499 3108 1574 3128 vero
1598 3098 1631 3128 in
1655 3098 1716 3129 alio
1741 3105 1801 3137 est,
1825 3098 1857 3129 in
1885 3100 1991 3130 medio
2016 3100 2072 3131 erit
2093 3107 2234 3141 tempus:
2263 3111 2329 3131 non
2353 3100 2437 3130 enim

1444 3142 1611 3173 coniuncta
1635 3149 1722 3173 erant
1743 3142 1812 3182 ipsa
1834 3153 1930 3174 nunc.

1376 3185 1394 3204 *
1407 3185 1570 3223 Quoniam
1592 3186 1686 3226 igitur
1704 3186 1737 3216 in
1752 3193 1896 3226 tempore
1919 3193 2078 3218 mutatum
2101 3194 2164 3224 est,
2189 3194 2314 3227 tempus
2330 3194 2436 3217 autem

1444 3239 1540 3260 omne
1557 3229 1723 3268 divisibile;
1742 3230 1775 3260 in
1791 3230 1897 3260 medio
1914 3231 1999 3261 aliud
2015 3231 2072 3261 erit
2085 3237 2254 3269 mutatum,
2273 3237 2302 3261 et
2322 3231 2436 3260 iterum

1442 3273 1475 3303 in
1497 3273 1582 3304 illius
1605 3274 1711 3304 medio
1734 3274 1836 3313 aliud,
1861 3280 1891 3304 et
1914 3274 1957 3304 sic
1976 3284 2107 3314 semper.
2128 3275 2233 3311 Quare
2256 3275 2436 3304 mutabatur

1466 3327 1540 3347 nus.

1376 3359 1393 3379 *
1407 3326 1555 3400 Axiiplius
1569 3367 1676 3396 autem
1690 3361 1724 3390 in
1739 3360 1954 3400 magnitudine
1973 3360 2168 3391 manifestius
2188 3367 2233 3391 est
2254 3361 2342 3403 quod
2360 3361 2434 3392 dici-

1443 3409 1511 3442 tur,
1535 3411 1664 3444 propter
1685 3404 1716 3434 id
1741 3404 1829 3444 quod
1849 3403 1998 3434 continua
2021 3410 2067 3434 est
2089 3404 2291 3445 magnitudo3
2315 3405 2348 3435 in
2371 3415 2435 3446 qua

1442 3454 1583 3478 mutatur
1597 3448 1629 3477 id
1646 3447 1733 3488 quod
1749 3453 1898 3477 mutatur.
1910 3447 1956 3478 Sit
1971 3447 2056 3478 enim
2071 3454 2229 3479 mutatum
2245 3459 2282 3479 ex
2298 3448 2324 3480 C
2339 3449 2372 3479 in
2386 3449 2432 3480 D:

1444 3495 1518 3530 ergo
1542 3491 1567 3521 si
1590 3490 1775 3521 indivisibile
1799 3497 1845 3521 est
1866 3490 1973 3530 ipsum
1997 3491 2065 3530 CD,
2089 3491 2277 3532 impartibile
2301 3493 2357 3523 erit
2374 3492 2432 3523 im-

1443 3534 1577 3574 partibili
1602 3534 1816 3569 coniunctum.
1842 3534 2005 3571 Quoniam
2028 3542 2135 3566 autem
2157 3536 2219 3566 hoc
2239 3536 2433 3577 impossibile

1443 3584 1506 3616 est,
1530 3587 1654 3608 necesse
1678 3583 1724 3608 est
1746 3577 1996 3617 magnitudinem
2024 3589 2090 3610 esse
2125 3580 2212 3621 quod
2234 3580 2379 3619 interest,
2404 3587 2434 3611 et

2225 3641 2256 3666 38

1402 3302 1416 3313 v

2464 870 2474 922 Ξ
2488 869 2545 897 Cap.
2556 875 2586 890 vr.
2594 869 2661 891 Text.

2476 902 2498 916 o.

2465 1135 2473 1141 “
2489 1131 2556 1153 Text.
2572 1137 2601 1159 5¹-

2491 1566 2558 1588 Text.
2571 1573 2604 1594 52.

2492 1915 2558 1937 Text.
2569 1921 2602 1943 53.

2490 2397 2557 2419 Text.
2573 2404 2608 2426 54.

2491 2707 2557 2730 Text.
2572 2713 2604 2735 55.

2464 3197 2472 3205 ·
2488 3195 2556 3217 Text.
2570 3195 2605 3223 56.

2462 3368 2471 3376 “
2486 3366 2552 3388 Text.
2567 3371 2601 3394 57.
