2950 4004
498 292 569 340 176

1125 293 1472 331 PHYSICORUM
1498 293 1847 331 ARISTOTELIS
1877 293 1970 330 LIB.
2002 293 2053 330 IV

1263 571 1563 630 LECTIO
1600 571 1916 628 DECIMA

645 739 750 777 QUID
774 739 943 771 NOMINE
967 738 1099 771 VACUI
1123 738 1426 771 SIGNIFICETUR
1449 756 1467 763 -
1491 738 1820 771 EXCLUDUNTUR
1846 740 2064 773 RATIONES
2086 741 2342 774 PONENTIUM
2365 740 2550 773 VACUUM

498 893 581 938 Πρός
607 887 645 925 δὲ
669 893 711 926 τό
744 891 894 937 ποτέρως
928 892 997 937 ἔχει
1021 887 1073 924 δεῖ
1099 892 1217 934 λαβεῖν
1243 895 1276 925 τί
1301 894 1457 936 σημαίνει
1487 891 1567 925 τοῦ-

567 949 668 994 *lul-“1-
725 981 732 992 ι
824 981 831 991 ι
912 979 919 990 1
1018 977 1032 991 ‘Y
1109 979 1116 989 ν
1171 980 1180 992 t
1279 980 1284 989 ι
1493 978 1501 990 t

501 985 597 1015 Δοκει
621 978 665 1018 δη
692 993 732 1014 το
756 992 851 1012 κενον
877 991 983 1018 τοπος
1002 992 1086 1013 ειναι
1105 993 1137 1013 εν
1157 995 1179 1023 ῳ
1198 975 1302 1026 μηδεν
1321 981 1406 1013 ἐστι.
1433 981 1566 1013 Τουτου

566 1022 596 1058 δ’
618 1028 728 1058 αἴτιον
756 1024 810 1057 ὅτι
831 1024 872 1057 τό
891 1024 925 1057 ὃν
944 1026 990 1056 σῶ
1021 1037 1042 1057 α
1060 1027 1191 1058 οἴονται
1209 1022 1309 1067 εἶναι,
1329 1025 1396 1058 πᾶν
1414 1019 1450 1057 δὲ
1469 1026 1566 1069 σῶμα

567 1071 601 1103 ἑν
626 1069 735 1111 τόπῳ,
753 1069 847 1101 κενὸν
873 1064 903 1100 δ’
925 1069 958 1101 ἑν
977 1082 1000 1111 ῳ
1018 1070 1113 1111 τόπῳ
1138 1065 1242 1114 μηδέν
1262 1069 1336 1103 ἐστι
1353 1070 1464 1112 σῶμα·
1483 1068 1562 1102 ὥστ’

568 1116 597 1146 εἴ
621 1126 686 1147 που
711 1113 759 1158 μή
785 1112 857 1146 ἐστι
882 1114 1000 1158 σῶμα,
1029 1114 1125 1146 κενὸν
1151 1111 1237 1147 εἶναι
1267 1112 1430 1147 ἐνταῦθα.
1465 1114 1566 1157 Σῶμα

567 1155 606 1191 δὲ
631 1158 734 1192 πάλιν
763 1157 854 1190 ἅπαν
888 1159 1019 1190 οἴονται
1051 1155 1136 1191 εἶναι
1169 1158 1294 1192 άπτόν·
1322 1159 1462 1192 τοιοῦτο
1486 1153 1524 1189 δὲ
1550 1157 1566 1190 ὃ

570 1202 607 1236 ἂν
635 1203 696 1249 ’έχῃ
723 1202 825 1247 βάρος
850 1200 870 1239 ἦ
894 1202 1109 1246 κουφότητα.
1144 1203 1324 1248 Συμβαίνει
1349 1201 1405 1235 οῦν
1431 1203 1467 1234 ἐκ
1491 1203 1569 1234 συλ-

565 1248 730 1294 λογισμοῦ
757 1248 863 1280 τοῦτο
890 1243 975 1278 εἶναι
998 1247 1115 1289 κενόν,
1143 1248 1175 1280 ἑν
1202 1247 1227 1279 ὦ
1251 1243 1355 1292 μηδέν
1382 1246 1456 1280 ἐστι
1480 1246 1567 1290 βαρῦ

567 1290 589 1327 ἦ
613 1294 751 1337 κοῦφον.
777 1291 900 1323 Ταῦτα
924 1291 984 1335 μὲν
1010 1290 1080 1332 οὖν,
1108 1291 1219 1337 ὥσπερ
1245 1293 1382 1336 εἴπομεν
1405 1293 1463 1323 καὶ
1489 1290 1570 1333 πρό-

568 1348 678 1381 τερον,
705 1337 742 1368 ἐκ
766 1336 993 1382 συλλογισμοῦ
1018 1336 1208 1381 συμβαίνει.

494 1424 646 1457 Ἀτοπον
672 1419 711 1456 δὲ
735 1424 763 1456 εἰ
789 1425 809 1462 ἡ
835 1435 914 1470 στιγ
943 1425 963 1461 ἢ
987 1423 1095 1456 κενόν·
1121 1419 1174 1456 δεῖ
1196 1424 1261 1470 γάρ
1288 1422 1395 1456 τόπον
1412 1420 1511 1462 εἶναι,
1530 1420 1566 1455 ἑν

569 1469 594 1510 ᾧ
619 1467 780 1512 σώματός
813 1468 886 1500 ἐστι
938 1469 1092 1512 ιάστημα
1127 1469 1253 1501 άπτοῦ.
1286 1468 1378 1499 Ἀλλ’
1406 1466 1464 1500 οὖν
1493 1469 1567 1510 φαί-

569 1525 665 1546 νεται
688 1512 848 1558 λέγεσθαι
873 1514 914 1544 τό
940 1513 1034 1546 κενόν
1053 1511 1112 1544 ἕνα
1129 1513 1188 1557 μὲν
1207 1511 1334 1555 τρόπον
1355 1511 1396 1544 τὸ
1442 1511 1462 1548 ἡ
1482 1511 1568 1548 πλῆ-

570 1570 620 1601 ρες
647 1556 811 1594 αἰσθητοῦ
836 1556 994 1601 σώματος
1020 1556 1116 1589 κατά
1141 1557 1205 1593 τήν
1233 1555 1334 1600 άφῆν·
1354 1556 1410 1588 αἱσ
1431 1555 1517 1593 ητόν
1535 1551 1564 1587 δ’

570 1601 645 1634 ἐστὶ
670 1601 766 1634 κατά
790 1601 854 1637 τήν
881 1602 966 1646 ἁφήν
989 1601 1030 1634 τὸ
1049 1601 1149 1645 βάρος
1176 1601 1253 1645 ἔχον
1277 1602 1334 1633 καὶ
1351 1600 1564 1644 κουφότητα.

503 1685 559 1717 Διὸ
583 1683 646 1716 κᾶν
673 1681 855 1728 ἀπορήσειέ
873 1695 937 1724 τις,
957 1686 991 1716 τί
1011 1682 1048 1716 οἲν
1067 1687 1176 1728 φαῖεν,
1194 1683 1223 1714 εἱ
1241 1683 1314 1728 ἔχοι
1332 1683 1373 1715 τὸ
1390 1678 1567 1728 διάστημα

568 1729 688 1774 χρῶμα
714 1726 734 1764 ἦ
759 1726 876 1771 ψόφον,
895 1727 1038 1771 πότερον
1056 1727 1151 1760 κενόν
1170 1726 1190 1764 ἦ
1209 1727 1269 1768 οὕς
1293 1726 1313 1764 ἦ
1334 1723 1437 1764 δῆλον
1465 1727 1518 1760 ὅτι
1540 1727 1568 1759 εἰ

570 1773 628 1817 μὲν
654 1767 793 1816 δέχοιτο
819 1773 917 1816 σῶμα
945 1771 1070 1813 ἁπτόν,
1088 1772 1183 1804 κενόν
1201 1768 1299 1804 εἶναι·
1326 1773 1354 1803 εἰ
1378 1767 1415 1804 δὲ
1433 1771 1493 1816 μή,
1515 1772 1565 1804 οὔ.

497 1861 619 1892 Ἀλλον
645 1855 683 1892 δὲ
707 1859 847 1904 τρόπον,
867 1861 900 1892 ἑν
927 1860 950 1902 ᾧ
975 1860 1021 1903 μή
1048 1855 1128 1891 τόδε
1154 1871 1188 1892 τι
1213 1854 1291 1904 μηδ’
1311 1860 1410 1892 οὐσία
1435 1871 1485 1897 τις
1506 1872 1570 1891 σω-

571 1903 714 1949 ματική·
740 1900 794 1936 διό
818 1907 898 1949 φασί
924 1916 1010 1942 τινες
1035 1900 1120 1936 εἶναι
1145 1905 1186 1937 τό
1210 1904 1305 1936 κενόν
1331 1905 1395 1941 τήν
1421 1905 1484 1937 τοῦ
1506 1904 1570 1936 σώ-

571 1960 679 1993 ματος
706 1947 806 1991 ὕλην,
833 1949 926 1994 οἵπερ
957 1950 1016 1980 καὶ
1041 1949 1100 1980 τόν
1127 1949 1254 1991 τόπον,
1282 1950 1323 1981 τό
1349 1948 1436 1982 αὐτὸ
1461 1950 1567 1982 τοῦτο

569 1992 728 2039 λέγοντες
754 1993 792 2025 οὐ
816 1994 938 2031 καλῶς·
958 1994 978 2030 ἡ
997 1992 1056 2036 μὲν
1081 1993 1145 2039 γάρ
1173 1992 1233 2031 ὕλη
1260 1994 1298 2025 οὐ
1323 1993 1474 2038 χωριστή
1501 1994 1567 2025 τῶν

572 2037 797 2095 πραγμάτων,
825 2037 866 2070 τό
890 2033 928 2070 δὲ
951 2038 1045 2069 κενόν
1070 2038 1230 2081 ζητοῦσιν
1255 2039 1297 2076 ὠς
1320 2036 1499 2083 χωριστόν.

500 2079 594 2115 Ἐπεὶ
622 2077 660 2114 δε
685 2083 758 2138 περὶ
787 2081 895 2115 τόπου
927 2077 1124 2127 διώρισται,
1155 2084 1213 2114 καὶ
1245 2082 1286 2115 τό
1315 2083 1409 2115 κενόν
1436 2081 1567 2128 ἀνάγκη

571 2125 679 2159 τόπον
706 2138 791 2158 ειναι
809 2127 836 2158 εἰ
854 2127 945 2159 ἔστιν
970 2126 1191 2171 ἐστερημένον
1216 2126 1388 2170 σώματος,
1409 2126 1514 2164 τόπος
1531 2121 1569 2158 δὲ

570 2172 629 2202 καὶ
659 2172 726 2210 πῶς
753 2171 826 2204 ἔστι
857 2173 915 2203 καὶ
947 2172 1017 2208 πῶς
1045 2172 1103 2203 οὐκ
1129 2171 1219 2204 ἔστιν
1252 2173 1402 2214 εἴρηται,
1429 2170 1568 2215 φανερόν

572 2214 626 2248 ὅτι
651 2215 740 2249 οὕτω
766 2215 825 2259 μὲν
850 2214 944 2247 κἐνόν
971 2215 1031 2247 οὐκ
1056 2217 1160 2256 ἔστιν,
1180 2215 1260 2248 οὔτε
1283 2215 1471 2261 ἀχώριστον
1490 2215 1568 2248 οὔτε

570 2259 827 2314 κεχωρισμένον·
854 2259 895 2292 τό
920 2259 984 2306 γάρ
1006 2261 1099 2293 κενόν
1118 2260 1156 2292 οὐ
1173 2261 1284 2302 σῶμα,
1304 2260 1394 2293 ἀλλὰ
1410 2259 1567 2304 σώματος

570 2299 749 2348 διαστημα
774 2303 938 2344 βούλεται
963 2300 1062 2338 εἶναι.
1089 2305 1145 2336 Διὸ
1169 2307 1226 2336 καὶ
1252 2304 1293 2336 τό
1314 2305 1408 2337 κενόν
1426 2299 1519 2336 δοκεῖ
1534 2315 1569 2336 τι

571 2345 671 2390 εἶναι,
699 2348 752 2382 ὅτι
776 2350 834 2380 καὶ
861 2349 876 2380 ὀ
902 2347 1026 2388 τόπος,

503 2394 560 2425 καὶ
585 2387 646 2424 διά
669 2393 717 2426 τά
741 2392 849 2425 αὐτά.
866 2392 963 2424 ’Ήκει
980 2393 1045 2438 γάρ
1063 2387 1106 2429 δή
1126 2393 1147 2430 ἦ
1163 2395 1287 2430 κίνησις
1306 2393 1327 2430 ἥ
1347 2393 1445 2425 κατά
1462 2391 1569 2425 τόπον

570 2438 717 2475 καὶτοῖς
737 2438 796 2470 τόν
822 2435 929 2470 τόπον
955 2437 1135 2480 φάσκουσιν
1162 2434 1247 2469 εἷναί
1275 2449 1308 2469 τι
1334 2436 1429 2482 παρά
1445 2436 1494 2470 τοὶ
1509 2435 1572 2468 σώ-

571 2493 669 2525 ματα
695 2482 743 2514 τά
767 2480 989 2526 ἐμπίπτοντα
1013 2483 1071 2514 καὶ
1097 2485 1168 2519 τοῖς
1194 2482 1235 2514 τό
1258 2481 1367 2515 κενόν.
1394 2483 1507 2514 Αἴτιον
1532 2476 1570 2512 δὲ

570 2525 730 2564 κινήσεως
757 2528 888 2558 οἴονται
920 2523 1005 2558 εἷναι
1030 2526 1072 2559 τό
1095 2526 1190 2558 κενόν
1216 2525 1322 2564 οὕτως
1348 2526 1448 2564 ώς”ἑν
1475 2524 1498 2567 q}
1522 2536 1570 2557 κι-

571 2573 693 2602 νεῖται·
721 2572 827 2604 τοῦτο
853 2565 882 2602 δ’
913 2569 951 2602 ἂν
977 2573 1026 2608 εἴη
1053 2571 1121 2602 οἷον
1148 2570 1207 2602 τόν
1234 2570 1343 2603 τόπον
1374 2572 1455 2614 φασί
1483 2581 1569 2607 τινες

571 2611 668 2648 εἶναι.

503 2653 653 2703 Οὐδεμία
677 2654 705 2690 δ’
730 2658 876 2705 ἀνάγκη,
897 2658 925 2689 εἱ
949 2661 1074 2696 κίνησις
1101 2658 1206 2700 ἔστιν,
1225 2655 1311 2690 εἶναι
1334 2657 1443 2691 κενόν.
1462 2657 1567 2695 Ὅλως

570 2703 629 2746 μὲν
656 2702 711 2736 οὖν
737 2703 848 2741 πάσης
872 2702 1031 2740 κινήσεως
1058 2698 1226 2746 οὐδαμῶς,
1244 2697 1297 2734 διὰ
1321 2703 1379 2734 καὶ
1402 2701 1568 2734 Μέλισσον

571 2747 703 2780 ἔλαθεν·
724 2747 943 2781 ἀλλοιοῦσθαι
964 2747 1028 2792 γάρ
1046 2747 1088 2779 τό
1107 2748 1230 2791 πλῆρες
1249 2741 1440 2792 ἐνδέχεται.
1461 2746 1570 2778 Ἀλλά

570 2787 614 2828 δή
640 2787 720 2825 οὐδὲ
744 2792 808 2828 τήν
833 2791 930 2825 κατά
953 2790 1060 2823 τόπον
1084 2793 1225 2828 κίνησιν·
1254 2789 1325 2835 ἅμα
1349 2790 1413 2836 γάρ
1439 2785 1570 2836 ἐνδέχε-

571 2847 631 2868 ται
658 2835 831 2877 ὑπεξιέναι
857 2834 1030 2876 ἀλλήλοις,
1051 2830 1184 2872 οὐδενός
1212 2834 1306 2873 ὄντος
1327 2829 1567 2879 διαστήματος

594 2881 739 2924 ωριστοῦ
756 2880 852 2925 παρά
868 2881 915 2914 τά
931 2878 1078 2923 σώματα
1097 2879 1144 2911 τά
1159 2878 1351 2923 κινούμενα.
1379 2880 1444 2910 Καὶ
1462 2880 1568 2912 τοῦτο

593 2926 674 2961 ἧλον
698 2926 758 2956 καὶ
784 2924 818 2956 έν
845 2929 920 2962 ταῖς
946 2925 1012 2956 τῶν
1044 2924 1190 2968 συνεχῶν
1221 2918 1350 2965 δίναις,
1377 2922 1485 2966 ὥσπερ
1510 2925 1568 2955 καὶ

571 2971 604 3003 ἑν
629 2973 707 3007 ταῖς
732 2969 799 3000 τῶν
825 2970 942 3015 ὑγρῶν.

498 3010 700 3059 Ἐνδέχεται
732 3009 769 3044 δὲ
793 3015 851 3045 καὶ
883 3010 1090 3045 πυκνοῦσθαι
1120 3011 1167 3055 μή
1193 3012 1236 3049 εἱς
1263 3011 1304 3045 τό
1329 3011 1444 3053 κενόν,
1479 3012 1569 3044 ἀλλά

571 3055 630 3090 διά
654 3058 694 3090 τό
720 3057 766 3089 τοὶ
791 3057 915 3090 ἐνόντα
933 3056 1173 3099 ἓκπυρηνίζειν,
1193 3057 1261 3088 οἷον
1288 3051 1413 3093 ὕδατος
1439 3055 1567 3088 συνθλι-

571 3101 712 3146 βομένου
739 3100 798 3134 τόν
824 3100 948 3133 ἐνόντα
975 3098 1079 3144 ἀέρα,

502 3150 560 3181 καὶ
587 3144 791 3188 αὐξάνεσθαι
817 3146 854 3178 οὖ
880 3145 980 3190 μόνον
1006 3143 1168 3181 εἰσιόντος
1194 3143 1296 3185 τινός,
1319 3141 1408 3176 ἀλλά
1431 3145 1488 3175 καὶ
1510 3144 1567 3177 ἀλ-

568 3190 720 3231 λοιώσει,
752 3190 820 3222 οἷον
846 3190 873 3222 εἰ
899 3190 933 3231 ἐξ
959 3183 1085 3226 ὕδατος
1111 3191 1240 3233 γίνοιτο
1267 3187 1345 3233 ἀήρ.

495 3237 600 3274 ’Όλως
625 3231 662 3268 δὲ
681 3234 697 3267 ὅ
715 3246 752 3267 τε
777 3235 851 3279 περὶ
876 3235 939 3272 τῆς
965 3232 1137 3274 αὐξήσεως
1161 3231 1262 3279 λόγος
1285 3232 1342 3265 καὶ
1361 3232 1423 3265 τοῦ
1440 3231 1484 3270 εἰς
1503 3231 1567 3267 τήν

570 3279 694 3325 τέφραν
729 3278 931 3324 ἑγχεομένου
958 3273 1082 3315 ὕδατος
1115 3277 1219 3315 αὐτὸς
1249 3274 1354 3310 αὐτόν
1380 3271 1564 3320 ἐμποδίζει.

560 3318 694 3371 ”Η“γάρ
721 3326 780 3356 οὐκ
807 3322 994 3364 αὐξάνεται
1021 3322 1155 3362 ότιοῦν,
1184 3320 1205 3358 ἦ
1231 3319 1268 3353 οὗ
1293 3321 1445 3365 σώματι,
1473 3319 1494 3357 ἦ
1520 3321 1567 3353 ἓν-

569 3364 713 3413 δέχεται
731 3364 791 3400 δύο
810 3367 957 3411 σώματα
975 3368 1007 3400 ἑν
1027 3367 1074 3408 τῷ
1094 3363 1187 3407 αὐτῷ
1206 3362 1303 3397 εἶναι·
1322 3365 1491 3408 (ἀπορίαν
1511 3363 1566 3397 οὖν

568 3413 682 3449 κοινήν
712 3414 840 3454 ἀξιοῦσι
863 3411 972 3452 λύειν,
1007 3409 1079 3444 ἀλλ’
1109 3411 1147 3442 οὐ
1171 3409 1265 3442 κενόν
1294 3404 1498 3441 δεικνύουσιν
1524 3410 1565 3447 ὠς

572 3455 692 3498 ἔστιν)
718 3457 738 3493 ἦ
765 3457 832 3489 πᾶν
865 3454 950 3488 εἶναι
977 3456 1041 3488 ἀνα
1067 3458 1162 3487 καῖον
1195 3454 1236 3487 τό
1265 3454 1361 3497 σῶμα
1391 3453 1504 3493 κενόν,
1538 3454 1566 3485 εἰ

572 3499 686 3542 πάντῃ
714 3500 904 3542 αὐξάνεται
933 3502 990 3532 καὶ
1021 3498 1210 3541 αυξάνεται
1241 3493 1300 3531 δια
1329 3499 1438 3530 κενοῦ,
1472 3499 1508 3529 ’0
1533 3493 1561 3529 δ’

573 3543 676 3581 αὐτὸς
693 3544 793 3590 λόγος
812 3546 868 3576 καὶ
895 3542 950 3577 ἐπὶ
975 3545 1038 3582 τῆς
1065 3543 1201 3599 τέφρας.
1222 3541 1298 3575 ’Ὀτι
1316 3542 1374 3587 μὲν
1397 3540 1453 3575 οὖν
1471 3541 1506 3583 ἐξ
1523 3542 1566 3574 ὢν

571 3582 773 3620 διεκνύουσιν
799 3586 883 3620 εἶναι
909 3589 949 3621 τό
973 3587 1068 3620 κενὸν
1092 3589 1182 3620 λυειν
1207 3582 1340 3631 ῥᾴδιον,
1367 3585 1520 3631 φανερόν.

1620 893 1638 913 *
1659 895 1711 925 Ad
1735 896 1828 936 quale
1851 903 1959 928 autem
1983 908 2017 929 se
2039 898 2161 938 habeat,
2182 905 2308 940 oportet
2330 897 2470 940 accipere
2493 899 2571 940 quid
2594 899 2686 940 signi-

1687 937 1760 970 ficet
1782 950 1910 972 nornen.

1620 982 1754 1014 Videtur
1777 991 1884 1015 autem
1906 995 2045 1016 vacuum
2067 986 2158 1018 locus
2181 996 2247 1017 esse
2266 986 2299 1017 in
2317 997 2383 1028 quo
2407 986 2485 1018 nihil
2502 993 2558 1019 est.
2578 987 2684 1018 Huius

1688 1034 1795 1059 autem
1823 1039 1916 1060 causa
1939 1036 2005 1069 est,
2029 1030 2104 1071 quia
2135 1040 2231 1061 omne
2255 1031 2343 1071 quod
2371 1037 2436 1069 est,
2469 1041 2585 1072 corpus
2616 1031 2684 1072 opi-

1689 1078 1803 1103 nantur
1820 1080 1904 1111 esse;
1928 1083 2024 1104 omne
2047 1081 2155 1105 autem
2178 1084 2294 1114 corpus
2312 1074 2346 1107 in
2368 1074 2441 1104 loco
2461 1081 2524 1114 est;
2547 1083 2686 1106 vacuum

1689 1123 1807 1155 autern,
1818 1117 1850 1147 in
1867 1127 1933 1158 quo
1951 1118 2024 1149 loco
2034 1118 2161 1149 nullum
2177 1127 2292 1157 corpus
2308 1124 2364 1148 est.
2380 1118 2486 1155 Quare
2502 1118 2602 1149 sicubi
2617 1129 2684 1150 non

1689 1167 1736 1191 est
1759 1170 1890 1201 corpus,
1914 1161 1993 1192 nihil
2016 1168 2063 1192 est
2083 1162 2137 1192 ibi.
2163 1161 2290 1201 Corpus
2313 1167 2421 1192 autem
2442 1161 2559 1193 iterum
2589 1171 2685 1194 omne

1689 1204 1860 1244 opinantur
1886 1215 1952 1235 esse
1981 1205 2145 1245 tangibile:
2176 1205 2362 1236 huiusmodi
2392 1212 2499 1236 autem
2522 1212 2568 1237 est
2597 1206 2688 1247 quod

1688 1247 1783 1279 habet
1801 1249 1984 1288 gravitatem
2007 1255 2061 1279 aut
2083 1249 2252 1280 levitatem.
2276 1249 2397 1280 Accidit
2414 1249 2509 1290 igitur
2532 1259 2569 1280 ex
2591 1249 2687 1291 syllo-

1689 1291 1792 1331 gismo
1807 1292 1869 1322 hoc
1893 1302 1958 1322 esse
1978 1302 2134 1332 vacuum,
2150 1292 2183 1323 in
2206 1302 2272 1334 quo
2296 1293 2422 1324 nullum
2444 1299 2491 1325 est
2513 1302 2607 1334 grave
2630 1299 2686 1325 aut

1689 1335 1766 1366 leve.
1785 1336 1872 1366 Haec
1886 1335 2016 1376 quidem
2029 1337 2124 1377 igitur
2147 1346 2183 1367 ex
2207 1336 2404 1378 syllogismo,
2427 1337 2508 1369 sicut
2529 1337 2617 1379 prius
2638 1332 2688 1368 di-

1689 1379 1805 1417 ximus,
1829 1379 1984 1411 accidunt.

1623 1422 1686 1453 Sed
1717 1422 1942 1454 inconveniens
1977 1430 2023 1454 est
2057 1423 2083 1454 si
2114 1431 2272 1465 punctum
2297 1435 2436 1456 vacuum
2469 1425 2518 1457 sit.
2550 1425 2687 1467 Oportet

1691 1466 1776 1497 enim
1798 1467 1908 1498 locum
1931 1477 1998 1499 esse
2028 1467 2061 1498 in
2084 1478 2151 1509 quo
2175 1469 2316 1509 corporis
2338 1469 2377 1500 sit
2398 1469 2536 1510 spatium
2558 1469 2688 1511 tangibi-

1689 1510 1735 1541 lis.
1753 1511 1770 1530 *
1782 1511 1832 1542 Sic
1846 1511 1940 1552 igitur
1953 1511 2077 1543 videtur
2097 1513 2157 1544 dici
2175 1522 2314 1544 vacuum
2337 1523 2403 1544 uno
2424 1513 2555 1555 quidem
2575 1514 2687 1554 modo,

1690 1565 1757 1585 non
1779 1555 1912 1596 plenum
1928 1556 2065 1587 sensibili
2088 1566 2220 1597 corpore
2241 1558 2418 1588 secundum
2436 1564 2566 1589 tactum.
2585 1557 2687 1589 Sensi-

1690 1599 1752 1630 bile
1782 1606 1890 1631 autem
1921 1600 2098 1631 secundum
2132 1607 2252 1632 tactum
2279 1608 2326 1632 est
2354 1601 2538 1642 gravitatem
2569 1602 2688 1634 haben·

1690 1650 1745 1674 aut
1767 1643 1936 1675 levitatem.

1623 1687 1716 1718 Unde
1740 1693 1771 1718 et
1793 1687 1818 1718 si
1842 1688 1997 1719 dubitabit
2019 1688 2131 1729 aliquis
2154 1689 2233 1730 quid
2255 1689 2366 1731 utique
2388 1690 2504 1729 dicant,
2526 1690 2552 1721 si
2574 1690 2688 1722 habeat

1689 1731 1751 1762 hoc
1774 1732 1913 1772 spatium
1944 1732 2084 1763 colorem
2112 1739 2167 1764 aut
2190 1743 2322 1772 sonum,
2346 1740 2454 1765 utrum
2485 1744 2624 1765 vacuum
2646 1743 2688 1766 an

1689 1783 1772 1806 non:
1793 1782 1847 1807 aut
1870 1775 2074 1807 manifestum
2097 1783 2160 1815 est,
2185 1777 2210 1807 si
2234 1787 2348 1818 corpus
2377 1777 2508 1819 quidem
2539 1777 2688 1820 suscipiat

1689 1819 1854 1860 tangibile,
1873 1830 2012 1851 vacuum
2031 1827 2112 1859 esse3
2136 1821 2162 1851 si
2185 1831 2260 1852 vero
2283 1831 2365 1860 non,
2389 1821 2531 1853 minime.

1622 1863 1640 1882 *
1661 1863 1735 1894 Alio
1760 1870 1867 1894 autem
1889 1865 2006 1903 modo,
2031 1864 2064 1894 in
2083 1874 2149 1905 quo
2178 1875 2244 1895 non
2269 1872 2314 1896 est
2336 1865 2398 1896 hoc
2421 1865 2560 1907 aliquid,
2583 1874 2688 1907 neque

1690 1908 1863 1939 substantia
1871 1908 1975 1949 aliqua
1993 1918 2155 1948 corporea.
2171 1909 2263 1940 Unde
2279 1909 2410 1950 quidam
2426 1909 2536 1941 dicunt
2547 1919 2688 1942 vacuum

1691 1961 1758 1982 esse
1773 1952 1913 1993 corporis
1927 1952 2105 1983 materiam:
2125 1952 2181 1993 qui
2196 1953 2327 1994 quidem
2351 1961 2382 1984 et
2400 1953 2511 1984 locum
2523 1953 2586 1985 hoc
2600 1954 2688 1985 idem

1690 1995 1839 2035 dicentes,
1862 2006 1929 2027 non
1952 1997 2041 2027 bene.
2075 1997 2206 2028 Materia
2233 1996 2319 2028 enim
2350 1997 2529 2037 separabilis
2551 2007 2619 2029 non
2641 2003 2689 2029 est

1690 2050 1708 2070 a
1730 2041 1839 2079 rebus;
1862 2050 2000 2071 vacuum
2023 2047 2130 2071 autern
2153 2047 2309 2082 quaerunt
2332 2041 2413 2072 sicut
2435 2041 2617 2082 separabile.

1623 2084 1641 2104 '¹‘
1657 2084 1819 2121 Quoniam
1851 2091 1958 2116 autern
1988 2084 2026 2115 de
2049 2085 2121 2115 loco
2146 2085 2388 2116 determinatum
2412 2092 2472 2124 est,
2497 2091 2527 2116 et
2548 2094 2688 2117 vacuum

1686 2129 1795 2159 locum
1811 2138 1936 2159 necesse
1955 2135 2002 2159 est
2024 2138 2101 2167 esse,
2121 2129 2147 2159 si
2164 2135 2220 2167 est,
2239 2129 2397 2169 privatum
2422 2138 2557 2170 corpore
2564 2137 2574 2168 ;
2596 2129 2688 2160 locus

1691 2179 1798 2203 autem
1821 2173 1989 2213 quomodo
2014 2179 2060 2203 est
2083 2179 2113 2203 et
2135 2173 2303 2214 quomodo
2321 2182 2389 2204 non
2411 2179 2459 2204 est
2481 2173 2603 2204 dictum
2625 2179 2688 2213 ειη

1691 2216 1895 2248 manifestum
1918 2224 1964 2247 est
1987 2216 2141 2257 quoniam
2165 2216 2209 2247 sic
2224 2217 2355 2258 quidem
2377 2227 2516 2248 vacuum
2537 2226 2604 2248 non
2626 2223 2689 2257 est,

1690 2271 1795 2302 neque
1834 2267 2013 2301 separatum
2044 2270 2148 2302 neque
2179 2260 2394 2301 inseparabile.
2428 2261 2576 2292 vacuum
2603 2260 2689 2293 enim

1691 2315 1757 2336 non
1774 2315 1900 2346 corpus,
1918 2305 1971 2335 sed
1987 2305 2127 2345 corporis
2144 2305 2281 2346 spatium
2299 2305 2413 2336 volunt
2424 2315 2500 2336 esse.
2513 2305 2531 2324 *
2550 2305 2643 2338 Unde
2658 2310 2690 2337 et

1690 2359 1829 2380 vacuum
1851 2349 1975 2380 videtur
1997 2348 2116 2390 aliquid
2139 2359 2216 2388 esse,
2240 2348 2315 2390 quia
2337 2356 2368 2380 et
2385 2349 2486 2380 locus.

1692 2400 1821 2434 propter
1852 2393 1962 2424 eadem
1997 2399 2163 2433 acceptum
2195 2399 2250 2424 est.
2282 2393 2432 2424 Provenit
2463 2393 2548 2423 enim
2579 2399 2689 2425 motus

1690 2437 1746 2479 qui
1770 2444 1815 2468 est
1838 2438 2014 2468 secundum
2028 2437 2149 2476 locum,
2166 2444 2197 2468 et
2213 2437 2323 2468 locum
2347 2436 2522 2468 dicentibus
2542 2447 2609 2468 esse
2631 2438 2687 2469 nli-

1690 2481 1769 2523 quid
1791 2488 1912 2522 praeter
1925 2481 2094 2512 incidentia
2117 2491 2262 2522 corpora,
2281 2487 2312 2512 et
2324 2481 2373 2511 his
2391 2481 2447 2522 qui
2466 2481 2576 2512 dicunt
2597 2481 2688 2522 quod

1690 2536 1828 2557 vacuum
1851 2532 1906 2557 est.
1931 2525 2070 2556 Causam
2093 2532 2201 2556 autem
2222 2532 2331 2556 motus
2354 2525 2526 2565 opinantur
2547 2535 2615 2556 esse
2631 2535 2686 2556 va-

1691 2580 1799 2609 cuum,
1823 2571 1867 2601 sic
1891 2569 1971 2600 sicut
1993 2569 2025 2600 in
2049 2580 2115 2610 quo
2131 2576 2287 2600 movetur.
2311 2569 2383 2600 Hoc
2398 2575 2506 2600 autem
2528 2569 2590 2600 tale
2613 2569 2685 2610 erit,

1690 2614 1818 2655 qualem
1840 2614 1949 2644 locum
1972 2613 2082 2644 dicunt
2103 2623 2170 2644 esse
2193 2613 2334 2654 quidam.

1624 2394 1666 2425 Et

1623 2658 1641 2677 *
1656 2658 1768 2699 Neque
1784 2668 1847 2688 una
1858 2664 1964 2688 autem
1980 2657 2146 2688 necessitas
2162 2664 2218 2696 est,
2225 2657 2255 2688 'si
2266 2663 2374 2688 motus
2384 2663 2441 2695 est,
2453 2667 2519 2688 esse
2535 2666 2683 2689 vacuum.
2713 2661 2724 2672 ⁸

1690 2702 1833 2734 Omnino
1865 2702 1996 2743 quidem
2024 2702 2118 2742 igitur
2151 2702 2256 2733 omnis
2288 2701 2458 2740 motionis,
2481 2711 2687 2744 nequaqum

1690 2745 1789 2789 (unde
1805 2753 1835 2777 et
1850 2746 2014 2777 Melissum
2027 2744 2143 2788 latuit):
2161 2746 2282 2777 alterari
2298 2755 2437 2786 namque
2453 2746 2606 2787 contingit
2620 2745 2686 2786 ple-

1689 2801 1778 2822 num.
1803 2791 1864 2821 Sed
1894 2800 1997 2831 neque
2028 2791 2204 2821 secundum
2235 2790 2345 2821 locum
2367 2796 2504 2821 motum.
2537 2789 2686 2822 Similiter

1690 2835 1774 2866 enim
1798 2834 1978 2875 subingredi
2001 2835 2041 2865 ad
2063 2834 2197 2866 invicem
2221 2833 2442 2874 contingit,‚si
2466 2834 2592 2865 nullum
2614 2843 2684 2876 spa-

1689 2880 1770 2910 tium
1793 2879 1963 2920 separabile
1987 2879 2026 2909 sit
2049 2886 2170 2919 praeter
2193 2888 2326 2919 corpora
2348 2884 2446 2908 mota.
2470 2878 2512 2909 Et
2534 2878 2596 2909 hoc
2618 2887 2685 2908 ma-

1689 2923 1840 2954 nifestum
1868 2930 1915 2954 est
1937 2929 1968 2954 et
1989 2922 2022 2953 in
2055 2922 2281 2954 continuorum
2311 2921 2580 2961 revolutionibus,
2603 2921 2686 2953 sicut

1689 2968 1721 2998 in
1744 2967 1781 2998 iis
1800 2978 1882 3008 quae
1905 2973 1979 2998 sunt
2001 2967 2220 2998 humidorum.

1622 3012 1639 3032 ’⁸‘
1655 3011 1819 3052 Contingit
1841 3018 1948 3042 autem
1964 3010 2097 3050 densari,
2121 3021 2187 3041 non
2202 3011 2234 3041 in
2257 3017 2410 3049 vacuum;
2429 3009 2484 3040 sed
2499 3015 2629 3050 propter
2650 3008 2684 3040 id

1689 3056 1778 3096 quod
1802 3066 1837 3086 ea
1860 3066 1942 3097 quae
1965 3055 2074 3086 insunt
2092 3054 2270 3094 elabuntur,
2294 3061 2331 3086 ut
2352 3063 2435 3095 aqua
2450 3053 2557 3084 collisa
2579 3063 2684 3085 aerem

1689 3099 1745 3140 qui
1768 3099 1857 3130 inest.

1622 3144 1663 3175 Et
1685 3144 1879 3184 augmentari
1896 3153 1962 3174 non
1981 3143 2087 3174 solum
2105 3142 2297 3183 ingrediente
2316 3142 2435 3183 aliquo,
2459 3142 2514 3172 sed
2529 3148 2560 3173 et
2575 3141 2682 3172 altera-

1689 3188 1793 3227 tione,
1813 3195 1849 3219 ut
1871 3187 1897 3218 si
1922 3197 1959 3218 ex
1981 3197 2063 3228 aqua
2081 3186 2135 3218 fiat
2158 3197 2219 3218 aer.

1623 3232 1766 3264 Omnino
1785 3239 1892 3263 autem
1915 3238 1946 3263 et
1968 3241 2049 3273 quae
2073 3237 2119 3262 est
2134 3231 2173 3262 de
2189 3237 2360 3271 augmento
2384 3230 2474 3269 ratio,
2495 3236 2525 3261 et
2539 3229 2577 3260 de
2600 3239 2684 3271 aqua

1687 3277 1720 3307 in
1737 3276 1873 3307 cinerem
1895 3276 2010 3315 infusa,
2027 3276 2095 3316 ipsa
2114 3275 2249 3316 seipsam
2265 3274 2406 3315 impedit.
2422 3276 2488 3305 Aut
2507 3274 2592 3304 enim
2615 3282 2682 3304 non

1688 3328 1820 3361 augetur
1843 3320 2017 3362 quodlibet,
2041 3326 2096 3351 aut
2118 3329 2184 3350 non
2208 3329 2351 3359 corpore,
2371 3325 2426 3349 aut
2440 3317 2594 3358 contingit
2615 3317 2681 3348 duo

1688 3375 1821 3405 corpora
1850 3364 1882 3395 in
1916 3365 2030 3396 eodem
2062 3373 2138 3395 esse.
2172 3363 2412 3394 Dubitationem
2443 3362 2538 3402 igitur
2568 3361 2682 3392 volunt

1688 3419 1895 3440 communem
1926 3409 2064 3447 solvere,
2096 3408 2150 3439 sed
2183 3417 2249 3438 non
2280 3407 2496 3438 demonstrant
2524 3413 2680 3443 vacuum,

1687 3453 1776 3494 quod
1799 3460 1864 3484 est:
1889 3460 1943 3484 aut
1966 3462 2062 3483 omne
2086 3462 2201 3493 corpus
2224 3461 2362 3482 vacuum
2386 3460 2452 3482 esse
2471 3458 2596 3481 necesse
2619 3454 2680 3486 est,

1688 3497 1714 3528 si
1741 3497 1866 3538 penitus
1899 3504 2050 3537 augetur,
2082 3503 2112 3527 et
2139 3502 2271 3536 augetur
2299 3505 2354 3536 per
2382 3503 2529 3525 vacuum.
2560 3492 2680 3523 Eadem

1688 3549 1795 3573 autem
1810 3548 1840 3572 et
1863 3541 1895 3572 in
1915 3541 2017 3572 cinere
2040 3540 2119 3571 ratio
2143 3546 2198 3571 est.
2218 3539 2236 3559 *
2260 3539 2358 3577 Quod
2381 3538 2511 3580 quidem
2533 3535 2627 3576 igitur
2649 3541 2679 3566 et

1689 3596 1725 3617 ex
1748 3585 1864 3626 quibus
1887 3585 2104 3616 demonstrant
2125 3593 2273 3622 vacuum,
2291 3582 2410 3614 solvere
2429 3580 2517 3612 facile
2541 3579 2590 3618 sit,
2614 3588 2679 3609 ma-

1689 3629 1838 3660 nifestum
1863 3636 1918 3660 est.

2943 683 2950 728 ..ss—
2942 450 2950 672 .....—.-„-2...„ae-„i..
2945 429 2950 442 Α
2944 359 2950 418 ,κω-Α
2947 316 2950 343 „A

2713 901 2855 956 {efiffssff
2869 901 2928 932 ⁵⁸¹·

2713 1524 2725 1536 “
2737 1523 2806 1547 Text.
2819 1523 2858 1553 58.

2713 1870 2859 1900 ‘'suaso-

2713 2091 2724 2104 ’
2738 2091 2807 2115 Text.
2820 2091 2867 2114 60.

2713 2306 2726 2319 ⁵
2738 2305 2807 2329 Text.
2821 2306 2866 2330 σι..

2711 3017 2720 3027 ·
2735 3016 2804 3039 Text.
2818 3016 2864 3047 63„

2706 3542 2717 3553 ⁸
2731 3542 2799 3565 Text.
2813 3542 2862 3570 ⁶4—
