2950 4004
54 842 86 864 -et
95 840 133 863 rb.

29 1679 194 1708 &het-praec.
204 1685 248 1701 na.

31 1783 52 1797 ‘⁸
63 1786 90 1807 us
97 1785 131 1807 stt
138 1790 212 1807 causa
227 1790 248 1812 e,

11 3628 59 4004 meme..
8 3287 9 3292 ‘

1098 288 1208 324 CAP.
1237 287 1340 334 VIII,
1371 288 1520 325 LECT.
1550 290 1620 325 XII

274 366 434 404 addatur
474 373 600 402 motus
642 365 786 412 motui,
815 365 883 402 sed
925 365 1135 402 secundum
1168 366 1329 403 modum

275 418 488 468 quantitatis
515 418 735 465 intensivae,
757 418 850 455 sicut
875 430 961 454 cum
981 418 1120 466 aliquid
1140 425 1195 455 est
1214 419 1329 454 altero

275 471 407 516 albius3
431 478 560 507 tamen
578 470 764 520 quantitas
786 471 968 518 temporis
989 482 1035 506 ex
1053 483 1128 518 qua
1152 470 1331 507 Aristote-

274 524 329 560 les
348 531 641 570 argumentatur,
663 530 718 559 est
736 523 947 559 secundum
967 522 1128 558 modum
1148 522 1331 570 quantita-

274 575 320 612 tis
349 575 560 622 continuae,
583 583 619 612 et
637 575 680 612 fit
697 583 848 623 tempus
869 574 989 611 maius
1007 586 1076 621 per
1099 574 1331 611 additionem

275 627 458 676 temporis
495 628 544 664 ad
579 635 756 675 tempus;
792 627 896 663 unde
933 626 1122 662 subtracto
1160 634 1331 674 tempore

277 680 382 728 quod
418 680 568 717 additur
604 691 649 716 ex
684 678 936 727 impediente,
975 686 1146 714 remanet
1181 686 1332 727 tempus

276 732 454 770 naturalis
484 731 704 769 velocitatis.
734 730 882 767 Deinde
911 730 999 778 quia
1026 730 1065 766 in
1092 731 1269 777 gravibus
1299 739 1334 767 et

276 785 423 822 levibus
443 791 590 821 remota
608 784 742 829 forma,
763 795 879 831 quam
900 782 963 819 dat
991 794 1185 829 generans,
1211 795 1332 819 rema-

276 844 340 874 net
366 849 435 885 per
461 836 690 873 intellectum
726 846 862 882 corpus
891 842 1091 883 quantum;
1122 835 1226 882 quod
1249 836 1269 856 '²¹‘
1289 848 1334 872 ex

276 890 351 926 hoc
377 888 459 937 ipso
489 887 593 936 quod
612 893 796 935 quantum
821 894 886 932 est,
907 886 945 923 in
973 887 1149 935 opposito
1169 887 1240 924 situ
1261 888 1334 924 exi-

277 948 388 987 stenS,
408 940 522 976 habet
546 938 793 976 resistentiam
819 939 868 976 ad
893 947 1100 976 motorem:
1129 952 1207 976 non
1231 940 1333 976 enirn

275 999 400 1041 potest
426 991 575 1039 intelligi
603 991 673 1028 alia
706 991 911 1027 resistentia
938 991 977 1028 in
1005 992 1226 1040 corporibus
1252 1005 1333 1028 cae-

276 1045 429 1082 lestibus
449 1044 498 1081 ad
517 1056 605 1080 suos
625 1050 804 1081 motores.
830 1044 940 1080 Unde
960 1056 1030 1080 nec
1050 1044 1163 1080 etiarn
1186 1045 1224 1081 in
1253 1056 1334 1091 gra-

275 1097 388 1134 vibus
412 1104 448 1133 et
474 1096 620 1133 levibus
640 1103 817 1144 sequetur
835 1096 928 1133 ratio
952 1096 1171 1143 Aristotelis,
1202 1109 1334 1133 secun-

277 1150 370 1187 dum
390 1149 494 1198 quod
521 1149 601 1198 ipse
637 1148 734 1186 dicit.

330 1203 378 1238 Et
396 1202 483 1238 ideo
503 1202 637 1238 melius
667 1209 703 1238 et
726 1201 878 1238 brevius
910 1200 1114 1238 dicendum
1143 1209 1208 1249 est,
1231 1203 1335 1251 quod

277 1254 370 1295 ratio
398 1254 606 1290 Aristotelis
638 1253 806 1299 inducta,
830 1260 885 1290 est
912 1253 1004 1290 ratio
1034 1255 1053 1275 ²⁸
1072 1254 1121 1291 ad
1149 1255 1334 1292 contradi-

183 1328 190 1335 ·
215 1328 222 1334 ·
278 1306 442 1344 cendum
475 1306 670 1354 positioni,
691 1313 728 1342 et
759 1318 837 1342 non
868 1305 961 1342 ratio
990 1306 1010 1327 *
1039 1306 1335 1345 demonstrativa

277 1358 503 1408 simpliciter.
520 1360 709 1395 Ponentes
724 1365 851 1395 autern
869 1370 1047 1405 vacuum,
1063 1360 1135 1396 hac
1155 1360 1202 1397 de
1223 1373 1335 1397 causa

276 1411 402 1460 ipsum
429 1411 642 1459 ponebant,
672 1418 714 1447 ut
745 1423 823 1447 non
851 1410 1096 1459 impediretur
1123 1419 1268 1449 motus:
1298 1420 1335 1449 et

277 1464 330 1501 sic
363 1464 574 1501 secundum
612 1476 678 1500 eos
719 1475 832 1500 causa
868 1471 995 1500 motus
1035 1472 1114 1501 erat
1151 1477 1196 1501 ex
1228 1473 1334 1514 parte

277 1516 404 1563 medii,
430 1516 532 1564 quod
560 1528 638 1552 non
656 1515 814 1563 impedit
841 1523 1000 1553 motum.
1023 1517 1072 1552 Et
1090 1517 1176 1553 ideo
1206 1525 1335 1554 contra

277 1581 344 1605 eos
383 1569 602 1605 Aristoteles
636 1575 934 1615 argumentatur,
969 1581 1013 1604 ac
1041 1569 1071 1605 si
1107 1577 1185 1606 tota
1222 1583 1335 1607 causa

275 1620 484 1658 velocitatis
504 1628 540 1657 et
557 1620 736 1657 tarditatis
757 1628 854 1657 esset
882 1633 926 1657 ex
949 1628 1054 1669 parte
1078 1622 1210 1668 medii;
1240 1623 1335 1660 sicut

277 1673 389 1709 etiam
419 1680 455 1709 et
482 1685 596 1721 supra
625 1674 645 1693 ¹²
674 1672 868 1709 evidenter
895 1673 970 1709 hoc
998 1674 1159 1711 ostendit
1192 1675 1332 1722 dicens,

276 1725 380 1774 quod
407 1725 438 1761 si
466 1733 598 1762 natura
617 1732 672 1761 est
696 1737 809 1762 causa
837 1733 963 1762 motus
996 1726 1224 1775 simplicium
1253 1741 1333 1765 cor-

275 1790 426 1827 porum,
447 1790 526 1814 non
545 1785 693 1826 oportet
710 1790 853 1826 ponere
878 1790 1045 1815 vacuum
1070 1786 1111 1815 ut
1139 1792 1292 1817 causam
1314 1782 1333 1802 '¹‘

238 1822 249 1858 ’-
276 1837 403 1867 motus
431 1842 582 1867 eorum:
610 1842 679 1878 per
698 1830 800 1879 quod
830 1830 893 1867 dat
920 1830 1123 1879 intelligere
1152 1833 1257 1881 quod
1276 1840 1331 1869 to-

275 1890 353 1919 tam
382 1895 536 1919 causam
563 1890 690 1926 motus
718 1883 913 1931 ponebant
941 1896 986 1920 ex
1013 1891 1119 1932 parte
1147 1885 1273 1932 medii,
1298 1893 1334 1923 et

274 1948 353 1972 non
382 1948 427 1972 ex
453 1942 586 1972 natura
614 1935 777 1972 mobilis.

333 2000 390 2025 11.
420 1988 596 2025 Secunda
623 1995 751 2025 autem
780 1988 961 2025 dubitatio
991 1995 1120 2025 contra
1148 1989 1332 2027 rationem

260 2066 264 2070 -
272 2040 504 2089 praedictam
525 2047 590 2087 est,
611 2040 699 2089 quia
719 2041 749 2077 si
768 2040 939 2077 medium
959 2041 1064 2089 quod
1089 2049 1143 2078 est
1161 2043 1330 2091 plenum,

274 2093 442 2141 impedit,
457 2101 500 2130 ut
517 2093 598 2141 ipse
618 2093 715 2140 dicit,
732 2093 900 2141 sequitur
919 2094 1023 2142 quod
1041 2106 1120 2130 non
1139 2094 1184 2131 sit
1201 2095 1240 2132 in
1258 2096 1332 2132 hoc

274 2145 403 2182 medio
418 2145 582 2182 inferiori
598 2145 729 2194 aliquis
749 2153 875 2182 motus
889 2158 1007 2194 purus
1024 2159 1102 2183 non
1116 2146 1330 2195 impeditus,

274 2198 379 2246 quod
410 2197 559 2234 videtur
591 2197 873 2235 inconveniens.
899 2219 922 2225 -
949 2199 998 2234 Et
1025 2198 1074 2235 ad
1101 2199 1176 2235 hoc
1213 2200 1337 2236 Com--

274 2257 462 2287 mentator
486 2250 700 2298 praedictus
721 2250 933 2298 respondet,
955 2251 1059 2298 quod
1078 2252 1152 2287 hoc
1171 2251 1330 2300 impedi-

274 2310 446 2339 mentum
467 2302 571 2351 quod
600 2310 654 2339 est
677 2315 722 2339 ex
749 2303 889 2349 medio,
910 2303 1062 2352 requirit
1080 2311 1206 2340 motus
1225 2312 1331 2341 natu-

274 2355 358 2392 ralis
377 2355 551 2403 gravium
579 2362 615 2391 et
633 2355 788 2402 levium,
807 2363 849 2392 ut
867 2356 985 2404 possit
1013 2368 1095 2393 esse
1123 2357 1330 2394 resistentia

274 2407 423 2444 mobilis
443 2408 491 2444 ad
511 2415 711 2454 motorem,
729 2408 861 2444 saltem
883 2420 927 2445 ex
953 2416 1058 2457 parte
1080 2409 1206 2446 medii.
1224 2431 1237 2436 -
1255 2410 1332 2447 Sed

273 2460 408 2497 melius
435 2460 639 2497 dicendum
668 2468 723 2497 est
750 2461 854 2509 quod
883 2461 1007 2498 omnis
1035 2469 1161 2498 motus
1181 2469 1329 2499 natura-

272 2512 316 2549 lis
334 2512 462 2562 incipit
480 2525 502 2549 a
521 2514 605 2549 loco
635 2525 713 2550 non
741 2513 910 2560 naturali,
933 2521 968 2550 et
992 2514 1109 2550 tendit
1136 2514 1174 2550 in
1201 2515 1330 2551 locum

272 2566 492 2602 naturalem.
523 2565 633 2603 Unde
667 2565 837 2614 quandiu
873 2567 921 2603 ad
957 2567 1084 2603 locum
1122 2568 1330 2604 naturalem

270 2618 491 2667 perveniat,
521 2630 598 2655 non
633 2626 688 2654 est
714 2618 986 2655 inconveniens
1014 2619 1044 2655 si
1079 2619 1219 2667 aliquid
1253 2632 1331 2656 non

271 2671 440 2707 naturale
460 2670 494 2706 ei
513 2670 771 2718 coniungatur.
792 2671 977 2708 Paulatim
999 2672 1099 2708 enim
1119 2672 1260 2708 recedit
1283 2673 1330 2709 ab

274 2734 319 2759 eo
339 2722 444 2771 quod
463 2729 518 2759 est
537 2729 666 2759 contra
684 2730 869 2770 naturam,
891 2731 928 2760 et
953 2724 1071 2760 tendit
1094 2724 1132 2760 in
1160 2724 1198 2761 id
1227 2725 1330 2773 quod

273 2781 328 2811 est
364 2775 574 2811 seeundum
611 2782 801 2812 naturam:
842 2783 876 2812 et
908 2783 1063 2824 propter
1096 2777 1170 2813 hoc
1204 2784 1330 2814 motus

271 2827 449 2864 naturalis
477 2827 514 2863 in
543 2827 618 2863 fine
647 2827 859 2864 intenditur.

330 2891 387 2916 12.
409 2879 537 2916 Tertia
557 2879 717 2916 obiectio
739 2887 803 2926 est,
826 2880 913 2928 quia
938 2892 1025 2916 cum
1049 2880 1087 2916 in
1108 2881 1329 2929 corporibus

271 2932 501 2969 naturalibus
516 2932 561 2968 sit
581 2931 848 2969 determinatus
863 2933 1044 2969 terminus
1064 2933 1230 2981 raritatis,
1251 2947 1329 2970 non

270 2984 420 3021 videtur
447 2984 552 3033 quod
579 2997 731 3033 semper
758 2985 803 3021 sit
836 2985 1005 3033 accipere
1036 2998 1173 3034 corpus
1210 2986 1328 3023 rarius

272 3044 308 3073 et
327 3037 445 3073 rarius
464 3037 675 3074 secundum
695 3037 903 3085 quamlibet
920 3038 1208 3086 proportionem
1234 3046 1327 3076 tem-

269 3088 374 3137 poris
402 3089 451 3126 ad
486 3096 648 3137 tempus.
684 3090 761 3126 Sed
790 3090 992 3127 dicendum
1023 3098 1091 3137 est,
1122 3091 1225 3138 quod
1253 3092 1327 3128 hoc

271 3141 376 3190 quod
403 3141 449 3178 sit
477 3141 724 3179 determinata
744 3142 871 3179 raritas
890 3142 928 3179 in
947 3143 1060 3179 rebus
1083 3143 1325 3190 naturalibus,

270 3205 349 3230 non
373 3200 428 3229 est
454 3191 467 3214 θ
495 3206 540 3230 ex
568 3201 701 3231 natura
729 3195 896 3243 corporis
924 3195 1074 3231 mobilis
1102 3195 1325 3243 inquantum

271 3253 326 3282 est
358 3245 518 3294 mobile,
548 3246 616 3283 sed
645 3259 689 3283 ex
726 3254 858 3283 natura
891 3247 1221 3284 determinatarum
1254 3249 1326 3284 for-

323 3347 347 3380 θ)
366 3348 438 3380 quod
455 3348 504 3373 hoc
521 3349 593 3380 quod
610 3349 672 3374 sit...
692 3357 743 3374 non
763 3352 809 3374 est.
820 3362 839 3369 —
852 3357 869 3373 a
888 3354 913 3374 et
931 3350 1018 3381 codd.;
1032 3351 1103 3382 quod
1115 3351 1175 3375 licet
1193 3351 1253 3375 sit...
1273 3358 1324 3376 non

270 3387 309 3409 est
328 3384 367 3408 ed.
387 3384 411 3412 1⁷1·
430 3383 501 3415 quod
518 3383 579 3408 licet
595 3383 656 3408 sit...
676 3391 727 3408 non
747 3387 834 3408 tamen
854 3384 902 3408 hoc
920 3387 959 3408 est
978 3385 1006 3409 P.

319 3418 337 3450 ι)
347 3418 445 3443 scilicet
455 3418 705 3450 quod.-secundum
717 3419 787 3450 quod
796 3419 1008 3443 PDINOSTXYa
1014 3426 1021 3449 ;
1031 3419 1046 3443 b
1056 3427 1110 3443 om.
1119 3419 1217 3444 scilicet
1227 3420 1324 3451 quod...

2368 293 2437 340 187

1386 378 1548 413 marum,
1569 379 1666 415 quae
1687 368 1878 415 requirunt
1907 368 2170 405 determinatas
2195 369 2360 405 raritates
2378 370 2440 406 vel

1387 417 1597 455 densitates.
1620 421 1661 455 In
1684 420 1758 456 hoc
1786 428 1913 456 autem
1942 421 2038 457 libro
2065 421 2182 468 agitur
2211 421 2258 457 de
2283 433 2440 469 corpore

1386 470 1516 506 mobili
1553 471 1590 507 in
1629 473 1847 509 communi:
1879 481 1915 509 et
1950 473 2036 509 ideo
2074 474 2289 522 frequenter
2327 474 2441 510 utitur

1386 521 1603 559 Aristoteles
1622 523 1659 559 in
1678 525 1752 560 hoc
1780 524 1872 560 libro
1894 525 1931 561 in
1955 525 2030 561 suis
2051 526 2267 572 rationibus,
2289 526 2441 574 quibus-

1387 574 1487 619 dam,
1509 587 1604 622 quae
1625 583 1710 612 sunt
1729 577 1830 623 falsa,
1852 577 1881 613 si
1902 577 2184 614 considerentur
2203 585 2356 614 naturae
2378 578 2441 614 de-

1386 626 1605 663 terminatae
1622 639 1840 676 corporum;
1860 629 2051 677 possibilia
2067 638 2205 677 autem,
2222 630 2251 666 si
2269 630 2438 666 conside-

1387 686 1488 714 retur
1515 686 1648 715 natura
1676 681 1844 728 corporis
1873 681 1911 717 in
1940 683 2145 718 communi.
2171 703 2194 709 -
2215 683 2284 719 Vel
2317 690 2442 730 potest

1388 730 1471 776 diei,
1483 731 1586 777 quod
1601 731 1662 767 hic
1681 733 1792 768 etiarn
1807 733 1978 780 procedit
1993 734 2203 770 secundum
2220 734 2439 782 opinionem

1387 783 1628 830 antiquorum
1656 784 1981 833 philosophorum,
2011 786 2074 833 qui
2102 787 2294 834 ponebant
2313 799 2440 823 rarum

1389 842 1424 871 et
1461 835 1620 871 densum
1651 837 1775 884 prima
1804 837 1986 885 principia
2014 839 2201 885 formalia;
2231 839 2441 876 secundum

1388 899 1484 934 quos
1513 888 1640 924 raritas
1670 896 1705 924 et
1738 889 1898 926 densitas
1935 890 1973 926 in
2000 890 2187 927 infinitum
2221 892 2345 938 augeri
2373 904 2440 939 po-

1387 946 1518 986 terant,
1545 953 1631 976 cum
1664 953 1742 977 non
1770 950 2014 990 sequerentur
2042 942 2131 979 alias
2159 944 2178 963 '⁴³
2195 943 2340 991 priores
2368 945 2440 980 for-

1389 1003 1496 1038 mas,
1532 992 1740 1029 secundum
1773 1006 1934 1041 quarum
1964 995 2185 1042 exigentiam
2219 995 2441 1032 determina—

1390 1051 1526 1079 rentur.

1450 1097 1505 1132 13.
1535 1096 1681 1133 Deinde
1720 1109 1806 1132 cum
1845 1098 1946 1134 dicit:
1976 1100 2185 1135 Secundum
2222 1105 2345 1137 autem
2382 1112 2441 1137 eo-

1390 1160 1475 1183 rum
1505 1155 1594 1194 etc.,
1626 1149 1787 1185 ostendit
1814 1162 1891 1186 non
1920 1163 2001 1187 esse
2029 1164 2193 1188 vacuum
2215 1160 2440 1200 separatum,

1390 1212 1435 1236 ex
1454 1200 1651 1236 velocitate
1681 1208 1716 1237 et
1738 1201 1906 1238 tarditate
1935 1211 2072 1250 motus,
2099 1204 2307 1241 secundum
2335 1205 2440 1253 quod

1390 1252 1547 1289 omnino
1569 1265 1681 1289 causa
1710 1253 1868 1290 sumitur
1892 1267 1936 1290 ex
1964 1263 2066 1303 parte
2090 1257 2249 1294 mobilis.
2280 1258 2328 1293 Et
2356 1257 2442 1294 dicit

1391 1305 1495 1353 quod
1522 1305 1616 1341 haec
1641 1318 1737 1353 quae
1760 1306 1928 1342 dicentur
1948 1317 2226 1355 consequuntur
2245 1310 2276 1356 ³⁸,
2304 1310 2333 1346 si
2354 1322 2441 1346 con-

1390 1357 1604 1394 sideretur*
1624 1358 1832 1395 differentia
1859 1360 2064 1396 velocitatis
2094 1368 2129 1396 et
2160 1361 2355 1409 tarditatis,
2385 1376 2440 1399 se·
2468 1374 2478 1385 ⁸

1390 1410 1556 1446 cundum
1578 1411 1682 1458 quod
1710 1411 1865 1447 mobilia
1893 1424 1988 1460 quae
2018 1413 2184 1449 feruntur
2215 1426 2254 1450 se
2278 1414 2441 1452 invicem

1390 1463 1589 1509 excellunt3
1605 1463 1693 1511 quia
1710 1463 1886 1500 videmus
1906 1465 2008 1512 quod
2022 1477 2091 1513 per
2109 1467 2264 1513 aequale
2280 1468 2441 1515 spatium

1389 1515 1554 1562 finitum,
1585 1515 1690 1552 citius
1718 1516 1886 1553 feruntur
1906 1529 1949 1553 ea
1969 1530 2066 1565 quae
2095 1518 2234 1554 habent
2258 1520 2441 1556 maiorem

1389 1568 1669 1604 inclinationem
1697 1576 1761 1605 aut
1793 1570 2003 1606 secundum
2031 1570 2252 1617 gravitatem
2290 1580 2353 1608 aut
2386 1585 2442 1608 se—

1390 1620 1557 1657 cundum
1579 1621 1789 1665 levitatem
1811 1621 1890 1658 sive
1912 1622 1984 1658 sint
2002 1622 2147 1659 maiora
2165 1623 2203 1659 in
2223 1625 2438 1672 quantitate,

1389 1673 1594 1721 aequaliter
1630 1674 1758 1721 gravia
1794 1675 1854 1711 vel
1891 1675 1989 1711 levia
2022 1675 2227 1722 existentia,
2257 1677 2336 1713 sive
2371 1677 2443 1714 sint

1389 1726 1560 1773 aequalia
1587 1725 1625 1762 in
1653 1726 1872 1774 quantitate,
1903 1734 1937 1763 et
1965 1727 2036 1763 sint
2069 1728 2187 1775 magis
2220 1729 2347 1776 gravia
2378 1730 2440 1766 vel

1387 1778 1496 1815 levia.
1518 1779 1566 1814 Et
1587 1779 1606 1799 ’¹‘
1625 1779 1699 1815 hoc
1723 1778 1806 1815 dico
1828 1779 1857 1815 si
1877 1779 2043 1815 similiter
2062 1792 2100 1815 se
2125 1781 2287 1817 habeant
2310 1794 2440 1818 secun-

1389 1831 1481 1868 dum
1507 1831 1663 1878 figuras:
1684 1843 1774 1867 nam
1804 1843 1938 1879 eorpus
1957 1832 2075 1868 latum
2094 1833 2233 1868 tardius
2253 1842 2438 1881 movetur,

1388 1883 1417 1919 si
1456 1883 1606 1919 deficiat
1632 1883 1670 1920 in
1707 1883 1885 1931 gravitate
1921 1885 1983 1920 vel
2020 1884 2296 1932 magnitudine,
2326 1899 2440 1934 quarn

1388 1948 1526 1984 corpus
1546 1943 1677 1972 acutae
1692 1934 1850 1984 figurae.'
1863 1937 1911 1972 Et
1931 1937 2139 1973 secundum
2155 1939 2440 1986 proportionem

1388 2000 1503 2037 quam
1522 1989 1663 2025 habent
1690 1989 1966 2036 magnitudines
1986 1997 2113 2025 motae
2128 1990 2174 2026 ad
2198 1990 2361 2028 invicem
2379 1992 2441 2028 vel

1386 2041 1425 2077 in
1452 2041 1630 2088 gravitate
1657 2042 1718 2078 vel
1738 2041 1776 2078 in
1795 2041 2062 2089 magnitudine,
2084 2049 2138 2078 est
2155 2044 2348 2091 proportio
2377 2056 2441 2080 ve-

1386 2093 1554 2130 locitatis.
1585 2094 1695 2131 Unde
1724 2102 1760 2130 et
1788 2094 1975 2142 oportebit
2006 2094 2055 2130 ita
2084 2107 2164 2131 esse
2199 2096 2309 2132 etiam
2338 2096 2367 2132 si
2395 2097 2440 2132 sit

1386 2153 1512 2183 motus
1539 2158 1608 2194 per
1625 2159 1804 2193 vacuum,
1826 2147 1963 2183 scilicet
1982 2147 2086 2194 quod
2105 2154 2113 2167 ¹
2137 2160 2273 2196 corpus
2292 2149 2440 2195 gravius

1386 2210 1454 2235 seu
1473 2199 1593 2236 levius
1612 2206 1676 2235 aut
1704 2199 1821 2246 magis
1841 2206 1994 2236 acutum
2026 2200 2194 2236 velocius
2214 2201 2352 2237 feratur
2374 2214 2441 2250 per

1386 2251 1556 2287 medium
1583 2263 1761 2288 vacuum.
1784 2252 1859 2288 Sed
1878 2252 1952 2288 hoc
1980 2264 2057 2288 non
2075 2259 2198 2300 potest
2226 2265 2324 2289 esse:
2354 2253 2440 2301 quia

1386 2315 1464 2339 non
1488 2310 1543 2340 est
1562 2303 1750 2351 assignare
1770 2304 1934 2352 aliquam
1964 2317 2116 2341 causam
2140 2313 2294 2354 propter
2325 2318 2439 2354 quam

1384 2368 1506 2392 unum
1526 2368 1663 2404 corpus
1683 2356 1755 2392 alio
1774 2357 1944 2393 velocius
1968 2357 2106 2393 feratur
2125 2364 2148 2394 κ.
2172 2358 2211 2394 Si
2237 2357 2337 2394 enim
2358 2370 2440 2394 mo-

1385 2415 1444 2444 tus
1463 2409 1529 2444 fiat
1546 2420 1615 2456 per
1633 2408 1794 2456 spatium
1815 2410 1970 2457 plenum
1986 2409 2111 2457 aliquo
2133 2422 2302 2458 corpore,
2318 2418 2442 2458 potest

1386 2461 1563 2508 assignari
1585 2473 1697 2497 causa
1716 2461 1867 2497 maioris
1886 2462 1947 2498 vel
1971 2462 2127 2498 minoris
2146 2463 2362 2509 velocitatis,
2384 2476 2440 2499 se-

1386 2514 1554 2550 cundum
1591 2513 1755 2562 aliquam
1792 2514 2069 2562 praedictarum
2108 2527 2327 2551 causarum:
2367 2516 2440 2552 hoc

1387 2566 1488 2602 enim
1509 2573 1574 2612 est,
1596 2566 1682 2614 quia
1701 2566 1791 2603 illud
1811 2567 1915 2614 quod
1935 2574 2112 2603 movetur
2131 2567 2252 2604 maius
2268 2567 2437 2614 existens,

1387 2630 1432 2654 ex
1460 2631 1527 2654 sua
1555 2618 1769 2655 fortitudine
1797 2619 1965 2655 velocius
1999 2619 2130 2656 dividit
2157 2620 2343 2665 medium;
2377 2621 2438 2656 vel

1384 2678 1539 2719 propter
1558 2671 1803 2719 aptitudinem
1823 2672 1977 2719 figurae,
1999 2672 2087 2720 quia
2113 2680 2264 2709 acutum
2294 2680 2348 2708 est
2373 2685 2437 2720 pe-

1386 2723 1618 2770 netrabilius,
1649 2731 1712 2760 aut
1743 2731 1898 2772 propter
1925 2724 2203 2761 inclinationem
2232 2725 2435 2772 maiorem,

1385 2788 1501 2824 quam
1529 2776 1643 2812 habet
1669 2777 1731 2813 vel
1761 2789 1805 2813 ex
1833 2777 2012 2824 gravitate
2035 2778 2097 2814 vel
2127 2790 2171 2813 ex
2190 2778 2349 2823 levitate,
2375 2778 2436 2814 vel

1386 2828 1498 2864 etiam
1525 2836 1680 2876 propter
1707 2828 1926 2866 violentiam
1949 2829 2182 2878 prohibentis
2202 2830 2232 2866 ²¹⁴.
2254 2830 2436 2870 ,vacuum

1385 2888 1512 2917 autem
1541 2881 1657 2918 dividi
1685 2893 1763 2918 non
1789 2889 1913 2930 potest
1933 2882 2037 2918 citius
2064 2883 2126 2918 vel
2151 2882 2306 2918 tardius:
2335 2883 2435 2918 unde

1384 2941 1561 2981 sequetur
1592 2934 1695 2981 quod
1730 2934 1858 2970 omnia
1893 2934 2039 2983 aequali
2071 2934 2268 2970 velocitate
2305 2946 2436 2971 move-

1384 2986 1522 3022 buntur
1547 2998 1616 3033 per
1642 2998 1820 3023 vacuum.
1852 2987 1927 3023 Sed
1955 2987 2029 3022 hoc
2062 2986 2255 3022 manifeste
2284 2994 2438 3034 apparet

1382 3038 1625 3087 impossibile.
1647 3039 1753 3075 Patet
1771 3039 1878 3086 igitur
1898 3051 1941 3075 ex
1955 3039 2036 3087 ipsa
2053 3040 2071 3060 ³²
2086 3039 2282 3075 velocitate
2298 3046 2433 3086 motus,

1382 3091 1486 3139 quod
1514 3103 1679 3127 vacuum
1708 3103 1786 3127 non
1815 3099 1879 3127 est.

1435 3143 1718 3180 Attendendum
1751 3150 1806 3179 est
1842 3150 1967 3179 autem
1996 3144 2015 3163 '³‘
2043 3142 2146 3190 quod
2183 3142 2220 3178 in
2253 3154 2432 3190 processu

1381 3195 1492 3231 huius
1521 3195 1673 3231 rationis
1703 3203 1758 3231 est
1785 3195 1914 3231 similis
1943 3195 2139 3231 difficultas
2167 3194 2261 3229 sicut
2289 3201 2323 3230 et
2347 3195 2366 3214 ³²
2394 3194 2431 3229 in

1381 3247 1503 3295 prima
1515 3248 1546 3283 ’ἦ
1562 3247 1719 3284 Videtur
1740 3247 1839 3283 enim
1859 3258 2083 3294 supponere,
2101 3246 2204 3293 quod
2223 3245 2431 3282 differentia

1432 3351 1457 3384 χ)
1476 3354 1590 3382 propter
1608 3358 1686 3382 quam
1712 3358 1791 3375 unum
1811 3356 1905 3380 corpus
1925 3349 1978 3373 alio
2003 3348 2115 3372 velocius
2132 3348 2249 3380 feratur.
2263 3362 2281 3366 -
2301 3348 2346 3378 Pb,·
2365 3357 2431 3380 pro-

1350 3350 1355 3416 i
1374 3389 1438 3417 pter
1455 3386 1565 3418 aliquod
1583 3385 1733 3410 huiusmodi
1749 3391 1843 3415 corpus
1862 3383 1973 3408 velocius
1991 3382 2100 3415 seratur
2118 3382 2298 3413 AIKOSVXY,
2318 3387 2431 3415 propter

1378 3427 1457 3452 quam
1477 3420 1551 3452 (quid
1570 3420 1648 3451 HpE,
1667 3419 1737 3451 quod
1755 3419 1811 3452 pG)
1826 3418 1933 3450 aliquod
1952 3417 2070 3449 (aliquid
2088 3418 2148 3449 BH)
2168 3417 2318 3442 huiusmodi
2335 3426 2431 3450 corpus

270 3461 390 3479 vacuum.
401 3453 421 3477 C
431 3453 527 3485 pergit:
538 3460 634 3484 corpus
643 3453 753 3485 gravius
764 3460 810 3478 seu
820 3453 901 3478 levius
911 3453 998 3477 minus
1007 3457 1055 3477 aut
1064 3454 1150 3486 magis
1163 3454 1267 3478 tardius
1276 3458 1325 3479 aut
1378 3455 1491 3479 velocius
1507 3456 1619 3488 feratur
1637 3453 1848 3483 BCDEGHLTZ,
1863 3455 1976 3483 propter
1994 3452 2064 3483 quod
2081 3452 2231 3476 huiusmodi
2248 3459 2342 3484 corpus
2361 3454 2430 3478 velo-

226 3514 228 3516 ,
270 3489 383 3514 velocius
389 3489 501 3520 feratur
510 3495 562 3519 per
572 3495 698 3517 vacuum;
714 3488 734 3512 F
750 3495 845 3519 corpus
857 3488 968 3520 gravius
984 3488 1019 3512 sit
1029 3489 1069 3512 vel
1082 3488 1163 3513 levius
1177 3492 1224 3513 aut
1238 3489 1324 3520 magis
1376 3489 1432 3514 cius
1451 3490 1561 3522 seratur
1586 3489 1638 3518 Fa,
1659 3491 1771 3520 propter
1795 3487 1865 3518 quod
1889 3486 2040 3511 huiusmodi
2066 3486 2174 3518 aliquod
2198 3494 2292 3519 corpus
2318 3488 2430 3513 uelocius

263 3525 375 3557 seratur
385 3530 436 3554 per
450 3530 569 3547 vacuum.
585 3523 634 3546 Pro
643 3525 691 3547 aut
705 3523 792 3555 magis
805 3526 911 3547 acutum
924 3522 1043 3551 velocius,
1058 3526 1106 3547 aut
1116 3523 1201 3547 maius
1212 3523 1323 3548 velocius
1370 3524 1482 3556 feratur
1505 3524 1541 3554 N,
1562 3527 1675 3555 propter
1699 3522 1848 3547 huiusmodi
1871 3529 1966 3552 corpus
1992 3521 2104 3546 velocius
2123 3521 2232 3554 feratur
2256 3522 2280 3551 Q
2290 3541 2296 3552 ,
2317 3526 2430 3554 propter

271 3558 418 3587 GHMZsL,
437 3561 485 3582 aut
498 3557 583 3590 magis
602 3557 714 3582 velocius
733 3562 794 3587 cet.;
804 3564 856 3589 per
869 3564 979 3582 vacuum
994 3557 1092 3582 omisso
1107 3557 1220 3582 medium
1236 3558 1324 3589 legunt
1376 3565 1455 3590 quam
1475 3558 1625 3583 huiusmodi
1642 3564 1737 3589 corpus
1757 3557 1867 3581 velocius
1879 3557 1990 3589 seratur
2004 3563 2056 3587 per
2074 3557 2187 3581 medium
2207 3557 2243 3588 R;
2263 3565 2309 3589 pro
2327 3558 2353 3581 M
2372 3558 2429 3582 vide

270 3600 288 3618 a
302 3598 327 3618 et
339 3593 412 3618 codd.
427 3600 480 3617 exc.
493 3593 527 3623 M,
541 3593 585 3625 qui
597 3600 650 3617 om.
659 3599 712 3624 per
726 3593 839 3617 medium
854 3599 992 3617 vacuum...
1005 3592 1116 3617 velocius
1128 3593 1247 3626 seratur.

1377 3598 1429 3617 not.
1449 3601 1533 3625 praec.

2468 954 2478 964 ⁸
2493 953 2586 981 al1'quas
2595 959 2678 975 neuun.

2468 1321 2479 1332 ⁸⁸
2486 1324 2651 1350 consequenter
2656 1329 2677 1344 P.

2505 1374 2679 1396 considerentur

2469 1400 2537 1421 codd.
2550 1407 2597 1422 exc.
2609 1407 2678 1422 crum

2469 1432 2579 1447 onsGHKL.
2590 1438 2600 1443 —
2613 1427 2678 1455 dzffe-

2469 1453 2559 1473 rentiae
2573 1459 2595 1474 υ.

2467 1792 2478 1803 ⁸
2492 1792 2523 1813 Et
2536 1798 2582 1813 om.
2597 1792 2649 1814 pah.

2461 2842 2471 2852 ⁸
2503 2840 2634 2861 roiicientis
2650 2847 2674 2862 u.

2465 2867 2483 2888 C
2495 2882 2500 2888 .
2511 2870 2607 2888 textum.

2463 3050 2471 3058 ·'
2486 3049 2536 3076 ipsa
2553 3054 2600 3069 om.
2615 3048 2666 3069 rab.

2460 3151 2471 3161 ¹*
2492 3150 2561 3171 eliam
2585 3150 2629 3172 vab
2650 3154 2671 3173 et

2459 3177 2527 3198 codd.
2545 3183 2593 3198 exe.
2611 3183 2670 3198 neon

2458 3209 2528 3223 munz.

2459 3229 2467 3238 ·
2483 3231 2506 3249 et
2519 3234 2566 3250 om.
2581 3229 2632 3250 rab.

2457 3259 2468 3268 ¹¹
2482 3258 2551 3281 Num.
2567 3259 2588 3281 8.
