2982 4022
82 1228 93 1239 ’
106 1226 176 1248 Num.
191 1232 216 1248 11.

82 2018 91 2029 ·
105 2017 168 2045 quod
189 2018 242 2040 ndd.
256 2023 293 2040 Λα

81 2049 255 2070 tqu'rvxvst.

81 2122 152 2173 23:²⁶

84 2160 131 2196 m,

82 2227 93 2237 ⁸
107 2227 171 2254 quod
176 2226 219 2248 rab
227 2230 249 2248 et
252 2233 294 2254 pc.

164 2123 218 2146 md.
237 2129 293 2145 pum

159 2149 205 2177 ικαὶ,
225 2147 236 2166 2
247 2155 293 2177 per

141 2176 189 2196 om.
202 2180 240 2197 m.

81 2280 90 2288 ·
106 2278 267 2300 similitudinis

81 2311 129 2326 orn.
140 2311 192 2332 ope.
244 2328 248 2332 ,

10 2461 13 2464 Δ
80 2435 92 2447 ⁸
104 2434 168 2462 quod
183 2440 244 2461 mxv,
264 2441 292 2456 eo

0 2465 49 2500 'mi
81 2460 220 2520 qssgtgr'iae
239 2487 292 2508 add.

81 2541 92 2551 ¹
105 2529 236 2567 appetibilis
257 2545 293 2560 Λα

81 2571 171 2600 κατ’(ιι.

1156 297 1265 333 CAP.
1296 296 1363 343 lx,
1394 295 1544 332 LECT.
1573 296 1645 332 XV
2443 295 2487 331 53

318 382 388 419 bus
417 378 548 416 formis
576 377 818 424 naturalibus,
849 389 946 425 quae
975 383 1030 413 est
1056 374 1214 412 materia
1239 374 1373 422 prima.

319 433 396 471 Sed
423 433 522 469 hanc
549 431 688 468 faciunt
714 443 833 468 unam
851 437 997 467 tantum
1025 428 1119 465 sicut
1138 427 1307 465 subiecto
1326 426 1376 463 ita

318 494 356 525 et
380 485 536 531 ratione,
565 496 644 521 non
671 484 938 531 distinguentes
965 481 1062 519 inter
1089 480 1211 528 ipsam
1240 486 1276 515 et
1302 478 1375 527 pri-

317 538 525 577 vationem.
557 537 658 583 Quia
685 537 751 575 etsi
779 542 923 584 ponant
950 533 1168 570 dualitatem
1198 544 1243 568 ex
1269 538 1375 579 parte

320 590 518 637 materiae,
547 589 685 626 scilicet
711 599 894 635 magnum
922 593 959 623 et
984 597 1165 633 parvum,
1189 583 1376 621 nihilomi-

320 656 391 682 nus
418 655 498 681 non
528 642 668 679 faciunt
700 639 950 679 differentiam
986 638 1081 674 inter
1114 637 1312 675 materiam
1341 644 1377 673 et

319 696 593 745 privationem:
627 693 695 731 sed
720 693 862 731 faciunt
892 691 1126 729 mentionem
1154 697 1300 727 tanturn
1329 689 1375 726 de

321 748 488 794 materia,
505 747 574 785 sub
594 758 671 794 qua
685 744 1018 793 comprehenditur
1041 750 1223 790 magnum
1239 750 1275 779 et
1292 754 1376 790 par-

320 813 432 847 vum;
453 807 490 837 et
505 798 758 847 privationem
787 797 1050 845 despexerunt,
1070 796 1118 833 de
1148 808 1192 832 ea
1217 795 1376 832 mentio-

321 865 411 893 nem
438 864 516 890 non
543 850 731 891 facientes,
1244 866 1286 885 ,w

373 907 409 943 6.
439 903 586 941 Deinde
619 915 706 941 cum
741 902 848 941 dicit:
885 902 1056 939 Subiecta
1089 901 1235 948 quidem
1272 905 1378 937 natu-

318 969 365 995 ra
395 963 476 1003 etc.,
502 955 639 1004 probat
666 955 769 1004 quod
793 967 861 992 sua
881 954 1008 1003 opinio
1034 954 1149 990 habet
1166 953 1375 989 veritatem.

319 1011 369 1048 Et
398 1009 494 1046 eirca
520 1010 594 1045 hoc
624 1008 700 1046 duo
728 1007 833 1044 facit:
862 1006 987 1056 primo
1015 1006 1180 1043 ostendit
1206 1004 1378 1054 proposi-

320 1070 415 1109 tum,
439 1061 579 1098 scilicet
605 1061 708 1110 quod
732 1067 905 1108 oporteat
926 1058 1179 1107 privationem
1205 1057 1378 1104 distingui

321 1127 343 1151 a
371 1113 553 1159 materia;
591 1113 759 1150 seeundo
797 1112 959 1150 ostendit
990 1111 1189 1160 quomodo
1222 1110 1378 1148 materia

321 1174 583 1215 corrumpatur
595 1166 657 1203 vel
673 1172 881 1213 generetur,
903 1165 954 1202 ibi
970 1164 999 1201 g:
1025 1164 1288 1211 Corrumpitur
1310 1175 1376 1199 au-

318 1225 392 1257 tem
431 1221 450 1241 ’¹⁴
489 1226 557 1255 etc.
591 1218 765 1255 Primum
803 1225 930 1255 autem
964 1216 1126 1254 ostendit
1158 1216 1376 1265 dupliciter:

319 1272 444 1321 primo
464 1271 623 1319 quidem
636 1270 840 1317 ostensive3
861 1270 1028 1307 secundo
1049 1269 1225 1307 ducendo
1241 1269 1290 1305 ad
1309 1268 1378 1305 im-

318 1324 518 1373 possibile,
547 1324 618 1360 ibi:
647 1323 764 1360 Aliud
789 1328 912 1360 autem
940 1328 1068 1371 aptum
1096 1326 1225 1358 natum
1254 1329 1336 1364 etc.,

373 1389 409 1425 7.
426 1376 526 1413 Dicit
544 1388 632 1424 ergo
651 1375 776 1424 primo
796 1375 901 1424 quod
915 1375 1135 1412 istanatura
1153 1387 1251 1423 quae
1266 1373 1378 1410 subii-

320 1429 424 1477 citur,
444 1429 582 1466 scilicet
601 1428 768 1475 materia,
793 1428 904 1464 simul
929 1440 1016 1464 cum
1040 1428 1164 1464 forma
1183 1434 1238 1463 est
1266 1438 1379 1463 causa

320 1494 455 1519 eorum
481 1494 580 1530 quae
598 1482 695 1518 fiunt
713 1482 923 1518 secundum
943 1488 1128 1526 naturam,
1149 1479 1198 1516 ad
1217 1479 1378 1516 modum

319 1534 465 1572 matris:
490 1534 585 1571 sicut
604 1534 705 1570 enim
723 1541 846 1570 mater
865 1540 920 1569 est
941 1545 1054 1570 causa
1073 1532 1322 1580 generationis
1341 1531 1379 1568 in

319 1587 550 1636 recipiendo,
575 1586 626 1622 ita
646 1593 682 1622 et
700 1585 868 1623 materia.
899 1585 975 1622 Sed
995 1585 1024 1621 si
1044 1585 1126 1633 quis
1150 1585 1306 1633 accipiat
1326 1585 1378 1621 al-

319 1645 437 1677 teram
460 1644 608 1688 partem
637 1637 918 1683 contrarietatis,
948 1637 1086 1674 scilicet
1112 1637 1376 1684 privationem,

318 1689 550 1740 protendens
577 1691 805 1731 intellectum
823 1690 932 1726 ‘circa
958 1690 1093 1739 ipsam,
1114 1689 1379 1736 imaginabitur

318 1745 442 1794 ipsam
469 1756 548 1781 non
576 1743 624 1780 ad
653 1743 957 1780 constitutionem
992 1743 1045 1780 rei
1071 1742 1276 1791 pertinere,
1312 1742 1379 1778 sed

319 1797 439 1846 magis
467 1797 517 1834 ad
540 1796 734 1845 quoddam
765 1796 909 1832 malurn
937 1795 1010 1835 rei:
1041 1795 1129 1842 quia
1157 1802 1213 1831 est
1230 1795 1378 1844 penitus

318 1862 398 1888 non
427 1861 509 1897 ens,
539 1861 626 1886 cum
654 1848 814 1897 privatio
843 1848 932 1885 nihil
961 1848 1062 1885 aliud
1091 1849 1137 1886 sit
1169 1861 1284 1896 quarn
1313 1860 1377 1884 ne-

318 1902 418 1950 gatio
438 1901 583 1939 formae
612 1902 650 1938 in
678 1901 859 1948 subiecto,
890 1909 925 1937 et
945 1908 1000 1937 est
1028 1908 1271 1950 extraytotum
1292 1913 1376 1937 ens:

317 1962 360 1992 ut
385 1955 438 1992 sic
466 1955 504 1992 in
530 1954 742 2003 privatione
774 1955 903 1991 locum
931 1954 1070 1991 habeat
1102 1954 1194 1992 ratio
1225 1955 1377 1991 Parme-

318 2008 426 2055 nidis,
447 2009 467 2030 *
485 2007 669 2056 quidquid
687 2014 743 2043 est
761 2015 909 2055 praeter
937 2019 1002 2043 ens
1023 2014 1078 2045 est
1095 2020 1173 2044 non
1198 2019 1281 2053 ens;
1301 2019 1379 2043 non

319 2069 447 2099 autem
475 2061 514 2097 in
532 2059 700 2106 materia,
729 2067 770 2096 ut
789 2059 964 2097 dicebant
982 2060 1175 2096 Platonici.
1206 2061 1255 2096 Et
1274 2060 1378 2108 quod

319 2113 479 2162 privatio
507 2113 691 2161 pertineat
718 2113 767 2148 ad
789 2113 932 2148 malum
952 2113 983 2157 ³²,
1009 2112 1171 2150 ostendit
1197 2125 1265 2161 per
1292 2114 1376 2159 hoc,

320 2166 424 2214 quod
451 2166 575 2202 forma
593 2172 648 2202 est
667 2165 862 2212 quoddam
889 2164 1061 2201 divinum
1081 2173 1118 2201 et
1136 2165 1325 2213 optimum
1345 2172 1380 2201 et

321 2218 532 2267 appetibile.
553 2217 736 2254 Divinum
751 2217 905 2264 quidem
933 2224 998 2263 est,
1019 2217 1108 2264 quia
1128 2218 1147 2238 *
1167 2217 1291 2253 omnis
1306 2218 1379 2253 fo'r-

321 2283 385 2307 ma
404 2278 460 2307 est
473 2270 662 2318 quaedam
680 2269 914 2317 participatio
935 2269 1184 2306 similitudinis
1210 2271 1229 2291 ⁸⁵
1263 2269 1380 2306 divini

321 2335 423 2370 esse,
453 2322 557 2371 quod
582 2329 637 2358 est
655 2329 758 2358 actus
785 2334 923 2370 purus:
951 2322 1253 2370 unumquodque
1278 2322 1379 2358 enim

319 2375 358 2412 in
372 2382 518 2411 tantum
534 2381 588 2410 est
602 2382 686 2410 actu
702 2374 740 2409 in
754 2382 938 2423 quantum
953 2375 1067 2410 habet
1081 2375 1256 2411 formam.
1274 2375 1380 2422 Opti-

320 2440 428 2464 mum
457 2434 584 2463 autem
606 2434 670 2472 est,
702 2427 789 2474 quia
809 2428 828 2447 ’³⁵
849 2434 952 2463 actus
979 2435 1032 2463 est
1051 2427 1228 2475 perfectio
1250 2434 1380 2475 poten-

318 2480 424 2516 tiae*
445 2487 481 2516 et
508 2480 654 2515 bonum
684 2479 783 2516 eius:
806 2487 841 2515 et
858 2492 926 2527 per
952 2491 1186 2527 consequens
1215 2480 1382 2528 seq-uitur

319 2533 423 2582 quod
451 2532 497 2568 sit
517 2532 716 2580 appetibile
737 2533 772 2575 ⁴⁹,
803 2532 890 2579 quia
918 2532 1220 2580 unumquodque
1242 2533 1381 2580 appetit

320 2597 429 2622 suam
447 2585 731 2633 perfectionem.
753 2585 917 2621 Privatio
939 2592 1066 2621 autem
1087 2585 1292 2633 opponitur
1308 2586 1380 2621 for-

320 2650 418 2685 mae,
440 2649 528 2673 cum
548 2650 626 2674 non
645 2637 691 2673 sit
710 2637 810 2673 aliud
831 2650 948 2685 quam
968 2637 1128 2674 remotio
1150 2637 1248 2673 eius:
1278 2638 1379 2674 unde

321 2702 408 2727 cum
433 2689 472 2726 id
496 2690 601 2737 quod
629 2689 832 2738 opponitur
860 2691 962 2726 bono
989 2698 1024 2726 et
1044 2698 1215 2726 removet
1238 2690 1378 2738 ipsum,

321 2743 368 2779 sit
395 2743 559 2788 malum,
594 2742 836 2779 manifestum
866 2751 919 2779 est
948 2742 1053 2791 quod
1080 2742 1240 2791 privatio
1269 2744 1382 2791 perti-

321 2802 385 2831 net
408 2794 455 2831 ad
475 2795 630 2831 malurn.
661 2794 771 2831 Unde
800 2795 967 2843 sequitur
994 2795 1097 2842 quod
1117 2807 1195 2832 non
1214 2794 1260 2832 sit
1277 2795 1381 2841 idem

321 2847 424 2895 quod
453 2847 627 2894 materia,
657 2859 755 2895 quae
786 2855 839 2884 est
868 2860 981 2884 causa
1010 2848 1062 2883 rei
1091 2847 1185 2884 sicut
1212 2855 1342 2884 mater.

375 2901 410 2936 8.
440 2899 587 2936 Deinde
614 2911 701 2935 cum
728 2900 833 2936 dicit:
863 2900 979 2936 Aliud
1005 2906 1128 2937 autem
1158 2906 1285 2948 aptum
1315 2913 1379 2937 na-

321 2958 398 2989 tum
428 2960 514 2998 etc.,
545 2952 707 2988 ostendit
734 2952 836 2989 idem
869 2965 936 3001 per
964 2953 1149 2989 rationem
1179 2953 1379 2989 ducentem

321 3005 370 3041 ad
391 3004 623 3053 impossibile
652 3005 726 3041 hoc
754 3005 884 3042 modo.
916 3006 1015 3041 Cum
1049 3006 1172 3042 forma
1191 3006 1236 3042 sit
1260 3006 1380 3053 quod-

321 3057 411 3094 dam
440 3058 585 3094 bonum
606 3065 642 3093 et
661 3058 878 3105 appetibile,
899 3058 1067 3104 materia,
1089 3070 1186 3106 quae
1207 3066 1261 3094 est
1281 3058 1381 3095 aliud

321 3121 343 3145 a
365 3109 573 3158 privatione
603 3117 638 3146 et
657 3123 678 3146 a
698 3110 831 3156 forma,
862 3118 917 3146 est
944 3118 1030 3159 apta
1055 3119 1141 3147 nata
1163 3116 1177 3133 '⁷
1205 3119 1381 3159 appetere

323 3169 358 3197 et
373 3161 584 3198 desiderare
603 3162 725 3210 ipsam
742 3163 952 3199 secundum
968 3176 1076 3199 suam
1097 3170 1281 3199 naturam.
1306 3164 1381 3200 Sed

322 3214 562 3262 quibusdam,
583 3215 647 3263 qui
672 3214 810 3252 scilicet
829 3228 906 3252 non
935 3215 1164 3263 distinguunt
1183 3216 1381 3253 materiam

323 3278 345 3302 a
363 3266 589 3314 privatione,
619 3267 752 3304 accidit
770 3269 843 3304 hoc
863 3268 1145 3314 inconveniens,
1167 3268 1271 3316 quod
1293 3281 1380 3305 con-

321 3318 476 3354 trarium
497 3316 646 3366 appetit'
656 3320 937 3367 corruptionem
966 3320 1022 3356 sui
1041 3320 1172 3368 ipsius,
1198 3321 1301 3368 quod
1328 3329 1382 3357 est

277 3412 284 3419 ‚
323 3370 603 3407 inconveniens.
633 3372 682 3407 Et
710 3372 813 3420 quod
841 3373 914 3408 hoc
947 3372 1100 3418 accidat,
1123 3373 1176 3408 sic
1209 3374 1380 3410 ostendit.

375 3506 400 3540 ζ)
421 3507 470 3531 ibi:
491 3506 676 3538 Corrumpitur
699 3510 787 3531 autem
800 3510 847 3532 etc.
862 3520 880 3525 —-
894 3507 964 3531 Haec
982 3515 1034 3531 om.
1054 3508 1127 3531 codd.
1143 3516 1196 3531 cxc.
1210 3509 1380 3533 BCDLZsEG

323 3542 531 3567 HRX.-Statim
549 3542 664 3566 ostendit
682 3550 734 3566 om.
753 3541 898 3573 EG.-Lin.
918 3550 973 3574 seq.
993 3550 1039 3574 pro
1058 3543 1171 3567 secundo
1191 3543 1323 3572 ducendo,
1342 3551 1383 3568 se-

321 3577 409 3602 cundo
428 3584 490 3602 vero
514 3577 661 3602 inducendo
680 3577 783 3609 GHpE,
808 3577 922 3602 secundo
942 3584 1003 3601 vero
1023 3577 1174 3602 deducendo
1193 3578 1242 3607 sE,
1267 3578 1382 3603 secundo

323 3618 386 3637 vero
405 3612 523 3637 ducendo
542 3613 600 3642 BD,
619 3612 732 3637 secundo
752 3612 904 3636 deducendo
923 3617 970 3636 cet.
989 3619 1042 3636 exc.
1062 3612 1164 3637 MNRZ.

1431 373 1532 419 Quia
1551 373 1581 410 si
1601 373 1758 410 materia
1777 372 1917 422 appetit
1935 373 2111 419 formam,
2141 384 2219 409 non
2239 373 2380 421 appetit
2403 385 2488 410 eam

1431 425 1641 462 secundum
1674 426 1778 474 quod
1811 433 1867 462 est
1903 426 1972 463 sub
2005 425 2086 473 ipsa
2119 425 2262 472 forma,
2297 425 2386 473 quia
2413 425 2488 462 iam

1430 490 1508 514 non
1536 478 1676 526 indiget
1696 490 1775 515 esse
1795 490 1863 526 per
1882 490 1968 514 eam
1997 477 2198 526 (appetitus
2217 485 2344 514 autem
2365 478 2489 515 omnis

1431 538 1487 566 est
1513 539 1667 579 propter
1699 530 1965 577 indigentiam,
2004 530 2092 578 quia
2129 537 2184 567 est
2220 543 2299 567 non
2330 531 2487 577 habiti):

1431 582 1597 620 similiter
1617 591 1652 620 et
1670 583 1690 604 *
1719 595 1797 620 non
1816 584 1958 631 appetit
1976 594 2062 619 eam
2081 582 2291 620 secundum
2312 584 2415 631 quod
2436 590 2491 620 est

1432 688 1575 724 riorum
1595 690 1614 708 ⁹*
1644 696 1699 725 est
1727 689 1876 725 alterius
1905 688 2176 737 corruptivum,
2195 696 2243 725 et
2270 688 2323 725 sic
2351 688 2490 737 aliquid

1432 749 1625 789 appeteret
1644 741 1701 777 sui
1721 741 2014 789 corruptionem.
2045 741 2289 778 Manifestum
2310 748 2365 778 est
2382 741 2491 788 igitur

1432 793 1537 841 quod
1569 794 1727 830 materia
1764 806 1861 841 quae
1900 794 2040 842 appetit
2073 794 2259 840 formam,
2299 801 2353 830 est
2390 793 2490 831 aliud

1432 846 1575 882 ratione
1604 846 1698 883 sicut
1716 859 1738 882 a
1757 847 1880 883 forma
1899 847 1948 883 ita
1973 855 2008 883 et
2026 859 2048 883 a
2067 846 2290 894 privatione.
2321 846 2358 882 Si
2389 846 2490 883 enim

1432 899 1590 935 materia
1605 899 1746 947 appetit
1763 900 1927 936 formam
1942 900 1962 920 *
1981 900 2190 936 secundum
2210 899 2405 948 propriam
2425 911 2492 935 na·
2517 915 2528 925 ⁴

1434 1011 1470 1040 et
1486 1004 1648 1052 privatio
1677 1004 1749 1041 sint
1776 1004 1878 1041 idem
1895 1006 1914 1026 ²⁸
1934 1005 2088 1052 ratione,
2109 1005 2276 1052 sequitur
2295 1005 2399 1053 quod
2417 1005 2492 1053 pri—

1431 1057 1535 1093 vatio
1555 1056 1695 1105 appetit
1713 1057 1890 1104 formam,
1912 1066 1948 1093 et
1972 1058 2021 1094 ita
2041 1058 2181 1106 appetit
2199 1057 2257 1094 sui
2275 1057 2391 1106 ipsius
2407 1070 2491 1094 cor-

1433 1109 1669 1158 ruptionem;
1707 1110 1812 1157 quod
1848 1117 1902 1146 est
1929 1110 2172 1158 impossibile.
2211 1111 2322 1147 Unde
2357 1117 2392 1147 et
2417 1111 2492 1147 hoc

1433 1161 1666 1210 impossibile
1705 1170 1779 1209 est,
1817 1163 1923 1211 quod
1958 1163 2116 1200 materia
2153 1171 2190 1200 et
2225 1162 2386 1211 privatio
2422 1163 2494 1200 sint

1434 1214 1537 1251 idem
1575 1214 1729 1252 ratione.
1770 1215 1847 1251 Sed
1880 1223 2008 1252 tamen
2046 1223 2081 1252 et
2118 1216 2274 1252 materia
2313 1222 2368 1252 est
2399 1217 2491 1262 hoc,

1434 1267 1530 1304 idest
1555 1267 1810 1316 privationem
1847 1268 2011 1315 habens,
2051 1268 2145 1305 sicut
2182 1268 2214 1304 si
2249 1268 2391 1304 femina
2428 1281 2492 1316 ap-

1431 1327 1535 1368 petat
1562 1321 1775 1358 masculum
1818 1329 1854 1357 et
1888 1329 1997 1369 turpe
2035 1329 2186 1369 appetat
2219 1321 2386 1357 bonum:
2416 1333 2494 1358 non

1432 1373 1538 1421 quod
1565 1373 1647 1421 ipsa
1674 1373 1866 1421 turpitudo
1887 1381 2040 1422 appetat
2059 1375 2204 1411 bonum
2219 1374 2238 1394 ²¹³
2257 1373 2326 1410 sibi
2347 1381 2493 1410 contra-

1433 1426 1552 1472 rium,
1592 1425 1659 1462 sed
1690 1427 1901 1463 secundum
1930 1426 2124 1473 accidens,
2164 1426 2252 1474 quia
2279 1426 2318 1463 id
2347 1426 2405 1462 cui
2434 1439 2494 1463 ac-

1434 1478 1521 1515 cidit
1540 1490 1621 1514 esse
1643 1486 1763 1526 turpe,
1793 1479 1934 1528 appetit
1962 1492 2043 1516 esse
2071 1480 2236 1516 bonum:
2267 1486 2302 1516 et
2326 1479 2495 1516 similiter

1433 1531 1644 1567 femineitas
1672 1543 1751 1568 non
1779 1532 1920 1580 appetit
1946 1533 2199 1569 masculinum
2222 1533 2251 1577 *,
2282 1532 2349 1569 sed
2377 1532 2415 1569 id
2435 1532 2494 1568 cui

1433 1583 1567 1620 accidit
1594 1595 1675 1620 esse
1695 1584 1876 1622 feminam
1892 1586 1924 1622 ⁴⁵.
1955 1586 2004 1621 Et
2031 1585 2200 1622 similiter
2226 1585 2387 1633 privatio
2415 1597 2494 1622 non

1432 1636 1574 1684 appetit
1594 1649 1674 1672 esse
1692 1637 1711 1657 ⁷²²
1730 1637 1907 1685 formam,
1928 1637 1996 1674 sed
2014 1638 2054 1674 id
2078 1638 2137 1675 cui
2158 1637 2292 1675 accidit
2317 1638 2494 1686 privatio,

1432 1689 1571 1725 scilicet
1597 1689 1754 1725 materia
1773 1690 1804 1726 *.

1486 1754 1521 1788 9.
1553 1742 1628 1778 Sed
1649 1750 1779 1778 contra
1797 1743 1894 1778 haec
1911 1743 2030 1779 verba
2049 1742 2272 1791 Philosophi
2291 1743 2494 1780 Avicenna

1432 1793 1622 1842 tripliciter
1638 1794 1658 1815 ’Β
1677 1794 1845 1842 opponit.
1876 1795 2005 1831 Primo
2032 1795 2187 1843 quidem
2206 1795 2295 1843 quia
2314 1796 2494 1832 materiae

1432 1859 1511 1883 non
1540 1847 1721 1895 competit
1749 1859 1873 1895 neque
1906 1848 2094 1895 appetitus
2123 1847 2315 1895 animalis,
2354 1856 2394 1885 ut
2425 1861 2495 1897 per

1433 1911 1473 1935 se
1502 1899 1744 1936 manifestum
1774 1907 1848 1947 est,
1878 1912 2001 1948 neque
2030 1900 2216 1949 appetitus
2251 1901 2427 1937 naturalis
2455 1910 2496 1938 ut

1434 1959 1586 2000 appetat
1613 1953 1790 1999 formam,
1813 1965 1899 1989 curn
1916 1954 1935 1972 ⁴⁵
1965 1966 2043 1990 non
2069 1953 2208 1990 habeat
2236 1953 2400 2001 aliquam
2420 1954 2494 1991 for-

1433 2017 1539 2042 mam
1567 2006 1629 2043 vel
1652 2005 1829 2042 virtutem
1850 2005 2090 2042 inclinantem
2109 2006 2234 2054 ipsam
2258 2007 2307 2043 ad
2335 2007 2493 2055 aliquid:

1434 2058 1487 2094 sic
1507 2058 1608 2095 enim
1628 2070 1743 2105 grave
1763 2058 1978 2095 naturaliter
1997 2059 2138 2107 appetit
2157 2060 2284 2095 locum
2303 2059 2492 2106 infimum,

1434 2111 1658 2159 inquantum
1687 2124 1755 2148 sua
1783 2111 1963 2159 gravitate
1992 2112 2190 2148 inclinatur
2217 2113 2265 2149 ad
2293 2113 2421 2149 locum
2442 2120 2494 2149 ta-

1434 2165 1521 2201 lem.
1562 2164 1739 2201 Secundo
1774 2164 1901 2200 obiicit
1929 2176 1974 2201 ex
2006 2165 2080 2201 hoc
2117 2165 2241 2212 quod,
2275 2165 2306 2201 si
2338 2165 2494 2202 materia

1435 2216 1575 2264 appetit
1598 2217 1774 2262 formam,
1791 2218 1811 2237 '¹‘
1829 2218 1904 2253 hoc
1923 2225 1978 2253 est
1997 2217 2085 2265 quia
2114 2225 2213 2254 caret
2233 2218 2338 2254 omni
2358 2218 2492 2266 forma,

1435 2276 1499 2304 aut
1527 2268 1615 2316 quia
1650 2269 1790 2317 appetit
1826 2270 1963 2305 multas
1985 2272 2004 2291 ³²
2032 2271 2173 2306 formas
2202 2271 2342 2306 habere
2372 2271 2493 2318 simul,
2521 2281 2530 2289 ²

1435 2322 1539 2368 quod
1573 2328 1627 2356 est
1659 2321 1911 2369 impossibile3
1947 2331 2010 2358 aut
2044 2323 2132 2370 quia
2160 2323 2296 2359 fastidit
2329 2324 2493 2360 formam

1435 2386 1551 2420 quam
1571 2374 1685 2409 habet
1706 2381 1741 2410 et
1759 2375 1903 2422 quaerit
1921 2375 2062 2411 habere
2091 2376 2215 2422 aliam,
2234 2383 2269 2412 et
2287 2377 2361 2412 hoc
2381 2377 2493 2413 etiam

1437 2434 1491 2462 est
1517 2438 1678 2463 vanum:
1700 2427 1802 2462 nullo
1831 2427 1939 2474 igitur
1967 2428 2084 2465 modo
2115 2428 2318 2465 dicendum
2345 2429 2495 2465 videtur

1436 2479 1538 2526 quod
1568 2479 1725 2515 materia
1753 2487 1904 2527 appetat
1923 2480 2099 2517 formam.
2129 2481 2259 2517 Tertio
2281 2481 2408 2518 obiicit
2425 2494 2494 2530 per

1435 2532 1526 2578 hoc,
1557 2532 1644 2579 quia
1674 2531 1796 2568 dicere
1826 2533 1930 2579 quod
1962 2533 2119 2569 materia
2147 2541 2299 2582 appetat
2330 2535 2494 2571 formam

1436 2585 1530 2620 sicut
1557 2584 1697 2620 femina
1725 2586 1954 2631 masculum,
1986 2594 2040 2622 est
2058 2586 2215 2632 figurate
2244 2587 2492 2635 loquentium,

1435 2637 1573 2673 scilicet
1599 2645 1811 2685 poetarum,
1843 2646 1878 2673 et
1905 2651 1982 2674 non
2010 2638 2336 2686 philosophorum.

1496 2702 1551 2726 10.
1583 2690 1659 2726 Sed
1687 2690 1905 2727 huiusmodi
1935 2691 2165 2727 obiectiones
2194 2691 2299 2727 facile
2339 2699 2393 2728 est
2421 2693 2493 2729 sol-

1434 2754 1537 2778 vere.
1570 2743 1776 2780 Sciendum
1806 2751 1860 2779 est
1889 2744 1989 2780 enirn
2018 2744 2123 2791 quod
2152 2756 2266 2780 omne
2295 2745 2400 2792 quod
2428 2758 2492 2793 ap-

1434 2794 1533 2846 Petit..
1546 2795 1697 2843 aliquid,
1724 2796 1788 2831 vel
1808 2796 1999 2843 cognoscit
2026 2797 2150 2844 ipsum
2171 2804 2206 2832 et
2225 2809 2264 2833 se
2290 2797 2437 2834 ordinat
2455 2798 2493 2834 in

1436 2847 1540 2893 illud3
1570 2849 1630 2883 vel
1658 2849 1775 2884 tendit
1803 2849 1840 2884 in
1865 2849 1989 2897 ipsum
2019 2862 2063 2885 ex
2087 2849 2322 2886 ordinatione
2345 2858 2379 2886 et
2398 2850 2492 2887 dire-

1437 2900 1558 2936 ctione
1587 2900 1741 2937 alicuius
1762 2902 2021 2948 cognoscentis
2044 2903 2075 2948 ²³²,
2106 2902 2200 2938 sicut
2228 2903 2357 2950 sagitta
2376 2903 2495 2940 tendit

1435 2953 1472 2988 in
1501 2953 1791 2990 determinatum
1826 2955 1974 3002 signum
2013 2967 2057 2991 ex
2091 2955 2294 2992 directione
2333 2963 2368 2991 et
2396 2956 2493 2992 ordi-

1436 3005 1586 3042 natione
1616 3007 1830 3053 sagittantis.
1861 3007 1964 3043 Nihil
1986 3015 2040 3044 est
2062 3007 2171 3055 igitur
2189 3008 2289 3044 aliud
2309 3009 2494 3056 appetitus

1436 3059 1612 3095 naturalis
1658 3072 1775 3107 quam
1809 3059 1991 3096 ordinatio
2036 3061 2248 3108 aliquorum
2283 3061 2493 3097 secundum

1435 3111 1630 3159 propriam
1659 3119 1832 3148 naturam
1861 3112 1899 3148 in
1934 3114 2204 3150 suum'finem.
2245 3115 2335 3150 Non
2370 3115 2493 3149 solum

1437 3171 1564 3200 autem
1594 3164 1734 3212 aliquid
1763 3177 1828 3201 ens
1856 3165 1896 3201 in
1924 3173 2008 3201 actu
2036 3179 2104 3214 per
2131 3166 2308 3202 virtutem
2331 3166 2492 3202 activam

1437 3216 1631 3252 ordinatur
1659 3217 1696 3253 in
1725 3230 1836 3253 suum
1866 3218 1995 3265 finem,
2026 3218 2091 3255 sed
2122 3219 2233 3254 etiam
2262 3218 2417 3254 materia
2437 3230 2493 3254 se-

1438 3269 1606 3305 cundum
1635 3270 1739 3317 quod
1778 3278 1832 3306 est
1868 3271 1906 3306 in
1939 3271 2126 3318 potentia3
2166 3283 2254 3306 nam
2288 3271 2410 3306 forma
2439 3278 2494 3306 est

1437 3322 1523 3357 finis
1557 3322 1747 3358 materiae.
1787 3323 1889 3358 Nihil
1926 3323 2034 3369 igitur
2071 3331 2124 3358 est
2161 3322 2262 3358 aliud
2295 3322 2492 3359 materiam

1437 3382 1614 3422 appetere
1634 3375 1814 3421 formam,
1835 3387 1951 3422 quam
1972 3387 2056 3410 eam
2077 3375 2241 3412 ordinari
2260 3375 2308 3412 ad
2327 3375 2491 3412 formam

1488 3510 1514 3541 η)
1534 3514 1683 3541 apta‘nant.
1697 3525 1715 3528 —
1729 3514 1819 3541 aptum
1846 3513 1937 3534 natum
1963 3511 2063 3534 codices
2084 3511 2194 3543 exceptis
2214 3511 2347 3543 DMRYZ;
2366 3516 2491 3544 appetere

1436 3548 1462 3569 et
1479 3546 1600 3569 omittunt
1614 3546 1670 3574 RZ;
1684 3553 1730 3576 pro
1750 3545 1842 3575 ipsam,
1863 3545 1946 3576 ipsum
1967 3545 2054 3577 legunt
2073 3546 2172 3570 codices
2188 3548 2298 3579 exceptis
2314 3548 2488 3579 ABCLRYZ;

1435 3580 1534 3604 scilicet
1555 3581 1675 3604 omittunt
1695 3580 1852 3608 PFLRZab,¹
1872 3580 1942 3611 quod
1960 3581 2150 3606 contrarium...
2166 3581 2349 3607 inconveniens
2368 3584 2490 3607 omittunt

1435 3614 1621 3646 AKOTVXp1;
1641 3622 1688 3646 pro
1707 3614 1821 3645 appetit,
1841 3617 1946 3646 appetet
1963 3615 2058 3639 habent
2077 3616 2126 3645 Pb,
2146 3617 2334 3648 appetitionem
2355 3618 2432 3642 editio
2446 3626 2471 3642 a.

2515 590 2527 601 ⁸
2542 589 2612 610 etiam
2626 595 2664 614 nn,
2679 595 2731 611 om.

2517 622 2537 639 F,
2544 618 2620 636 autem
2628 619 2671 636 cet.
2678 622 2727 636 exc.

1431 636 1502 672 sub
1532 636 1717 672 contrario
1737 637 1798 672 vel
1826 636 2049 684 privatione,
2079 635 2169 683 quia
2195 648 2315 672 unum
2344 642 2489 673 contra·
2531 648 2578 663 «ΜΝ

2516 690 2527 701 ¹*
2542 691 2622 710 contra
2626 689 2685 710 rium
2698 695 2725 710 πη)

2517 715 2675 737 cronnnnzab.

2549 914 2656 942 sormam
2680 920 2729 934 om.

2519 941 2586 962 codd.
2596 946 2645 961 exc.
2656 946 2728 961 cumn

1432 958 1568 998 turam,
1596 959 1638 988 ut
1657 951 1799 988 dictum
1829 960 1893 998 est,
1923 952 1954 988 si
1981 952 2134 1000 ponitur
2159 952 2179 973 ’¹‘
2206 951 2311 1000 quod
2336 952 2492 988 materia
2538 974 2563 987 ,η

2516 993 2527 1004 ’
2539 983 2644 1020 ponatur
2655 998 2729 1013 bacun

2517 1036 2626 1066 *eaedem
2634 1052 2653 1066 P:
2665 1044 2728 1066 etsie

2517 1072 2584 1093 infra.

2520 1386 2530 1397 ⁸
2544 1386 2625 1407 bonum
2636 1392 2684 1407 om.
2692 1392 2730 1407 NT.

2520 1539 2532 1550 ¹*
2546 1538 2672 1560 masculum
2689 1544 2732 1560 tuo

2521 1571 2617 1586 nsrxvz.

2520 1595 2620 1616 ‘accidit
2618 1596 2732 1623 feminei-

2522 1624 2559 1642 tas
2574 1628 2611 1643 EG.

2522 1650 2531 1659 '
2546 1654 2599 1670 esse
2609 1654 2656 1670 om.
2668 1654 2704 1670 εο.

2521 1698 2642 1728 ’.εειἹίεεΐ
2658 1699 2731 1720 mate-

2521 1730 2559 1745 rm
2575 1730 2623 1745 om.
2634 1730 2671 1745 Ec.

2521 1802 2532 1813 “
2547 1802 2669 1829 tripliciter
2684 1807 2722 1822 om
2727 1817 2732 1823 .

2521 1834 2603 1855 ncpfln.

2521 1963 2532 1974 ⁴
2547 1963 2731 1992 cum...sormam

2522 1996 2569 2011 om.
2583 1996 2705 2011 AffiOTva.

2522 2232 2530 2241 ¹
2545 2233 2588 2252 aut
2600 2231 2652 2252 add.
2666 2237 2731 2252 scaz.

2545 2286 2623 2300 omnes
2634 2286 2669 2306 EG,
2680 2279 2732 2306 plu-

2521 2312 2559 2327 res
2574 2312 2594 2326 Ρ.

2520 2911 2527 2919 ·
2539 2911 2611 2937 finem
2627 2910 2679 2932 add.
2695 2917 2731 2932 sn.
