2898 3996
63 523 73 534 “
87 524 111 544 et
123 522 177 543 add.
190 520 243 542 rab.

12 784 29 812 '⁴
65 785 77 797 “
91 784 154 806 Lect.
178 783 276 810 raeced„

66 817 107 833 nn.
121 817 142 839 3,
174 826 180 832 .

67 944 77 956 “
92 943 125 965 sit
137 948 185 964 om.
201 941 268 963 codd.

67 996 79 1007 ⁸
92 995 163 1018 Num.
178 1000 227 1022 seq.

71 1102 81 1114 “
94 1101 164 1123 Num.
177 1107 201 1127 4.

71 1313 82 1324 ⁸
96 1311 210 1340 Loquitur
222 1316 282 1333 nero

26 1419 27 1423 ¹
71 1413 83 1425 ²*
97 1412 141 1434 sed
152 1419 175 1434 P.

70 1466 81 1478 ⁸
96 1465 125 1487 de
137 1471 176 1486 ta.

25 1679 27 1681 ’
72 1675 84 1687 '⁶
98 1681 149 1697 esse
162 1681 210 1697 om.
229 1680 282 1696 ma.

0 1745 1 1752 ,
71 1727 84 1740 ⁴
102 1727 166 1750 Lect.
184 1733 222 1754 iv,
236 1734 259 1749 v.
273 1738 284 1742 -

25 1755 27 1757 ’
71 1754 140 1776 liuius
147 1760 195 1776 om.
204 1754 255 1776 rab.

101 1788 106 1796 .

1162 281 1272 318 CAP.
1303 282 1351 328 11,
1381 282 1530 319 LECT.
1561 284 1611 320 iv

63 370 73 378 ·
88 373 162 395 neque
180 371 227 388 om.
246 372 275 388 m:
301 367 376 403 que
392 356 411 376 ²¹²
432 354 470 390 in
494 354 712 400 substantia,
734 367 861 402 neque
880 356 918 392 in
938 358 988 393 ad
1005 358 1156 405 aliquid,
1178 370 1301 407 neque
1321 359 1359 395 in

31 398 33 401 ’
63 400 162 415 FGHNRV.

63 418 273 474 {„L²3⁰¹'7⁹“9¹²⁰ed‘’
301 408 423 444 facere
445 414 480 443 et
498 406 586 455 pati,
606 414 648 443 ut
668 414 861 443 ostensum
882 416 936 444 est
954 410 990 455 *3
1016 410 1237 458 relinquitur
1256 411 1360 458 quod

302 467 429 497 motus
448 459 494 496 sit
521 460 645 496 solum
674 459 712 495 in
739 459 817 495 istis
846 459 963 497 tribus
991 462 1201 508 generibus,
1223 463 1361 498 scilicet

302 512 518 561 quantitate,
541 513 560 532 ²⁴
580 511 755 560 qualitate
777 518 812 547 et
829 511 916 548 ubi:
946 513 1034 560 quia
1062 514 1100 550 in
1126 526 1360 562 unoquoque

301 566 440 602 horum
477 577 661 612 generum
699 563 878 611 contingit
915 576 996 600 0550
1035 567 1360 613 contrarietatem,

303 630 420 665 quam
450 617 602 666 requirit
630 623 769 653 motus.
800 616 928 662 Quare
949 624 1076 653 autern
1094 619 1363 665 praetermittat

302 671 372 707 tria
396 682 546 718 genera,
576 669 713 706 scilicet
740 668 910 718 quando,
940 669 1053 705 situm
1083 677 1118 705 et
1144 671 1300 716 habere,·
1329 679 1364 708 et

304 723 502 771 quomodo
531 723 569 759 in
597 722 674 759 istis
699 721 816 758 tribus
844 721 1045 768 generibus
1077 721 1116 758 in
1144 723 1281 770 quibus
1310 732 1364 760 est

304 783 448 822 motus,
478 776 523 812 sit
551 774 802 820 contrarietas,
833 786 947 821 supra
964 774 983 794 '¹‘
1003 781 1197 811 ostensum
1227 783 1291 812 est.

359 840 394 865 2.
424 828 572 865 Deinde
594 839 681 863 cum
702 826 804 863 dicit:
834 827 965 862 Motus
983 827 1131 874 quidem
1148 828 1263 876 igitur
1282 835 1362 875 etc.,

305 880 469 918 ostendit
487 879 644 928 qualiter
663 879 708 916 sit
726 886 853 915 motus
872 879 911 915 in
930 879 1128 927 praedictis
1152 881 1362 927 generibus.

305 934 354 970 Et
379 933 505 981 primo
525 932 683 981 qualiter
701 931 781 968 sit*
801 931 839 968 111
859 932 1055 980 qualitate;
1086 933 1253 969 secundo
1274 946 1365 981 qua-

305 985 387 1022 liter
414 985 452 1022 in
480 985 696 1034 quantitate,
716 984 787 1021 ibi:
821 984 896 1026 Qui
911 996 1001 1021 vero
1020 985 1223 1021 secundum
1240 987 1259 1006 ἧς
1280 993 1362 1031 010.;

306 1037 414 1074 tertio
435 1038 592 1086 qualiter
611 1037 649 1074 in
667 1037 744 1083 ubi,
761 1037 829 1073 ibi:
856 1038 929 1079 Qui
945 1043 1069 1074 autem
1090 1043 1142 1073 est
1159 1038 1366 1075 secundum

307 1090 430 1127 Iocum
445 1092 464 1112 '¹‘
484 1098 551 1127 etc.
573 1090 672 1127 Dicit
692 1102 779 1137 ergo
798 1089 922 1138 primo
947 1090 1053 1138 quod
1076 1097 1203 1127 motus
1228 1090 1292 1139 qui
1313 1098 1367 1127 est

306 1143 345 1180 in
373 1143 561 1192 qualitate,
589 1150 748 1179 vocatur
775 1142 956 1180 alteratio.
987 1143 1086 1179 Huic
1115 1143 1216 1179 enim
1241 1144 1367 1190 generi

308 1196 436 1233 alludit
456 1197 531 1233 hoc
551 1208 756 1232 commune
785 1207 940 1243 nomen,
970 1196 1075 1245 quod
1104 1203 1158 1232 est
1182 1196 1365 1233 alteratio:

308 1261 398 1299 nam
426 1249 585 1285 alterum
618 1249 712 1285 solet
744 1247 816 1285 dici
857 1248 963 1297 quod
997 1248 1120 1285 differt
1156 1250 1366 1290 secundum

309 1301 537 1350 qualitatem.
568 1301 780 1349 Loquimur
800 1303 819 1323 *
843 1308 971 1338 autem
992 1314 1093 1338 nunc
1113 1301 1159 1338 de
1179 1301 1367 1350 qualitate,

308 1366 388 1390 11011
416 1355 628 1391 secundum
656 1355 761 1403 quod
798 1354 909 1403 quale
936 1354 1126 1391 invenitur
1159 1354 1197 1390 in
1230 1367 1367 1401 genere

309 1407 550 1454 substantiae,
572 1407 782 1443 secundum
799 1409 819 1429 ’ὅ
839 1407 944 1455 quod
968 1406 1178 1443 differentia
1197 1408 1369 1444 substan-

308 1459 402 1496 tialis
422 1460 555 1496 dicitur
571 1459 780 1508 praedicari
801 1461 837 1497 in
855 1461 875 1481 ’³‘
894 1471 937 1496 eo
957 1460 1058 1508 quod
1079 1459 1204 1508 quale:
1234 1460 1302 1497 sed
1322 1461 1368 1497 de

310 1512 410 1560 quali
424 1513 586 1560 passivo,
607 1512 712 1560 quod
732 1513 942 1550 continetur
955 1512 994 1549 in
1012 1512 1118 1549 tertia
1137 1512 1262 1560 specie
1277 1525 1368 1562 qua-

308 1565 428 1611 litatis,
458 1565 668 1601 secundum
694 1566 798 1613 quod
827 1566 937 1614 quale
967 1565 1099 1602 dicitur
1126 1565 1266 1614 aliquid
1292 1566 1370 1614 pati

310 1625 374 1654 aut
401 1629 479 1654 non
507 1617 602 1666 pati,
630 1624 672 1653 ut
700 1617 863 1655 calidum
893 1625 929 1654 et
955 1617 1149 1665 frigidum,
1175 1619 1305 1655 album
1335 1626 1370 1655 et

310 1669 471 1718 nigrum,
489 1678 525 1706 et
542 1670 772 1707 huiusmodi.
794 1672 837 1707 In
857 1671 914 1707 his
934 1670 1036 1707 enirn
1057 1671 1236 1718 contingit
1256 1672 1369 1708 esse*

310 1722 589 1770 alterationem,
627 1730 669 1759 ut
695 1722 734 1759 in
762 1723 924 1772 septimo
947 1724 966 1744 ’¹‘
992 1723 1104 1760 huius
1136 1724 1367 1772 probabitur.

365 1776 400 1812 3.
425 1775 574 1812 Deinde
595 1787 682 1812 cum
703 1775 806 1812 dicit:
831 1777 906 1818 Qui
921 1787 1011 1812 vero
1029 1777 1233 1814 secundum
1253 1789 1370 1825 quan-

309 1833 388 1864 tum
417 1835 498 1876 etc.,
520 1828 682 1865 ostendit
709 1829 908 1877 quomodo
936 1829 982 1865 sit
1009 1836 1136 1865 motus
1165 1829 1203 1865 in
1223 1830 1368 1878 quanti-

309 1887 394 1917 tate.
424 1881 473 1917 Et
501 1881 588 1918 dicit
624 1881 728 1929 quod
756 1889 882 1918 motus
911 1882 974 1930 qui
1004 1889 1058 1918 est
1085 1882 1124 1918 in
1152 1882 1368 1930 quantitate,

308 1946 388 1970 non
413 1941 468 1970 est
486 1934 703 1970 nominatus
732 1934 943 1971 secundum
972 1946 1084 1971 suum
1113 1947 1244 1982 genus,
1275 1935 1371 1972 sicut

309 1986 498 2032 alterati03
529 1986 596 2023 sed
625 1986 842 2023 nominatur
870 1988 1080 2024 secundum
1105 1995 1192 2024 suas
1211 1988 1367 2036 species,

309 2051 407 2088 quae
440 2046 526 2076 sunt
558 2047 804 2087 augmentum
838 2047 875 2076 et
907 2040 1205 2077 decrementum.
1240 2042 1369 2078 Motus

310 2091 413 2128 enim
433 2091 497 2140 qui
526 2100 582 2128 est
609 2092 656 2128 ab
685 2092 905 2140 imperfecta
932 2092 1191 2140 magnitudine
1217 2094 1266 2130 ad
1284 2106 1368 2142 per-

310 2144 464 2191 fectam,
502 2152 662 2182 vocatur
698 2151 944 2194 augmentum
974 2152 1010 2190 “3
1042 2145 1106 2193 qui
1137 2157 1231 2182 vero
1266 2154 1321 2182 est
1347 2159 1370 2183 a

309 2197 475 2245 perfecta
498 2196 754 2245 magnitudine
783 2197 822 2234 in
841 2197 1112 2246 imperfectam,
1132 2206 1291 2235 vocatur
1309 2199 1370 2235 de-

311 2255 553 2287 crementum.

362 2314 399 2349 4.
430 2302 576 2339 Deinde
607 2315 694 2339 cum
724 2302 827 2340 dicit:
862 2303 935 2345 Qui
952 2308 1076 2339 autem
1097 2309 1151 2339 est
1166 2304 1369 2340 secundum

309 2355 433 2392 locum
462 2362 544 2402 etc.,
574 2355 736 2392 ostendit
764 2355 920 2405 qualiter
939 2356 984 2391 sit
1002 2363 1129 2392 motus
1157 2355 1196 2392 in
1214 2356 1291 2393 ubi.
1322 2357 1371 2393 Et

311 2407 399 2444 dicit
422 2409 527 2457 quod
546 2415 673 2445 motus
693 2409 904 2445 secundum
924 2409 1052 2444 locum
1072 2421 1150 2445 non
1169 2409 1283 2445 habet
1302 2421 1370 2445 no-

309 2473 400 2497 men
429 2473 634 2497 commune
668 2461 836 2508 generis,
870 2473 995 2509 neque
1028 2461 1184 2498 nomina
1217 2462 1371 2510 propria

310 2513 538 2562 specierum;
569 2514 637 2550 sed
668 2514 830 2563 imponit
858 2514 890 2550 ei
924 2526 1067 2550 nomen
1095 2513 1112 2542 β
1140 2526 1369 2561 001111110110,

309 2573 351 2603 01
377 2574 547 2603 vocetur.
572 2566 682 2603 latio:
719 2566 896 2616 quamvis
923 2567 998 2603 hoc
1029 2579 1173 2603 nomen
1210 2579 1288 2603 non
1326 2567 1372 2604 sit

309 2619 508 2668 proprium
534 2619 693 2656 omnino
723 2627 850 2656 motus
869 2619 997 2656 localis
1017 2619 1056 2656 in
1076 2620 1283 2656 communi.
1305 2621 1370 2656 Illa

311 2671 413 2708 enim
442 2672 522 2708 sola
550 2671 726 2708 dicuntur
752 2672 904 2720 proprie
934 2671 1041 2719 ferri,
1077 2684 1175 2719 quae
1204 2672 1257 2708 sic
1285 2685 1367 2708 mo-

309 2731 447 2761 ventur
474 2724 684 2761 secundum
712 2725 852 2771 locum,
883 2725 987 2772 quod
1015 2737 1094 2761 non
1119 2732 1173 2761 est
1199 2724 1238 2761 in
1265 2733 1370 2773 pote-

311 2784 403 2813 state
433 2788 566 2813 eorum
595 2777 699 2824 quod
727 2783 844 2823 stent;
874 2784 910 2813 et
936 2776 1155 2813 huiusmodi
1183 2784 1270 2813 sunt
1296 2777 1369 2824 illa,

311 2841 410 2878 quae
439 2841 518 2866 non
545 2836 748 2866 moventur
775 2842 798 2865 a
826 2829 956 2878 seipsis
985 2829 1196 2865 secundum
1224 2830 1369 2878 locum,

311 2882 378 2919 sed
407 2882 454 2918 ab
483 2881 572 2918 aliis.

365 2935 455 2972 Ideo
490 2941 617 2971 autem
650 2934 796 2983 imponi
826 2934 948 2982 potuit
984 2946 1127 2970 nomen
1165 2946 1370 2971 commune

312 2987 433 3024 motui
452 2987 490 3023 in
510 2987 697 3036 qualitate,
726 2986 815 3036 quia
834 2986 1029 3035 qualitates
1049 2994 1136 3023 sunt
1164 2987 1370 3024 contrariae

366 3143 394 3178 α)
409 3143 454 3175 qui
465 3146 537 3168 est...
550 3146 661 3168 vocatur·
674 3146 855 3176 augmentum.
868 3157 886 3162 -
899 3144 958 3168 PsO
974 3148 999 3168 et
1011 3144 1051 3168 ed.
1066 3144 1158 3168 Vener.
1177 3143 1256 3175 1545;
1276 3143 1321 3176 qui
1333 3146 1375 3168 est

312 3180 339 3204 in
350 3178 471 3212 perfecta
484 3178 675 3211 magnitudine,
687 3181 798 3203 vocatur
809 3182 982 3211 augmentum
996 3179 1054 3203 edd.
1068 3186 1086 3202 a
1095 3179 1110 3203 b
1125 3184 1150 3203 et
1163 3179 1247 3209 codd.‚
1258 3186 1311 3203 exc.
1326 3179 1372 3202 LM

313 3214 357 3247 qui
376 3213 482 3238 habent:
501 3213 546 3245 qui
564 3216 603 3238 est
621 3213 647 3238 in
663 3213 784 3247 perfecta
802 3213 986 3246 magnitudine
1000 3213 1058 3245 (cet.
1072 3213 1136 3248 om.)
1152 3213 1177 3238 in
1193 3213 1372 3246 imperfectam

313 3251 424 3274 vocatur
443 3248 645 3272 decrementum.
658 3262 677 3266 -
689 3248 733 3272 FH
753 3253 875 3280 pergunt:
895 3248 941 3280 qui
959 3255 1021 3273 uero
1033 3251 1072 3273 est
1085 3248 1111 3272 in
1127 3248 1311 3281 magnitudine
1324 3248 1373 3272 im-

307 3284 437 3318 perfecta,
457 3286 567 3307 vocatur
585 3282 788 3307 decrementum.

367 3317 392 3351 β)
411 3317 458 3342 sed
477 3317 589 3348 imponit
613 3317 637 3341 ei
655 3324 757 3342 nomen.
771 3331 790 3336 -
803 3317 850 3342 sed
868 3317 1014 3348 imponitur
1031 3317 1056 3341 ei
1074 3323 1167 3341 nomen
1191 3317 1373 3348 FHMNOQR,

313 3354 359 3380 sed
378 3353 530 3384 imponatur
548 3352 572 3377 ei
590 3359 683 3377 nomen
703 3353 751 3382 LS,
766 3352 812 3376 sed
831 3352 983 3383 impositum
1002 3354 1041 3376 est
1059 3351 1084 3375 ei
1096 3359 1188 3376 nomen
1202 3351 1318 3380 PEGab;
1336 3352 1372 3376 le-

313 3390 398 3422 gimus
418 3395 478 3412 cum
496 3387 586 3412 ceteris
605 3387 687 3417 codd.‚
703 3386 763 3418 quia
777 3394 867 3410 eorum
886 3386 960 3410 lectio
974 3386 1038 3410 bene
1053 3386 1170 3418 exprimit
1188 3386 1212 3410 id
1232 3386 1303 3418 quod
1315 3386 1372 3410 Ari-

314 3424 420 3449 stoteles
434 3423 460 3447 in
472 3427 542 3447 textu
555 3421 645 3446 111011.-
657 3421 708 3452 Ibi,
722 3421 771 3446 hoc
785 3428 878 3445 nomen
892 3428 943 3445 non
958 3421 993 3445 sit
1001 3421 1152 3452 proprium,
1164 3421 1227 3452 Ppo
1240 3428 1293 3445 om.
1306 3427 1372 3450 non;

314 3464 375 3492 post
392 3458 499 3483 omnino
518 3457 574 3481 add.
594 3462 676 3488 neque
695 3456 759 3488 EpG
777 3461 803 3480 ct
820 3463 845 3480 a.

367 3494 393 3527 γ)
405 3495 494 3525 potest
507 3492 561 3516 dici
570 3491 695 3516 mutari...
711 3490 737 3515 in
753 3491 838 3522 ipsum
852 3490 949 3515 album.
958 3503 977 3508 —
986 3490 1027 3514 Sic
1037 3489 1056 3513 P
1067 3497 1126 3514 cum
1141 3489 1279 3514 ed.Venet.
1293 3488 1371 3521 1545;

314 3536 332 3554 a
350 3537 403 3553 om.
422 3531 448 3553 et
466 3535 480 3553 e
498 3534 623 3552 converso
643 3524 718 3559 (vide
738 3525 877 3557 supra)...
897 3525 923 3549 in
944 3525 1029 3557 magis
1052 3524 1155 3552 album,·
1174 3524 1195 3548 D
1214 3532 1268 3548 om.
1283 3527 1375 3556 potest

315 3564 400 3589 dici...
421 3563 446 3588 in
467 3562 552 3595 magis
570 3562 675 3590 albanu
694 3561 778 3591 ceteri,
793 3560 903 3592 exceptis
916 3559 1037 3589 dicendis,
1052 3560 1139 3592 legunt
1151 3559 1201 3583 sic:
1215 3562 1306 3590 potest
1320 3558 1373 3584 dici

315 3598 415 3624 mutari
433 3598 460 3623 in
479 3597 656 3626 contrarium,
676 3595 738 3628 quia
756 3595 953 3627 appropinquat
970 3595 1007 3619 ad
1025 3594 1201 3623 contrarium,
1220 3594 1318 3619 scilicet
1337 3593 1373 3618 ad

457 3650 525 3683 Opp.
545 3650 575 3674 D.
590 3649 703 3673 Tuomst
721 3647 752 3672 T.
767 3647 796 3672 11.

2393 296 2461 331 241

1415 360 1623 396 secundum
1651 361 1843 409 propriam
1864 361 2051 398 rationem
2072 373 2225 397 suarum
2245 361 2468 410 specierum,

1415 412 1624 448 secundum
1651 426 1747 462 ‘quas
1772 414 2009 450 continentur
2027 414 2096 450 sub
2118 423 2253 461 genere
2273 414 2468 462 qualitatis.

1418 464 1668 500 Contrarietas
1697 473 1823 502 autem
1853 466 1891 502 in
1919 466 2123 514 quantitate
2149 478 2227 502 non
2255 474 2311 503 est
2338 479 2470 503 secun-

1418 515 1510 551 dum
1539 517 1723 553 rationem
1751 530 1905 554 suarum
1927 518 2151 566 specierum,
2173 519 2239 555 sed
2259 519 2470 556 secundum

1416 568 1624 615 perfectum
1645 577 1680 604 et
1700 570 1938 616 diminutum,
1955 578 1995 606 ut
2014 583 2126 619 supra
2140 572 2160 591 ³¹*
2180 571 2320 607 dictum
2341 578 2414 617 est;
2437 579 2472 608 et

1418 620 1628 656 secundum
1647 622 1720 657 hoc
1741 622 2033 659 denominantur
2051 623 2205 671 species.
2237 624 2313 660 Sed
2328 624 2367 660 in
2386 625 2470 660 loco

1419 679 1473 708 est
1493 673 1734 710 contrarietas
1751 675 1874 711 solum
1894 687 1962 723 per
1978 676 2301 724 comparationem
2320 677 2370 712 ad
2389 688 2471 712 mo-

1418 731 1511 770 tum,
1532 733 1703 772 respectu
1731 726 1835 762 cuius
1865 727 1940 763 duo
1960 727 2109 764 termini
2134 728 2297 764 maxime
2319 728 2470 765 distant:

1420 784 1454 812 et
1468 777 1566 823 ideo,
1579 777 1666 825 quia
1681 778 1748 814 ista
1764 779 2003 815 contrarietas
2019 787 2074 816 est
2092 780 2300 816 secundum
2315 780 2353 817 id
2369 781 2473 829 quod

1420 829 1576 866 omnino
1606 838 1825 867 extraneum
1846 839 1900 867 est
1919 832 1965 867 ab
1986 832 2059 868 hoc
2086 844 2233 879 genere,
2254 845 2333 869 non
2352 833 2473 881 potuit

1420 889 1545 918 motus
1583 882 1646 930 qui
1683 882 1721 918 in
1757 884 1831 919 hoc
1858 895 1994 930 genere
2029 892 2103 931 est,
2132 885 2270 921 habere
2308 897 2471 933 nomen,

1420 946 1542 981 neque
1571 934 1609 970 in
1633 935 1794 981 generali
1823 948 1946 984 neque
1975 936 2185 973 secundum
2213 944 2348 984 partes.

1477 987 1508 1022 5.
1539 986 1686 1022 Deinde
1707 999 1794 1023 cum
1815 988 1917 1024 dicit:
1951 989 2055 1029 Quae
2073 994 2196 1025 autem
2216 995 2268 1025 est
2287 989 2323 1025 in
2343 990 2471 1026 eadem

1419 1038 1539 1085 specie
1558 1045 1639 1085 etc.,
1660 1040 1871 1076 manifestat
1890 1041 2083 1088 quoddam
2103 1041 2207 1089 quod
2226 1049 2373 1090 poterat
2393 1054 2472 1078 esse

1422 1090 1592 1136 dubium,
1623 1093 1825 1128 ostendens
1854 1093 1902 1128 ad
1930 1105 2046 1140 quam
2074 1094 2240 1141 speciem
2269 1102 2394 1130 motus
2418 1107 2473 1130 re-

1424 1142 1582 1178 ducatur
1618 1143 1775 1179 mutatio
1813 1157 1910 1192 quae
1947 1153 2002 1181 est
2035 1146 2243 1182 secundum
2282 1147 2405 1196 magis
2441 1152 2477 1182 et

1421 1195 1566 1238 minus,·
1585 1202 1675 1242 puta
1695 1208 1782 1231 cum
1798 1196 1967 1243 aliquid*
1988 1198 2034 1234 de
2054 1198 2172 1245 magis
2187 1199 2272 1234 albo
2292 1199 2334 1234 fit
2348 1199 2474 1235 minus
2500 1207 2711 1255 {xgliggffmcodm

1423 1248 1552 1284 album
1573 1248 1604 1293 ²²⁴,
1627 1254 1661 1283 et
1681 1260 1700 1283 e
1721 1260 1918 1285 converso.
1948 1251 2080 1286 Posset
2109 1250 2208 1286 enim
2229 1250 2336 1287 alicui
2355 1251 2475 1287 videri
2502 1265 2510 1273 ·
2525 1250 2590 1285 aitrus
2604 1249 2648 1285 sss

1422 1301 1526 1348 quod
1555 1301 1796 1336 reduceretur
1824 1301 1871 1337 ad
1900 1308 2047 1338 motum
2077 1302 2265 1349 augmenti
2295 1311 2329 1339 et
2350 1303 2474 1340 decre-

1423 1353 1551 1389 menti.
1584 1353 1660 1389 Sed
1688 1353 1768 1401 ipse
1798 1353 1960 1390 ostendit
1987 1354 2090 1401 quod
2119 1354 2306 1391 reducitur
2325 1356 2373 1391 ad
2392 1368 2475 1392 mo-

1423 1412 1504 1441 tum
1525 1405 1769 1442 alterationis:
1800 1413 1836 1441 01
1864 1406 1950 1442 dicit
1978 1406 2081 1454 quod
2109 1407 2263 1456 mut-atio
2293 1420 2388 1455 quae
2423 1415 2477 1444 est

1423 1458 1462 1494 in
1491 1459 1626 1495 eadem
1654 1458 1778 1507 specie
1807 1458 2001 1506 qualitatis,
2022 1466 2111 1507 puta
2139 1459 2176 1495 in
2205 1459 2387 1506 albedine,
2416 1461 2477 1496 vel

1423 1511 1462 1547 in
1481 1511 1600 1558 magis
1619 1512 1680 1547 vel
1699 1511 1737 1547 in
1757 1510 1893 1557 minus,
1911 1519 1964 1548 est
1984 1511 2160 1548 alteratio.
2183 1512 2231 1548 Et
2252 1512 2326 1548 hoc
2343 1514 2478 1560 probat

1423 1576 1491 1611 per
1509 1565 1595 1611 hoc,
1617 1564 1722 1612 quod
1749 1564 1914 1600 alteratio
1945 1572 2000 1600 est
2028 1564 2184 1600 mutatio
2215 1564 2260 1600 de
2292 1565 2476 1601 contrario

1423 1617 1462 1653 in
1491 1616 1718 1653 contrarium
1748 1616 1958 1653 secundum
1986 1616 2223 1665 qualitatem,
2257 1617 2361 1665 quod
2390 1630 2477 1654 con-

1423 1669 1530 1716 tingit
1545 1669 1754 1717 dupliciter:
1775 1675 1841 1705 aut
1856 1669 2079 1717 simpliciter,
2096 1669 2189 1705 sicut
2209 1681 2295 1705 cum
2313 1671 2332 1690 ²¹*
2347 1670 2478 1718 aliquis

1425 1729 1590 1758 mutatur
1618 1722 1665 1758 de
1694 1722 1779 1758 albo
1809 1721 1846 1758 in
1875 1722 2033 1769 nigrum,
2053 1722 2114 1758 vel
2139 1735 2159 1758 e
2180 1734 2385 1769 converso3
2415 1729 2482 1759 aut

1423 1776 1491 1820 sic,
1521 1774 1660 1811 scilicet
1679 1787 1767 1810 cum
1783 1775 1802 1795 *
1823 1774 1961 1822 aliquid
1989 1782 2154 1810 mutatur
2181 1775 2227 1810 de
2252 1775 2370 1822 magis
2390 1776 2476 1811 albo
2506 1787 2513 1796 ·
2529 1786 2624 1814 quando
2637 1787 2688 1808 rab.

1424 1827 1462 1864 in
1481 1827 1606 1864 minus
1622 1828 1762 1874 album,
1780 1834 1815 1863 et
1835 1839 1853 1862 e
1871 1839 2068 1863 converso,
2086 1827 2134 1863 Et
2152 1826 2256 1875 quod
2276 1827 2327 1863 510
2342 1828 2478 1864 mutari

1425 1881 1471 1916 sit
1489 1880 1626 1916 mutari
1650 1880 1696 1916 de
1718 1879 1903 1916 contrario
1932 1880 1970 1916 111
1998 1879 2238 1926 contrarium,
2258 1880 2394 1927 probat
2411 1893 2480 1928 per

1425 1934 1510 1980 hoc,
1531 1933 1635 1981 quod
1656 1945 1744 1969 cum
1764 1932 1904 1981 aliquid
1933 1939 2096 1969 mutatur
2125 1932 2171 1968 de
2190 1933 2310 1979 magis
2329 1933 2413 1969 albo
2443 1933 2480 1969 in

1425 1986 1551 2022 minus
1580 1986 1721 2032 album,
1741 1992 1865 2033 potest
1893 1984 1964 2021 dici
1993 1985 2128 2021 mutari
2158 1985 2204 2021 de
2234 1985 2418 2021 contrario
2443 1985 2480 2021 in

1426 2038 1677 2085 contrarium,
1716 2037 1804 2086 quia
1832 2038 2110 2086 appropinquat
2147 2037 2195 2073 ad
2232 2038 2479 2084 contrarium,

1425 2091 1563 2128 scilicet
1590 2091 1639 2128 ad
1666 2090 1826 2138 nigrum.
1862 2091 1962 2127 Cum
1991 2098 2117 2126 autem
2151 2097 2314 2126 mutatur
2341 2090 2480 2138 aliquid

1426 2143 1473 2180 de
1494 2144 1628 2180 ‘minus
1656 2144 1742 2180 albo
1773 2143 1811 2179 in
1838 2143 1957 2190 magis
1986 2143 2132 2189 album,
2166 2142 2268 2179 idem
2298 2150 2351 2179 est
2378 2156 2422 2179 ac
2450 2143 2480 2179 si

1425 2204 1632 2233 mutaretur
1653 2197 1699 2232 de
1719 2196 1905 2232 contrario
1934 2195 1971 2232 in
2001 2195 2240 2241 contrarium,
2270 2195 2407 2231 scilicet
2433 2195 2478 2231 de

1425 2249 1532 2296 nigro
1560 2249 1599 2286 in
1626 2249 1752 2297 ipsum
1782 2249 1910 2285 album
1929 2253 1961 2284 ⁷:
1992 2260 2037 2284 ex
2064 2249 2137 2284 hoc
2166 2248 2265 2284 0111111
2294 2248 2336 2284 fit
2363 2247 2480 2295 magis
2602 2261 2618 2285 γ

1425 2302 1567 2349 album,
1597 2302 1701 2350 quod
1733 2301 1852 2348 magis
1880 2300 2020 2337 recedit
2047 2313 2069 2336 a
2088 2301 2205 2348 nigro,
2227 2307 2262 2336 et
2283 2301 2480 2349 perfectius

1424 2354 1620 2403 participat
1647 2354 1875 2391 albedinem.
1914 2354 1963 2389 Et
1986 2353 2075 2390 nihil
2104 2353 2225 2389 differt
2250 2354 2269 2374 *
2298 2361 2480 2401 quantum

1425 2407 1474 2444 ad
1501 2408 1575 2444 hoc
1603 2408 1707 2455 quod
1735 2407 1780 2443 sit
1808 2406 1991 2454 alteratio,
2022 2405 2125 2454 quod
2153 2413 2316 2442 mutetur
2343 2406 2481 2453 aliquid

1426 2460 1472 2497 de
1504 2459 1690 2496 contrario
1710 2459 1749 2496 in
1773 2459 2001 2495 contrarium
2029 2459 2088 2495 vel
2113 2458 2325 2506 simpliciter
2342 2458 2400 2495 vel
2416 2459 2480 2503 sic,

1426 2513 1563 2549 scilicet
1599 2512 1810 2549 secundum
1848 2511 1967 2559 magis
2005 2518 2041 2547 et
2077 2511 2228 2557 minus3
2271 2511 2340 2547 nisi
2377 2511 2480 2558 quod

1426 2565 1578 2614 quando
1608 2572 1774 2601 mutatur
1793 2564 1933 2612 aliquid
1954 2565 1973 2585 ²¹*
1993 2563 2207 2612 simpliciter
2227 2564 2273 2600 de
2294 2563 2478 2599 contrario

1426 2619 1463 2655 in
1492 2618 1742 2664 contrarium,
1778 2629 1933 2654 necesse
1963 2624 2018 2653 est
2045 2617 2149 2664 quod
2181 2616 2251 2652 sint
2287 2615 2361 2652 duo
2391 2628 2479 2652 con-

1426 2670 1536 2708 traria
1568 2670 1604 2707 in
1634 2678 1719 2707 actu
1751 2669 1901 2706 termini
1933 2669 2176 2715 alterationis,
2215 2676 2254 2704 ut
2287 2668 2415 2705 album
2444 2675 2479 2704 et

1426 2724 1596 2771 nigrum;
1626 2723 1693 2760 sed
1722 2723 1878 2759 mutatio
1908 2722 2117 2758 secundum
2146 2721 2263 2768 magis
2293 2728 2327 2756 01
2354 2720 2479 2756 11111105

1427 2784 1481 2813 051
1518 2776 1743 2824 inquantum
1771 2782 1827 2811 est
1853 2776 1936 2824 plus
1965 2782 2001 2811 et
2027 2774 2151 2810 minus
2181 2774 2226 2810 de
2251 2773 2364 2809 altero
2391 2785 2479 2809 con-

1426 2828 1638 2875 trariorum,
1666 2829 1729 2865 vel
1757 2840 1836 2864 non
1864 2835 1929 2864 est.
2260 2875 2263 2878 ι

1479 2881 1640 2918 Ulterius
1673 2880 1744 2917 ibi:
1783 2880 1891 2921 Quod
1917 2879 2063 2927 quidem
2092 2878 2206 2927 igitur
2231 2878 2271 2914 hi
2297 2883 2368 2914 tres
2397 2884 2477 2925 etc.,

1427 2933 1617 2970 concludit
1644 2933 1887 2969 manifestum
1916 2944 1996 2968 esse
2027 2943 2070 2967 ex
2100 2930 2205 2967 dictis
2227 2931 2246 2951 ‘¹‘
2265 2928 2295 2977 ὃ,
2316 2938 2389 2966 1105
2417 2942 2478 2966 50-

1426 2987 1506 3023 10111
1533 2986 1742 3035 praedictas
1771 2986 1914 3033 species
1943 2990 2068 3020 motus
2097 2995 2188 3020 esse.

2498 576 2588 623 LLgct.
2598 576 2712 604 praeced„

2505 1683 2514 1694 ⁴*
2528 1683 2588 1703 sicut
2601 1689 2648 1704 om.
2662 1683 2714 1710 rab,

2504 1715 2553 1730 cum
2569 1715 2615 1731 orn.
2630 1715 2664 1730 ns.

2507 2365 2515 2374 ·
2536 2364 2647 2391 differunt
2665 2364 2716 2385 rab.

2505 2566 2515 2576 ⁸
2529 2565 2622 2592 aliquid
2642 2571 2688 2586 om.
2703 2571 2717 2586 Β

2506 2597 2614 2613 111-0115ῑα,

2505 2938 2514 2949 ’
2533 2937 2677 2973 (Ξοηῑᾉηιιηι.
2693 2943 2709 2958 1.

2600 2973 2614 2989 o

1426 3143 1542 3176 nigrum.
1558 3143 1622 3167 Cum
1642 3146 1730 3167 autem
1750 3145 1868 3167 mutatur
1887 3141 1989 3174 aliquid
2006 3141 2039 3165 de
2058 3140 2143 3173 magis
2158 3139 2217 3164 albo
2236 3139 2262 3163 in
2278 3139 2363 3163 minus
2380 3139 2478 3167 album,

1427 3178 1495 3202 idem
1514 3180 1553 3202 est
1570 3185 1602 3202 ac
1620 3178 1644 3202 si
1662 3180 1811 3202 mutaretur
1824 3177 1856 3201 de
1869 3176 2012 3204 contrario,
2027 3175 2124 3200 scilicet
2138 3174 2223 3206 nigro,
2238 3174 2263 3198 in
2278 3173 2360 3205 ipsum
2375 3173 2478 3202 album,-

1426 3220 1474 3245 pro
1493 3213 1525 3237 de
1544 3213 1630 3244 magis
1648 3213 1707 3236 albo
1727 3213 1752 3237 in
1773 3212 1858 3236 minus
1876 3211 1971 3239 album,
1991 3217 2058 3242 quae
2077 3209 2150 3233 lectio
2170 3216 2221 3232 non
2240 3213 2279 3232 est
2291 3212 2365 3237 recta,
2381 3207 2419 3239 pN
2433 3207 2477 3247 ha-

1426 3248 1469 3271 bet
1487 3254 1504 3271 a
1523 3247 1610 3280 magis
1628 3247 1687 3272 albo
1707 3247 1739 3271 de
1758 3247 1844 3271 minus
1862 3246 1934 3273 albo,
1961 3244 2064 3269 GsEFN
2083 3249 2111 3267 ut
2124 3243 2151 3272 P,
2171 3243 2196 3272 Q
2213 3242 2245 3282 de
2264 3242 2349 3266 minus
2367 3242 2426 3266 albo
2448 3250 2473 3266 m

1426 3282 1527 3315 magis;
1546 3290 1594 3314 pro
1612 3282 1711 3307 scilicet
1724 3282 1756 3306 de
1770 3282 1855 3314 nigro,
1869 3280 1967 3305 scilicet
1981 3279 2057 3310 nigro
2071 3278 2144 3302 codd.
2155 3284 2208 3316 exf.
2223 3276 2369 3306 hGMQsF3
2390 3277 2421 3300 de
2435 3284 2478 3317 ee-

1426 3322 1481 3341 tero
1500 3317 1645 3346 EFGMNQ
1664 3317 1750 3348 legunt
1768 3321 1795 3340 ut
1813 3315 1853 3339 alii
1873 3315 1987 3343 codices;
2007 3314 2021 3337 b
2040 3313 2065 3336 in
2083 3312 2205 3344 principio
2218 3319 2271 3335 om.
2282 3311 2314 3335 de
2327 3314 2478 3340 contrar10;

1425 3359 1442 3376 a
1461 3352 1486 3376 in
1505 3351 1555 3375 fine
1573 3359 1626 3376 om.
1646 3351 1671 3376 in
1692 3350 1863 3376 contrarium.
1876 3362 1895 3369 -
1908 3348 1994 3372 Lectio
2013 3347 2099 3375 codd.‚
2119 3350 2245 3378 quatenus
2264 3346 2381 3370 omittant
2399 3346 2477 3371 verba

1426 3386 1459 3410 de
1476 3386 1612 3411 contrario
1631 3390 1656 3410 et
1674 3386 1700 3410 in
1719 3385 1889 3412 contrarium,
1905 3387 1944 3407 est
1957 3381 2094 3406 conformis
2113 3381 2189 3405 textui
2207 3380 2359 3411 Aristotelis,
2379 3388 2425 3405 nec
2440 3382 2476 3406 di-

1426 3421 1527 3445 scordat
1545 3429 1559 3445 a
1578 3425 1696 3445 contextu
1716 3418 1879 3451 expositionis
1897 3425 1918 3441 5.
1935 3416 2060 3440 Thomae.
2073 3429 2092 3434 —
2104 3415 2183 3440 Linea
2201 3415 2319 3447 sequenti
2338 3423 2385 3448 pro
2397 3416 2476 3448 quod,

1425 3455 1448 3479 K
1466 3455 1544 3480 habet
1561 3458 1600 3485 et,
1620 3455 1728 3486 PDGpE
1747 3459 1771 3478 et
1789 3453 1830 3477 ab
1849 3452 1943 3476 habent
1960 3451 2030 3483 quia.

1478 3489 1502 3522 δ)
1526 3490 1640 3514 Ulterius
1660 3489 1695 3514 ibi
1756 3495 1793 3512 ex
1811 3487 1895 3512 dictis.
1908 3499 1927 3505 —-
1944 3485 2058 3510 Ulterius
2070 3485 2203 3510 concludit
2215 3492 2252 3509 ex
2268 3485 2346 3510 dictis
2358 3485 2415 3510 edd.
2425 3486 2476 3516 ab,

1429 3525 1543 3549 Ulterius
1562 3524 1695 3549 concludit
1712 3530 1766 3547 esse
1784 3529 1821 3547 ex
1838 3521 1915 3546 dictis
1933 3521 1978 3545 EG
1988 3528 1995 3551 ;
2019 3520 2133 3545 Ulterius
2152 3520 2285 3545 concludit
2308 3520 2476 3554 manifestum

1425 3566 1479 3584 esse
1497 3566 1535 3584 ex
1553 3559 1629 3583 dictis
1649 3562 1710 3588 cet.‚
1730 3565 1760 3581 ex
1779 3556 1872 3589 quibus
1891 3555 1969 3580 verba
1989 3555 2156 3588 manifestum
2175 3562 2236 3585 esse,
2257 3563 2323 3588 quae
2342 3556 2433 3580 desunt
2451 3556 2476 3580 in

1425 3594 1509 3623 Piana,
1529 3593 1683 3618 inseruimus
1702 3591 1786 3616 textui.

2266 3640 2294 3666 31
