2898 3996
0 631 15 640 ,1

24 646 29 658 ²
50 644 122 668 Num.
135 649 156 665 2.

123 2481 208 2504 dom.

21 2839 25 2854 ³
101 2856 154 2882 epta
171 2854 224 2877 add.

21 2910 25 2923 «¹
53 2910 90 2922 ›...
129 2907 204 2935 1‚1‘ta
216 2913 238 2929 o.

25 3206 189 3247 ⁵v,“v1.seq.

71 3419 78 3458 J·
100 3431 147 3450 om.
161 3427 195 3450 pb.

1103 288 1214 324 CAP.
1244 288 1347 334 VIII,
1379 288 1529 324 LECT.
1560 290 1595 325 X

262 368 300 405 in
319 368 465 416 quiete3
504 366 671 403 secundo
696 366 801 415 ponit
825 366 1019 414 quandam
1053 365 1318 402 consideratio-

262 432 362 467 nem,
391 432 460 468 per
487 432 603 468 quam
631 427 758 456 motus
778 431 800 455 a
820 419 942 467 quiete
972 418 1218 466 distinguitur,
1247 418 1318 454 ibi:

267 473 454 514 Quoniam
481 478 606 509 autem
635 483 745 508 omne
772 472 872 520 quod
897 477 1067 508 movetur
1088 472 1107 491 ³²
1132 478 1201 507 etc.

315 526 364 562 Et
383 525 471 574 quia
500 525 636 561 eadem
655 524 748 560 ratio
769 532 824 560 est
843 536 959 572 quare
987 536 1066 560 non
1089 523 1134 559 sit
1152 522 1320 570 primum

262 578 301 614 in
320 585 439 624 motu,
469 577 626 614 statione
647 585 682 613 et
701 577 845 625 quiete,
874 576 962 612 ideo
991 587 1036 612 ex
1063 575 1121 612 his
1143 587 1240 623 quae
1261 586 1320 610 su-

260 643 330 680 pra
359 632 379 652 *
408 630 505 667 dicta
533 637 619 666 sunt
646 630 694 666 de
721 636 830 666 motu
859 636 894 664 et
925 628 1102 674 statione,
1133 627 1321 663 concludit

261 683 364 720 idem
393 683 431 720 in
459 682 594 732 quiete.
628 682 677 718 Et
710 681 796 718 dicit
824 680 928 728 quo'd
962 692 1039 716 non
1069 687 1123 716 est
1151 679 1321 728 accipere

262 736 415 785 aliquod
441 735 608 784 primum
640 734 678 770 in
711 746 787 782 quo
814 733 1012 780 quiescens
1041 732 1235 780 quieverit.
1274 733 1322 768 Et

262 789 312 826 ad
340 790 415 826 hoc
446 787 688 837 probandum
717 785 872 822 resumit
899 785 1096 832 quoddam
1124 785 1228 833 quod
1261 797 1321 821 su-

203 869 208 874 .
261 853 330 890 pra
348 842 368 862 ²¹²
387 841 590 890 probatum
613 846 679 884 est,
706 838 844 874 scilicet
863 838 968 886 quod
989 837 1078 874 nihil
1098 838 1265 886 quiescat
1284 837 1322 874 in

263 892 475 942 impartibili
494 890 692 939 temporis;
722 898 758 927 et
777 890 932 927 resumit
960 890 1072 926 etiam
1096 891 1191 928 duas
1211 890 1320 927 ratio-

228 973 234 979 .
261 958 328 983 nes
357 945 494 993 quibus
525 945 601 980 hoc
632 955 746 991 supra
770 945 788 961 '⁵
812 943 1016 991 probatum
1047 951 1111 980 est.
1149 944 1322 989 Quarum

259 998 382 1048 prima
402 1005 467 1044 est,
489 996 595 1045 quod
613 1004 739 1032 motus
763 1006 841 1032 non
865 1003 919 1032 est
938 996 975 1032 in
994 995 1210 1032 indivisibili
1229 1003 1321 1032 tem-

258 1051 379 1100 poris:
409 1050 447 1087 in
475 1050 614 1099 eodem
634 1057 762 1085 autem
791 1056 846 1085 est
873 1048 1068 1097 quiescere
1098 1056 1133 1084 et
1156 1048 1321 1094 moveri3

261 1104 349 1152 quia
371 1115 450 1140 non
469 1102 629 1140 dicimus
649 1101 853 1150 quiescere,
884 1101 953 1137 nisi
982 1101 1135 1149 quando
1161 1101 1200 1137 id
1218 1101 1322 1148 quod

261 1165 392 1205 aptum
413 1163 544 1193 natum
565 1163 619 1192 est
633 1154 793 1201 moveri,
809 1167 887 1191 non
906 1161 1083 1190 movetur
1101 1161 1190 1190 tunc
1205 1166 1323 1202 quan-

262 1209 311 1246 do
341 1217 471 1258 aptum
500 1216 631 1245 natum
656 1215 711 1244 est
729 1207 878 1244 moveri
907 1214 942 1243 et
971 1206 1182 1243 secundum
1209 1207 1246 1243 id
1267 1219 1322 1243 se-

261 1262 430 1299 cundum
449 1261 554 1309 quod
575 1268 706 1297 natum
736 1267 790 1296 est
817 1259 976 1306 moveri,
996 1267 1087 1308 puta
1105 1259 1322 1308 qualitatem

261 1322 324 1351 aut
351 1316 500 1360 locum,
539 1321 602 1350 aut
636 1312 776 1361 aliquid
808 1312 1037 1349 huiusmodi.
1072 1313 1182 1349 Unde
1215 1312 1323 1349 relin-

261 1367 385 1416 quitur
404 1367 508 1416 quod
527 1365 616 1403 nihil
641 1365 808 1414 quiescat
835 1365 874 1402 in
894 1365 1108 1413 impartibili
1127 1365 1320 1413 temporis.

262 1420 438 1457 Secunda
457 1419 550 1456 ratio
571 1426 642 1464 est,
663 1418 751 1466 quia
769 1426 858 1455 tunc
879 1418 1038 1454 dicimus
1059 1418 1198 1466 aliquid
1218 1418 1322 1466 quie—

261 1485 376 1519 scere,
406 1472 560 1520 quando
581 1470 748 1508 similiter
766 1483 806 1507 se
825 1471 939 1507 habet
958 1483 1059 1507 nunc
1078 1471 1170 1507 sicut
1197 1471 1322 1519 prius;

261 1538 306 1562 ac
325 1526 354 1562 si
373 1538 452 1562 non
476 1524 724 1561 diiudicemus
754 1523 918 1572 quietem
943 1536 1011 1571 per
1031 1523 1184 1571 aliquod
1203 1536 1323 1560 unum

259 1585 425 1625 tantum,
455 1577 521 1614 sed
549 1589 618 1626 per
645 1576 969 1624 comparationem
999 1577 1163 1614 duorum
1193 1577 1241 1613 ad
1269 1577 1322 1613 in-

259 1631 403 1677 vicem,
434 1642 479 1666 ex
508 1642 553 1666 eo
578 1629 715 1666 scilicet
748 1629 853 1676 quod
879 1629 1046 1665 similiter
1074 1641 1113 1666 se
1142 1630 1256 1665 habet
1283 1629 1323 1666 in

261 1683 423 1720 duobus.
445 1682 522 1719 Sed
545 1682 585 1719 in
603 1681 817 1730 impartibili
846 1694 924 1718 non
948 1689 1003 1718 est
1024 1682 1192 1730 accipere
1222 1695 1322 1718 nunc

261 1743 297 1772 et
320 1736 443 1784 prius,
473 1747 597 1782 neque
625 1734 749 1783 aliqua
778 1734 875 1770 duo:
906 1746 994 1782 ergo
1022 1734 1113 1770 illud
1140 1735 1322 1783 temporis

261 1788 310 1832 in„
328 1801 404 1837 quo
434 1788 575 1837 aliquid
602 1787 769 1835 quiescit,
799 1799 877 1823 non
905 1794 959 1823 est
987 1787 1222 1835 impartibile.

315 1843 388 1878 Isto
418 1848 546 1877 autem
564 1841 741 1889 probato,
767 1839 938 1888 procedit
965 1839 1117 1876 ulterius
1145 1839 1194 1876 ad
1221 1840 1322 1888 prin-

261 1893 380 1942 cipale
408 1892 647 1941 propositum
667 1892 958 1928 ostendendum.
989 1892 1029 1929 Si
1053 1892 1154 1928 enim
1174 1892 1263 1930 illud
1283 1893 1322 1929 in

262 1958 338 1995 quo
367 1945 507 1994 aliquid
536 1945 692 1993 quiescit
727 1952 781 1981 est
807 1945 999 1994 partibile,
1037 1946 1181 1982 habens
1215 1946 1253 1982 in
1282 1959 1320 1982 se

259 1999 364 2048 prius
384 2007 420 2035 et
438 1998 640 2047 posterius,
662 1998 829 2046 sequitur
848 1998 954 2046 quod
974 1998 1019 2034 sit
1037 2006 1205 2047 tempus:
1227 1999 1322 2035 haec

262 2059 317 2088 est
339 2051 441 2088 enim
461 2051 554 2088 ratio
574 2050 767 2098 temporis.
797 2052 846 2087 Et
865 2051 895 2087 si
915 2058 969 2087 est
992 2058 1152 2099 tempus,
1175 2059 1323 2100 oportet

261 2104 367 2153 quod
399 2104 438 2140 in
467 2103 631 2152 qualibet
658 2102 822 2151 partium
850 2103 928 2140 eius
957 2103 1134 2151 quiescat.
1174 2105 1222 2140 Et
1249 2105 1323 2152 hoc

263 2156 582 2194 demonstrabitur
602 2156 740 2192 eodem
758 2156 889 2201 modo,
902 2156 996 2192 sicut
1012 2164 1048 2192 et
1063 2157 1205 2205 supra*
1215 2169 1323 2193 mon-

263 2217 420 2246 stratum
449 2216 503 2245 est
531 2209 568 2245 in
597 2216 704 2245 motu
738 2216 773 2244 et
801 2209 979 2245 statione:
1009 2209 1096 2257 quia
1128 2209 1266 2246 scilicet
1293 2209 1324 2246 si

262 2275 340 2299 non
369 2261 525 2310 quiescit
548 2261 586 2298 in
610 2261 774 2310 qualibet
802 2268 919 2309 parte,
940 2269 1004 2297 aut
1028 2273 1116 2309 ergo
1145 2261 1183 2298 in
1211 2262 1322 2308 nulla,

263 2322 326 2351 aut
353 2314 391 2351 in
418 2326 495 2350 una
522 2322 680 2351 tantum.
717 2314 756 2350 Si
783 2314 822 2350 in
849 2315 970 2360 nulla,
1009 2326 1098 2362 ergo
1133 2326 1257 2363 neque
1285 2313 1324 2351 in

261 2375 363 2404 toto:
393 2366 423 2403 si
442 2367 480 2403 in
499 2379 574 2404 una
601 2375 765 2413 tantum,
797 2379 884 2414 ergo
905 2367 942 2403 in
962 2367 1023 2403 illa
1041 2367 1165 2415 primo
1191 2375 1227 2404 et
1246 2379 1324 2404 non

261 2420 299 2457 in
331 2427 424 2457 toto.
447 2419 487 2456 Si
504 2431 598 2457 vero
622 2420 660 2456 in
689 2419 854 2467 qualibet
882 2427 987 2468 parte
1014 2420 1196 2469 temporis
1220 2421 1323 2468 quie-

262 2473 341 2519 scit,
362 2485 441 2509 non
461 2473 529 2509 erit
549 2472 688 2521 aliquid
701 2473 721 2493 *
735 2472 904 2521 accipere
933 2472 1100 2521 primum
1124 2473 1162 2509 in
1186 2473 1321 2522 quiete,

263 2525 358 2562 sicut
389 2537 513 2574 neque
541 2525 580 2562 in
612 2533 730 2562 motu.
764 2526 812 2561 Et
841 2525 952 2562 huius
986 2537 1099 2562 causa
1133 2534 1206 2572 est,
1237 2526 1324 2574 quia

262 2579 563 2626 unumquodque
597 2578 753 2626 quiescit
788 2586 823 2614 et
859 2585 1036 2614 movetur
1064 2578 1102 2615 in
1133 2586 1322 2628 tempore;

265 2631 332 2668 sed
353 2631 391 2667 in
413 2638 587 2679 ternpore
607 2643 685 2667 non
705 2638 760 2666 est
779 2630 949 2679 accipere
969 2631 1122 2679 aliquod
1142 2631 1320 2679 primum,

266 2684 359 2720 sicut
387 2695 510 2732 neque
531 2682 570 2720 in
592 2682 867 2731 magnitudine,
890 2696 1012 2732 neque
1032 2683 1070 2720 in
1089 2684 1214 2732 aliquo
1237 2697 1324 2721 con-

265 2736 382 2782 tinuo,
403 2743 557 2784 propter
583 2736 658 2772 hoc
681 2736 784 2783 quod
808 2748 924 2772 omne
953 2736 1174 2773 continuum
1201 2737 1325 2774 divisi-

265 2789 340 2825 bile
369 2795 423 2824 est
451 2788 489 2824 in
516 2788 720 2834 infinitum,
751 2795 787 2824 et
813 2789 866 2824 sic
894 2800 1045 2837 semper
1072 2797 1127 2825 est
1155 2790 1324 2838 accipere

265 2849 412 2889 partem
440 2841 626 2877 minorem
653 2848 758 2889 parte
776 2841 806 2876 ²¹³.
837 2842 884 2877 Et
903 2840 992 2877 inde
1006 2842 1048 2862 *²³²
1064 2849 1119 2878 est
1138 2843 1242 2889 quod
1262 2855 1325 2879 ne—

267 2906 340 2943 que
359 2893 398 2930 in
417 2901 536 2940 motu,
566 2905 689 2941 neque
719 2893 756 2929 in
784 2893 953 2940 statione,
984 2906 1107 2942 neque
1135 2895 1173 2931 in
1198 2895 1323 2943 quiete

267 2954 322 2983 est
349 2946 489 2994 aliquid
517 2946 695 2994 primum.

320 3011 356 3047 7.
386 2999 535 3036 Deinde
574 3011 660 3035 cum
689 2998 795 3035 dicit:
838 2999 1024 3040 Quoniam
1061 3005 1185 3036 autem
1214 3012 1324 3037 omne

267 3053 367 3099 quod
393 3058 562 3088 movetur
591 3059 680 3096 etc.,
709 3051 815 3099 ponit
835 3051 1027 3099 quandam
1058 3052 1324 3090 consideratio-

267 3116 367 3150 nem,
388 3115 456 3152 per
483 3116 600 3152 quam
621 3103 855 3151 distinguitur
882 3104 919 3141 id
949 3106 1052 3153 quod
1080 3113 1257 3142 movetur
1277 3106 1323 3142 ab

269 3168 314 3192 eo
336 3156 440 3204 quod
468 3156 635 3205 quiescit.
666 3157 714 3193 Et
741 3156 866 3205 primo
886 3157 994 3205 ponit
1023 3170 1125 3204 eam;
1155 3158 1323 3194 secundo

267 3209 413 3257 probat,
442 3208 508 3245 ibi:
543 3210 738 3251 Quiescere
765 3210 863 3245 enim
892 3215 946 3246 est
966 3212 984 3229 ὕ
1011 3218 1078 3246 etc.

322 3261 431 3298 Circa
458 3261 623 3310 primum
656 3261 859 3310 praemittit
895 3262 989 3298 duas
1026 3262 1323 3310 suppositiones:

268 3326 430 3361 quarum
447 3325 525 3350 una
543 3321 615 3360 est,
645 3314 749 3361 quod
773 3326 888 3350 omne
908 3314 1013 3362 quod
1035 3322 1223 3361 movetur,
1244 3327 1326 3351 rno-

266 3373 377 3403 vetur
395 3366 432 3402 in
451 3373 640 3414 tempore;
670 3366 836 3402 secunda
860 3373 925 3412 est,
946 3366 1051 3414 quod
1079 3379 1193 3403 omne
1223 3368 1326 3414 quod

268 3426 443 3464 mutatur,
465 3426 631 3454 mutatur
659 3430 703 3454 ex
730 3430 808 3454 uno
837 3418 998 3455 termino
1024 3418 1062 3454 in
1083 3419 1208 3455 aliurn.
1240 3420 1287 3455 Et
1308 3421 1327 3441 '¹‘

269 3483 314 3507 ex
333 3471 390 3507 his
410 3471 560 3508 duobus
579 3470 734 3512 intendit
764 3470 988 3507 concludere
1008 3470 1168 3515 tertium,
1190 3471 1328 3508 scilicet

2361 289 2436 335 309

1376 367 1479 412 quod
1499 367 1528 402 si
1548 366 1750 415 accipiatur
1778 366 1930 415 aliquod
1959 367 2098 403 mobile
2127 366 2232 415 quod
2255 366 2379 415 primo
2402 374 2437 403 et

1374 430 1443 465 per
1462 431 1501 454 se
1517 427 1728 466 moveatur,
1747 427 1781 455 et
1796 432 1874 456 non
1893 420 2017 456 solum
2037 419 2178 456 ratione
2199 431 2289 456 suae
2308 419 2434 467 partis,

1374 470 1605 518 impossibile
1629 479 1682 507 est
1706 472 1809 520 quod
1837 471 1882 508 sit
1910 472 2120 508 secundum
2150 471 2290 520 aliquid
2316 484 2436 508 unum

1375 530 1411 558 et
1430 523 1532 559 idem
1553 523 1646 559 illius
1671 524 1723 560 rei
1750 524 1789 560 in
1813 537 1888 572 qua
1908 532 1962 560 est
1980 532 2122 571 motus,
2143 525 2163 545 ³²
2190 532 2281 573 puta
2299 524 2338 560 in
2357 536 2435 560 uno

1377 583 1412 611 et
1436 575 1574 621 eodem
1602 577 1687 612 loco
1715 577 1776 613 vel
1800 576 1837 613 in
1865 589 1943 613 una
1972 585 2008 613 et
2036 577 2171 613 eadem
2193 577 2436 624 dispositione

1375 628 1568 674 albedinis,
1590 628 1627 664 in
1648 629 1774 676 aliquo
1796 637 1980 677 tempore,
2002 629 2052 665 ita
2080 629 2185 677 quod
2206 629 2436 677 accipiamus

1376 680 1414 716 in
1433 688 1604 729 tempore
1626 692 1707 717 esse
1728 682 1937 717 secundum
1967 694 2023 726 se,
2054 689 2090 717 et
2113 694 2190 718 non
2213 682 2355 719 ratione
2375 682 2438 719 ali-

1377 733 1483 769 cuius
1515 733 1620 781 quod
1648 733 1686 770 in
1713 741 1886 782 tempore
1920 734 1975 770 sit.
2015 734 2104 770 Ideo
2134 742 2261 770 autem
2291 741 2439 782 oportet

1377 787 1480 833 quod
1495 786 1698 834 accipiatur
1711 787 1853 823 mobile
1868 787 1968 834 quod
1975 787 2144 834 primum
2159 792 2340 832 movetur,
2350 786 2438 834 quia

1377 838 1467 875 nihil
1494 839 1669 886 prohibet
1701 839 1840 887 aliquid
1865 839 2012 876 moveri
2032 839 2242 876 secundum
2270 847 2436 888 partem,

1378 900 1413 927 et
1441 899 1570 927 tamen
1597 891 1723 940 ipsum
1742 899 1871 928 manet
1888 904 1957 939 per
1975 899 2098 928 totum
2126 899 2277 939 tempus
2301 892 2339 928 in
2357 904 2436 928 uno

1378 951 1414 980 et
1443 944 1581 980 eodem
1613 945 1715 991 1000,
1745 944 1839 981 sicut
1872 957 1960 981 cum
1989 945 2106 981 homo
2136 944 2272 981 sedens
2306 952 2438 981 movet

1376 997 1528 1044 pedem.
1566 997 1656 1033 Ideo
1686 1005 1812 1033 autem
1845 997 1965 1033 dicit*÷
1983 1009 2027 1033 cx
2046 1005 2152 1045 parte
2175 997 2370 1045 temporis,
2398 997 2435 1033 in

1377 1060 1450 1096 quo
1470 1055 1634 1096 tempore
1648 1054 1663 1075 ⁷
1682 1055 1853 1085 movetur
1870 1050 2073 1086 secundum
2092 1062 2142 1094 se,
2159 1055 2194 1085 et
2211 1062 2284 1086 non
2305 1061 2378 1098 quo
2399 1050 2435 1086 in

1378 1101 1474 1137 illius
1501 1101 1648 1148 aliquo:
1678 1101 1765 1149 quia
1793 1102 1943 1149 aliquid,
1975 1102 2067 1138 dum
2096 1110 2283 1148 movetur,
2313 1109 2437 1150 potest

1379 1153 1452 1189 dici
1489 1153 1594 1200 quod
1623 1161 1678 1189 est
1705 1154 1744 1190 in
1772 1154 1897 1202 aliquo
1931 1167 2008 1190 uno
2044 1163 2078 1190 et
2107 1156 2246 1191 eodem
2280 1155 2364 1190 loco
2398 1154 2437 1191 in

1377 1206 1440 1242 tali
1469 1206 1550 1251 die;
1590 1206 1657 1242 sed
1690 1207 1765 1242 11οο
1798 1207 1930 1244 dicitur
1966 1207 2053 1255 quia
2086 1207 2152 1243 fuit
2185 1208 2222 1243 in
2257 1207 2317 1243 1110
2351 1208 2436 1243 1000

1378 1271 1456 1295 11011
1476 1259 1513 1295 111
1534 1266 1613 1295 toto
1634 1258 1705 1305 die,
1727 1259 1792 1294 sed
1812 1259 1850 1295 in
1870 1259 1996 1307 aliquo
2018 1272 2117 1295 nunc
2138 1260 2232 1296 illius
2253 1259 2337 1296 diei.

1433 1313 1467 1348 8.
1498 1311 1643 1348 Deinde
1673 1324 1760 1348 cum
1790 1311 1896 1348 dicit:
1935 1312 2131 1353 Quiescere
2150 1313 2246 1348 enim
2276 1318 2329 1348 est
2356 1319 2437 1360 etc.,

1376 1365 1513 1412 probat
1539 1364 1790 1413 propositum.
1821 1365 1870 1400 Et
1890 1364 1977 1400 dicit
2002 1364 2106 1413 quod
2126 1365 2157 1400 si·
2175 1365 2213 1401 id
2233 1365 2337 1412 quod
2356 1377 2438 1401 mu-

1378 1425 1486 1464 tatur,
1509 1417 1553 1454 sit
1572 1429 1640 1465 per
1658 1425 1780 1454 totum
1809 1417 1962 1465 aliquod
1986 1425 2137 1465 tempus
2158 1417 2195 1454 in
2215 1418 2341 1466 aliquo
2361 1430 2438 1454 uno

1378 1478 1414 1506 et
1443 1471 1592 1516 eodem,
1621 1477 1713 1518 puta
1732 1470 1770 1506 in
1789 1482 1867 1506 uno
1888 1471 1985 1516 1000,
2017 1470 2183 1518 sequitur
2202 1471 2307 1518 quod
2335 1470 2438 1518 quie-

1378 1531 1471 1569 scat;
1492 1530 1646 1571 propter
1664 1523 1739 1559 hoc
1758 1523 1862 1570 quod
1882 1523 1920 1559 in
1940 1523 2110 1571 quodam
2131 1530 2302 1571 ternpore
2329 1531 2383 1559 est
2402 1523 2440 1559 in

1376 1588 1454 1612 uno
1471 1584 1507 1612 et
1522 1576 1659 1612 eodem
1674 1576 1758 1611 loco
1782 1583 1816 1612 et
1831 1576 1956 1624 ipsum
1978 1583 2014 1612 et
2029 1575 2217 1624 quaelibet
2234 1588 2320 1624 pars
2341 1576 2439 1623 eius,

1378 1637 1414 1665 et
1433 1629 1508 1665 iam
1528 1641 1641 1677 supra
1655 1629 1674 1649 ²*
1691 1628 1831 1664 dictum
1860 1636 1915 1665 est
1943 1628 2048 1677 quod
2073 1629 2146 1665 hoc
2167 1636 2221 1665 est
2240 1629 2439 1677 quiescere,

1379 1694 1466 1719 cum
1493 1693 1628 1717 verum
1657 1681 1702 1717 sit
1731 1681 1854 1718 dicere
1884 1682 1930 1718 de
1965 1681 2090 1729 aliquo
2119 1681 2223 1729 quod
2251 1682 2376 1729 ipsum
2406 1688 2441 1717 et

1376 1742 1501 1782 partes
1523 1734 1601 1770 eius
1621 1742 1707 1770 sunt
1722 1734 1759 1770 in
1779 1746 1856 1770 uno
1877 1742 1913 1770 et
1932 1734 2070 1770 eodem
2089 1733 2127 1770 in
2148 1734 2305 1771 diversis
2325 1746 2438 1770 nunc.

1379 1787 1418 1822 Si
1439 1799 1527 1834 ergo
1547 1787 1641 1822 haec
1662 1793 1715 1822 est
1735 1787 1904 1823 definitio
1925 1786 2005 1822 eius
2025 1787 2129 1834 quod
2153 1794 2208 1823 est
2227 1787 2439 1834 quiescere,

1379 1847 1413 1875 et
1442 1851 1519 1875 non
1549 1839 1726 1886 contingit
1760 1839 1899 1888 aliquid
1933 1839 2040 1875 simul
2071 1839 2263 1887 quiescere
2298 1847 2334 1875 et
2359 1851 2440 1875 mo-

1376 1892 1478 1938 veri;
1508 1891 1675 1940 sequitur
1702 1892 1805 1940 quod
1834 1904 1912 1928 non
1946 1892 2135 1939 contingat
2163 1892 2201 1928 id
2229 1891 2333 1941 quod
2360 1904 2442 1928 mo-

1377 1953 1487 1981 vetur
1517 1957 1598 1981 esse
1625 1952 1748 1981 totum
1777 1945 1979 1981 secundum
2009 1945 2164 1992 aliquid,
2195 1945 2290 1982 idest
2319 1944 2356 1981 in
2377 1944 2440 1981 ali-

1378 2010 1467 2046 quo,
1479 2005 1570 2046 puta
1585 1997 1623 2034 in
1637 2010 1714 2033 uno
1732 2005 1766 2034 et
1783 1998 1919 2034 eodem
1938 1998 2034 2044 loco,
2055 1998 2257 2034 secundum
2272 1998 2440 2045 primum

1377 2056 1531 2098 tempus,
1557 2050 1650 2087 idest
1667 2052 1686 2071 '²‘
1706 2050 1917 2087 secundum
1947 2050 2102 2098 aliquod
2130 2058 2252 2087 totum
2279 2058 2439 2098 tempus,

1380 2111 1414 2140 et
1434 2116 1512 2140 non
1540 2111 1685 2140 tantum
1714 2104 1924 2140 secundum
1953 2104 2092 2152 aliquid
2121 2103 2212 2139 eius.

1390 2199 1396 2201 „
1431 2157 1480 2192 Et
1513 2169 1630 2205 quare
1662 2157 1736 2192 hoc
1774 2164 1953 2204 sequatur
1985 2156 2158 2193 ostendit.
2195 2156 2295 2202 Quia
2326 2167 2440 2192 omne

1378 2216 1527 2257 tempus
1556 2216 1611 2245 est
1635 2209 1818 2246 divisibile
1847 2209 1885 2245 in
1914 2209 2081 2246 diversas
2109 2217 2251 2258 partes,
2282 2220 2442 2256 quarum

1377 2273 1455 2298 una
1484 2269 1539 2297 est
1564 2261 1668 2310 prior
1696 2263 1829 2298 altera:
1859 2262 1961 2298 unde
1990 2262 2020 2298 si
2046 2275 2116 2310 per
2142 2270 2263 2298 totum
2290 2270 2442 2310 tempus

1378 2313 1424 2350 sit
1444 2314 1483 2350 in
1502 2314 1629 2363 aliquo
1657 2327 1747 2360 uno,
1769 2326 1904 2351 verum
1934 2314 2001 2351 erit
2021 2315 2143 2351 dicere
2173 2314 2277 2363 quod
2305 2314 2344 2350 in
2372 2313 2442 2350 alia

1379 2374 1415 2403 et
1434 2366 1472 2403 in
1492 2366 1512 2386 *
1533 2367 1607 2411 alia
1622 2375 1727 2415 parte
1747 2367 1927 2415 temporis
1955 2367 2079 2416 ipsum
2098 2367 2238 2403 mobile
2260 2375 2296 2403 et
2317 2374 2442 2415 partes

1379 2419 1458 2456 eius
1488 2419 1560 2456 sint
1587 2420 1622 2456 in
1652 2432 1729 2456 uno
1760 2428 1796 2456 et
1824 2420 1976 2466 eodem,
2005 2428 2096 2468 puta
2123 2421 2225 2464 loco;
2255 2420 2360 2468 quod
2389 2426 2443 2455 est

1379 2473 1583 2520 quiescere.
1614 2472 1714 2519 Quia
1734 2473 1763 2509 si
1784 2472 1927 2510 dicatur
1945 2473 2050 2521 quod
2078 2485 2156 2509 non
2186 2480 2239 2509 est
2263 2473 2300 2509 in
2321 2472 2442 2509 diver-

1379 2526 1428 2561 sis
1460 2525 1628 2573 partibus
1656 2525 1836 2574 temporis
1864 2525 1902 2562 in
1930 2538 2008 2562 uno
2039 2533 2074 2562 et
2103 2525 2257 2571 eodem,
2287 2525 2354 2562 sed
2382 2537 2441 2561 so-

1379 2579 1457 2614 lum
1487 2578 1524 2614 in
1552 2590 1630 2614 uno
1661 2586 1695 2614 et
1717 2578 1855 2615 eodem
1885 2586 1939 2614 est
1966 2591 2034 2626 per
2052 2590 2171 2614 unum
2188 2580 2206 2597 ⁹⁵
2223 2590 2335 2625 1111110,
2364 2590 2442 2614 11011

1380 2630 1546 2678 sequitur
1574 2632 1678 2679 quod
1711 2631 1756 2667 sit
1787 2639 1935 2679 tempus
1970 2631 2007 2667 in
2041 2643 2118 2679 quo
2154 2639 2207 2667 est
2239 2631 2441 2667 secundum

1379 2684 1530 2731 aliquid,
1556 2683 1651 2720 idest
1678 2683 1715 2720 in
1744 2683 1868 2732 aliquo
1897 2696 1975 2720 uno
2006 2691 2041 2720 et
2070 2684 2221 2730 eodem,
2254 2684 2319 2720 sed
2340 2683 2443 2731 quod

1380 2737 1424 2773 sit
1445 2736 1483 2773 in
1502 2749 1579 2773 uno
1600 2744 1635 2773 et
1655 2736 1792 2773 eodem
1810 2737 2012 2773 secundum
2038 2737 2236 2773 terminum
2257 2736 2442 2784 temporis,

1381 2789 1474 2826 idest
1503 2789 1714 2826 secundum
1743 2801 1855 2826 nunc.

1434 2841 1539 2878 Licet
1567 2849 1695 2878 autem
1724 2854 1768 2878 ex
1796 2843 1871 2878 1100
1898 2842 2003 2891 quod
2038 2849 2093 2878 est
2126 2841 2276 2889 aliquid·
2295 2853 2376 2878 esse
2405 2841 2444 2877 in

1379 2901 1552 2943 tempore
1581 2895 1619 2931 in
1646 2907 1724 2931 uno
1746 2902 1782 2931 et
1810 2894 1966 2941 eodem,
2001 2902 2179 2944 sequatur
2208 2894 2312 2943 quod
2340 2894 2443 2942 quie-

1380 2954 1474 2995 scat,
1503 2948 1577 2984 hoc
1596 2955 1724 2984 tamen
1753 2959 1831 2984 non
1860 2948 2028 2996 sequitur
2056 2948 2103 2984 de
2128 2959 2246 2993 nunc,
2280 2947 2311 2983 si
2330 2947 2375 2983 sit
2393 2946 2444 2983 ibi

1379 3000 1417 3036 in
1435 3013 1514 3036 uno
1543 3001 1625 3037 solo
1645 3013 1757 3037 1111110.
1789 3000 1888 3047 Quia
1918 3013 2031 3037 omne
2062 3000 2166 3049 quod
2195 3007 2383 3045 movetur,
2406 2999 2444 3036 in

1380 3053 1548 3101 quolibet
1576 3065 1678 3089 nunc
1705 3053 1886 3101 temporis
1915 3053 1953 3090 in
1978 3066 2054 3102 quo
2083 3061 2271 3099 movetur,
2293 3064 2445 3101 semper

1380 3113 1435 3142 est
1449 3106 1468 3127 '¹‘
1485 3118 1652 3151 manens,
1673 3106 1768 3142 idest
1792 3106 1964 3153 existens,
1985 3106 2196 3142 secundum
2225 3105 2364 3153 aliquid
2390 3105 2442 3141 rei

1380 3158 1417 3195 in
1437 3171 1512 3206 qua
1533 3166 1588 3195 est
1606 3166 1743 3205 motUS,
1764 3166 1855 3207 puta
1879 3159 2088 3195 secundum
2118 3159 2244 3194 locum
2267 3165 2331 3193 aut
2350 3169 2440 3205 qua-

1378 3211 1519 3247 litatem
1541 3218 1605 3247 aut
1624 3211 1887 3260 quantitatem:
1913 3224 1990 3247 non
2009 3219 2137 3247 tamen
2165 3209 2331 3257 quiescit,
2354 3209 2441 3257 quia

1379 3264 1455 3300 iam
1485 3271 1678 3300 ostensum
1699 3264 1788 3300 est*
1805 3263 1908 3312 quod
1933 3275 2056 3311 neque
2091 3263 2283 3311 quiescere
2316 3274 2440 3310 neque

1380 3316 1528 3352 moveri
1558 3316 1735 3363 contingit
1771 3316 1809 3352 in
1843 3316 1925 3363 ipso
1960 3327 2070 3351 nune.
2111 3315 2186 3351 Sed
2214 3326 2351 3350 verum
2387 3321 2441 3351 est

1381 3368 1506 3404 dicere
1526 3370 1630 3417 quod
1649 3369 1687 3404 in
1707 3368 1790 3416 ipso
1820 3380 1919 3404 nunc
1940 3367 2078 3414 aliquid
2099 3379 2177 3403 non
2196 3374 2384 3413 movetur,
2406 3375 2441 3404 et

1381 3421 1486 3468 quod
1505 3421 1542 3456 in
1567 3421 1650 3469 ipso
1679 3433 1779 3456 nunc
1808 3427 1862 3456 est
1889 3419 2035 3466 alicubi,
2060 3420 2123 3455 vel
2146 3419 2348 3456 secundum
2373 3420 2440 3456 ali-

1383 3473 1480 3519 quid,
1503 3474 1523 3499 ,ss
1544 3474 1656 3509 etiarn
1686 3472 1776 3509 illud
1804 3472 1908 3520 quod
1937 3479 2125 3508 movetur.

321 3575 347 3608 γ)
367 3575 393 3599 in
413 3582 464 3607 quo
483 3578 608 3607 tempore.
623 3589 640 3593 -
655 3574 680 3599 in
701 3582 753 3599 uno
769 3577 886 3606 tempore
906 3575 967 3604 Pab,
982 3579 1070 3599 contra
1084 3575 1157 3599 codd.
1173 3580 1201 3599 er
1215 3580 1322 3600 textum.
1335 3580 1483 3602 —movetur
1497 3585 1549 3602 om.
1560 3577 1704 3609 EHOZpG.
1715 3583 1792 3608 -quo
1805 3576 1830 3600 in
1846 3576 1915 3601 illius
1929 3576 2018 3608 aliquo
2031 3577 2205 3610 corrumpitur
2220 3577 2394 3602 diversimode
2413 3577 2439 3602 in

268 3610 516 3642 BDEORpFCsCG.

2464 538 2472 546 ·
2488 538 2513 557 ut
2526 536 2579 558 add.
2594 537 2645 558 rab.

2464 1016 2472 1024 “
2488 1014 2549 1035 dixit
2562 1015 2612 1036 rab.

2534 1068 2551 1093 γ

2468 1646 2477 1654 ‘
2490 1644 2680 1671 Num.6;lcct.v,

2468 1676 2532 1692 num.
2541 1678 2562 1698 9.

2469 2059 2477 2068 ’
2494 2057 2583 2079 scilicet
2596 2064 2630 2079 pn.

2470 2379 2479 2387 ·
2494 2377 2517 2398 in
2533 2383 2580 2398 om.
2590 2383 2680 2399 Βεοκιο

2470 2410 2504 2430 sx,
2513 2406 2536 2424 et
2543 2404 2566 2425 in
2575 2404 2624 2425 alia
2633 2410 2681 2426 om.

2471 2436 2539 2457 anr.

2470 2589 2479 2599 '¹
2494 2588 2554 2610 idem
2568 2593 2604 2609 to.

2470 3113 2479 3123 ⁹
2495 3115 2532 3134 est
2544 3118 2592 3134 om.
2607 3120 2628 3135 ι’.

2469 3270 2478 3279 ”
2489 3269 2551 3291 Lect.
2558 3275 2579 3296 v,
2588 3269 2680 3298 nn.8,9.

2467 3480 2477 3490 *
2492 3479 2528 3500 vel
2538 3478 2590 3501 add.
2601 3480 2652 3502 rab.
