2950 4004
238 1032 246 1041 ·
261 1030 332 1052 Num.
342 1035 362 1056 3.

237 1131 248 1141 ⁸
263 1130 332 1151 Num.
343 1136 365 1156 4.

240 2040 249 2048 '
260 2044 305 2065 per
319 2043 355 2059 εο.

247 2831 255 2837 ·
270 2835 309 2851 seu
324 2829 390 2851 codd.
407 2835 455 2850 exc.

247 2862 277 2877 ικ.

247 3041 255 3048 ·
265 3039 408 3087 bsuppom'tur
419 3046 459 3061 pus

247 3072 262 3086 α
280 3082 284 3087 .

250 3254 260 3264 ’
276 3256 350 3274 tamen
366 3260 419 3281 zpn,
437 3260 459 3274 e<

251 3280 297 3300 nim
312 3280 347 3301 cd.
359 3286 373 3301 a
385 3284 405 3301 ct
416 3284 458 3301 cet.

252 3312 299 3327 cxc.
315 3312 336 3327 o.

478 248 526 294 98

476 325 506 352 in
527 324 560 352 iis
582 333 654 361 quae
679 323 750 351 fiunt
776 329 893 359 propter
921 321 1017 355 finem,
1047 321 1171 348 eundern
1199 319 1332 347 ordinem
1362 325 1439 346 tenet
1459 318 1532 354 finis,

477 373 563 400 quem
584 370 661 391 tenet
681 362 851 399 principium
867 361 895 388 in
911 359 1156 394 demonstrativis,
1178 359 1284 386 scilicet
1305 358 1391 386 etiam
1406 358 1470 385 finis
1492 364 1534 386 est

476 403 656 439 principium.
672 403 703 429 In
724 400 953 429 demonstrativis
967 406 1063 427 autem
1084 398 1180 435 posito
1194 397 1346 434 principio,
1368 397 1486 433 ponitur
1500 406 1534 425 ex

476 442 642 470 necessitate
663 450 680 468 a
697 441 795 478 priori
822 438 977 472 conclusio,
1000 445 1027 466 et
1047 444 1151 474 negata
1178 436 1384 471 conclusione,
1414 443 1534 473 negatur

476 481 657 517 principium;
679 487 707 508 at
728 480 757 507 in
779 479 822 506 his
852 487 925 515 quae
950 478 1020 505 fiunt
1041 483 1158 513 propter
1172 476 1280 512 aliquid
1301 484 1317 503 e
1341 484 1481 504 converso
1503 485 1533 503 se

477 521 570 555 habet,
593 528 696 555 nempe
717 519 740 546 si
762 518 826 546 finis
841 524 883 546 est
903 523 952 545 aut
967 516 1027 551 erit,
1044 525 1159 544 necesse
1181 522 1222 543 est
1244 524 1306 543 esse
1321 524 1355 543 ea
1370 524 1444 552 quae
1466 521 1533 543 sunt

476 566 542 587 ante
564 559 663 589 finem:
686 558 708 585 si
730 567 797 585 vero
819 557 847 584 id
869 557 948 593 quod
969 562 1011 583 est
1031 556 1068 583 ad
1090 555 1176 582 finem
1198 563 1259 582 non
1281 561 1332 588 est,
1354 563 1448 591 neque
1469 554 1533 582 finis

476 599 537 626 erit.
560 615 578 619 -
599 599 625 625 6.
648 597 782 625 Similite'r
803 603 830 624 et
851 596 949 632 quoad
969 594 1143 631 principium
1173 593 1349 622 necessitatis
1377 594 1535 622 concordat

507 738 514 745 .
695 713 912 754 ,lostquam
951 703 1204 752 Philosophus
1240 703 1401 740 ostendit
1429 704 1534 751 quod

595 764 627 808 lt}
693 758 869 795 &natura
897 756 1143 804 agitpropter
1165 756 1296 802 finem,
1317 755 1378 792 hic
1400 767 1533 804 proce-

677 851 683 858 ,
711 811 791 859 dit
809 810 858 847 ad
876 807 1144 857 inquirendum
1165 808 1212 845 de
1232 809 1400 845 secunda
1419 820 1533 856 quae-

632 859 634 863 ’
674 858 720 892 ‘'f‘
739 863 870 909 stione,
891 861 1029 898 scilicet
1043 860 1241 908 quomodo
1262 861 1464 897 necessitas
1479 861 1534 897 in-

740 917 852 952 rebus
889 913 1130 951 naturalibus.
1161 914 1210 950 Et
1238 913 1336 950 cii-ca
1363 914 1438 950 hoc
1465 913 1533 950 tria

475 971 580 1008 facit:
609 969 733 1018 primo
762 974 893 1004 movet
921 966 1204 1014 quaestionem;
1230 966 1398 1004 secundo
1428 967 1534 1015 ponit

476 1023 636 1060 aliorum
652 1021 883 1070 opinionem,
904 1018 971 1055 ibi:
991 1019 1108 1056 Nunc
1126 1019 1278 1067 quidam
1294 1019 1392 1056 enim
1409 1019 1428 1040 ⁵⁸
1450 1027 1532 1066 etc.;

475 1076 580 1112 tertio
609 1074 832 1111 determinat
866 1071 1082 1119 veritatem,
1111 1071 1178 1109 ibi:
1206 1072 1280 1108 Sed
1305 1077 1428 1109 tamen
1458 1085 1531 1109 non

474 1129 552 1165 sine
579 1128 634 1163 his
656 1127 675 1148 '¹‘
703 1133 770 1162 etc.
1059 1131 1065 1135 ⁴

529 1193 563 1218 2.
586 1178 741 1226 Quaerit
769 1190 857 1225 ergo
877 1177 1003 1226 primo
1031 1184 1159 1213 utrum
1187 1176 1227 1213 in
1246 1177 1359 1213 rebus
1383 1184 1531 1214 natura-

474 1234 570 1270 libus
599 1232 644 1268 sit
671 1230 927 1268 necessarium
955 1229 1179 1278 simpliciter,
1215 1229 1311 1266 idest
1339 1230 1531 1277 absolute,

475 1294 538 1323 aut
564 1284 820 1322 necessarium
849 1295 898 1319 ex
926 1283 1151 1330 conditione,
1177 1282 1266 1319 sive
1288 1293 1333 1320 ex
1360 1283 1532 1331 supposi—

474 1339 587 1376 tione.
616 1338 676 1374 Ad
706 1337 810 1373 cuius
839 1335 1067 1373 evidentiam
1102 1334 1299 1372 sciendum
1329 1342 1401 1382 est,
1427 1336 1533 1383 quod

475 1391 677 1428 necessitas
707 1402 804 1438 quae
825 1389 1014 1437 dependet
1042 1400 1087 1424 ex
1108 1388 1230 1424 causis
1257 1387 1457 1436 prioribus,
1480 1396 1534 1424 est

475 1444 676 1481 necessitas
705 1442 886 1488 absoluta,
908 1448 949 1477 ut
975 1447 1078 1490 patet
1106 1453 1150 1477 ex
1187 1440 1399 1477 necessario
1429 1441 1532 1488 quod

476 1497 663 1546 dependet
686 1508 731 1531 ex
760 1494 926 1531 materia.
947 1494 1099 1530 Animal
1120 1492 1221 1529 enim
1243 1505 1323 1529 esse
1352 1493 1534 1542 corrupti-

476 1551 560 1596 bile,
584 1556 637 1585 est
664 1547 917 1585 necessarium
947 1547 1134 1584 absolute:
1161 1545 1404 1595 consequitur
1432 1546 1533 1583 enim

476 1603 523 1640 ad
542 1604 615 1638 hoc
635 1601 738 1649 quod
760 1608 814 1636 est
829 1600 980 1647 animal,
1002 1611 1090 1641 esse,
1103 1598 1359 1647 compositum
1380 1611 1424 1636 ex
1446 1611 1534 1636 con-

475 1655 605 1692 trariis.
638 1653 814 1690 Similiter
847 1653 959 1689 etiam
994 1652 1097 1702 quod
1131 1652 1246 1688 habet
1273 1652 1534 1690 necessitatem

478 1721 521 1745 ex
550 1720 663 1744 causa
691 1706 849 1752 formali,
871 1713 925 1742 est
945 1704 1198 1742 necessarium
1223 1705 1416 1751 absolute3
1441 1706 1536 1742 sicut

476 1761 672 1798 hominem
693 1772 774 1796 esse
803 1757 1037 1805 rationalem,
1059 1765 1122 1794 aut
1139 1757 1366 1805 triangulum
1394 1759 1535 1795 habere

476 1823 549 1851 tres
578 1813 734 1860 angulos
763 1812 939 1860 aequales
969 1811 1119 1851 duobus
1148 1810 1267 1857 rectis,
1293 1811 1397 1858 quod
1426 1812 1534 1848 redu-

478 1867 571 1904 citur
598 1866 636 1902 in
665 1864 924 1902 definitionem
953 1863 1134 1911 trianguli.
1161 1864 1209 1900 Et
1237 1863 1403 1900 similiter
1432 1864 1535 1912 quod

478 1920 591 1956 habet
606 1918 866 1955 necessitatem
887 1930 932 1954 ex
947 1929 1061 1953 causa
1082 1916 1278 1961 efficiente,
1296 1924 1351 1953 est
1365 1929 1535 1954 necessa-

478 1973 574 2009 rium
595 1972 783 2015 absolute3
806 1970 899 2007 sicut
918 1970 1175 2006 necessarium
1197 1976 1251 2005 est
1271 1981 1351 2006 esse
1376 1971 1535 2007 alterna-

478 2026 619 2062 tionem
644 2023 763 2060 noctis
780 2030 815 2059 et
830 2023 902 2060 diei
917 2030 1072 2072 propter
1091 2022 1111 2043 *
1127 2029 1276 2058 motum
1297 2021 1396 2059 solis.
1420 2023 1536 2069 Quod

478 2086 605 2115 autem
633 2077 747 2113 habet
770 2076 1031 2113 necessitatem
1061 2075 1108 2112 ab
1130 2087 1175 2112 eo
1205 2074 1310 2123 quod
1330 2082 1384 2111 est
1410 2083 1535 2124 poste-

478 2132 553 2168 rius
581 2131 619 2167 in
649 2142 741 2176 esse,
768 2137 822 2166 est
849 2129 1105 2166 necessarium
1134 2140 1179 2165 ex
1208 2128 1444 2175 conditione,
1474 2130 1535 2165 vel

479 2183 757 2232 suppositione3
776 2190 818 2219 ut
844 2190 934 2231 puta
963 2181 993 2218 si
1021 2181 1175 2227 dicatur,
1197 2193 1351 2218 necesse
1374 2189 1436 2218 est
1462 2182 1536 2218 hoc

479 2249 561 2273 esse
589 2236 619 2272 si
647 2237 721 2272 hoc
749 2235 883 2272 debeat
910 2234 1012 2271 fieri:
1033 2242 1069 2271 et
1096 2234 1315 2271 huiusmodi
1334 2234 1537 2271 necessitas

481 2298 535 2326 est
564 2302 607 2325 ex
635 2290 724 2335 fine,
746 2296 781 2324 et
809 2301 854 2324 ex
883 2288 1005 2324 forma
1034 2287 1258 2335 inquantum
1280 2294 1334 2323 est
1361 2287 1447 2323 finis
1475 2299 1537 2335 ge-

480 2341 693 2379 nerationis.
716 2341 909 2387 Quaerere
938 2341 1202 2388 igiturutrum
1221 2339 1261 2376 in
1289 2340 1402 2376 rebus
1430 2348 1536 2376 natu-

481 2395 621 2432 ralibus
649 2395 694 2430 sit
723 2393 977 2430 necessarium
1006 2393 1224 2441 simpliciter
1243 2400 1308 2429 aut
1327 2404 1372 2428 ex
1398 2405 1538 2440 suppo-

481 2448 632 2494 sitione,
660 2446 750 2483 nihil
779 2446 879 2482 aliud
908 2454 962 2483 est
990 2458 1107 2493 quam
1136 2450 1316 2493 quaerere
1345 2452 1471 2481 utrum
1500 2444 1538 2480 in

481 2502 592 2537 rebus
622 2499 851 2536 naturalibus
884 2498 1086 2535 necessitas
1123 2497 1334 2535 inveniatur
1362 2507 1407 2533 ex
1435 2497 1537 2544 fine,

481 2561 544 2590 aut
573 2565 617 2589 ex
645 2552 812 2589 materia.

536 2607 569 2642 3.
591 2605 738 2646 Deinde
769 2597 991 2653 cumJ'dicit:
1016 2603 1133 2640 Nunc
1151 2602 1302 2650 quidam
1331 2601 1429 2638 enim
1450 2607 1538 2647 etc.,

482 2659 587 2707 ponit
615 2645 776 2695 aliorum
806 2656 1038 2706 opinionem.
1061 2656 1110 2691 Et
1138 2654 1224 2691 dicit
1252 2653 1355 2700 quod
1383 2653 1539 2701 quidam

484 2712 685 2760 opinantur
713 2711 816 2758 quod
845 2707 1034 2756 generatio
1055 2719 1180 2743 rerum
1209 2705 1435 2742 naturalium
1454 2718 1541 2754 pro-

482 2764 609 2801 veniat
637 2775 681 2799 ex
706 2761 924 2798 necessitate
954 2759 1124 2796 absoluta
1156 2757 1352 2804 materiae3
1383 2766 1424 2795 ut
1451 2766 1541 2807 puta

485 2817 514 2853 si
543 2815 674 2864 aliquis
704 2815 842 2851 diceret
869 2813 972 2862 quod
991 2811 1113 2860 paries
1142 2820 1206 2848 aut
1225 2812 1245 2833 Ψ
1265 2811 1403 2847 domus
1422 2811 1542 2847 taliter

485 2869 529 2905 sit
558 2881 602 2905 ex
630 2867 849 2904 necessitate
878 2864 1068 2911 materiae,
1099 2877 1144 2901 eo
1174 2863 1277 2912 quod
1300 2864 1428 2911 gravia
1456 2871 1542 2901 nata

486 2928 571 2958 sunt
599 2921 777 2957 deorsum
806 2918 907 2964 ferri,
937 2917 1035 2954 levia
1066 2929 1158 2954 vero
1188 2916 1485 2965 supereminere:
1509 2924 1543 2953 et

485 2981 639 3023 propter
653 2973 727 3009 hoc
746 2971 887 3020 lapides
902 2982 1035 3018 graves
1051 2977 1087 3007 et
1102 2969 1183 3007 duri
1200 2976 1395 3006 remanent
1409 2969 1446 3005 in
1461 2969 1542 3006 fun-

488 3027 679 3071 damento,
699 3033 795 3062 terra
814 3036 906 3061 vero
932 3022 1116 3071 lapidibus
1146 3022 1410 3071 superponitur
1429 3023 1449 3043 *
1464 3030 1542 3058 tan-

487 3091 602 3128 quam
640 3078 780 3124 levior,
809 3085 850 3114 ut
882 3083 983 3125 patet
1017 3074 1054 3112 in
1092 3075 1295 3124 parietibus
1324 3075 1544 3111 constructis

488 3145 532 3169 ex
565 3132 752 3176 lateribus,
786 3130 850 3178 qui
888 3141 934 3165 ex
970 3136 1066 3166 terra
1100 3127 1369 3173 conficiuntur3
1404 3128 1470 3164 sed
1507 3127 1545 3165 in

488 3197 640 3222 summo
677 3190 869 3232 ponuntur
899 3181 1014 3229 ligna,
1053 3181 1190 3217 scilicet
1222 3180 1260 3217 i‘n
1294 3188 1412 3227 tecte,
1447 3193 1544 3228 quae

488 3246 573 3275 sunt
600 3237 765 3274 maxime
794 3235 902 3272 levia.
944 3235 997 3271 Ita
1017 3234 1128 3271 etiam
1159 3234 1178 3255 ²⁸
1204 3233 1465 3270 existimabant
1491 3233 1544 3270 di-

488 3290 712 3340 spositiones
736 3300 862 3326 rerum
883 3287 1108 3324 naturalium
1136 3286 1358 3335 provenisse
1386 3286 1476 3323 tales
1501 3298 1545 3323 ex

489 3343 704 3380 necessitate
725 3341 915 3386 materiae;
936 3348 977 3377 ut
991 3347 1081 3389 puta
1096 3339 1125 3376 si
1142 3339 1285 3376 dicatur
1304 3338 1406 3388 quod
1426 3340 1543 3375 homo

490 3396 602 3432 habet
630 3395 745 3443 pedes
783 3394 933 3431 inferius
958 3401 993 3430 et
1029 3405 1165 3430 manus
1191 3391 1362 3441 superius
1390 3399 1546 3441 propter

491 3447 708 3496 gravitatem
738 3455 800 3483 aut
827 3447 1015 3493 levitatem
1045 3447 1263 3483 humorum.

596 744 633 763 “f'-

544 3512 579 3546 4.
601 3500 746 3536 Deinde
776 3512 862 3536 cum
898 3499 1000 3536 dicit:
1031 3500 1104 3536 Sed
1130 3505 1253 3536 tamen
1283 3510 1355 3535 non
1384 3498 1463 3534 sine
1490 3498 1545 3534 his

493 3552 638 3600 quidem
668 3560 748 3599 etc.,
779 3552 1000 3589 determinat
1034 3552 1243 3589 veritatem.
1270 3552 1318 3589 Et
1347 3550 1443 3588 circa
1471 3550 1544 3588 hoc

1110 242 1454 279 PHYSICORUM
1481 242 1830 286 ARISTOTELIS
1860 243 1953 280 LIB.
1985 245 2016 280 II

1588 319 1741 347 necessitas
1762 319 1898 348 naturalis
1919 320 2110 357 generationis
2132 329 2197 349 cum
2219 322 2386 351 necessitate
2410 323 2650 352 demonstrativa-

1588 368 1653 386 rum
1668 358 1866 387 scientiarum:
1883 360 1951 396 quia
1965 359 2037 388 sicut
2051 360 2081 388 in
2096 361 2326 390 demonstrativis
2340 362 2512 399 principium
2527 364 2649 392 demon-

1589 397 1734 426 strationis
1757 405 1799 426 est
1819 399 1958 434 definitio,
1980 399 2019 428 ita
2040 399 2113 435 finis,
2137 400 2186 436 qui
2207 407 2249 428 est
2269 401 2342 429 ratio
2363 401 2539 431 necessitatis
2553 402 2583 431 in
2604 403 2648 431 his

1580 442 1663 473 ‘quae
1685 437 1757 465 fiunt
1778 439 1938 466 secundum
1959 445 2100 474 naturam,
2124 445 2166 467 est
2186 440 2335 476 quoddam
2356 441 2529 478 principium
2550 451 2649 479 sump-

1587 482 1650 504 tum
1671 485 1688 504 a
1710 477 1821 505 ratione
1838 486 1889 506 seu
1903 477 2080 507 definitione.
2096 478 2175 506 Sicut
2188 485 2285 507 autem
2306 479 2336 507 in
2353 481 2584 510 demonstrativis
2598 482 2652 510 de!

1588 515 1697 551 finitio,
1719 525 1793 552 quae
1815 517 1922 554 colligit
1943 517 1977 545 in·
1989 527 2019 546 se
2041 517 2213 554 principium
2240 525 2268 546 et
2288 519 2504 548 conclusionem
2525 527 2568 548 est
2587 527 2649 554 tota

1588 555 1806 591 demonstratio,
1826 555 1864 584 ita
1878 557 2006 585 definitio
2022 557 2158 594 colligens
2177 558 2263 586 finem
2279 564 2306 586 et
2320 558 2443 586 formam
2458 565 2486 587 et
2499 559 2648 588 materiam

1588 595 1807 630 comprehendit
1826 601 1922 624 totum
1942 605 2111 633 processum
2131 597 2323 634 generationis
2344 598 2489 626 naturalis.

1589 704 1666 741 duo
1695 704 1797 742 facit:
1825 705 1955 753 primo
1983 706 2147 743 ostendit
2180 707 2338 756 qualiter
2365 707 2411 744 sit
2447 707 2649 746 necessitas

1589 756 1626 793 in
1655 758 1767 794 rebus
1795 751 2041 804 naturalibus;
2072 760 2238 796 secundo
2277 759 2456 797 assimilat
2487 760 2649 798 necessi-

1588 817 1704 847 tatem
1733 822 1860 847 rerum
1898 811 2124 848 naturalium
2161 812 2372 849 necessitati
2399 825 2497 861 quae
2526 821 2582 850 est
2608 813 2648 850 in

1589 861 1751 899 scientiis
1789 863 2112 910 demonstrativis,
2142 863 2212 901 ibi:
2236 865 2306 901 Est
2330 871 2454 902 autem
2483 877 2649 903 necessa-

1579 915 1687 952 -rium
1705 915 1724 936 '¹²
1753 923 1821 953 etc.
1851 916 1951 953 Dicit
1971 928 2059 964 ergo
2082 916 2208 965 primo
2225 918 2339 965 quod,
2361 917 2446 954 licet
2467 918 2648 956 inconve-

1589 967 1696 1004 niens
1710 967 1884 1005 videatur
1903 968 2026 1005 dicere
2046 969 2149 1018 quod
2164 969 2203 1006 in
2223 970 2336 1006 rebus
2355 971 2586 1008 naturalibus
2601 971 2647 1008 sit

1587 1020 1669 1056 talis
1684 1020 1879 1069 dispositio
1898 1029 2055 1070 propter
2065 1021 2330 1059 'necessitatem
2350 1023 2542 1070 materiae,
2554 1023 2649 1061 sicut

1589 1080 1624 1109 et
1653 1081 1809 1121 apparet
1835 1074 1910 1110 hoc
1938 1086 2021 1110 esse
2049 1074 2320 1110 inconveniens
2340 1074 2378 1110 in
2397 1075 2509 1112 rebus
2536 1075 2648 1113 artifi-

1589 1125 1756 1172 cialibus,
1778 1125 1826 1163 de
1845 1126 1982 1174 quibus
2012 1127 2230 1175 exemplum
2248 1127 2416 1175 positum
2438 1134 2493 1164 est
2508 1129 2543 1174 *3
2569 1139 2646 1165 non

1587 1185 1717 1215 tamen
1738 1179 1757 1200 *
1778 1186 1833 1215 est
1851 1178 1933 1215 talis
1953 1179 2148 1227 dispositio
2168 1179 2264 1215 facta
2283 1179 2321 1216 in
2340 1179 2454 1216 rebus
2474 1180 2647 1217 naturali-

1588 1231 1659 1267 bus
1688 1238 1724 1267 et
1751 1231 2022 1279 artificialibus,
2052 1231 2132 1268 sine
2163 1230 2356 1281 principiis
2393 1231 2648 1270 materialibus

1588 1283 1814 1320 habentibus
1843 1283 2091 1332 aptitudinem
2119 1283 2169 1320 ad
2197 1284 2310 1322 talem
2339 1284 2646 1334 dispositionem:

1588 1348 1666 1372 non
1695 1335 1798 1372 enim
1827 1336 1965 1373 domus
1994 1336 2266 1373 convenienter
2293 1345 2480 1375 constaret
2506 1339 2547 1385 ⁸⁸,
2578 1338 2649 1375 nisi

1588 1388 1763 1435 graviora
1786 1388 1823 1425 in
1843 1388 2091 1426 fundamento
2110 1397 2352 1438 ponerentur,
2375 1397 2410 1426 et
2427 1390 2570 1428 leviora
2589 1403 2648 1428 su-

1587 1441 1726 1489 perius.
1757 1441 1848 1478 Non
1877 1449 2006 1478 tamen
2044 1441 2248 1479 dicendum
2277 1450 2332 1479 est
2359 1443 2464 1492 quod
2496 1451 2651 1492 propter

1589 1494 1664 1530 hoc
1682 1494 1701 1515 ’¹‘
1721 1493 1860 1531 domus
1879 1493 1932 1531 sic
1952 1494 1998 1531 sit
2021 1494 2201 1543 disposita
2220 1494 2324 1544 quod
2351 1507 2428 1532 una
2454 1508 2542 1544 pars
2570 1507 2650 1534 eius
2677 1500 2688 1512 ·

1590 1546 1635 1583 sit
1653 1546 1806 1583 inferius
1827 1554 1862 1583 et
1881 1546 1952 1584 alia
1971 1546 2154 1595 superius,
2164 1553 2322 1596 propter
2338 1549 2420 1594 hoc,
2436 1548 2475 1585 id
2491 1555 2546 1585 est
2561 1561 2667 1598 pro--

1588 1606 1672 1647 pter
1689 1599 1912 1646 gravitatem
1926 1607 1991 1636 aut
2003 1599 2195 1644 levitatem
2214 1601 2453 1648 quarundam
2471 1601 2649 1650 partium;

1589 1652 1659 1688 nisi
1679 1652 1891 1689 secundum
1920 1653 2024 1700 quod
2051 1653 2146 1689 haec
2172 1653 2402 1701 praepositio
2416 1659 2572 1702 propter
2597 1654 2650 1692 di-

1590 1705 1638 1741 cit
1658 1717 1811 1741 causam
1831 1704 2078 1752 materialem,
2101 1717 2197 1754 quae
2216 1703 2559 1755 propte-r'formam
2579 1714 2648 1744 est:

1590 1757 1657 1794 sed
1679 1757 1971 1807 partes-domus
2000 1757 2053 1794 sic
2080 1765 2166 1794 sunt
2194 1757 2396 1806 dispositae
2423 1764 2579 1808 propter
2605 1759 2649 1796 fi-

2676 928 2685 937 ·
2700 927 2771 950 Num.
2781 934 2830 956 neq.

2675 1143 2686 1154 ⁸
2699 1141 2771 1164 Num.
2783 1147 2860 1171 praec.

2675 1187 2687 1199 ⁸
2700 1187 2760 1208 enim
2778 1193 2888 1214 ιοωτνι

2674 1219 2713 1241 τρι
2722 1216 2744 1235 et
2750 1218 2774 1235 a.
2781 1224 2792 1230 -
2797 1215 2834 1235 eet
2839 1219 2888 1236 om.

2674 1245 2799 1268 Ακοτπρῖ.

2675 1343 2686 1355 ⁸
2700 1345 2776 1366 araret
2787 1349 2869 1366 ma.

1590 1823 1691 1857 nem,
1722 1810 1786 1858 qui
1806 1818 1861 1847 est
1881 1810 2075 1859 cooperire
2096 1818 2132 1847 et
2151 1811 2297 1847 salvare
2325 1811 2500 1848 homines
2522 1824 2544 1849 a
2563 1823 2649 1848 cau·
2670 1831 2674 1834 ·

1590 1871 1692 1900 mate
1722 1864 1741 1884 ²¹⁸
1771 1871 1806 1899 et
1832 1862 1980 1911 pluviis.
2011 1864 2059 1900 Et
2087 1863 2193 1900 sicuti
2222 1871 2276 1900 est
2302 1863 2342 1900 in
2358 1863 2501 1913 -dom'o,
2521 1864 2649 1902 simili-

1590 1924 1646 1952 ter
1674 1923 1729 1952 est
1755 1916 1794 1952 in
1828 1916 2006 1952 omnibus
2034 1915 2125 1963 aliis,
2159 1915 2197 1953 in
2225 1915 2527 1965 quibuscumque
2561 1929 2649 1954 con-

1590 1968 1694 2016 tingit
1714 1981 1824 2016 agere
1848 1976 2002 2017 propter
2021 1968 2181 2017 aliquid:
2202 1968 2240 2005 in
2261 1969 2439 2007 omnibus
2460 1970 2560 2007 enirn
2578 1970 2648 2006 hu-

1590 2021 1754 2058 iusmodi
1782 2034 1861 2058 non
1895 2029 2178 2069 consequuntur
2205 2021 2648 2071 dispositiones'genera-

1590 2083 1716 2111 torum
1741 2082 1804 2111 aut
1827 2074 2011 2111 factorum
2036 2073 2116 2110 sine
2135 2073 2326 2123 principiis
2345 2075 2648 2125 materialibusff,

1591 2140 1688 2175 quae
1713 2128 1854 2164 habent
1878 2126 2130 2163 necessariam
2159 2127 2358 2164 materiam
2385 2127 2416 2174 ³⁸,
2437 2139 2505 2176 per
2532 2138 2650 2176 quam

1591 2188 1677 2229 apta
1705 2187 1791 2217 nata
1811 2187 1896 2216 sunt
1919 2179 1972 2216 sic
1992 2178 2150 2228 disponi.
2181 2179 2273 2216 Non
2292 2183 2420 2217 tamen
2448 2192 2508 2217 res
2531 2181 2650 2217 factae

1591 2241 1656 2270 aut
1683 2240 1880 2280 generatae
1909 2232 1962 2268 sic
1982 2232 2232 2280 disponuntur
2257 2230 2412 2282 propter
2438 2233 2524 2280 hoc,
2545 2233 2650 2282 quod

1590 2286 1773 2335 principia
1797 2283 2003 2321 materialia
2022 2285 2043 2306 '¹‘
2063 2292 2149 2321 sunt
2175 2284 2272 2332 talia,
2298 2285 2368 2322 nisi
2396 2285 2491 2322 sicut
2508 2287 2547 2334 ly
2557 2297 2650 2334 pro-

1585 2344 1671 2387 pter
1698 2337 1784 2375 dicit
1813 2349 1967 2373 causam
1990 2337 2242 2388 materialem;
2267 2337 2334 2374 sed
2363 2337 2416 2385 sic
2444 2338 2650 2386 disponun-

1592 2399 1651 2427 tur
1678 2397 1832 2439 propter
1856 2389 2020 2436 aliquem
2039 2389 2170 2435 finem,
2192 2396 2228 2425 et
2245 2389 2427 2438 principia
2445 2389 2651 2427 materialia

1592 2450 1822 2491 quaeruntur
1884 2448 1926 2477 ut
1951 2441 2022 2477 sint
2049 2448 2135 2490 apta
2153 2441 2240 2478 huic
2269 2441 2513 2490 dispositioni,
2533 2454 2650 2491 quarn

1593 2495 1746 2544 requirit
1775 2495 1794 2515 *
1813 2493 1910 2541 finis,
1939 2501 1980 2530 ut
1999 2501 2101 2542 patet
2128 2493 2166 2530 in
2189 2505 2301 2530 serra.
2331 2495 2399 2531 Est
2419 2494 2521 2531 enirn
2549 2507 2652 2532 serra

1591 2547 1822 2592 huiusmodi,
1860 2546 1956 2583 idest
1987 2546 2068 2583 talis
2101 2545 2354 2595 dispositionis
2392 2555 2456 2584 aut
2483 2547 2649 2584 formae:

1594 2612 1710 2648 quare
1730 2607 1879 2648 oportet
1897 2598 2002 2647 quod
2021 2598 2066 2635 sit
2088 2599 2182 2645 talis,
2203 2599 2298 2636 idest
2315 2607 2357 2636 ut
2374 2601 2512 2636 habeat
2537 2601 2651 2637 talem

1594 2652 1809 2689 materiam:
1831 2659 1867 2688 et
1886 2659 1941 2688 est
1967 2652 2190 2697 huiusmodi,
2210 2651 2305 2689 idest
2331 2652 2413 2689 talis
2438 2653 2651 2700 dispositio—

1594 2706 1651 2742 nis
1670 2712 1734 2741 aut
1752 2705 1908 2752 formae,
1923 2710 2079 2752 propter
2097 2706 2178 2750 hoc,
2198 2704 2294 2742 idest
2311 2713 2464 2754 propter
2487 2705 2652 2754 aliquem

1594 2759 1723 2795 finem.
1742 2758 1819 2794 Sed
1834 2765 1961 2793 tamen
1980 2757 2047 2793 iste
2067 2755 2164 2803 finis,
2181 2757 2245 2805 qui
2266 2766 2320 2794 est
2334 2757 2462 2806 sectio,
2473 2770 2552 2795 non
2564 2771 2654 2808 pos-

1596 2819 1651 2847 set
1677 2810 1880 2859 provenire
1909 2809 1979 2846 nisi
2017 2818 2113 2847 esset
2142 2811 2281 2847 ferrea:
2315 2811 2570 2848 necessarium
2599 2819 2655 2848 est

1597 2876 1685 2911 ergo
1706 2875 1848 2900 serram
1878 2875 1959 2899 esse
1983 2863 2156 2910 ferream,
2178 2862 2207 2900 si
2228 2863 2363 2900 debeat
2382 2875 2464 2900 esse
2483 2875 2595 2910 serra,
2618 2871 2654 2900 et

1597 2917 1627 2953 si
1647 2916 1783 2953 debeat
1804 2928 1886 2952 esse
1912 2916 1991 2952 eius
2011 2915 2107 2962 finis,
2129 2917 2232 2965 quod
2252 2923 2307 2953 est
2326 2928 2423 2964 opus
2442 2915 2569 2964 ipsius.
2591 2916 2653 2953 Sic

1597 2969 1705 3017 igitur
1733 2976 1835 3016 patet
1854 2969 1958 3015 quod
1985 2967 2024 3005 in
2042 2968 2154 3005 rebus
2183 2969 2413 3006 naturalibus
2442 2976 2497 3005 est
2525 2981 2652 3006 neces-

1598 3021 1737 3058 sarium
1759 3033 1803 3057 ex
1822 3020 2092 3069 suppositione,
2113 3020 2207 3058 sicut
2232 3029 2268 3058 et
2286 3021 2324 3058 in
2342 3021 2455 3058 rebus
2484 3021 2653 3058 artificia-

1598 3074 1714 3111 libus:
1740 3074 1807 3110 sed
1827 3085 1904 3110 non
1924 3073 1973 3110 ita
1991 3073 2095 3122 quod
2123 3073 2161 3110 id
2180 3074 2285 3123 quod
2305 3081 2360 3111 est
2384 3074 2652 3122 necessarium,

1599 3127 1643 3163 sit
1663 3127 1756 3163 sicut
1774 3126 1875 3172 finis;
1897 3125 1984 3174 quia
2004 3125 2041 3163 id
2061 3126 2165 3174 quod
2184 3126 2436 3164 necessarium
2457 3135 2524 3174 est,
2544 3126 2653 3176 poni-

1599 3188 1658 3216 tur
1686 3191 1731 3216 ex
1750 3187 1855 3228 parte
1884 3179 2083 3225 materiae;
2113 3179 2180 3216 sed
2201 3192 2245 3216 ex
2264 3187 2368 3228 parte
2388 3179 2474 3217 finis
2502 3179 2654 3228 ponitur

1601 3232 1693 3270 ratio
1714 3231 1941 3269 necessitatis
1958 3233 1989 3268 *.
2006 3233 2096 3269 Non
2112 3232 2214 3269 enirn
2230 3232 2390 3269 dicimus
2405 3233 2511 3282 quod
2525 3245 2652 3270 neces-

1600 3285 1740 3322 sarium
1769 3285 1815 3322 sit
1843 3297 1924 3321 esse
1951 3285 2065 3322 talem
2093 3285 2232 3335 finem,
2266 3285 2354 3334 quia
2387 3285 2543 3323 materia
2570 3285 2653 3322 talis

1600 3346 1675 3384 est;
1705 3338 1771 3375 sed
1799 3337 1924 3386 potius
1955 3350 1975 3374 e
2002 3349 2209 3386 converso,
2239 3338 2326 3387 quia
2355 3338 2440 3376 finis
2469 3345 2504 3376 et
2530 3338 2653 3375 forma

1599 3391 1678 3428 talis
1699 3391 1820 3428 futura
1840 3398 1904 3434 est,
1934 3403 2088 3428 necesse
2117 3399 2172 3428 est
2200 3391 2396 3428 materiam
2425 3392 2538 3428 talem
2558 3401 2651 3427 esse.

1599 3445 1647 3481 Et
1675 3444 1726 3481 sic
1754 3444 1955 3480 necessitas
1983 3443 2135 3492 ponitur
2162 3444 2211 3481 ad
2234 3444 2444 3491 materiam,
2473 3443 2539 3481 sed
2559 3442 2652 3479 ratio

1599 3497 1827 3534 necessitatis
1855 3497 1903 3533 ad
1932 3497 2060 3533 finem.

1655 3551 1686 3587 5.
1704 3549 1850 3587 Deinde
1867 3561 1954 3586 curn
1970 3548 2072 3586 dicit:
2087 3549 2156 3585 Est
2167 3554 2291 3585 autem
2307 3547 2553 3585 necessarium
2570 3555 2652 3595 etc.,

2654 1878 2661 1887 .-
2677 1868 2686 1876 ·
2699 1867 2762 1889 idest
2773 1873 2790 1889 a
2803 1866 2889 1889 caeldi-

2675 1895 2725 1916 tate
2737 1893 2790 1916 add.
2804 1899 2826 1916 re.

2675 2077 2687 2090 ⁸
2701 2068 2848 2100 naturalibus
2864 2082 2888 2099 Αι

2675 2103 2826 2130 κοατνκταὸ.

2675 2135 2687 2147 ¹·
2703 2137 2813 2157 naturam
2829 2139 2890 2156 nm

2675 2159 2835 2183 ummah.

2676 2297 2688 2309 ⁸
2702 2296 2824 2319 naturalia
2836 2302 2876 2319 nv.

2677 2449 2688 2459 '¹
2696 2449 2847 2477 requiruntur
2851 2453 2888 2470 m.

2677 2506 2689 2517 ⁶
2703 2505 2839 2534 requirincr.
2854 2511 2876 2527 1>-

2678 3241 2690 3252 ⁸
2707 3239 2805 3268 ponitur
2826 3239 2892 3262 rano
2927 3213 2939 3243 ’ὃ

2679 3266 2825 3288 necessitato
2843 3271 2892 3288 om.

2679 3297 2817 3320 uxorvxpo.

2932 1851 2950 2389 -.QAQQt-{ffffl—ndz-—mssw
2948 1822 2950 1832 a
2943 1793 2950 1811 J.
2948 1778 2950 1785 .
2947 1753 2950 1769 ..
