2898 3996
178 511 188 520 '
205 510 308 532 existens
318 516 371 531 scm.

181 619 191 629 ¹⁵
207 620 281 640 motus
295 625 316 640 P.

311 835 340 849 ae
358 829 392 870 r1'3
420 829 484 858 aut
502 821 739 859 sanationem
760 822 779 842 ‘⁸

172 1619 182 1630 “
195 1618 339 1648 ,εἰνηρῐῐεὴεν
348 1624 388 1639 co-

218 1651 242 1665 es
252 1650 300 1665 exc.
316 1650 389 1672 1³0sz

174 2472 186 2482 ⁸
221 2470 379 2497 infirmitatem

176 2497 246 2519 codd.
258 2503 307 2519 exc.
322 2503 365 2519 mx

420 271 494 308 238

420 349 513 386 dum
541 356 788 397 augmentum
818 357 854 386 et
881 349 1186 387 diminutionem.
1221 350 1297 388 Sed
1323 351 1398 387 hoc
1427 357 1482 387 est

419 402 671 451 impossibile,
711 402 799 450 quia
832 402 990 439 mutatio
1029 414 1107 439 non
1141 410 1197 439 est
1233 403 1282 440 de
1317 415 1479 440 numero

420 454 688 501 subiectorum,
719 467 807 490 cum
826 467 905 491 non
925 454 971 491 sit
989 454 1197 492 substantia
1215 466 1284 503 per
1301 467 1341 492 se
1361 455 1481 493 subsi—

420 514 521 544 stens
540 508 571 543 *2
601 508 692 544 Non
714 518 802 554 ergo
821 514 946 555 potest
973 519 1056 544 esse
1085 507 1242 544 mutatio
1262 508 1480 545 mutationis

419 567 460 596 ut
479 559 646 596 subiecti.

478 624 535 648 11.
565 612 651 648 Alio
670 611 790 648 modo
818 619 944 659 potest
963 611 1113 660 intelligi
1140 619 1182 654 ut
1210 612 1255 649 sit
1282 613 1439 650 mutatio
1460 614 1480 634 *

420 664 638 701 mutationis
668 669 709 700 ut
733 664 901 710 termini,
940 664 991 701 ita
1023 664 1161 701 scilicet
1194 665 1299 714 quod
1327 666 1480 714 aliquod

420 717 633 754 subiectum
653 723 855 754 moveatur
883 729 929 754 ex
955 729 1034 754 una
1061 718 1185 766 specie
1205 718 1422 755 mutationis
1442 718 1480 755 in

420 770 588 816 alteram,
609 769 704 806 sicut
723 781 766 806 ex
798 769 1039 806 calefactione
1064 770 1102 807 in
1130 770 1446 817 infrigidationem
1468 769 1482 792 δ

805 829 846 858 ut
866 823 963 860 duae
983 822 1213 860 mutationes
1233 823 1482 871 intelligantur

420 875 496 911 duo
525 875 674 911 termini
701 874 813 912 unius
841 875 1071 922 mutationis,
1101 875 1195 912 sicut
1223 875 1416 923 aegritudo
1446 883 1482 913 et

419 927 558 965 sanitas
577 927 829 974 intelliguntur
856 928 933 964 duo
954 928 1104 965 termini
1132 928 1361 976 mutationis,
1391 941 1481 967 cum

418 981 537 1017 homo
566 987 733 1017 mutatur
761 993 783 1017 a
811 981 967 1017 sanitate
1004 981 1043 1017 in
1080 981 1363 1028 aegritudinem.
1403 982 1480 1030 Sed

419 1045 497 1070 non
514 1032 758 1081 estpossibile
768 1033 873 1081 quod
889 1033 1042 1082 aliquod
1057 1034 1269 1071 subiectum
1280 1042 1482 1072 moveatur

417 1098 486 1134 per
513 1098 552 1122 se
582 1086 628 1122 de
658 1087 867 1123 mutatione
896 1086 934 1123 in
962 1087 1230 1133 mutationem,
1260 1087 1327 1125 sed
1356 1088 1478 1125 solum

417 1151 486 1187 per
505 1138 691 1176 accidens.
722 1139 770 1175 Et
798 1140 903 1188 quod
930 1139 1005 1176 hoc
1033 1151 1111 1176 non
1140 1139 1186 1176 sit
1211 1140 1389 1188 possibile
1413 1152 1482 1188 per

418 1204 474 1238 se,
503 1191 640 1239 probat
668 1191 875 1239 dupliciter.
906 1192 1036 1228 Primo
1065 1192 1221 1241 quidem
1249 1193 1313 1230 sic.
1344 1193 1481 1230 Omnis

419 1243 520 1280 enim
550 1251 678 1280 motus
708 1252 763 1281 est
790 1244 949 1281 mutatio
978 1245 1026 1281 ab
1047 1257 1125 1281 una
1153 1245 1278 1294 specie
1307 1245 1481 1282 determi-

417 1303 505 1333 nata
523 1296 561 1332 in
581 1294 693 1333 aliam
722 1297 889 1346 speciem
918 1297 1218 1334 determinatam.
1249 1299 1297 1334 Et
1315 1298 1483 1335 similiter

417 1349 608 1397 generatio
629 1356 666 1386 et
685 1349 886 1398 corruptio,
907 1362 1006 1398 quae
1031 1349 1327 1387 condividuntur
1348 1350 1480 1397 motui,

416 1402 559 1439 habent
579 1402 848 1439 determinatos
871 1402 1075 1439 terminos:
1106 1402 1173 1439 sed
1198 1410 1253 1439 est
1272 1403 1482 1440 differentia

417 1455 604 1492 intantum
623 1455 727 1502 quod
747 1455 939 1503 generatio
969 1463 1004 1491 et
1028 1455 1218 1503 corruptio
1247 1463 1334 1492 sunt
1352 1455 1391 1492 in
1409 1463 1479 1492 ter-

418 1507 567 1545 minum
596 1508 815 1556 oppositum
843 1508 916 1553 sic,
946 1507 1042 1544 idest
1063 1507 1275 1544 secundum
1296 1508 1481 1545 contradi-

418 1560 603 1605 ctionem3
634 1561 700 1597 sed
730 1568 856 1597 motus
885 1567 940 1596 est
963 1559 1001 1596 in
1024 1560 1230 1597 terminum
1260 1561 1480 1609 oppositum

417 1625 491 1650 non
520 1612 688 1649 similiter
717 1615 748 1658 ⁹⁵,
770 1613 836 1650 sed
866 1612 1077 1649 secundum
1107 1613 1419 1651 contrarietatem.
1442 1614 1482 1651 Si

416 1666 525 1713 igitur
552 1665 706 1712 aliquod
740 1665 951 1702 subiectum
985 1673 1151 1702 mutetur
1188 1665 1234 1703 de
1273 1666 1480 1703 mutatione

416 1719 454 1755 in
482 1718 744 1764 mutationem,
775 1726 865 1767 puta
899 1718 945 1755 de
975 1719 1230 1766 aegrotatione
1263 1718 1301 1755 in
1331 1719 1481 1756 dealba-

415 1771 571 1817 tionem,
595 1771 706 1808 simul
727 1771 819 1808 dum
839 1778 1005 1808 mutatur
1024 1771 1236 1808 subiectum
1258 1772 1305 1808 de
1324 1772 1480 1809 sanitate

416 1824 456 1861 in
483 1823 776 1872 aegritudinem,
806 1823 1013 1861 mutabitur
1042 1824 1154 1861 etiam
1185 1837 1230 1861 ex
1257 1825 1328 1861 hac
1357 1833 1479 1862 muta-

415 1877 518 1914 tione
547 1877 586 1914 in
614 1877 738 1914 aliam.
769 1878 873 1914 Dum
903 1876 1005 1913 enim
1034 1877 1247 1914 subiectum
1276 1877 1401 1914 adhuc
1425 1886 1480 1915 est

414 1930 552 1979 partim
581 1930 619 1967 in
642 1930 805 1967 termino
825 1942 847 1966 a
875 1941 965 1978 qUO,
986 1937 1164 1967 movetur
1181 1935 1193 1950 ¹
1211 1930 1250 1966 in
1274 1931 1478 1967 terminum

417 1983 466 2020 ad
485 1995 613 2031 quem,
643 1983 738 2020 sicut
766 1983 859 2020 dum
888 1982 1019 2030 aliquis
1047 1982 1188 2031 aliquid
1216 1983 1330 2020 habet
1354 1983 1401 2020 de
1421 1995 1478 2020 sa-

416 2036 542 2082 nitate,
563 2043 741 2073 movetur
768 2036 818 2072 ad
844 2035 1129 2082 aegritudinem.
1156 2035 1196 2072 Si
1215 2035 1324 2083 igitur
1351 2043 1479 2073 motus

417 2089 464 2125 de
493 2089 648 2125 sanitate
684 2088 722 2125 in
755 2087 1028 2136 aegritudinem
1063 2088 1109 2125 sit
1140 2089 1323 2126 terminus
1351 2101 1373 2125 a
1401 2101 1478 2138 quo

416 2141 571 2178 alicuius
599 2148 745 2188 motus,
781 2141 874 2178 dum
907 2140 1031 2177 adhuc
1060 2141 1169 2178 durat
1202 2141 1270 2178 ista
1298 2142 1477 2189 mutatio,

417 2206 492 2243 qua
520 2194 658 2231 scilicet
686 2193 819 2242 aliquis
847 2201 1013 2230 mutatur
1041 2194 1088 2230 de
1116 2194 1272 2230 sanitate
1300 2194 1338 2230 in
1362 2194 1479 2242 aegri-

415 2247 599 2294 tudinem,
630 2247 741 2284 simul
769 2246 975 2283 mutabitur
1003 2246 1215 2283 subiectum
1237 2247 1283 2284 de
1303 2247 1375 2283 hac
1394 2259 1478 2283 mu-

413 2299 556 2336 tatione
585 2300 622 2336 in
651 2299 775 2345 aliam,
805 2311 903 2347 quae
933 2299 1100 2336 succedit
1127 2299 1166 2336 in
1194 2299 1362 2336 subiecto
1390 2301 1479 2337 huic

416 2352 626 2390 mutationi.
663 2352 908 2389 Manifestum
942 2359 997 2389 est
1029 2360 1157 2388 autem
1191 2353 1295 2401 quod
1323 2353 1478 2401 quando

414 2405 539 2465 pri-ma
566 2405 725 2442 mutatio
753 2404 862 2442 fuerit
888 2405 1099 2464 terminata,
1129 2405 1268 2442 scilicet
1293 2418 1381 2442 cum
1401 2406 1478 2443 iam

415 2459 499 2507 quis
534 2470 579 2495 ex
607 2458 763 2495 sanitate
791 2465 957 2495 mutatus
987 2465 1042 2495 est
1069 2458 1108 2495 in
1143 2458 1415 2506 aegritudinem
1445 2460 1476 2506 ³²,

414 2511 551 2560 poterit
580 2511 757 2560 deinceps
786 2513 988 2548 succedere
1019 2511 1088 2548 sibi
1117 2523 1382 2570 quaecumque
1407 2512 1478 2549 alia

416 2564 586 2601 mutatio.
617 2564 700 2600 Nec
720 2565 795 2600 hoc
815 2570 869 2599 est
897 2564 1059 2609 mirum;
1090 2563 1178 2612 quia
1207 2564 1388 2611 contingit
1405 2571 1476 2601 ter-

416 2617 558 2654 minata
586 2617 708 2675 prima
736 2616 956 2664 mutatione,
987 2617 1200 2654 subiectum
1229 2616 1422 2664 quiescere
1443 2625 1479 2654 et

416 2670 519 2706 nulla
547 2669 756 2706 mutatione
790 2670 949 2715 mutari;
984 2677 1020 2706 et
1048 2669 1184 2706 eadem
1217 2668 1359 2705 ratione
1389 2682 1478 2706 con-

414 2723 521 2770 tingit
554 2723 657 2771 quod
685 2730 851 2760 mutetur
877 2722 949 2759 alia
986 2733 1228 2770 quacumque
1257 2722 1476 2759 mutatione.

418 2775 457 2811 Si
484 2775 594 2823 igitur
622 2781 677 2811 est
706 2775 837 2823 aliquis
870 2781 997 2811 motus
1033 2774 1079 2810 de
1112 2774 1234 2822 prima
1269 2775 1478 2812 mutatione

415 2828 454 2864 in
481 2829 690 2865 secundam
718 2827 984 2873 mutationem,
1014 2838 1112 2875 quae
1145 2827 1310 2864 succedit
1328 2827 1368 2864 in
1391 2828 1477 2864 sub-

416 2880 534 2928 iecto,
567 2887 747 2928 sequetur
780 2880 884 2928 quod
921 2887 1048 2916 motus
1081 2879 1126 2916 sit
1160 2879 1207 2916 de
1239 2880 1363 2928 prima
1394 2893 1478 2917 mu-

416 2933 556 2970 tatione
585 2933 622 2969 in
651 2944 935 2982 quamcumque
964 2932 1077 2968 aliam
1105 2932 1403 2970 indeterminate.
1429 2934 1478 2970 Et

416 2986 491 3022 hoc
507 2993 563 3022 est
577 2992 708 3022 contra
727 2985 912 3022 rationem
933 2992 1059 3021 motus
1078 2997 1147 3033 per
1166 2997 1222 3021 se:
1243 2985 1331 3033 quia
1352 2986 1477 3023 omnis

416 3044 544 3074 motus
573 3045 627 3074 est
655 3038 703 3074 de
732 3037 979 3074 determinato
1008 3037 1055 3074 ad
1086 3037 1376 3075 determinatum
1405 3046 1476 3075 ter-

416 3091 581 3127 minum:
603 3102 681 3127 non
701 3091 801 3127 enim
823 3102 959 3138 corpus
979 3098 1156 3127 movetur
1173 3103 1242 3139 per
1261 3103 1301 3127 se
1321 3091 1368 3128 de
1388 3091 1475 3127 albo

415 3143 453 3180 in
473 3143 757 3192 quodcumque,
774 3143 841 3180 sed
859 3142 898 3180 in
917 3143 1066 3190 nigrum
1086 3150 1150 3180 aut
1169 3143 1351 3180 medium.
1368 3145 1476 3180 Patet

416 3208 505 3243 ergo
525 3196 630 3244 quod
659 3196 757 3233 duae
785 3195 1012 3233 mutationes
1041 3208 1119 3233 non
1147 3203 1235 3233 sunt
1257 3209 1326 3245 per
1345 3209 1384 3233 se
1403 3204 1475 3233 ter-

415 3249 508 3286 mini
536 3249 754 3286 mutationis
783 3248 948 3286 alicuius.

474 3313 530 3338 12.
553 3302 731 3339 Secundo
761 3309 888 3339 autem
907 3301 1043 3351 probat
1067 3301 1168 3338 idem
1195 3313 1264 3350 per
1284 3301 1397 3338 aliam
1418 3313 1474 3339 ra-

414 3354 569 3391 tionem.
592 3354 692 3402 Quia
711 3354 741 3392 si
770 3354 928 3391 mutatio
953 3353 1142 3403 quaedam
1174 3366 1243 3403 per
1270 3366 1309 3391 se
1343 3362 1399 3391 est
1426 3354 1474 3391 de

415 3407 623 3443 mutatione
642 3408 893 3456 praecedente
913 3407 951 3444 in
970 3406 1221 3444 mutationem
1241 3407 1474 3456 subsequen-

467 3519 494 3553 δ)
512 3527 548 3544 ex
565 3521 736 3554 calefactione
755 3522 780 3546 in
801 3521 1068 3555 infrigidationemn—
1049 3522 1174 3553 -PZsG3
1194 3528 1231 3547 ex
1246 3521 1427 3555 frigidarione
1446 3522 1472 3546 in

414 3554 611 3587 caIefactionem
630 3557 659 3586 L,
679 3564 716 3581 ex
733 3557 904 3598 calefactione
923 3557 948 3582 in
960 3557 1168 3590 frigidarionem
1187 3556 1244 3582 edd.
1262 3556 1318 3585 alm·
1337 3561 1384 3582 cet.
1399 3556 1472 3582 codd.

415 3594 500 3614 utrum
521 3590 605 3622 legant
624 3598 683 3615 cum
701 3591 755 3620 ab,
775 3600 806 3616 an
825 3592 943 3617 omittant
962 3593 1112 3625 particulam
1131 3592 1172 3622 in,
1188 3599 1240 3617 non
1260 3592 1349 3624 liquet

1052 271 1398 310 PHYSICORUM
1424 273 1771 310 ARISTOTELIS
1801 274 1894 310 LIB.
1923 274 1959 310 V

1534 358 1632 398 tem,
1661 363 1739 388 non
1777 358 1925 400 oportet
1961 352 2066 400 quod
2099 365 2251 402 semper
2287 354 2333 391 sit
2368 355 2526 393 mutatio
2554 356 2594 394 in

1535 403 1784 440 mutationem
1812 404 2104 454 contingentem,
2132 405 2228 444 idest
2257 407 2276 428 ’¹‘
2304 419 2420 455 quam
2449 408 2596 446 contin-

1534 463 1595 503 gat
1614 456 1725 493 simul
1747 468 1828 493 esse
1857 469 1945 494 cum
1969 457 2178 495 mutatione
2197 459 2469 507 praecedente.
2499 461 2594 498 sicut

1536 508 1722 546 dealbatio
1742 509 1853 546 simul
1872 517 1997 558 potest
2025 522 2106 547 esse
2127 523 2214 548 curn
2238 513 2504 560 aegrotatione,
2525 514 2593 551 sed

1534 561 1678 598 sanatio
1707 573 1786 598 non
1804 569 1929 610 potest
1956 561 2068 599 simul
2097 575 2178 600 esse
2207 575 2296 600 cum
2323 565 2591 613 aegrotatione,

1535 613 1623 662 quia
1643 621 1730 651 sunt
1749 615 1956 652 contrariae
1985 615 2223 653 mutationes.
2254 616 2447 664 Contingit
2464 625 2594 655 tamen

1535 666 1640 724 quod
1677 667 1923 726 aegrotationi
1957 668 2133 705 succedat
2170 668 2208 705 in
2249 668 2388 707 eodem
2422 669 2592 708 subiecto

1535 719 1630 755 sieut
1657 718 1860 767 dealbatio,
1890 720 1940 757 ita
1973 728 2009 757 et
2036 721 2192 758 sanatio.
2222 722 2272 758 Et
2297 721 2373 758 hoc
2405 729 2461 759 est
2487 723 2598 771 quod¹

1537 770 1643 817 dicit,
1673 771 1778 830 quod
1810 773 1968 810 mutatio
2007 786 2104 822 quae
2137 773 2290 822 ponitur
2323 785 2405 811 esse
2442 774 2489 812 de
2516 787 2598 813 una

1536 823 1743 860 mutatione
1763 823 1801 861 in
1820 824 1944 872 aliam,
1965 838 2043 863 non
2061 838 2214 875 semper
2235 827 2303 863 erit
2323 826 2369 848 ‘⁵'
2361 839 2400 864 m
2418 827 2629 865 mutatio--

1536 887 1625 912 nem
1646 876 1936 925 contingentem,
1959 891 2046 915 cum
2066 880 2298 928 quandoque
2318 880 2495 918 succedat
2513 893 2593 918 non

1536 927 1766 976 contingen&
1796 930 1845 966 Et
1867 929 1928 967 illa
1956 931 2069 969 etiam
2096 932 2254 968 mutatio
2273 944 2353 969 non
2373 933 2594 992 contingens

1536 987 1592 1018 est
1613 993 1663 1017 ex
1688 982 1851 1029 quodam
1871 983 1907 1020 in
1928 985 2114 1031 quoddam
2142 984 2341 1022 alterum*
2344 1013 2354 1030 ,
2374 985 2471 1023 idest
2497 986 2630 1023 inter

1536 1033 1632 1070 duos
1651 1033 1744 1070 alios
1762 1035 1956 1073 terminos.
1978 1037 2106 1083 Quare
2134 1036 2203 1073 ista
2231 1037 2388 1075 mutatio
2407 1049 2486 1075 non
2505 1051 2595 1076 con-

1535 1086 1692 1134 tingens,
1711 1087 1751 1123 in
1770 1099 1886 1136 quam
1914 1089 2046 1137 aliquis
2074 1096 2240 1126 mutatur
2259 1089 2307 1126 de
2325 1090 2592 1138 aegrotatione,

1536 1139 1603 1175 erit
1635 1139 1779 1176 sanatio
1815 1141 1990 1188 opposita
2023 1141 2280 1188 aegrotationi.
2317 1142 2434 1188 Quod
2466 1149 2594 1181 autem

1534 1192 1610 1228 hoc
1639 1191 1684 1228 sit
1711 1192 1730 1213 '¹‘
1753 1192 2038 1239 inconveniens,
2057 1201 2160 1241 patet
2183 1205 2227 1230 ex
2245 1194 2504 1243 propositione
2533 1207 2594 1232 su-

1535 1257 1604 1292 pra
1622 1245 1642 1265 *
1659 1244 1824 1291 inducta,
1853 1245 1991 1282 scilicet
2019 1245 2122 1294 quod
2147 1245 2258 1283 simul
2286 1246 2378 1287 dum
2398 1254 2453 1284 est
2470 1247 2595 1296 prima

1536 1297 1705 1343 mutatio,
1727 1297 1932 1334 mutabitur
1949 1297 1987 1334 in
2007 1298 2233 1335 secundam:
2258 1299 2370 1336 simul
2391 1311 2479 1347 ergo
2499 1300 2594 1339 dum

1536 1349 1669 1397 aliquis
1698 1356 1875 1386 movetur
1907 1350 1956 1387 ad
1984 1350 2276 1398 aegritudinem,
2314 1352 2519 1391 mutabitur
2545 1353 2595 1391 ad

1536 1401 1772 1438 sanationem
1787 1402 1817 1438 ³¹⁶.
1835 1402 2048 1440 Sanationis
2067 1411 2195 1442 autem
2214 1404 2396 1442 terminus
2424 1411 2479 1442 est
2497 1405 2630 1444 sani-s

1535 1461 1611 1490 tas:
1642 1461 1698 1491 est
1726 1454 1828 1491 enim
1857 1456 1903 1493 de
1932 1456 2102 1504 quodam
2129 1456 2168 1493 in
2195 1457 2391 1505 quoddam
2411 1457 2525 1505 aliud,
2553 1465 2597 1496 ut

1537 1506 1679 1544 dictum
1699 1514 1753 1544 est
1767 1507 1798 1544 ’ἦ
1815 1507 1924 1545 Unde
1940 1508 2158 1557 relinquitur
2173 1510 2278 1558 quod
2292 1510 2404 1547 simul
2422 1510 2516 1549 dum
2530 1510 2599 1548 ali·-

1535 1559 1628 1607 quid
1642 1567 1818 1597 movetur
1837 1561 1886 1598 ad
1905 1561 2190 1609 aegritudinem,
2202 1569 2403 1600 moveatur
2418 1563 2532 1600 etiam

1536 1612 1755 1650 sanitatem:
1785 1614 1889 1662 quod
1909 1621 1965 1651 est
1983 1615 2132 1652 moveri
2159 1616 2208 1652 ad
2237 1615 2314 1652 duo
2343 1615 2530 1654 contraria
2548 1616 2598 1657 si-.
2637 1641 2639 1643 ·

1535 1666 1626 1711 mul,
1656 1672 1693 1702 et
1711 1665 1906 1703 intendere
1926 1679 1971 1704 ea
1989 1667 2120 1714 simu13
2150 1668 2254 1716 quod
2273 1675 2329 1705 est
2347 1667 2592 1717 impossibile.

1536 1717 1599 1754 Sic
1617 1718 1726 1766 igitur
1744 1718 1988 1756 manifestum
2017 1727 2074 1757 est
2100 1721 2203 1769 quod
2231 1721 2333 1758 nulla
2361 1721 2519 1758 mutatio
2539 1729 2596 1758 est

1533 1782 1602 1818 per
1629 1783 1668 1807 se
1698 1771 1745 1807 de
1773 1783 1850 1808 una
1877 1772 2086 1810 mutatione
2114 1773 2153 1810 in
2181 1773 2305 1810 aliam.
2595 1794 2598 1796 v

1588 1823 1664 1860 Sed
1693 1823 1798 1872 quod
1825 1824 1900 1860 hoc
1928 1825 2119 1873 contingat
2137 1838 2220 1862 esse
2247 1838 2317 1874 per
2344 1825 2533 1874 accidens,
2553 1832 2597 1863 ut

1533 1875 1727 1923 praemisit
1742 1877 1773 1922 *,
1794 1877 2007 1914 manifestat
2023 1878 2190 1915 subdens
2210 1879 2314 1927 quod
2332 1891 2401 1928 per
2418 1878 2597 1916 accidens-

1533 1929 1608 1964 hoc
1628 1928 1827 1976 contingit,
1858 1929 1952 1966 sicut
1971 1931 2124 1978 quando
2153 1931 2365 1968 subiectum
2389 1943 2491 1968 nunc
2509 1943 2593 1968 mu-

1533 1989 1632 2018 tatur
1648 1993 1726 2018 una
1744 1982 1954 2019 mutatione
1982 1990 2018 2020 et
2044 1985 2294 2032 postmodum
2323 1984 2415 2021 alia:
2443 1991 2535 2032 puta
2562 1984 2593 2021 si

1535 2034 1678 2071 dicatur
1704 2034 1844 2083 aliquid
1865 2036 1883 2056 ’¹‘
1904 2036 2042 2072 mutari
2072 2048 2142 2084 per
2159 2036 2334 2074 accidens
2354 2037 2402 2074 de
2421 2036 2630 2074 recorda--

1533 2087 1634 2124 tione
1663 2087 1702 2124 in
1729 2087 1982 2135 oblivionem,
2010 2090 2072 2126 vel
2100 2089 2139 2126 in
2167 2101 2450 2138 quamcumque
2478 2089 2597 2129 aliam

1533 2140 1799 2177 mutationem:
1831 2140 1918 2189 quia
1946 2141 2160 2179 subiectum
2188 2141 2404 2179 mutationis
2423 2143 2598 2191 quando-

1534 2205 1607 2241 que
1631 2200 1798 2229 mutatur
1826 2193 1863 2230 in
1892 2193 2099 2240 scientiam,
2128 2194 2360 2243 quandoque
2387 2194 2426 2232 in
2454 2194 2596 2244 aliquid

1532 2245 1644 2292 aliud,
1673 2252 1764 2294 puta
1791 2245 1830 2282 in
1858 2245 2068 2283 sanitatem.

1592 2299 1649 2335 13.
1671 2298 1888 2336 Secundam
1908 2299 2094 2336 rationem
2112 2299 2220 2347 ponit
2246 2299 2317 2336 ibi:
2337 2299 2509 2348 Amplius
2527 2310 2594 2337 au-

1533 2356 1604 2388 tem
1616 2351 1652 2388 in
1669 2351 1853 2398 infinitum
1869 2359 1952 2398 etc„
1965 2351 2030 2388 et*
2040 2352 2244 2400 praemittit
2255 2353 2349 2389 duas
2360 2352 2594 2394 conditiona-⁴

1533 2404 1597 2440 les.
1620 2404 1793 2450 Quarum
1813 2403 1936 2452 prima
1957 2411 2023 2452 est,
2045 2405 2150 2452 quod
2168 2405 2199 2442 si
2219 2405 2377 2442 mutatio
2397 2412 2452 2442 est
2471 2412 2594 2442 muta·

1532 2456 1642 2493 tionis
1656 2457 1718 2493 vel
1733 2456 1923 2504 generatio
1938 2457 2199 2504 generationis,
2215 2469 2459 2507 quocumque
2473 2458 2593 2496 modo

1532 2521 1687 2546 necesse
1717 2516 1772 2546 est
1798 2509 2005 2558 procedere
2032 2509 2072 2546 in
2098 2509 2310 2547 infinitum:
2339 2511 2428 2559 quia
2455 2510 2592 2548 eadem

1533 2562 1676 2599 ratione
1705 2562 1895 2609 generatio
1924 2562 2091 2599 secunda
2117 2563 2272 2600 habebit
2299 2563 2411 2600 aliam
2438 2575 2593 2611 genera-

1531 2614 1691 2662 tionem,
1718 2622 1754 2651 et
1777 2614 1830 2651 sic
1855 2616 1874 2636 ’³‘
1897 2615 1935 2652 in
1955 2615 2156 2652 infinitum.
2173 2636 2198 2657 ,-
2214 2616 2391 2653 Secunda
2410 2616 2593 2654 conditio-

1533 2667 1625 2704 nalis
1654 2674 1728 2714 est,
1757 2668 1862 2716 quod
1890 2668 1920 2705 si
1944 2667 2164 2705 ordinentur
2190 2669 2264 2705 hoc
2292 2670 2411 2706 modo
2439 2679 2593 2717 genera-s

1531 2720 1654 2757 tiones
1674 2728 1711 2756 et
1737 2720 1976 2767 mutationes,
2006 2721 2111 2769 quod
2130 2721 2288 2758 mutatio
2309 2721 2355 2758 sit
2373 2721 2592 2760 mutationis

1533 2780 1569 2810 et
1596 2773 1787 2820 generatio
1820 2773 2089 2821 generationis,
2119 2774 2148 2811 si
2179 2773 2311 2811 ultima
2337 2774 2500 2824 [mutatio
2529 2775 2592 2812 vel

1533 2826 1722 2874 generatio
1744 2826 1831 2873 erit,
1861 2839 2015 2863 necesse
2037 2834 2092 2863 est
2111 2827 2215 2876 quod
2242 2827 2367 2875 prima
2394 2827 2450 2864 sit.
2481 2827 2592 2865 Hanc

1533 2886 1661 2916 autem
1689 2879 1897 2916 secundam
1931 2879 2226 2916 conditionalem
2262 2879 2316 2916 sic
2348 2880 2495 2928 probat.
2534 2879 2591 2916 Sit

1533 2932 1634 2968 enim
1650 2931 1791 2979 aliquid
1804 2932 1908 2980 quod
1927 2939 2126 2979 generetur
2139 2931 2366 2980 simpliciter,
2376 2938 2468 2980 puta
2481 2930 2588 2979 ignis:

1532 2985 1562 3021 si
1585 2984 1835 3032 generationis
1859 2991 1914 3020 est
1932 2984 2135 3032 generatio,
2156 2991 2305 3033 oportet
2332 2983 2456 3021 dicere
2485 2983 2589 3032 quod

1532 3037 1644 3074 etiam
1663 3037 1733 3074 ista
1753 3036 1969 3085 simpliciter
1989 3034 2008 3058 *
2026 3037 2220 3084 generatio
2245 3036 2448 3085 aliquando
2476 3048 2588 3084 gene-

1531 3090 1692 3135 rabatur,
1710 3096 1746 3125 et
1772 3090 1847 3126 hoc
1874 3089 1999 3137 ipsum
2027 3089 2110 3126 fieri
2130 3090 2256 3127 fiebat.
2287 3089 2388 3126 Cum
2416 3096 2544 3126 autem
2569 3091 2588 3109 ⁴*
2617 3102 2631 3124 q

1529 3142 1645 3179 fiebat
1672 3141 1754 3190 ipsa
1771 3141 1975 3189 generatio,
1995 3142 2167 3179 nondum
2197 3149 2275 3179 erat
2293 3141 2384 3179 illud
2405 3142 2510 3191 quod
2527 3154 2590 3190 ge-

1530 3202 1680 3232 neratur
1707 3194 1935 3244 simpliciter,
1956 3194 2094 3231 scilicet
2111 3194 2223 3242 ignis3
2245 3194 2332 3243 quia
2351 3194 2492 3244 aliquid
2511 3207 2591 3232 non

1530 3255 1585 3284 est
1621 3248 1714 3285 dum
1742 3248 1804 3294 fit,
1839 3247 1907 3284 sed
1941 3247 2095 3296 quando
2124 3247 2199 3284 iam
2233 3248 2372 3285 facturn
2401 3255 2472 3295 est,
2500 3255 2590 3287 tunc

1528 3301 1652 3349 primo
1682 3307 1747 3337 est.
1778 3299 1974 3347 Quamdiu
2003 3311 2092 3348 ergo
2121 3300 2237 3338 fiebat
2263 3300 2453 3348 generatio
2480 3299 2587 3348 ignis,

1529 3353 1622 3402 ignis
1645 3353 1818 3390 nondum
1844 3361 1922 3390 erat
1941 3353 2080 3390 factus:
2109 3353 2283 3390 nondum
2313 3365 2401 3401 ergo
2431 3361 2518 3390 erat.
2539 3353 2588 3390 Et

1528 3407 1664 3444 iterum
1685 3405 1766 3454 ipsa
1785 3405 1977 3454 generatio
1997 3405 2088 3443 suae
2107 3405 2358 3454 generationis
2377 3405 2511 3443 eadem
2530 3416 2587 3442 ra·

1580 3521 1603 3555 ε)
1623 3522 1695 3546 Dum
1713 3521 1782 3546 enim
1800 3520 1943 3546 subiectum
1962 3520 2049 3546 adhuc
2066 3522 2106 3545 est
2118 3520 2222 3552 partim
2241 3519 2267 3545 ἰη
2287 3519 2400 3546 termino
2417 3526 2435 3544 a
2452 3525 2511 3551 quo,
2530 3525 2585 3543 mo-

1528 3559 1634 3582 verim·
1648 3556 1719 3581 Dum
1739 3556 1808 3581 enim
1822 3558 1861 3581 est
1876 3555 2021 3581 subtectum
2035 3555 2122 3580 adhuc
2139 3555 2166 3580 in
2185 3554 2298 3580 termino
2310 3561 2329 3579 a
2342 3561 2401 3587 quo,
2411 3553 2513 3586 paru'm
2530 3560 2584 3578 mo-

1529 3595 1604 3617 vetur
1622 3592 1705 3622 codd„
1719 3591 1761 3616 ab
1780 3595 1806 3615 et
1823 3591 1915 3616 Vener.
1933 3589 1998 3622 1545
2019 3588 2062 3623 (cf.
2077 3590 2135 3615 lect.
2148 3597 2173 3615 x.
2187 3597 2214 3615 n.
2230 3597 2268 3620 ιο,
2287 3588 2338 3624 ι3).

2644 419 2733 441 scilicet
2744 419 2797 442 rab.

2644 838 2680 858 est
2693 837 2744 864 rab,
2759 837 2830 860 datr..
2848 829 2861 862 v„

2645 990 2745 1012 alterum
2759 995 2832 1015 ωε

2621 1020 2643 1038 et
2657 1016 2725 1039 codd.
2843 1023 2849 1034 ἐ

2620 1203 2631 1214 '⁵
2648 1206 2760 1232 sequatur
2778 1185 2860 1228 “3qu

2621 1261 2630 1269 ·
2643 1259 2715 1283 Νιιιιι.
2725 1266 2801 1289 praee.
2848 1251 2850 1253 .

2645 1414 2772 1436 sanitatem
2787 1419 2833 1438 m
2853 1447 2855 1451 ¹

2621 1515 2631 1525 ⁶
2651 1516 2677 1537 ut
2700 1514 2758 1536 dicit
2784 1514 2830 1539 ub

2621 1544 2643 1563 et
2657 1540 2724 1563 codd.
2735 1547 2785 1564 exe.
2799 1546 2831 1565 m

2546 1563 2599 1602 ad
2622 1571 2644 1589 et
2657 1573 2672 1590 ιι
2685 1567 2724 1596 qul
2738 1573 2787 1590 om.
2852 1567 2855 1575 ¹

2621 1888 2630 1897 ·
2645 1886 2718 1910 Num.
2732 1892 2808 1915 pnec-
2846 1881 2850 1883 ⁸

2644 2045 2737 2074 aliquid
2745 2045 2854 2071 dictur
2861 2067 2863 2070 .

2622 2361 2631 2371 ·
2645 2362 2670 2382 et
2682 2366 2730 2384 om.
2743 2360 2796 2383 nb.

2619 2619 2631 2630 ⁸
2653 2620 2690 2640 eu
2709 2618 2763 2642 add.
2782 2601 2855 2650 m:

2615 2645 2761 2673 procedit».
2806 2655 2808 2658 v
2832 2673 2851 2678 .

2783 3012 2786 3014 ,
2820 2996 2830 3014 ι·
2845 3005 2847 3008 ⁴
2896 2995 2898 2997 ·

2617 3124 2688 3151 'ereo
2696 3121 2764 3145 enda
2770 3124 2793 3144 a
2800 3125 2836 3156 «ῤ’

2839 3686 2844 3698 ,Α
2840 3663 2845 3673 ,ι
2844 3611 2847 3620 ,
2837 3562 2842 3590 υ
2837 3530 2846 3543 ,·
2835 3438 2843 3470 ³⁴⁴-
2846 3419 2847 3422 Α
2838 3372 2849 3389 ..⁴
2835 3339 2845 3359 ·›.
2833 3279 2845 3310 .>‘-
2833 3259 2838 3268 ‘
2843 3228 2846 3229 ,
2839 3209 2846 3213 r
2833 3170 2845 3194 ὑπ’
