2898 3996
75 602 87 614 ⁸
93 602 156 625 Lect.
163 607 284 630 praeana-

5 755 21 779 2*
76 761 86 770 ·
101 759 231 787 opinionem
245 765 284 780 co-

20 788 21 793 *
76 785 147 807 dices.

76 1125 86 1135 ⁶
99 1123 190 1146 inde'cat
205 1128 283 1145 cemrz

77 1149 201 1177 (manua.

75 1756 84 1765 ·
91 1755 182 1777 videtur
186 1761 227 1777 nc
233 1759 256 1777 et
262 1755 283 1777 b.

14 2347 16 2351 Α
72 2329 82 2337 “’
105 2333 151 2349 mm
172 2326 284 2349 crebidile

71 2359 187 2376 theanen.

1164 302 1275 338 CAP.
1306 301 1374 347 111,
1404 300 1553 337 LECT.
1583 300 1633 336 vi

315 395 400 420 cum
418 383 462 420 iis
483 383 632 420 duobus
653 390 864 432 apponatur
882 381 1032 418 tertium
1051 382 1279 426 membrum,
1301 379 1367 415 sci-

313 436 398 472 licet
417 436 519 484 quod
547 435 618 472 alia
637 435 710 472 sint
736 447 834 484 quae
872 434 1064 483 quiescant
1102 432 1303 482 aliquando
1333 438 1369 467 et

312 500 391 524 non
410 500 573 536 semper,
590 487 668 524 aliis
688 487 918 536 quandoque
937 486 1049 523 motis
1065 494 1100 523 et
1113 498 1192 522 non
1206 496 1365 532 semper.

371 541 402 577 5.
423 540 572 577 Deinde
593 553 680 576 cum
710 540 813 578 dicit:
842 540 950 581 Quod
975 539 1122 587 quidem
1150 538 1266 586 igitur
1284 544 1365 581 etc„

312 593 491 641 reprobat
507 592 673 642 primum
689 593 916 629 membrum.
933 593 982 628 Et
996 591 1083 627 dicit
1100 590 1204 639 quod
1220 601 1333 638 supra
1347 589 1367 609 ³²

314 645 455 682 dictum
485 653 554 693 est,
584 646 687 693 quod
715 657 793 682 non
821 644 866 681 sit
892 643 1070 692 possibile
1103 641 1232 678 omnia
1265 640 1367 690 quie-

313 710 417 735 scere
446 710 606 746 semper,
627 697 695 734 sed
723 705 759 734 et
785 709 886 733 nunc
914 695 1025 732 etiam
1052 694 1191 743 aliquid
1220 701 1274 730 est
1302 694 1367 730 ad-

314 750 494 788 dendum.
523 751 572 787 Et
600 749 675 786 duo
705 749 792 787 dicit
820 755 947 785 contra
965 747 1064 784 hanc
1083 746 1312 796 positionem
1335 748 1365 783 ξε.

313 803 442 840 Primo
470 802 625 852 quidem
644 802 748 850 quod
774 812 928 838 necesse
958 807 1013 836 est
1029 812 1174 849 ponere
1202 799 1366 847 aliquem

313 863 461 892 motum
487 856 619 892 saltem
648 854 685 890 in
712 853 851 890 anima.
873 851 974 899 Quia
993 852 1023 888 si
1042 852 1175 901 aliquis
1193 852 1283 888 velit
1312 852 1368 889 di-

314 920 398 944 cere
418 906 521 955 quod
544 906 752 943 secundum
771 905 969 942 ‘veritatem
991 904 1043 941 sic
1062 917 1101 942 se
1121 905 1235 941 habet
1262 906 1367 953 quod

311 960 401 996 nihil
417 966 603 1004 movetur,
625 957 719 994 sicut
747 957 919 994 dixerunt
938 965 1136 1005 sequentes
1156 957 1365 1004 Melissum,

312 1011 374 1060 qui
401 1010 527 1059 posuit
554 1010 658 1059 quod
685 1022 752 1047 ens
781 1017 835 1047 est
868 1010 1056 1046 infinitum
1085 1017 1121 1046 et
1148 1009 1364 1046 immobile:

311 1063 378 1100 sed
397 1071 523 1100 tamen
541 1075 619 1100 non
637 1062 687 1099 ita
705 1062 854 1100 videtur
874 1063 1083 1100 secundum
1113 1074 1279 1109 sensum,
1300 1063 1367 1099 sed

310 1116 427 1152 multa
455 1115 598 1152 entium
626 1122 845 1163 moventur,
873 1122 916 1152 ut
943 1127 1075 1152 sensus
1103 1114 1241 1151 iudicat
1265 1116 1296 1151 ²⁸.
1328 1115 1367 1151 Si

313 1180 401 1216 ergo
421 1168 553 1216 aliquis
582 1167 680 1205 dicat
707 1167 812 1216 quod
839 1168 908 1204 ista
935 1167 1063 1216 opinio
1093 1175 1149 1204 est
1167 1167 1269 1215 falsa,
1293 1180 1367 1216 qua

312 1220 512 1269 opinamur
539 1221 729 1270 quaedam
746 1220 909 1266 moveri3
935 1220 1060 1257 adhuc
1079 1219 1245 1268 sequitur
1264 1221 1367 1268 quod

311 1281 438 1310 motus
466 1273 522 1310 sit.
544 1273 644 1320 Quia
672 1273 702 1310 si
730 1273 860 1322 opinio
883 1273 975 1310 falsa
1000 1279 1065 1320 est,
1085 1280 1212 1309 motus
1241 1280 1310 1319 est3
1333 1280 1368 1309 et

309 1326 570 1371 universaliter
596 1326 626 1363 si
654 1325 784 1374 opinio
813 1333 879 1372 est,
899 1333 1026 1362 motus
1051 1333 1120 1372 est3
1143 1332 1179 1361 et
1202 1325 1369 1362 similiter

312 1378 343 1415 si
369 1378 566 1427 phantasia
604 1386 677 1426 est,
706 1386 833 1415 motus
868 1386 933 1415 est.
963 1379 1012 1415 Et
1041 1379 1116 1415 hoe
1142 1377 1251 1425 ideo,
1281 1378 1368 1426 quia

311 1431 508 1480 phantasia
536 1438 590 1467 est
617 1431 772 1480 quidam
801 1438 928 1468 motus
947 1430 1145 1467 sensitivae
1164 1430 1295 1479 partis,
1315 1431 1368 1467 fa-

313 1490 392 1520 ctus
420 1496 443 1520 a
471 1496 584 1520 sensu
602 1484 812 1520 secundum
831 1491 967 1520 actum.
989 1483 1129 1532 Opinio
1151 1483 1262 1520 etiam
1289 1483 1368 1532 qui-

312 1535 402 1573 dam
429 1544 554 1572 motus
582 1544 637 1572 est
660 1536 824 1583 rationis,
846 1548 890 1572 ex
910 1536 1094 1584 aliquibus
1122 1535 1368 1572 ratiocinatio-

311 1587 423 1625 nibus
449 1588 672 1637 procedens.
694 1589 772 1626 Sed
800 1589 924 1625 adhuc
942 1588 1174 1626 manifestius
1203 1589 1370 1637 sequitur

312 1641 415 1690 quod
443 1649 569 1678 motus
597 1641 643 1678 sit
669 1641 708 1678 in
727 1641 906 1690 opinione
933 1642 995 1678 vel
1022 1641 1230 1690 phantasia,
1251 1642 1280 1678 si
1305 1641 1368 1678 ali-

312 1694 464 1743 quando
491 1693 663 1730 videatur
690 1694 800 1731 nobis
821 1694 873 1730 sic
903 1706 995 1740 esse,
1017 1693 1218 1742 aliquando
1247 1694 1366 1731 aliter:

311 1746 416 1795 quod
445 1746 623 1794 contingit
650 1759 737 1783 cum
766 1746 997 1795 quandoque
1024 1746 1200 1783 videntur
1219 1747 1238 1767 *
1258 1747 1368 1783 nobis

311 1798 436 1847 aliqua
463 1799 666 1848 quiescere,
688 1799 917 1848 quandoque
936 1810 1030 1835 vero
1058 1811 1136 1835 non
1160 1799 1365 1847 quiescere.

311 1851 375 1887 Sic
403 1863 491 1898 ergo
520 1852 677 1888 omnino
707 1851 875 1900 sequitur
902 1851 1005 1900 quod
1034 1858 1160 1887 motus
1189 1851 1244 1888 sit.

364 1903 542 1940 Secundo
563 1911 692 1940 contra
711 1905 808 1941 hanc
829 1903 1049 1952 opinionem
1066 1903 1163 1951 dicit,
1180 1904 1284 1952 quod
1304 1916 1368 1952 ap-

308 1967 453 2004 ponere
481 1956 728 1993 intentionem
747 1956 796 1993 ad
815 1956 1086 1994 destruendum
1105 1957 1203 1994 hanc
1223 1956 1368 2005 opinio-

309 2020 411 2056 nem,
441 2016 478 2045 et
505 2021 685 2058 quaerere
723 2009 908 2061 rationem
937 2009 986 2046 ad
1012 2010 1255 2058 probandum
1289 2009 1368 2046 illas

310 2072 370 2097 res
406 2073 500 2110 quas
538 2061 722 2098 debemus
762 2062 902 2099 habere
943 2062 981 2099 in
1017 2062 1152 2099 maiori
1190 2061 1366 2109 dignitate

311 2125 427 2161 quam
446 2114 552 2161 quod
571 2114 714 2151 ratione
733 2114 934 2162 indigeant,
955 2114 1042 2163 quia
1060 2114 1199 2151 scilicet
1226 2115 1367 2151 haben-

310 2173 370 2202 tur
389 2163 401 2187 ὃ
419 2173 462 2203 ut
477 2178 548 2215 per
566 2179 606 2203 se
625 2167 838 2204 manifesta:
858 2168 932 2204 hoc
951 2167 1107 2215 inquam
1136 2167 1258 2204 facere
1278 2167 1368 2215 nihil

312 2225 367 2255 est
393 2218 494 2256 aliud
522 2232 639 2268 quam
667 2220 766 2256 male
795 2219 996 2256 iudicando
1035 2220 1246 2257 discernere
1274 2219 1369 2256 inter

310 2270 443 2308 melius
472 2278 508 2308 et
533 2272 640 2320 peius
676 2272 714 2309 in
742 2272 969 2320 moralibus,
1000 2279 1036 2308 et
1063 2272 1158 2309 inter
1191 2271 1368 2309 credibile

312 2331 347 2360 et
362 2323 578 2361 incredibile
591 2324 659 2361 *in
678 2325 818 2373 logicis,
836 2332 871 2362 et
885 2325 979 2362 inter
996 2324 1224 2374 principium
1240 2332 1276 2361 et
1290 2337 1368 2361 non

310 2376 535 2425 principium
572 2377 610 2415 in
639 2377 952 2415 demonstrativis.
984 2378 1060 2424 Qui
1089 2378 1191 2415 enim
1225 2377 1369 2426 quaerit

311 2429 495 2466 rationem
533 2430 581 2467 ad
608 2431 851 2479 probandum
890 2443 935 2467 ea
969 2442 1066 2479 quae
1101 2442 1170 2479 per
1206 2442 1245 2467 se
1283 2437 1369 2467 sunt

2405 301 2477 337 385

1423 378 1621 415 manifesta
1642 380 1673 425 ᾗ,
1695 387 1731 415 et
1761 379 1812 416 sic
1840 380 2026 416 habentur
2043 387 2084 416 ut
2102 379 2294 428 principia,
2316 392 2394 416 non
2420 392 2481 416 co-

1423 431 1568 478 gnoscit
1597 444 1641 467 ea
1671 444 1751 468 esse
1779 432 1972 481 principia,
1996 432 2087 469 dum
2117 445 2161 469 ea
2188 445 2257 481 per
2284 432 2355 468 alia
2381 432 2481 481 prin-

1424 482 1519 530 cipia
1538 484 1700 532 probare
1720 484 1888 521 intendit.
1911 485 2086 521 Similiter
2104 485 2253 522 videtur
2275 486 2379 533 quod
2404 497 2481 521 non

1423 535 1514 571 sciat
1534 548 1761 584 cognoscere
1786 537 1876 586 quid
1896 538 1941 574 sit
1960 537 2136 574 credibile
2157 545 2192 574 et
2211 537 2426 574 incredibile
2445 539 2479 583 '³²3

1422 588 1512 636 quia
1539 588 1579 625 id
1606 589 1712 636 quod
1740 597 1795 626 est
1813 602 1881 638 per
1900 602 1939 626 se
1962 589 2149 637 credibile,
2176 602 2244 638 per
2267 590 2367 626 aliud
2395 603 2481 638 pro-

1423 641 1511 677 bare
1541 640 1713 688 intendit,
1744 654 1788 678 ac
1825 642 1855 678 si
1883 654 1961 679 non
1990 650 2088 679 esset
2123 655 2191 691 per
2220 655 2259 679 se
2293 642 2479 680 credibile.

1423 694 1506 729 Nec
1535 693 1647 730 etiam
1667 694 1762 730 inter
1790 695 1923 731 melius
1943 702 1979 731 et
2005 695 2112 743 peius
2131 707 2244 744 posse
2269 695 2481 732 discernere

1421 745 1582 793 videtur,
1603 746 1666 794 qui
1686 747 1806 794 magis
1834 747 2031 784 manifesta
2054 760 2123 796 per
2142 747 2266 784 minus
2285 748 2482 785 manifesta

1421 798 1568 846 probat.
1599 800 1666 835 Est
1685 806 1812 835 autern
1831 812 1900 848 per
1928 813 1967 836 se
1988 799 2229 836 manifestum
2257 801 2380 848 aliqua
2399 813 2480 837 mo-

1421 851 1522 887 veri:
1551 864 1629 888 non
1658 864 1745 899 ergo
1776 852 1823 889 ad
1852 853 1926 888 hoc
1955 853 2066 889 debet
2094 865 2175 889 esse
2209 860 2335 889 nostra
2363 854 2480 890 inten-

1421 903 1484 951 tio,
1504 911 1546 940 ut
1571 905 1646 941 hoc
1676 906 1695 926 ’ῃ
1724 905 1929 941 rationibus
1956 906 2118 953 probare
2147 905 2320 942 nitamur.

1476 957 1511 993 6.
1533 957 1680 994 Deinde
1702 969 1789 993 cum
1820 957 1923 994 dicit:
1945 957 2121 994 Similiter
2138 963 2263 994 autem
2291 963 2326 993 et
2348 959 2481 1006 impos-

1419 1009 1523 1045 sibile
1544 1016 1625 1056 etc„
1648 1009 1809 1046 excludit
1828 1010 1900 1046 alia
1921 1010 1997 1047 duo
2018 1010 2192 1047 membra
2215 1010 2444 1058 praemissae
2463 1012 2482 1032 ’¹‘

1423 1061 1628 1098 divisionis.
1641 1063 1689 1098 Et
1704 1062 1791 1098 dicit
1805 1062 1909 1110 quod
1924 1062 2018 1099 sicut
2036 1063 2267 1111 impossibile
2284 1071 2338 1099 est
2353 1063 2482 1100 omnia

1422 1113 1614 1162 quiescere
1635 1126 1796 1162 semper,
1818 1114 1867 1151 ita
1887 1115 1999 1151 etiam
2020 1115 2251 1163 impossibile
2273 1123 2328 1152 est
2352 1116 2480 1152 omnia

1423 1166 1570 1203 moveri
1599 1178 1763 1214 semper;
1791 1174 1854 1203 aut
1874 1167 1986 1203 etiam
2006 1168 2110 1215 quod
2130 1168 2201 1204 alia
2229 1180 2380 1216 semper
2399 1181 2481 1205 mo-

1421 1226 1582 1256 veantur
1609 1226 1645 1255 et
1673 1218 1744 1255 alia
1772 1231 1923 1267 semper
1951 1220 2155 1268 quieseant,
2180 1221 2230 1257 ita
2258 1221 2361 1269 quod
2389 1221 2481 1258 nihil

1423 1271 1469 1308 sit
1487 1272 1590 1320 quod
1609 1271 1839 1320 quandoque
1859 1280 2059 1308 moveatur
2075 1280 2109 1308 et
2129 1274 2358 1322 quandoque
2378 1274 2482 1322 quie-

1423 1331 1511 1360 scat.
1534 1324 1676 1360 Contra
1695 1324 1823 1360 omnia
1850 1325 1945 1360 haec
1965 1325 2101 1361 sufficit
2128 1325 2246 1362 fidem
2274 1327 2395 1362 facere
2413 1339 2482 1375 per

1422 1388 1544 1413 unum
1572 1376 1761 1413 medium:
1782 1376 1870 1426 quia
1894 1377 2030 1414 scilicet
2048 1378 2224 1415 videmus
2245 1379 2349 1426 quod
2369 1391 2482 1427 quae-

1424 1429 1512 1466 dam
1542 1429 1772 1478 quandoque
1792 1433 1996 1467 moventur
2023 1437 2060 1466 et
2083 1430 2315 1479 quandoque
2343 1431 2481 1468 iterum

1424 1481 1631 1531 quiescunt.
1661 1481 1772 1519 Unde
1792 1482 2032 1519 manifestum
2053 1490 2108 1520 est
2127 1484 2230 1532 quod
2250 1483 2481 1531 impossibile

1424 1542 1479 1571 est
1508 1534 1632 1571 dicere
1661 1534 1765 1583 quod
1793 1535 1921 1571 omnia
1949 1535 2124 1572 continue
2153 1537 2357 1584 quiescant,
2378 1536 2482 1585 quod

1424 1594 1502 1624 erat
1529 1587 1697 1636 primum
1716 1588 1945 1634 membrum,
1972 1595 2008 1624 et
2031 1588 2136 1637 quod
2156 1589 2285 1626 omnia
2305 1589 2482 1626 continue

1423 1648 1662 1687 moveantur,
1683 1641 1789 1689 quod
1818 1648 1896 1676 erat
1915 1642 2125 1678 secundum
2155 1642 2390 1687 membrum;
2419 1642 2482 1679 vel

1424 1693 1528 1742 quod
1556 1692 1745 1742 quaedam
1783 1705 1935 1741 semper
1970 1701 2199 1731 moveantur
2227 1702 2262 1731 et
2295 1694 2482 1743 quaedam

1423 1758 1575 1794 semper
1603 1745 1806 1794 quieseant,
1829 1753 1864 1782 et
1892 1745 1981 1782 nihil
2010 1746 2055 1783 sit
2080 1745 2269 1797 {medium.

1477 1811 1512 1846 7.
1534 1798 1682 1835 Deinde
1699 1810 1786 1835 cum
1803 1798 1906 1834 dicit:
1926 1798 2126 1847 Reliquum
2142 1811 2234 1849 ergo
2256 1806 2337 1847 ete.,
2358 1807 2483 1836 osten-

1424 1850 1476 1887 dit
1504 1850 1595 1899 quid
1623 1858 1736 1887 restat
1764 1850 1988 1887 dicendum:
2020 1859 2055 1888 et
2088 1852 2276 1889 concludit
2304 1864 2349 1888 ex
2375 1864 2482 1900 prae-

1423 1903 1546 1940 missis
1565 1904 1595 1950 *,
1618 1903 1721 1952 quod
1742 1915 1829 1940 cum
1849 1903 1918 1939 tria
1937 1904 2108 1941 membra
2135 1905 2364 1953 praemissae
2390 1905 2482 1942 divi-

1424 1955 1538 1992 sionis
1567 1962 1663 1992 stare
1692 1968 1771 1992 non
1798 1956 1962 2004 possint,
1992 1957 2211 2005 relinquitur
2243 1957 2482 1994 consideran-

1425 2009 1517 2045 dum
1537 2009 1641 2056 quod
1661 2009 1878 2045 membrum
1906 2009 2067 2046 aliorum
2087 2010 2251 2047 duorum
2272 2010 2316 2046 sit
2334 2010 2480 2048 verius:

1423 2068 1550 2098 utrum
1570 2061 1708 2098 scilicet
1727 2062 1830 2110 quod
1847 2063 1865 2082 ’Ἀ
1886 2062 2016 2098 omnia
2035 2062 2107 2099 sint
2124 2062 2316 2111 possibilia
2335 2063 2483 2099 moveri

1425 2121 1461 2150 et
1488 2114 1698 2163 quiescere3
1720 2122 1784 2151 aut
1808 2115 1998 2163 quaedam
2018 2115 2089 2152 sint
2116 2115 2308 2164 possibilia
2336 2116 2483 2152 moveri

1425 2174 1461 2203 et
1488 2166 1702 2214 quiescere,
1732 2167 1782 2204 ita
1810 2175 1938 2204 tamen
1976 2168 2079 2216 quod
2117 2168 2242 2217 aliqua
2280 2168 2352 2205 sint
2385 2181 2482 2218 quae

1424 2231 1576 2268 semper
1607 2219 1821 2267 quiescant,
1852 2228 1888 2257 et
1924 2220 2047 2269 aliqua
2083 2233 2180 2269 quae
2218 2233 2368 2270 semper
2401 2234 2483 2258 mo-

1423 2279 1593 2309 veantur.
1633 2273 1719 2308 Hoc
1757 2272 1857 2309 enirn
1892 2273 2068 2310 ultimum
2104 2281 2158 2310 est
2192 2274 2295 2322 quod
2325 2273 2482 2311 demon-

1423 2331 1540 2361 strare
1568 2324 1806 2361 intendimus.
1839 2325 1901 2361 Sic
1929 2325 2030 2363 enim
2068 2326 2285 2363 ostendetur
2314 2327 2482 2375 primum

1423 2385 1572 2414 motum
1602 2389 1684 2413 esse
1713 2377 2003 2426 sempiternum,
2035 2386 2070 2415 et
2095 2379 2264 2427 primum
2292 2386 2481 2416 motorem

1425 2442 1506 2467 esse
1534 2429 1782 2467 immobilem.
2400 2444 2404 2449 ⁸

364 2568 389 2603 ὃ)
410 2569 547 2595 habentur.
558 2583 577 2588 -
591 2570 670 2594 PFsG
690 2575 715 2595 et
733 2570 763 2600 b,·
781 2570 877 2595 habent
892 2576 919 2595 se
938 2570 966 2600 B,
985 2577 1012 2594 se
1031 2569 1126 2594 habent
1145 2570 1198 2599 LT,
1217 2570 1332 2594 habeant
1350 2570 1383 2600 Ο,
1404 2569 1501 2595 habent
1520 2575 1567 2594 cet.
1587 2575 1612 2595 et
1631 2577 1657 2595 a.
1680 2583 1701 2588 --
1719 2570 1769 2595 Pro
1788 2569 1943 2604 manifesta,
1961 2570 2103 2596 videantur
2117 2569 2150 2600 Q,
2162 2570 2299 2595 -Inferius
2318 2578 2365 2603 pro
2383 2570 2421 2596 sic
2437 2570 2483 2595 Ιια-

312 2604 406 2630 bentur
425 2607 461 2633 ut,
480 2605 518 2630 sic
535 2612 563 2630 se
581 2605 677 2630 habent
696 2608 725 2629 ut
743 2605 830 2634 DsBZ,
849 2605 886 2630 sic
904 2605 1000 2630 habent
1018 2608 1047 2630 ut
1066 2605 1158 2638 GpBZ.

461 3665 528 3698 Opp.
549 3666 579 3689 Ι).
594 3665 707 3690 Tuom:
726 3665 757 3689 T.
777 3665 805 3690 11.

2268 3677 2301 3702 49

2509 388 2518 397 ⁶
2534 388 2557 408 in
2572 387 2650 409 anima
2665 395 2688 409 N.

2510 538 2518 545 '
2540 542 2586 557 non
2610 536 2722 557 credibile

2510 563 2578 583 codd.
2594 569 2720 588 exc.1LQs;
2762 585 2769 591 ,

2509 595 2522 610 c·
2537 589 2579 610 lac.

2510 913 2518 920 ·
2535 911 2592 932 haec
2607 914 2700 938 9311(OE

2510 937 2583 963 Q?)a1>.

2509 1018 2518 1025 '
2533 1016 2602 1038 Num.
2617 1024 2640 1043 4.

2511 1909 2519 1917 ·
2531 1908 2662 1935 praedicti-5
2676 1914 2722 1930 nex>

2509 1941 2623 1956 manonvz.

2511 2067 2519 2074 ·
2535 2065 2598 2093 quod
2615 2071 2663 2087 om.
2683 2071 2723 2087 co-

2511 2091 2572 2113 dices
2589 2095 2611 2113 et
2625 2098 2648 2113 a.
