2982 4022
514 275 564 311 68

1150 276 1495 316 PHYSICORUM
1522 280 1870 319 ARISTOTELIS
1900 283 1993 321 LIB.
2024 285 2055 321 II

1277 474 1579 532 LECTIO
1619 479 1815 555 QUIN
1817 478 1932 536 TA

604 623 662 653 AD
687 622 905 654 PHYSICAM
928 624 1147 656 PERTINET
1171 626 1485 659 DETERMINARE
1508 629 1566 660 DE
1591 629 1778 663 CAUSIS.-
1796 633 1914 671 QUAE
1938 635 1995 666 ET
2012 622 2143 673 'QUOT
2167 637 2335 669 SPECIES
2359 638 2594 672 CAUSARUM

512 749 736 794 Διωρισμένων
762 746 799 784 δὲ
824 751 970 793 τούτων,
998 752 1223 785 ἐπισκεπτέον
1250 757 1322 797 περὶ
1348 756 1414 787 τῶν
1440 757 1571 798 αἰτίων,

579 794 663 826 ποῖά
688 807 725 827 τε
750 798 807 828 καὶ
835 796 926 828 πόσα
950 796 1010 828 τὸν
1033 797 1170 841 ἀριθμόν
1189 796 1293 831 ἐστιν.
1315 799 1410 832 Ἐπεὶ
1428 800 1492 846 γάρ
1510 803 1572 835 τοῦ

578 834 703 870 εἰδέναι
727 840 824 885 χάριν
851 842 871 877 ή
895 844 1131 886 πραγματεία,
1151 837 1277 874 εἰδέναι
1301 838 1331 874 δ’
1354 845 1391 875 οὐ
1410 846 1572 892 πρότερον

579 882 718 926 οἰόμεθα
753 885 898 917 ἕκαστον
924 888 998 929 πρὶν
1027 886 1066 917 ἂν
1095 885 1253 931 λάβωμεν
1284 886 1325 918 τὸ
1350 883 1409 920 διαὶ
1434 892 1467 922 τί
1500 894 1572 936 περὶ

579 926 724 960 ἕκαστον
752 930 880 971 (τοῦτο
905 925 933 960 δ’
964 931 1036 962 ἐστὶ
1062 930 1103 962 τὸ
1127 932 1243 971 λαβεῖν
1269 931 1333 967 τήν
1361 932 1496 975 πρώτην
1523 938 1573 968 αἰ-

578 973 673 1015 τίαν)
701 968 803 1009 δῆλον
831 973 884 1007 ὅτι
909 977 966 1006 καὶ
992 975 1071 1018 ἡμῖν
1097 976 1204 1008 τοῦτο
1230 975 1391 1012 ποιητέον
1417 980 1475 1010 καὶ
1500 983 1572 1026 περὶ

576 1016 735 1061 γενέσεως
759 1020 817 1050 καὶ
841 1018 963 1062 φθορᾶς
987 1020 1046 1050 καὶ
1071 1019 1182 1058 πάσης
1208 1021 1270 1058 τῆς
1300 1023 1437 1064 φυσικῆς
1468 1036 1574 1067 μετα-

579 1062 695 1102 βολῆς,
723 1060 810 1100 ὅπως
837 1058 964 1103 εἰδότες
992 1063 1104 1096 αὐτῶν
1131 1065 1194 1102 τοὶς
1221 1065 1339 1109 ἀρχάς,
1369 1067 1505 1114 ἀνάγειν
1529 1070 1573 1108 εἰς

578 1106 687 1143 αὐτας
714 1107 903 1152 πειρώμεθα
928 1108 994 1139 τῶν
1019 1108 1233 1153 ζητουμένων
1260 1110 1419 1144 ἕκαστον.

503 1148 587 1181 Ἕνα
611 1149 670 1194 μὲν
697 1148 752 1183 οὖν
778 1153 904 1196 τρόπον
938 1154 1047 1184 αἴτιον
1078 1153 1221 1200 λέγεται
1250 1154 1290 1187 τὸ
1317 1154 1350 1187 ε’
1378 1155 1415 1187 οὖ
1439 1158 1572 1202 γίνεταί

576 1206 610 1226 τι
635 1195 899 1242 ἐνυπάρχοντος,
920 1197 988 1228 οἷον
1015 1198 1030 1229 ὁ
1054 1198 1182 1242 χαλκὸς
1209 1200 1271 1230 τοῦ
1299 1168 1496 1242 ἀνέριάντος
1514 1203 1572 1234 καὶ

577 1240 593 1270 ὁ
621 1238 759 1284 ἄργυρος
787 1242 849 1278 τῆς
876 1240 996 1284 φιάλης
1021 1244 1078 1273 καὶ
1096 1242 1143 1275 τά
1159 1242 1292 1275 τούτων
1342 1244 1396 1282 ένη
1416 1245 1518 1277 ἄλλον
1535 1241 1572 1278 δὲ

577 1284 619 1316 τὸ
644 1284 730 1322 εἶδος
754 1287 813 1317 καὶ
838 1284 879 1318 τὸ
905 1281 1138 1332 παράδειγμα·
1166 1288 1274 1319 τοῦτο
1299 1283 1317 1320 δ
1360 1289 1451 1322 ἐστὶν
1478 1291 1493 1321 ὁ
1517 1290 1574 1322 λό-

577 1340 635 1373 γος
662 1331 678 1362 ὁ
704 1330 766 1361 τοῦ
792 1332 825 1362 τί
850 1328 890 1367 ἦν
916 1327 1001 1362 εἶναι
1023 1334 1081 1362 καὶ
1100 1331 1147 1363 τά
1163 1331 1290 1364 τούτου
1308 1332 1402 1379 γένη,
1424 1334 1491 1365 οἷον
1510 1336 1572 1374 τοῦ

574 1371 634 1406 διαὶ
658 1375 774 1407 πασῶν
802 1373 849 1406 τοὶ
872 1370 932 1406 δύο
960 1376 1040 1419 πρός
1068 1375 1114 1416 ἕν,
1140 1377 1197 1407 καὶ
1224 1375 1304 1414 ὅλως
1326 1379 1342 1409 ὁ
1362 1377 1496 1422 ἀριθμὸς
1514 1381 1572 1411 καὶ

572 1419 620 1451 τοὶ
642 1419 723 1464 μέρη
750 1419 798 1451 τά
822 1419 855 1450 ὲν
881 1419 928 1459 τῷ
953 1420 1053 1466 λόγῳ.
1074 1420 1151 1452 Ἔτι
1178 1419 1249 1452 ὅθεν
1277 1422 1297 1458 η
1325 1420 1412 1468 ἀρχή
1429 1423 1490 1460 τῆς
1517 1435 1574 1467 με-

577 1463 729 1505 ταβολῆς
755 1464 775 1499 η
802 1462 917 1507 πρώτη
944 1462 964 1499 ἦ
991 1465 1053 1501 τῆς
1079 1462 1283 1508 ἠρεμήσεως,
1311 1467 1379 1498 οἷον
1403 1467 1418 1498 0'
1438 1466 1572 1506 βουλεύ-

574 1519 635 1546 σας
662 1510 791 1548 αἴτιος,
817 1509 876 1539 καὶ
902 1509 917 1539 ὀ
943 1508 1059 1552 πατήρ
1086 1510 1147 1540 τοῦ
1174 1509 1311 1551 τέκνου,
1338 1513 1395 1542 καὶ
1423 1509 1505 1548 ὅλως
1531 1511 1572 1543 τὰ

575 1553 692 1584 ποιοῦν
720 1553 781 1584 τοῦ
808 1551 1008 1593 ποιουμένου
1033 1553 1091 1583 καὶ
1117 1553 1157 1585 τὸ
1183 1553 1402 1596 μεταβάλλον
1429 1556 1491 1587 τοῦ
1516 1567 1574 1599 με·

574 1596 848 1639 ταβαλλομένου.
874 1596 951 1627 Ἔτι
976 1597 1017 1634 ὠς
1043 1597 1083 1628 τὸ
1110 1596 1221 1635 τέλος·
1249 1599 1355 1631 τοῦτο
1381 1595 1409 1630 δ’
1433 1597 1505 1632 ἐστὶ
1531 1600 1571 1632 τὸ

574 1642 612 1673 οὗ
637 1641 747 1681 ἕνεκα,
773 1641 839 1672 οἷον
867 1641 928 1671 τοῦ
955 1645 1155 1685 περιπατεῖν
1174 1643 1194 1678 ἡ
1215 1643 1337 1688 ὑγίεια·
1363 1638 1423 1676 διά
1449 1646 1481 1675 τί
1507 1643 1571 1690 γάρ

573 1690 772 1729 περιπατεῖ;
799 1696 844 1729 φα
875 1684 906 1715 ἐν
928 1684 987 1716 ’ίνα
1013 1686 1162 1731 ὑγιαίνῃ,
1186 1689 1242 1718 καὶ
1269 1687 1422 1726 εἰπόντες
1448 1687 1567 1729 οὕτως,

573 1729 712 1774 οἰόμεθα
740 1695 994 1763 ἀποδεςωκέναι
1020 1730 1061 1762 τό
1088 1733 1211 1762 αἴτιον.
1238 1733 1303 1763 Καὶ
1331 1731 1394 1764 ὅσα
1419 1728 1461 1769 δή
1478 1732 1571 1769 κινή-

571 1786 694 1812 σαντος
720 1775 822 1807 ἄλλου
848 1774 980 1819 μεταξύ
1005 1777 1161 1820 γίγνεται
1187 1776 1250 1807 τοῦ
1269 1775 1400 1818 τέλους,
1420 1778 1488 1809 οἷον
1507 1778 1570 1815 τῆς

572 1820 700 1865 ὑγιείας
722 1820 742 1856 ‘ti
760 1819 920 1866 ἰσχνασία
938 1817 958 1855 ἦ
978 1820 997 1855 ἦ
1015 1818 1176 1862 κάθαρσις
1195 1818 1215 1856 ἦ
1236 1820 1283 1852 τοὶ
1303 1820 1466 1865 φάρμακα
1484 1821 1504 1858 ἦ
1523 1822 1571 1854 τοὶ

573 1862 713 1909 ὄργανα·
741 1863 860 1897 πάντα
884 1863 948 1908 γάρ
975 1865 1093 1896 ταῦτα
1119 1865 1181 1896 τοῦ
1208 1864 1323 1902 τέλους
1351 1864 1449 1898 ἕνεκά
1473 1864 1566 1906 ἐστι,

570 1903 720 1952 διαφέρει
752 1903 782 1938 δ’
811 1910 966 1946 ἀλλήλων
992 1909 1033 1944 ὠς
1065 1908 1149 1941 ὄντα
1175 1909 1222 1940 τοὶ
1247 1909 1305 1953 μὲν
1333 1910 1434 1956 ἔργα,
1469 1909 1516 1943 τά
1536 1907 1564 1943 δ’

573 1951 712 1998 ὄργανα.
752 1953 803 1985 Τά
823 1954 881 1997 μὲν
908 1951 963 1984 οὖν
991 1954 1087 1984 αἴτια
1113 1948 1233 1998 σχεδὸν
1264 1956 1490 2000 τοσαυταχῶς
1514 1955 1568 1988 λε’-

570 2008 684 2042 γεται.

504 2038 683 2085 Συμβαίνει
701 2036 738 2072 δὲ
757 2043 938 2086 πολλαχῶς
950 2039 1140 2086 λεγομένων
1158 2042 1224 2073 τῶν
1244 2042 1361 2074 αἰτίων
1379 2044 1437 2075 καὶ
1455 2043 1569 2076 πολλοὶ

572 2087 634 2118 τοῦ
661 2086 770 2118 αὑτοῦ
797 2089 895 2119 αἴτια
925 2083 1030 2126 εἶναι,
1059 2085 1095 2117 οὗ
1121 2086 1216 2118 κατά
1240 2087 1471 2130 συμβεβηκός,
1498 2088 1566 2120 οῐον

570 2132 632 2163 τοῦ
659 2125 858 2174 ἀνδριάντος
879 2133 935 2162 καὶ
955 2131 975 2167 ή
996 2125 1296 2174 ἀνδριαντοποιικη
1313 2133 1371 2163 καὶ
1391 2132 1406 2163 ὁ
1423 2132 1566 2177 χαλκός,

570 2176 609 2208 οὗ
634 2175 707 2208 καθ’
731 2174 844 2219 ἕτερόν
871 2188 905 2208 τι
930 2173 999 2207 ἀλλ’
1022 2174 1042 2216 ᾖ
1063 2170 1211 2219 ἀνδριάς,
1234 2175 1302 2207 ἀλλ’
1323 2176 1360 2207 οὐ
1379 2176 1438 2209 τὸν
1460 2177 1567 2209 αὐτὸν

564 2220 716 2265 τρόπον,
746 2220 836 2252 ἀλλά
861 2220 901 2252 το
927 2220 986 2264 μὲν
1012 2220 1053 2256 ὠς
1079 2217 1162 2260 ὕλη,
1190 2219 1231 2251 τό
1256 2215 1287 2250 δ’
1311 2221 1352 2258 ὥς
1380 2220 1453 2252 ὅθεν
1479 2222 1499 2257 ἥ
1520 2223 1570 2252 κί-

570 2277 672 2303 νησις.
704 2265 803 2296 Ἔστι
829 2261 866 2296 δέ
892 2276 970 2296 τινα
1001 2264 1059 2294 καὶ
1091 2261 1247 2299 ἀλλήλων
1279 2266 1396 2305 αἴτια,
1433 2266 1500 2297 οἷον
1526 2266 1568 2298 τὸ

569 2314 681 2342 πονεῖν
709 2309 771 2347 τῆς
798 2309 926 2350 εὐεξίας
946 2310 1003 2340 καὶ
1026 2306 1114 2345 αὕτη
1134 2309 1196 2340 τοῦ
1215 2313 1339 2340 πονεῖν·
1361 2310 1429 2342 ἀλλ’
1453 2310 1490 2342 οὗ
1508 2310 1567 2342 τὸν

571 2354 677 2387 αὐτᾶν
703 2354 844 2397 τρόπον,
866 2353 954 2386 ἀλλά
975 2353 1016 2385 τό
1042 2352 1100 2395 μέν
1119 2353 1159 2390 ὠς
1178 2352 1288 2394 τέλος,
1307 2354 1347 2385 τὸ
1365 2349 1396 2386 δ’
1418 2355 1459 2392 ὡς
1479 2354 1566 2400 ἀρχή

566 2399 744 2436 κινήσεως.
774 2399 851 2430 ’'Eri-
876 2393 913 2429 δὲ
939 2398 980 2429 τό
1007 2396 1094 2429 αὐτὸ
1122 2398 1187 2428 τῶν
1214 2398 1376 2430 ἐναντίων
1403 2399 1494 2431 ἐστὶν
1520 2401 1570 2430 αἵ-

570 2455 657 2475 τιον·
685 2444 700 2474 ὃ
726 2443 790 2488 γοὶρ
816 2442 922 2486 παρὸν
957 2443 1066 2474 αἴτιον
1093 2441 1215 2483 τοῦδε,
1249 2443 1356 2474 τοῦτο
1388 2445 1446 2475 καὶ
1477 2443 1568 2476 άπόν

571 2487 760 2531 αἰτιώμεθα
793 2485 900 2519 ἐνίοτε
927 2487 988 2518 τοῦ
1011 2485 1186 2527 ἐναντίου,
1215 2487 1282 2518 οἷον
1309 2487 1372 2523 τήν
1400 2486 1568 2520 ἀπουσίαν

571 2535 632 2565 τοῦ
656 2531 861 2575 κυβερνήτου
887 2532 948 2568 τῆς
976 2532 1037 2563 τοῦ
1064 2532 1181 2563 πλοίου
1201 2532 1411 2574 ἀνατροπῆς,
1433 2531 1470 2564 οὗ
1488 2530 1528 2569 ἦν
1547 2533 1567 2568 ’ἡ

571 2579 738 2622 παρουσία
765 2578 862 2609 αἰτία
887 2576 949 2613 τῆς
975 2578 1155 2619 σωτηρίας.

486 2623 659 2654 ”’“Ἀπαντα
683 2617 721 2653 δὲ
746 2622 794 2654 ταὶ
818 2622 873 2652 νῦν
900 2620 1058 2664 εἰρημένα
1091 2622 1189 2652 αἴτια
1214 2619 1259 2656 εὶς
1275 2618 1458 2664 μτέτταρας
1490 2619 1567 2661 τρό-

570 2678 651 2705 πους
677 2668 796 2698 πίπτει
823 2665 901 2703 τους
928 2663 1200 2709 φανερωτάτους·
1230 2664 1277 2694 τοὶ
1301 2663 1359 2706 μὲν
1385 2663 1449 2710 γάρ
1475 2675 1567 2696 στοι-

568 2716 649 2757 χεῖα
674 2713 739 2744 τῶν
765 2710 953 2750 συλλαβῶν,
975 2711 1032 2740 καὶ
1059 2709 1079 2744 τ’)
1105 2707 1166 2744 ὕλη
1194 2708 1259 2739 τῶν
1281 2709 1490 2746 σκευαστῶν,
1509 2710 1567 2740 καὶ

561 2757 605 2788 τὸ
633 2757 696 2800 πῦρ
720 2758 778 2787 καὶ
804 2755 852 2787 τοὶ
875 2754 1028 2786 τοιαῦτα
1053 2752 1119 2784 τῶν
1146 2750 1327 2795 σωμάτων,
1346 2755 1403 2783 καὶ
1423 2753 1469 2784 τοὶ
1485 2752 1567 2795 μέρη

568 2802 633 2833 τοῦ
660 2799 756 2841 ὅλου,
781 2802 839 2831 καὶ
867 2800 900 2830 αἱ
927 2796 1099 2833 ὑποθέσεις
1127 2797 1189 2828 τοῦ
1214 2796 1500 2839 συμπεράσματος
1527 2798 1568 2834 ὠς

569 2846 610 2879 το
637 2843 671 2886 ἐξ
698 2844 735 2876 οὗ
762 2843 860 2875 αἴτ-ιά
885 2843 971 2874 ἐστι·
998 2840 1132 2873 τούτων
1157 2835 1195 2872 δὲ
1220 2840 1267 2872 τοὶ
1290 2842 1349 2885 μὲν
1369 2842 1409 2878 ὠς
1429 2842 1470 2873 τὸ
1488 2842 1569 2873 ύπο-

568 2893 733 2933 κείμενον,
755 2888 821 2919 οἷον
841 2887 888 2919 τά
912 2885 1007 2930 μέρη·
1036 2885 1083 2917 τά
1105 2880 1143 2916 δέ
1168 2885 1210 2922 ὠς
1237 2885 1277 2917 τὸ
1296 2888 1329 2918 τί
1347 2883 1386 2923 ἦν
1409 2882 1507 2925 εἶναι,
1527 2885 1568 2918 τό

571 2948 608 2967 τε
636 2933 712 2966 ὅλον
736 2933 794 2964 καὶ
820 2933 840 2967 γ’)
867 2929 1015 2967 σύνθεσις
1039 2932 1096 2960 καὶ
1122 2929 1164 2961 τὸ
1190 2924 1290 2966 εἶδος·
1317 2931 1359 2963 τὸ
1379 2925 1416 2961 δὲ
1433 2929 1567 2974 σπέρμα

570 2979 628 3010 καὶ
655 2979 670 3009 ὁ
695 2977 810 3021 ἰατρὸς
834 2976 893 3007 καὶ
920 2976 935 3006 ὀ
963 2973 1147 3014 βουλεύσας
1171 2976 1228 3005 καὶ
1255 2973 1336 3011 ὅλως
1364 2974 1405 3006 *ro*
1436 2975 1566 3015 ποιοῦν,

573 3022 691 3055 πάντα
725 3020 795 3052 ὅθεν
822 3021 842 3056 ἡ
871 3018 958 3063 ἀρχῆ
993 3019 1054 3056 τῆς
1087 3018 1283 3060 μεταβολῆς
1315 3017 1336 3055 ἦ
1369 3018 1520 3056 στάσεως
1547 3018 1568 3054 ἦ

571 3066 742 3103 κινήσεως·
771 3065 819 3097 τά
841 3059 879 3095 δέ
904 3065 944 3101 ὠς
976 3063 1016 3095 τὸ
1049 3061 1146 3100 τέλος
1177 3064 1236 3094 καὶ
1267 3063 1308 3094 τό
1343 3062 1471 3108 ἀγαθὸν
1502 3063 1568 3095 τῶν

575 3112 697 3144 ἄλλων·
725 3110 765 3142 τὸ
794 3108 859 3155 γάρ
887 3108 923 3139 οὗ
949 3106 1046 3143 ἕνεκα
1075 3106 1254 3147 βέλτιστον
1285 3109 1341 3139 καὶ
1373 3107 1470 3145 τέλος
1501 3108 1567 3140 τῶν

576 3157 683 3189 ἄλλων
711 3153 815 3187 ἐθέλει
840 3149 937 3184 εἶναι.
966 3149 1155 3195 Διαφερέτω
1173 3147 1210 3183 δέ
1229 3146 1332 3194 μηδὲν
1356 3152 1460 3184 εἰπεῖν
1479 3151 1566 3184 αὐτὸ

577 3199 705 3246 ἀγαθὸν
736 3197 756 3235 ἦ
787 3196 985 3241 φαινόμενον
1023 3194 1164 3242 ἀγαθόν.
1204 3196 1255 3228 'roz
1287 3196 1345 3239 μὲν
1379 3195 1434 3228 οὖν
1469 3198 1566 3228 αἴτια

575 3245 726 3277 τοιαῦτα
751 3245 807 3274 καὶ
834 3239 995 3273 τοσαῦτά
1021 3238 1094 3272 ἐστι
1120 3240 1169 3282 τῷ
1194 3236 1287 3272 εἴδει·

561 3350 709 3376 vaopsm.
723 3363 757 3367 —
774 3356 798 3374 1.
814 3346 1025 3382 Argumentum
1047 3349 1074 3371 et
1089 3341 1190 3370 divisio
1208 3347 1308 3370 textus.
1326 3341 1485 3376 Quomodo
1506 3340 1570 3377 phi-

508 3389 647 3424 losophus
672 3386 781 3423 primus
809 3392 837 3413 et
860 3384 1012 3422 quomodo
1039 3382 1229 3420 philosophus
1256 3380 1392 3409 naturalis
1421 3381 1456 3408 de
1478 3380 1570 3408 causis

510 3427 679 3455 considerat.
692 3443 710 3447 —
721 3434 746 3453 2.
766 3426 874 3454 Textus
888 3422 1054 3452 subdivisio.
1068 3439 1086 3444 —
1099 3423 1123 3451 3.
1140 3423 1182 3450 De
1201 3421 1293 3450 causis
1309 3420 1473 3449 manifestis.
1490 3437 1508 3441 —
1520 3420 1569 3448 Di-

510 3476 607 3495 versae
629 3472 695 3493 sunt
716 3475 813 3493 earum
836 3464 952 3501 species.
975 3465 1003 3498 α)
1025 3463 1075 3491 Ex
1097 3471 1151 3499 quo
1169 3461 1209 3500 fit
1234 3461 1344 3498 aliquid
1365 3470 1429 3505 cuni
1452 3460 1527 3504 insit.
1545 3476 1569 3505 ,-

510 3516 538 3541 4.
555 3507 582 3541 b)
605 3505 720 3542 Species
742 3510 768 3532 et
790 3505 956 3541 exemplar,
978 3502 1149 3539 inquantum
1171 3507 1212 3529 est
1233 3500 1306 3529 ratio
1328 3500 1492 3537 quidditatis
1514 3509 1568 3534 rei,

512 3545 530 3573 i.
545 3555 569 3573 e.
585 3554 635 3581 per
656 3544 735 3580 quod
757 3544 861 3571 scimus
877 3544 911 3571 de
932 3551 1111 3579 unoquoque
1134 3541 1202 3578 quid
1220 3547 1270 3569 est.
1286 3557 1304 3562 —
1319 3541 1415 3574 Quare
1436 3540 1495 3567 duo
1517 3549 1569 3576 po-

511 3591 618 3613 nuntur
646 3583 813 3619 pertinentia
834 3583 870 3611 ad
892 3582 1078 3619 quidditatem
1101 3581 1150 3615 rei,
1165 3580 1271 3609 scilicet
1291 3579 1401 3618 species
1422 3586 1449 3607 et
1471 3587 1569 3607 exem-

508 3625 601 3662 plum.
617 3640 635 3644 -
649 3623 674 3651 5.
690 3625 716 3658 c)
737 3623 761 3650 A
783 3631 837 3659 quo
851 3627 893 3650 es!
910 3621 1086 3659 principium
1103 3626 1196 3649 motus
1217 3626 1244 3648 et
1259 3619 1368 3658 quietis.
1386 3620 1421 3647 Et
1442 3625 1483 3647 est
1499 3627 1569 3655 qua-

1626 761 1644 780 *
1658 762 1880 796 Determinatis
1903 773 2010 797 autem
2034 767 2091 806 his,
2109 768 2372 799 considerandum
2396 776 2441 800 est
2464 770 2503 800 de
2531 770 2644 810 causis,
2660 777 2691 803 et

1693 817 1774 847 quae
1790 815 1820 839 et
1834 816 1914 849 quot
1930 820 2064 842 numero
2082 819 2164 843 sunt.
2179 813 2342 850 Quoniam
2358 813 2443 844 enirn
2460 813 2577 845 sciendi
2592 814 2690 855 gratia

1694 851 1756 882 hoc
1787 853 1952 893 negotium
1985 862 2050 893 est;
2079 856 2156 886 scire
2186 864 2292 888 autern
2323 867 2389 888 non
2419 865 2490 888 ante
2519 858 2690 899 opinamur

1677 898 1970 938 ·unumquodque,
1994 908 2092 939 quam
2115 901 2225 942 utique
2255 901 2427 942 accipimus
2454 909 2584 943 propter
2611 902 2689 944 quid

1695 946 1741 970 est
1773 943 2049 983 unumquodque,
2081 944 2143 975 hoc
2171 951 2278 976 autem
2308 952 2355 976 est
2384 946 2523 986 accipere
2553 946 2690 987 primam

1695 992 1839 1023 causam3
1863 986 2066 1018 manifestum
2090 995 2135 1019 est
2158 989 2312 1029 quoniam
2331 996 2362 1020 et
2379 990 2470 1020 nobis
2489 990 2552 1021 hoc
2575 990 2688 1022 facien-

1695 1028 1773 1058 dum
1797 1035 1843 1060 est
1865 1037 1895 1061 et
1921 1031 1959 1061 de
1982 1032 2182 1071 generatione
2206 1039 2236 1063 et
2265 1029 2467 1074 corruptione
2490 1041 2520 1065 et
2542 1035 2582 1065 de
2601 1035 2689 1065 omni

1693 1071 1823 1113 physica
1845 1074 2038 1113 mutatione3
2062 1083 2217 1116 quatenus
2237 1076 2367 1107 scientes
2391 1087 2503 1108 eorum
2525 1078 2688 1119 principia,

1694 1117 1840 1148 reducere
1863 1117 1896 1148 in
1914 1118 1982 1159 ipsa
2004 1126 2161 1151 tentemus
2184 1121 2400 1161 quaesitorum
2423 1122 2687 1163 unumquodque.

1626 1158 1644 1179 *
1660 1159 1733 1190 Uno
1751 1161 1881 1201 quidem
1904 1163 2003 1193 modo
2029 1173 2121 1194 causa
2145 1164 2268 1203 dicitur,
2283 1174 2320 1194 ex
2343 1174 2409 1205 quo
2425 1164 2461 1196 fit
2479 1165 2598 1206 aliquid
2615 1175 2689 1197 cum

1693 1204 1777 1242 insit,
1801 1205 1881 1236 sicut
1909 1216 1960 1236 aes
1983 1213 2102 1238 statuae
2126 1214 2156 1238 et
2179 1215 2345 1248 argentum
2368 1208 2501 1249 phialae,
2519 1216 2550 1240 et
2571 1209 2689 1241 horum

1694 1258 1817 1288 genera.
1841 1250 1916 1280 Alio
1940 1257 2047 1281 autem
2070 1252 2169 1282 modo
2193 1252 2312 1292 species
2335 1259 2366 1283 et
2386 1253 2577 1294 exemplum.
2601 1254 2688 1285 Haec

1694 1299 1802 1323 autem
1826 1301 1871 1324 est
1894 1294 1973 1324 ratio
1997 1294 2096 1334 ipsius
2127 1296 2215 1336 quod
2238 1296 2317 1336 quid
2340 1303 2405 1327 erat
2431 1306 2509 1336 esse,
2534 1304 2564 1328 et
2592 1297 2687 1328 huius

1693 1344 1822 1376 genera;
1846 1344 1882 1368 ut
1905 1338 1972 1368 eius
1995 1348 2077 1379 quae
2101 1346 2147 1370 est
2170 1339 2339 1380 diapason,
2364 1340 2429 1371 duo
2452 1341 2492 1371 ad
2515 1351 2633 1380 unum,
2657 1348 2689 1373 et

1694 1380 1827 1411 omnino
1846 1391 2008 1420 numerus,
2033 1389 2064 1413 et
2085 1389 2187 1423 partes
2217 1393 2299 1424 quae
2325 1383 2358 1414 in
2373 1383 2564 1416 definitione.
2579 1385 2596 1404 *
2611 1387 2688 1416 Am-

1693 1424 1788 1464 plius,
1805 1425 1890 1455 unde
1909 1425 2101 1466 principium
2124 1427 2308 1458 mutationis
2332 1427 2473 1468 primum
2498 1435 2553 1459 aut
2575 1429 2688 1470 quietis

1694 1475 1754 1507 est;
1772 1475 1807 1499 ut
1823 1469 1991 1500 consilians
2008 1480 2112 1509 causa,
2129 1478 2159 1502 et
2174 1477 2262 1511 pater
2275 1471 2343 1510 filii,
2363 1478 2394 1502 et
2416 1471 2549 1502 omnino
2573 1472 2688 1504 faciens

1694 1512 1766 1543 facti
1790 1519 1821 1543 et
1843 1521 2044 1544 commutans
2072 1515 2269 1547 commutati.
2299 1515 2414 1546 Adhuc
2441 1522 2548 1547 autem
2577 1525 2687 1557 quem-

1693 1557 1871 1587 admodum
1893 1556 1974 1588 finis.
1999 1558 2072 1589 Hoc
2095 1566 2202 1590 autem
2225 1566 2271 1590 est
2294 1560 2382 1600 quod
2406 1559 2495 1590 cuius
2519 1570 2628 1599 causa,
2652 1567 2688 1592 ut

1693 1601 1876 1632 ambulandi
1900 1601 2025 1632 sanitas.
2054 1603 2187 1644 Propter
2208 1603 2286 1644 quid
2309 1603 2394 1634 enim
2417 1602 2576 1635 ambulat?
2603 1604 2688 1636 Diei-

1693 1654 1782 1683 mus,
1806 1652 1842 1676 ut
1865 1653 2009 1676 sanetur:
2034 1652 2065 1677 et
2087 1646 2224 1678 dicentes
2248 1647 2310 1686 sic,
2334 1647 2505 1688 opinamur
2531 1647 2687 1689 assignare

1692 1698 1830 1720 causam.
1854 1689 1895 1720 Et
1917 1699 2138 1731 quaecumque
2161 1691 2226 1721 iam
2249 1698 2397 1722 movente
2421 1691 2483 1722 alio
2502 1692 2687 1723 intermedia

1693 1740 1767 1764 sunt
1789 1732 1877 1771 finis,
1909 1740 1944 1764 ut
1975 1733 2114 1765 sanitatis
2142 1735 2256 1766 macies
2295 1742 2350 1766 aut
2381 1736 2526 1776 purgatio
2550 1743 2605 1767 aut
2627 1746 2686 1776 po-

1691 1777 1793 1807 tiones
1817 1784 1871 1808 aut
1894 1785 2026 1817 organa:
2051 1779 2160 1809 omnia
2184 1779 2269 1810 enim
2291 1779 2368 1810 haec
2392 1779 2462 1810 finis
2485 1779 2582 1819 gratia
2602 1787 2685 1812 sunt.

1690 1820 1846 1852 Differunt
1869 1828 1975 1852 tamen
1998 1823 2036 1852 ab
2059 1822 2206 1862 invicem,
2230 1824 2318 1864 quod
2342 1823 2402 1854 alia
2425 1823 2554 1865 quidem
2578 1834 2686 1864 opera,

1691 1865 1751 1895 alia
1766 1875 1840 1895 vero
1858 1875 1985 1906 organa.
2002 1865 2152 1898 *Causae
2171 1867 2301 1908 quidem
2317 1867 2412 1908 igitur
2435 1867 2499 1898 fere
2513 1874 2560 1899 tot
2581 1868 2686 1899 modis

1690 1909 1848 1940 dicuntur.

1622 2041 1788 2082 Contingit
1809 2049 1927 2081 autem,
1953 2042 2167 2082 multipliciter
2181 2043 2270 2073 dictis
2290 2043 2401 2082 causis,
2421 2049 2452 2074 et
2473 2043 2589 2074 multas
2605 2044 2686 2075 eius-

1689 2086 1763 2117 dem
1777 2096 1886 2117 causas
1903 2096 1969 2117 esse
1987 2096 2052 2117 non
2069 2087 2245 2117 secundum
2262 2087 2420 2118 accidens:
2437 2094 2472 2118 ut
2487 2087 2640 2119 statuifica
2655 2094 2687 2119 et

1689 2141 1741 2160 aes
1762 2140 1827 2160 non
1845 2131 2022 2161 secundum
2037 2131 2171 2161 alterum
2186 2131 2318 2171 aliquid,
2334 2131 2388 2161 sed
2405 2132 2581 2162 secundum
2597 2133 2687 2173 quod

1690 2180 1737 2205 est
1759 2181 1880 2212 statua3
1906 2175 1961 2204 sed
1993 2184 2060 2204 non
2091 2175 2205 2204 eodem
2236 2175 2355 2213 modo,
2385 2175 2439 2205 sed
2462 2175 2524 2206 hoc
2555 2176 2686 2216 quidem

1689 2225 1726 2248 ut
1743 2218 1882 2256 materia,
1899 2218 1979 2248 illud
2001 2225 2109 2249 autem
2132 2218 2212 2249 sicut
2235 2219 2320 2249 unde
2336 2226 2454 2249 motus.
2471 2219 2552 2250 Sunt
2579 2226 2687 2251 autem

1644 2258 1648 2260 “
1690 2262 1847 2303 quaedam
1871 2269 1902 2293 et
1924 2263 1964 2292 ad
1986 2262 2122 2293 invicem
2146 2273 2276 2302 causae,
2302 2270 2336 2294 ut
2359 2263 2500 2294 laborare
2524 2273 2617 2294 causa
2640 2271 2687 2296 est

1689 2306 1767 2336 boni
1790 2306 1926 2344 habitus,
1943 2313 1973 2337 et
1995 2306 2047 2337 hic
2070 2306 2253 2337 laborandi:
2279 2307 2333 2337 sed
2357 2317 2423 2338 non
2442 2308 2557 2338 eodem
2572 2308 2684 2348 modo,

1691 2350 1746 2381 sed
1768 2350 1845 2381 haec
1868 2350 1999 2391 quidem
2022 2351 2103 2381 sicut
2125 2349 2208 2389 finis,
2232 2350 2284 2381 illa
2308 2350 2389 2382 sicut
2407 2351 2600 2391 principium
2617 2362 2685 2383 mo-

1689 2401 1750 2425 tus.
1763 2394 1911 2434 Amplius
1926 2401 2033 2424 autem
2049 2394 2160 2424 eadem
2172 2394 2403 2425 contrariorum
2418 2401 2474 2425 est.
2491 2395 2582 2432 Quae
2599 2395 2685 2426 enim

1689 2448 1835 2478 praesens
1859 2448 1952 2468 causa
1975 2438 2070 2468 huius
2094 2445 2153 2476 est,
2178 2438 2339 2468 absentem
2363 2448 2490 2471 causam
2513 2439 2684 2480 aliquando

1690 2482 1852 2520 contrarii;
1877 2488 1911 2512 ut
1934 2482 2073 2512 absentia
2095 2482 2311 2521 gubernatoris
2335 2483 2422 2512 navis
2445 2482 2683 2523 submersionis,

1689 2526 1779 2557 cuius
1803 2532 1867 2556 erat
1890 2525 2064 2566 praesentia
2087 2535 2180 2556 causa
2203 2526 2322 2556 salutis.

1621 2621 1638 2640 *
1649 2621 1771 2652 Omnes
1787 2627 1894 2651 autern
1910 2631 1995 2651 nunc
2011 2620 2110 2651 dictae
2131 2630 2242 2651 causae
2254 2620 2286 2650 in
2302 2628 2439 2661 quatuor
2454 2621 2598 2653 incidunt
2613 2632 2683 2653 mo-

1689 2666 1747 2695 dos
1764 2664 2045 2695 manifestissimos.
2063 2664 2228 2695 Elementa
2243 2664 2327 2694 enim
2343 2665 2546 2706 syllabarum,
2561 2672 2590 2696 et
2604 2672 2684 2697 terra

1688 2719 1850 2746 vasorum,
1867 2715 1897 2739 et
1920 2708 2001 2748 ignis
2021 2715 2051 2739 et
2066 2708 2251 2739 huiusmodi
2267 2719 2450 2749 corporum,
2469 2717 2499 2740 et
2517 2717 2619 2750 partes
2635 2717 2683 2741 to-

1690 2753 1763 2791 tius,
1780 2760 1810 2783 et
1834 2753 2070 2792 suppositiones
2094 2752 2316 2791 conclusionis,
2333 2753 2414 2784 sicut
2437 2763 2474 2784 ex
2489 2764 2555 2794 quo
2573 2764 2684 2785 causae

1691 2804 1773 2827 sunt.
1799 2797 1923 2827 Harum
1946 2803 2054 2828 autem
2069 2797 2127 2827 hae
2143 2797 2273 2837 quidem
2297 2804 2370 2828 sunt
2393 2797 2473 2828 sicut
2492 2797 2684 2838 subiectum,

1690 2849 1726 2872 ut
1748 2848 1869 2881 partes:
1894 2841 1971 2871 aliae
1987 2848 2094 2872 autem
2110 2848 2183 2872 sunt
2206 2841 2286 2872 sicut
2313 2842 2402 2882 quod
2424 2842 2501 2882 quid
2520 2849 2585 2873 erat
2606 2852 2702 2881 esse„

1690 2893 1720 2916 et
1754 2893 1857 2916 totum
1892 2891 1922 2915 et
1955 2885 2144 2925 compositio
2177 2892 2208 2916 et
2231 2885 2358 2925 species.
2383 2885 2498 2916 Semen
2525 2892 2632 2917 autem
2655 2893 2685 2918 et

1691 2930 1832 2960 medicus
1852 2936 1882 2959 et
1905 2929 2072 2960 consilians
2096 2936 2126 2960 et
2149 2929 2282 2960 omnino
2306 2929 2442 2968 faciens,
2472 2939 2583 2960 omnes
2611 2935 2685 2960 sunt

1689 2974 1774 3004 unde
1798 2973 1991 3014 principium
2014 2973 2198 3004 mutationis
2222 2980 2277 3004 aut
2295 2980 2392 3004 status
2416 2980 2470 3004 aut
2493 2981 2600 3004 motus
2624 2980 2680 3005 est.

1690 3018 1779 3048 Aliae
1803 3024 1910 3048 autem
1934 3017 2014 3048 sicut
2036 3017 2107 3047 finis
2132 3023 2162 3047 et
2185 3018 2307 3048 bonum
2331 3017 2481 3048 aliorum:
2499 3027 2580 3058 quae
2599 3017 2684 3048 enim

1692 3069 1737 3092 est
1761 3061 1850 3092 cuius
1875 3071 1978 3099 causa,
2002 3061 2168 3102 potissima
2191 3068 2252 3099 est,
2277 3068 2308 3092 et
2330 3060 2402 3092 finis
2425 3061 2561 3092 aliorum
2583 3061 2685 3092 voluit

1691 3116 1769 3136 esse.
1794 3105 1902 3136 Differt
1925 3112 2031 3136 autem
2051 3105 2128 3135 nihil
2153 3105 2285 3135 eandem
2301 3105 2401 3136 dicere
2417 3105 2547 3144 bonam,
2570 3105 2621 3136 vel
2639 3105 2683 3136 vi-

1690 3150 1754 3180 deri
1783 3150 1910 3179 bonam.
1932 3149 1949 3168 *
1970 3149 2092 3180 Causae
2125 3149 2254 3190 quidem
2277 3149 2371 3189 igitur
2392 3149 2451 3180 hae
2479 3156 2510 3180 et
2540 3156 2588 3180 tot
2611 3156 2685 3181 sunt

1689 3203 1800 3234 specie.

1625 3341 1743 3377 druplex
1753 3353 1759 3369 ι
1771 3340 1939 3379 perficiens,
1947 3348 2139 3378 praeparans,
2151 3341 2300 3374 adiuvans,
2313 3340 2476 3369 consilians.
2486 3341 2539 3368 -6.
2552 3340 2582 3375 d)
2593 3339 2683 3373 Finis,

1625 3381 1680 3408 hoc
1702 3387 1744 3408 est
1766 3380 1795 3408 id
1815 3380 1896 3408 cuius
1917 3388 2004 3408 causa
2024 3380 2133 3417 aliquid
2146 3380 2195 3419 fit.
2219 3380 2295 3408 Finis
2317 3380 2435 3408 ultimus
2454 3387 2482 3408 et
2503 3380 2574 3408 fines
2595 3379 2683 3407 inter—

1625 3420 1720 3448 medii.
1737 3420 1840 3448 Omnis
1859 3420 1923 3449 finis
1944 3427 1986 3448 est
2000 3420 2132 3448 ultimum
2154 3429 2215 3448 non
2229 3419 2403 3456 simpliciter,
2418 3420 2469 3448 sed
2490 3425 2619 3456 respectu
2632 3417 2683 3446 ali-

1625 3459 1713 3488 cuius.
1725 3477 1743 3481 -
1759 3470 1784 3496 7.
1800 3460 1870 3488 Tria
1890 3459 2097 3497 consequentia
2111 3469 2143 3488 ex
2164 3459 2309 3496 praedicta
2323 3468 2473 3488 causarum
2487 3458 2683 3487 diversitate.-

1625 3500 1652 3527 8.
1669 3500 1779 3528 Omnes
1803 3509 1906 3528 causae
1931 3500 2106 3528 reducuntur
2127 3498 2156 3527 in
2171 3506 2295 3536 quatuor
2316 3499 2432 3536 species.
2449 3498 2545 3527 Prima
2565 3496 2682 3534 quidem

1623 3546 1651 3567 et
1672 3540 1805 3575 secunda,
1827 3549 1912 3568 causa
1934 3538 2086 3567 materialis
2110 3545 2138 3566 et
2156 3538 2293 3567 formalis.
2309 3555 2328 3560 -
2342 3548 2369 3575 9.
2391 3539 2457 3566 Duo
2479 3536 2566 3565 dubia
2587 3545 2682 3565 remo-

1623 3586 1732 3607 ventur.
1749 3596 1767 3600 -
1793 3588 1836 3607 ιο.
1859 3579 1964 3613 Tertia,
1979 3587 2066 3607 causa
2086 3575 2222 3606 efficiens.
2238 3594 2257 3599 —
2282 3587 2325 3606 ιι.
2342 3579 2459 3613 Quarta,
2477 3585 2564 3605 causa
2581 3575 2682 3611 finalis,

1624 3628 1698 3655 quae
1719 3625 1760 3647 est
1782 3618 1931 3655 potissima
1951 3626 2111 3646 causarum.

2718 785 2726 793 ·
2776 791 2799 812 ρ.
2810 790 2845 807 ιιι.
2859 785 2928 808 Text.

2716 815 2752 838 ²7-

2715 1179 2724 1188 “
2740 1178 2807 1202 Text.
2821 1179 2858 1202 28.

2715 1397 2724 1406 ⁹
2739 1395 2807 1419 Text.
2822 1403 2860 1426 ²9·

2713 1882 2723 1892 “
2738 1881 2806 1906 Text.
2821 1888 2858 1910 qo.

2711 2636 2719 2646 '
2733 2636 2802 2659 Text.
2815 2641 2847 2666 3¹·

2711 3164 2720 3173 “
2734 3163 2801 3186 Text.
2815 3169 2852 3192 3².
