2898 3996
766 349 830 371 cAP.
852 351 891 371 vr.

696 402 835 430 LECTIO
857 403 963 431 NONA

297 460 344 488 Ad
365 460 524 489 naturalem
544 461 667 498 pertinet
687 462 877 491 determinare
899 464 935 491 de
949 464 1158 501 vacum-Opi-

357 499 460 528 niones
490 507 518 528 et
544 500 670 529 rationes
699 499 906 531 affirmantium
937 509 965 531 et
991 503 1157 540 negantium

357 547 419 568 esse
439 549 562 568 vacuum
581 562 1155 571 ....................

759 615 824 636 CAP.
846 617 896 637 vn.

672 672 811 701 LECTIO
833 673 978 701 DECIMA

295 734 374 771 Quid
394 724 513 764 nomine
533 736 615 781 vacui
635 737 1051 774 significetur.-Excluduntur
1067 738 1159 767 ratio·-

353 784 405 803 nes
425 782 597 812 ponentium
617 786 740 805 vacuum
755 798 1151 806 ..............

749 857 812 877 car.
834 857 894 877 vm.

644 908 784 936 LECTIO
805 909 1003 937 UNDECIMA

292 974 335 1002 Ex
354 979 434 1010 parte
455 979 552 1002 motus
573 973 733 1002 ostenditur
757 982 818 1002 non
844 982 905 1001 esse
925 982 1048 1002 vacuum
1070 984 1151 1012 sepa-

350 1019 444 1041 ratum
452 1033 1148 1042 ........................

627 1072 727 1100 LECT
727 1072 766 1100 10
787 1072 1015 1101 DUODECIMA

290 1131 332 1158 Ex
352 1136 432 1168 parte
452 1130 609 1159 velocitatis
629 1136 658 1158 et
677 1130 817 1160 tarditatis
837 1131 867 1160 in
888 1138 970 1161 motu
990 1132 1150 1162 ostenditur

349 1179 471 1198 vacuum
493 1176 656 1207 separatum
677 1179 739 1199 non
759 1180 820 1199 esse
842 1193 1147 1201 ...........

594 1229 732 1256 LECTIO
755 1230 1041 1258 DECIMATERTIA

289 1287 331 1313 Ex
350 1292 431 1322 parte
457 1286 547 1323 ipsius
566 1287 650 1315 vacui
671 1287 830 1316 ostenditur
856 1289 936 1325 quod
960 1298 1083 1317 vacuum
1104 1298 1148 1318 se-

346 1332 478 1362 paratum
499 1335 560 1354 non
581 1333 616 1354 sit
627 1348 1144 1357 ..................

752 1406 816 1426 σΑΡ.
839 1406 878 1426 nt.

583 1457 723 1485 LECTIO
745 1458 1051 1493 DECIMAQUARTA

286 1520 375 1554 Quod
395 1529 456 1548 non
477 1520 512 1548 sit
532 1529 654 1548 vacuum
676 1521 846 1557 corporibus
867 1521 989 1550 inditum
992 1544 1144 1551 ......

755 1601 820 1622 CAP.
841 1601 870 1622 x.

585 1657 724 1685 LECTIO
746 1658 1039 1693 DECIMAQUINTA

282 1714 451 1752 Disputatur
470 1725 508 1744 an
527 1722 642 1753 tempus
662 1717 714 1752 sit,
743 1723 770 1745 et
795 1723 892 1746 utrum
913 1718 948 1745 sit
968 1718 1045 1746 idem
1066 1727 1143 1747 nunc

336 1754 372 1791 ⁴in
393 1761 455 1783 toto
476 1762 607 1792 tempore
627 1778 633 1784 .
656 1778 662 1783 .
686 1778 693 1784 .
716 1778 722 1784 .
746 1773 752 1784 ,ι
776 1778 1140 1789 ..............

753 1919 817 1940 CAP-
840 1921 860 1940 1.

671 1970 810 1999 LECTIO
832 1972 948 2000 PRIMA

279 2034 469 2072 Distinguitur
489 2041 586 2064 motus
605 2045 658 2072 per
677 2044 707 2064 se
722 2046 739 2064 a
752 2043 834 2065 motu
851 2046 903 2074 per
916 2037 1057 2066 accidens.
1080 2040 1137 2068 De-

338 2074 552 2103 terminandum
574 2083 635 2103 esse
656 2075 751 2104 solum
772 2077 809 2104 de
829 2076 923 2113 primo
952 2098 1137 2106 .......

641 2141 780 2169 LECTIO
802 2141 978 2170 SECUNDA

275 2198 392 2236 Species
412 2199 578 2227 mutationis
599 2199 792 2237 assignantur,
819 2206 847 2228 et
867 2201 1031 2245 ostenditur
1047 2210 1134 2238 quae-

337 2247 406 2267 nam
427 2248 460 2267 ex
481 2239 534 2267 illis
554 2239 590 2267 sit
610 2246 706 2267 motus
727 2240 821 2268 stricte
847 2246 979 2277 acceptus
1007 2262 1132 2269 .....

744 2307 808 2327 CAP-
830 2308 860 2327 11.

654 2357 793 2385 LECTIO
815 2358 955 2385 TERTIA

275 2408 364 2442 Quod
383 2407 413 2435 in
435 2407 496 2436 aliis
516 2408 754 2445 praedicamentis
776 2419 793 2438 a
809 2410 975 2446 quantitate,
997 2410 1132 2447 qualitate

334 2453 362 2475 et
381 2446 446 2483 ubi,
469 2457 530 2475 non
551 2454 593 2476 est
613 2454 710 2476 motus
730 2458 782 2485 per
802 2458 831 2477 se
855 2470 1131 2478 ..........

585 2531 589 2535 .
645 2507 784 2535 LECTIO
806 2508 963 2542 QUARTA

275 2564 464 2592 Concluditur
483 2570 596 2592 motum
617 2574 678 2593 esse
699 2566 793 2594 solum
814 2565 844 2594 in
865 2566 1034 2603 quantitate,
1061 2576 1131 2604 qua-

331 2603 410 2631 litate
431 2609 459 2631 et
478 2603 537 2631 ubi.
552 2620 571 2625 -
593 2604 721 2639 Qualiter
741 2611 838 2633 motus
858 2605 894 2634 sit
919 2605 949 2634 in
976 2607 1019 2635 his
1040 2607 1130 2636 tribus

332 2642 494 2679 generibus.
505 2660 524 2665 -
538 2644 617 2679 Quot
636 2643 732 2672 modis
753 2644 864 2673 dicatur
882 2645 1040 2675 immobile.
1062 2668 1070 2674 .
1092 2669 1099 2675 .
1122 2668 1129 2675 .

735 2709 799 2730 CAP.
820 2710 861 2738 m,

646 2755 785 2783 LECTIO
807 2756 951 2797 QmNTA

272 2805 462 2834 Definitiones
483 2814 584 2834 eorum
605 2815 678 2843 quae
698 2807 841 2843 pertinent
861 2809 898 2836 ad
919 2809 975 2837 hoc
994 2810 1074 2846 quod
1088 2815 1130 2838 est

331 2850 468 2884 tangere,
495 2852 523 2874 et
543 2847 580 2874 ad
600 2846 656 2875 hoc
677 2847 757 2883 quod
777 2854 820 2876 est
841 2857 902 2876 esse
923 2854 1129 2886 consequenter

330 2890 358 2912 et
377 2885 415 2912 ad
435 2886 598 2914 continuum
612 2906 1126 2917 ..................

746 3050 809 3071 CAP.
830 3051 850 3072 1.

659 3089 798 3118 LECTIO
820 3091 936 3118 PRIMA

268 3139 437 3184 Ostenditur
456 3139 567 3169 nullum
583 3142 754 3171 continuum
767 3152 802 3171 ex
815 3142 1035 3172 indivisibilibus
1047 3153 1126 3173 corn-

327 3187 408 3215 pom.
431 3200 437 3207 .
460 3200 466 3207 .
489 3197 514 3207 .-
519 3201 1123 3213 .....................

630 3237 769 3266 LECTIO
791 3239 967 3268 SECUNDA

266 3286 298 3315 Si
318 3286 487 3324 magnitudo
508 3297 542 3316 ex
561 3287 777 3318 indivisibilibus
798 3291 990 3327 componitur,
1011 3298 1124 3320 motum
1170 3326 1179 3339 x

327 3335 361 3354 ex
394 3326 428 3354 iis
458 3327 596 3364 componi
626 3335 757 3365 oportet:
793 3330 877 3358 huius
911 3330 1123 3368 impossibilitas

326 3365 486 3395 ostenditur
514 3388 1121 3399 .....................

733 3430 797 3450 car.
818 3431 847 3451 11.

643 3468 782 3496 LECTIO
803 3469 943 3497 TERTIA

264 3511 393 3547 Tempus
421 3511 450 3539 in
476 3511 664 3542 divisibilitate
692 3514 918 3551 magnitudinem
945 3516 1073 3553 sequitur
1093 3522 1120 3545 et

325 3559 341 3578 e
362 3560 500 3579 converso
516 3573 1118 3584 .....................

1304 267 1469 305 INDEX
2387 277 2463 322 461

1874 356 1938 376 CAP.
1960 357 2000 378 11.

1717 407 1818 435 LECT
1818 407 1856 435 10
1878 408 2149 438 DECIMASEXTA

1409 461 1486 496 Quid
1507 461 1543 490 sit
1559 468 1680 500 tempus,
1702 470 1730 492 et
1751 466 1901 501 quomodo
1922 476 1952 495 se
1972 467 2077 495 habeat
2090 468 2127 496 ad
2141 473 2263 504 motum,

1468 501 1637 538 disputative
1657 503 1809 540 inquiritur
1811 526 2261 536 ................
2298 518 2370 548 pag.
2406 519 2458 547 199

1194 551 1267 581 pag·
1300 543 1352 579 ¹7³
1698 563 1837 591 LEcrio
1858 564 2168 594 DEciMASEPnMA

1405 619 1557 656 Temporis
1578 620 1707 650 definitio
1728 621 1848 650 traditur
1867 628 1895 650 et
1915 623 2070 659 explicatur
2072 644 2259 660 .......
2322 636 2338 652 »
2400 633 2454 656 201

1638 691 1640 693 ·
1701 680 1840 708 LECTIO
1862 681 2166 710 DECIMAOCTAVA

1407 739 1564 774 Quomodo
1586 739 1621 767 sit
1641 740 1685 768 vel
1705 750 1766 768 non
1786 741 1822 769 sit
1847 742 1923 770 idem
1944 751 2021 771 nunc
2048 742 2078 771 in
2105 749 2168 772 toto
2189 750 2261 772 tem-

1297 781 1350 816 176
1464 788 1544 815 pore.
1567 779 1650 808 Ratio
1671 788 1772 808 eorum
1793 790 1866 818 quae
1887 781 2021 810 dicuutur
2041 784 2077 811 de
2099 792 2173 811 nunc
2189 804 2196 810 .
2220 804 2227 811 .
2252 805 2258 812 .
2323 796 2337 811 i>
2401 793 2459 821 204

1862 858 1926 879 cAP.
1948 859 1998 880 xn.

1702 905 1706 908 ’
1721 911 1860 939 LECTIO
1881 912 2135 941 DECIMANONA

1401 973 1617 1002 Manifestantur
1631 976 1773 1012 quaedam
1794 985 1867 1013 quae
1888 977 1923 1005 de
1937 983 2068 1013 tempore
2082 977 2138 1006 dici
2155 975 2256 1006 solent.
2321 989 2336 1004 »
2399 980 2455 1008 208

1294 1017 1348 1044 ¹8⁰
1759 1035 1897 1063 LECTIO
1918 1036 2097 1064 VIGESIMA

1402 1091 1560 1124 Quomodo
1581 1097 1677 1119 motus
1698 1098 1726 1120 et
1739 1092 1794 1120 alia
1807 1092 1837 1120 in
1854 1098 1983 1130 ternpore
2004 1094 2096 1122 sint.-
2107 1095 2188 1129 Quae
2203 1094 2259 1123 sint

1460 1136 1488 1158 et
1509 1139 1585 1167 quae
1602 1139 1664 1159 uon
1684 1131 1740 1159 sint
1760 1132 1790 1159 in
1809 1138 1939 1168 tempore
1946 1153 2252 1162 ...........
2317 1145 2332 1161 »
2397 1143 2450 1164 211

1210 1184 1226 1199 ³⁹
1292 1173 1343 1201 183
1859 1211 1922 1231 cAP.
1944 1212 2014 1233 xm.r

1697 1262 1836 1290 LECTIO
1857 1264 2153 1293 VIGESIMAPRIMA

1209 1341 1224 1356 ›
1291 1331 1344 1368 189
1400 1327 1478 1362 Quid
1498 1327 1657 1365 significent
1677 1338 1768 1365 nunc,
1797 1335 1878 1363 tunc,
1907 1330 1980 1365 iam,
2008 1332 2108 1365 modo,
2137 1332 2206 1360 olim
2227 1339 2255 1361 et

1458 1373 1576 1404 repente
1592 1389 1866 1397 ..........
1883 1379 1885 1382 ·
1890 1391 2254 1399 .............
2317 1383 2332 1398 »
2395 1374 2451 1401 216

1847 1449 1911 1470 CAP.
1933 1450 1991 1471 xtv.

1207 1535 1223 1550 v
1289 1531 1342 1561 ¹92
1668 1499 1807 1528 LECTIO
1828 1501 2184 1555 VlGESIMASECUNDA

1397 1564 1555 1598 Quomodo
1584 1564 1729 1600 corruptio
1757 1565 1926 1594 attribuatur
1954 1567 2087 1604 tempori.
2109 1584 2129 1589 —
2150 1568 2252 1597 Omnis

1455 1609 1551 1631 motus
1572 1609 1600 1632 et
1620 1603 1740 1632 mutatio
1762 1610 1804 1632 est
1825 1605 1855 1633 in
1875 1611 2005 1642 tempore
2034 1629 2250 1637 ........
2313 1619 2329 1635 »
2391 1617 2448 1647 219

1683 1664 1822 1693 LECTIO
1843 1666 2164 1696 VIGESIMATERTIA

1394 1721 1550 1750 Solvuntur
1577 1723 1767 1752 dubitationes
1795 1724 1868 1753 circa
1895 1725 2072 1755 existentiam
2099 1734 2127 1756 et
2154 1728 2248 1757 unita-

1285 1768 1338 1796 197
1453 1767 1512 1789 tem
1532 1763 1669 1799 temporis
1677 1784 2248 1795 ....................
2312 1779 2327 1794 >>
2389 1776 2441 1796 221

1248 1838 1404 1876 LIBER
1430 1840 1475 1877 V.

1854 1929 1917 1950 cAP.
1938 1930 1977 1950 1v.

1773 1993 1912 2022 LECTIO
1934 1995 2058 2023 SEXTA

1168 2087 1240 2118 pag.
1277 2087 1293 2108 2
1297 2087 1333 2117 27
1387 2063 1432 2090 De
1451 2062 1559 2091 unitate
1579 2063 1722 2100 generica,
1744 2064 1876 2101 specifica
1896 2071 1923 2093 et
1942 2066 2090 2109 numerica
2107 2073 2212 2096 motus.
2235 2089 2242 2095 .
2278 2075 2351 2107 pag.
2384 2076 2442 2106 247

1754 2145 1892 2173 LECTIO
1914 2146 2078 2175 SEPTIMA

1196 2252 1212 2267 ²⁹
1274 2242 1327 2270 231
1349 2210 1351 2216 ’
1384 2218 1489 2246 Iterum
1510 2219 1553 2285 del
1566 2218 1674 2264 unitate
1693 2221 1841 2264 numerica
1861 2228 1996 2251 motus.-
2010 2224 2076 2252 Duo
2097 2223 2145 2252 alii
2162 2225 2242 2253 modi
2403 2266 2416 2293 5

1445 2266 1532 2286 secun
1554 2267 1605 2287 aru
1625 2265 1740 2288 umtans
1761 2267 1857 2289 motus
1874 2282 2239 2292 .............
2304 2275 2319 2291 »
2382 2273 2398 2293 2
2425 2275 2434 2293 1

1852 2348 1915 2369 cAP.
1936 2349 1964 2369 v.

1753 2412 1891 2441 LECTIO
1914 2413 2071 2442 OCTAVA

1195 2461 1210 2477 ³⁹
1272 2451 1330 2487 234
1382 2482 1426 2509 De
1446 2482 1644 2511 contrarietate
1665 2490 1798 2512 motuum
1806 2505 2235 2516 ...............
2300 2500 2315 2515 »
2378 2489 2432 2518 255

1843 2572 1906 2594 εΑΡ,
1927 2574 1966 2594 VI.

1193 2657 1208 2673 ,
1271 2655 1288 2676 2
1289 2656 1328 2684 40
1777 2638 1915 2666 LECTIO
1937 2639 2043 2667 NONA

1379 2708 1423 2735 De
1444 2707 1642 2736 contrarietate
1664 2708 1765 2745 quietis
1789 2710 1827 2737 ad
1853 2716 1964 2739 motum
1991 2718 2019 2740 et
2047 2711 2175 2749 quietum
2195 2713 2243 2746 ad¹

1439 2746 1560 2776 invicem
1569 2769 2232 2780 .......................
2295 2764 2310 2779 ›>
2374 2754 2430 2791 259

1753 2822 1891 2850 LECTIO
1913 2823 2057 2851 DECIMA

1190 2899 1205 2915 x·
1268 2890 1323 2925 243
1378 2890 1534 2919 Solvuntur
1553 2893 1696 2930 quaedam
1716 2894 1906 2923 dubitationes
1926 2916 2229 2925 ...........
2293 2909 2308 2924 »
2370 2900 2427 2928 262

1231 2969 1385 3007 LIBER
1401 2970 1474 3008 ‘VL

1745 3051 1884 3091 LECsrlo
1907 3052 2063 3086 QUARTA

1376 3125 1501 3155 Finitum
1523 3133 1550 3156 et
1570 3127 1713 3157 infinitum
1734 3129 1863 3158 similiter
1882 3130 2065 3158 inveniuntur
2077 3131 2108 3159 in
2121 3131 2230 3168 magni-

1157 3193 1229 3223 pag.
1265 3185 1321 3221 2⁶⁷
1433 3166 1542 3234 53²5&ss
1555 3167 1632 3235 2222
1649 3170 2134 3237 {issffizzgtffiffflf'ffff‘f'ff‘ss‘Yfft
2156 3170 2229 3238 ina:
2261 3219 2333 3249 pag.
2367 3218 2423 3248 277

1799 3300 1879 3322 cm.
1900 3302 1941 3330 111,
1956 3302 1994 3322 rv.

1185 3382 1200 3398 ,
1262 3379 1319 3408 270
1744 3366 1882 3394 LECTIO
1905 3367 2048 3402 QUINTA

1372 3441 1460 3475 Quod
1481 3451 1555 3470 nunc
1575 3441 1611 3470 sit
1631 3442 1798 3470 indivisibile
1819 3443 1973 3479 temporis:
2002 3445 2082 3480 quod
2109 3444 2138 3473 in
2159 3444 2222 3482 ipso

1430 3479 1500 3508 nihil
1513 3488 1663 3509 moveatur
1678 3491 1731 3509 nec
1745 3481 1884 3518 quiescat:
1906 3489 1933 3511 et
1947 3484 2025 3520 quod
2040 3493 2127 3512 omne
2141 3486 2222 3522 quod

1429 3526 1561 3548 movetur
1580 3521 1615 3549 sit
1628 3520 1765 3549 divisibile
1776 3538 1794 3543 -
1803 3521 2001 3551 Dubitationes
2022 3525 2164 3561 quaedam
2177 3533 2222 3554 re-

1182 3567 1196 3582 »
1259 3557 1313 3593 273
1430 3566 1582 3588 moventur
1589 3581 2220 3594 ......................
2283 3577 2298 3592 »
2360 3566 2414 3594 281
