2898 3996
628 360 1377 446 PHYSICORUM
1434 361 2154 446 ARISTOTELIS

1204 575 1476 640 LIBER
1520 576 1584 640 V

1100 983 1398 1040 LECTIO
1435 983 1694 1039 PRIMA

790 1137 1099 1169 DISTINGUITUR
1121 1135 1272 1167 MOTUS
1294 1135 1377 1165 PER
1399 1135 1448 1165 SE
1471 1137 1501 1165 A
1523 1135 1650 1166 MOTU
1673 1136 1756 1166 PER
1779 1136 1998 1168 ACCIDENS.

940 1198 1322 1230 DETERMINANDUM
1340 1197 1440 1228 ESSE
1464 1196 1609 1228 SOLUM
1633 1197 1689 1227 DE
1712 1198 1845 1229 PRIMO

309 1346 533 1387 Μεταβάλλει
557 1342 594 1378 δὲ
620 1346 660 1378 τὰ
685 1345 904 1390 μεταβάλλον
929 1347 1010 1386 πᾶν,
1034 1345 1075 1376 τὸ
1100 1345 1159 1389 μὲν
1176 1344 1274 1376 κατά
1290 1355 1371 1388 συμ-
1423 1345 1440 1364 *
1459 1345 1702 1375 Transmutatur
1717 1352 1823 1376 autem
1837 1353 2047 1377 transmutans
2066 1357 2171 1386 omne,
2188 1349 2272 1379 aliud
2291 1351 2419 1391 quidem
2434 1362 2479 1382 se-
2505 1362 2515 1372 *
2527 1361 2583 1388 Cap.
2595 1367 2610 1382 ι.
2621 1361 2688 1383 Text.
2697 1368 2714 1383 1.

377 1390 538 1432 βεβηκός,
566 1390 633 1422 οἷον
661 1389 745 1423 ὅταν
773 1390 922 1436 λέγωμεν
949 1390 990 1421 τὸ
1014 1400 1170 1434 μουσικον
1203 1383 1366 1431 βαδίζειν,

378 1434 433 1467 ὅτι
460 1435 482 1476 ᾤ
507 1434 697 1479 συμβέβηκε
722 1435 866 1480 μουσικῷ
892 1431 995 1475 εἶναι,
1023 1434 1129 1465 τοῦτο
1156 1429 1299 1475 βαδίζει·
1327 1431 1368 1463 τὸ

376 1474 414 1511 δὲ
437 1480 486 1520 τῷ
510 1478 637 1511 τούτου
663 1490 697 1510 τι
721 1478 949 1523 μεταβάλλειν
970 1478 1084 1515 ἁπλῶς
1100 1476 1243 1523 λέγεται
1263 1487 1369 1518 μετα-

378 1522 536 1564 βάλλειν,
570 1523 636 1556 οἷον
671 1522 733 1555 ὅσα
762 1522 904 1568 λέγεται
935 1522 1031 1555 κατά
1061 1520 1157 1566 μέρη·
1187 1520 1368 1567 ὑγιάζεται

402 1566 440 1611 cip
474 1566 514 1598 τὸ
543 1568 661 1611 σῶμα,
690 1566 743 1599 ὅτι
770 1567 785 1598 ὁ
813 1567 980 1611 ὀφθαλμὸς
1006 1565 1027 1603 ἦ
1054 1567 1069 1598 ὁ
1094 1565 1223 1610 θώραξ,
1251 1565 1369 1597 ταῦτα

375 1579 414 1644 ge*
437 1610 519 1656 μέρη
547 1612 609 1643 τοῦ
635 1609 712 1643 ὅλου
737 1610 908 1654 σώματος.
937 1611 1036 1642 Ἔστι
1060 1606 1098 1642 δὲ
1121 1606 1165 1647 δή
1188 1621 1235 1650 τι,
1256 1610 1272 1641 ὃ
1290 1609 1368 1641 οὔτε

375 1655 472 1688 κατά
495 1655 703 1698 συμβεβηκὸς
733 1660 899 1696 κινεῖται,
935 1655 1087 1694 οὔτε,τῷ
1122 1654 1204 1686 ἄλλο
1234 1665 1269 1685 τι
1302 1653 1368 1684 τῶν

377 1699 501 1740 αὐτοῦ,
530 1699 620 1731 ἀλλοὶ
643 1700 692 1740 τῷ
717 1700 805 1731 αὐτο
825 1698 986 1731 κινεῖσθαι
1011 1699 1156 1742 πρῶτον.
1184 1699 1250 1729 Καὶ
1269 1697 1366 1729 τοῦτ’

378 1745 452 1777 ἐστὶ
477 1743 518 1776 τὸ
541 1742 616 1775 καθ’
647 1744 735 1775 αὐτὸ
759 1743 918 1784 κινητόν,
944 1743 1022 1775 κατ’
1053 1742 1156 1780 ἄλλην
1181 1738 1219 1774 δὲ
1242 1744 1369 1778 κίνησιν

377 1788 503 1831 ἕτερον,
531 1788 598 1819 οἷον
626 1788 864 1828 ἀλλοιωτικόν,
890 1789 949 1819 καὶ
975 1786 1183 1824 ἀλλοιώσεως
1209 1785 1369 1832 ὑγιαντὸν

378 1831 398 1869 ἦ
425 1831 609 1876 θερμαντὸν
635 1830 656 1868 ἦ
683 1830 808 1876 ἕτερον.

303 1875 403 1908 Ἔστι
427 1871 465 1908 δὲ
488 1878 546 1908 καὶ
571 1876 626 1908 ἐπὶ
656 1877 718 1908 τοῦ
746 1876 919 1912 κινοῦντος
953 1874 1130 1912 ὡσαύτως·
1156 1875 1197 1907 τὸ
1222 1874 1281 1918 μὲν
1305 1873 1370 1919 γάρ

376 1920 474 1952 κατά
496 1920 704 1964 συμβεβηκός
728 1923 829 1958 κινεῖ,
856 1919 896 1951 τὸ
921 1914 959 1951 δὲ
983 1919 1079 1951 κατά
1107 1918 1203 1963 μέρος
1229 1918 1277 1959 τῷ
1304 1919 1371 1949 τῶν

378 1963 504 1997 τούτου
538 1976 590 2005 τι,
622 1965 664 1997 τό
692 1960 730 1996 δὲ
758 1963 835 1996 καθ’
865 1964 953 1996 αύτό
987 1964 1142 2006 πρῶτον,
1176 1963 1243 1994 οἷον
1271 1962 1287 1993 ὁ
1312 1962 1371 2006 μὲν

371 2008 492 2053 -ἰατρός
517 2008 633 2049 ἰδἰται,
659 2009 680 2045 ἢ
707 2004 744 2040 δὲ
767 2010 837 2054 χεὶρ
863 2007 1025 2044 πλήττει.

271 2056 275 2061 ’
305 2050 402 2086 Ἐπεὶ
426 2050 456 2085 δ’
485 2053 558 2085 ἔστι
582 2052 641 2096 μέν
667 2064 701 2083 τι
726 2052 767 2085 τὸ
791 2053 902 2084 κινοῦν
928 2053 1083 2094 πρῶτον,
1110 2049 1184 2082 ἔστι
1208 2045 1246 2081 δέ
1272 2061 1305 2082 τι
1332 2049 1372 2080 τὸ

376 2096 583 2142 κινούμενον,
603 2096 655 2128 ἔτι
681 2097 713 2127 ἐν
739 2096 776 2137 ᾧ,
805 2097 820 2128 ὁ
845 2095 975 2141 χρόνος,
993 2097 1051 2127 καὶ
1076 2095 1171 2138 παρά
1197 2094 1315 2126 ταῦτα
1338 2091 1373 2133 ἐξ

379 2141 416 2173 οὗ
440 2143 497 2173 καὶ
523 2141 566 2177 εἱς
594 2139 624 2172 ὅ·
650 2140 768 2183 (πᾶσα
792 2140 856 2186 γάρ
880 2142 1006 2177 κίνησις
1024 2139 1060 2171 ἔκ
1079 2150 1167 2175 τινος
1185 2139 1243 2170 καὶ
1261 2140 1305 2175 εἴς
1324 2149 1371 2170 τι·

311 2221 424 2264 ἕτερον
449 2218 514 2264 γάρ
539 2217 581 2251 τὸ
607 2218 740 2260 πρῶτον
764 2216 956 2261 κινούμενον
980 2218 1037 2248 καὶ
1058 2217 1102 2253 εἰς
1122 2216 1298 2248 ὂκινεῖται
1314 2217 1372 2246 καὶ

380 2262 414 2303 ἐξ
441 2263 492 2303 οὖ,
519 2262 587 2294 οἷον
614 2262 655 2293 τὸ
680 2261 778 2303 ξύλον
802 2263 861 2293 καὶ
886 2261 927 2293 τὸ
951 2260 1069 2305 θερμὸν
1093 2262 1150 2292 καὶ
1176 2260 1217 2293 τό
1234 2258 1370 2304 ψυχρόν·

380 2307 514 2339 τούτων
539 2302 575 2338 δὲ
601 2306 642 2338 τὸ
666 2305 726 2350 μὲν
753 2304 787 2346 ὅ,
814 2306 855 2338 τὸ
879 2300 909 2336 δ’
937 2306 980 2342 εὶς
1009 2304 1041 2345 ὅ,
1068 2304 1109 2337 τὸ
1133 2300 1162 2335 δ’
1191 2303 1226 2344 ἐξ
1252 2304 1327 2343 οὖ·)
1351 2303 1371 2339 ἡ

377 2347 421 2386 δή
445 2353 571 2388 κίνησις
595 2346 698 2386 δῆλον
726 2348 780 2381 ὅτι
807 2349 838 2381 ἐν
864 2351 911 2391 τῷ
936 2349 1033 2390 ξύλῳ,
1060 2348 1118 2380 οὐκ
1144 2347 1175 2380 ἑν
1203 2349 1250 2389 τῷ
1277 2344 1369 2380 εἴδει·

378 2396 457 2428 οὔτε
482 2395 545 2440 γάρ
570 2398 653 2426 κινεῖ
677 2394 756 2425 οὔτε
780 2397 924 2426 κινεῖται
950 2394 990 2426 τὸ
1015 2389 1101 2430 εἶδος
1127 2392 1147 2429 ἦ
1175 2394 1191 2424 ὀ
1217 2392 1323 2431 τόπος
1349 2390 1371 2428 ἦ

379 2440 420 2472 τὸ
445 2434 604 2480 τοσόνδε,
632 2438 704 2470 ἀλλ’
735 2438 807 2470 ἐ’στι
835 2439 946 2470 κινοῦν
977 2438 1036 2468 καὶ
1059 2436 1251 2480 κινούμενον
1284 2438 1327 2475 εἰς
1355 2435 1370 2467 ὃ

375 2487 534 2515 κινεῖται·

312 2528 440 2572 μᾶλλον
491 2528 529 2571 οὶρ
555 2527 598 2563 εἰς
626 2526 642 2558 ὃ
667 2525 687 2563 ἦ
714 2524 748 2566 ἐξ
775 2526 812 2558 οὗ
840 2530 1003 2566 κινεῖται,
1035 2525 1242 2569 ὀνομάζεται
1268 2526 1288 2561 η’
1315 2538 1372 2569 με-

378 2540 527 2612 ταβολή·
551 2566 604 2602 Su}
635 2571 692 2602 καὶ
718 2571 738 2607 ἢ
764 2569 869 2614 φθορά
897 2571 940 2607 εἰς
971 2569 1011 2602 τὸ
1044 2569 1090 2613 μή
1124 2569 1157 2602 ὃν
1192 2569 1370 2613 μεταβολή

379 2617 466 2648 ἐστι·
491 2617 606 2648 καίτοι
630 2617 687 2646 καὶ
714 2615 748 2655 ἐξ
775 2614 870 2652 ὄντος
895 2612 1106 2658 μεταβάλλει
1135 2614 1176 2646 τό
1205 2612 1370 2659 φθειρόμε-

378 2671 446 2692 νον·
472 2660 530 2691 καὶ
556 2660 576 2695 ἢ
600 2657 726 2704 γένεσις
751 2659 795 2696 εἰς
822 2658 870 2699 ὅν,
896 2661 1010 2691 καίτοι
1035 2657 1070 2689 ἐκ
1095 2658 1142 2702 μή
1169 2657 1278 2695 ὄντος.

312 2706 350 2735 Τί
375 2703 435 2748 μὲν
455 2701 510 2735 οὖν
529 2703 620 2734 ἐστὶν
639 2703 659 2738 ἡ
676 2704 813 2743 κίνησις,
833 2705 964 2747 εἴρηται
982 2701 1157 2754 πρότερον·
1176 2702 1225 2734 τά
1247 2698 1275 2733 δ’
1298 2700 1368 2739 εἴδη

377 2749 437 2779 καὶ
462 2747 510 2779 τοὶ
533 2745 625 2782 πάθη
649 2748 708 2778 καὶ
727 2747 742 2778 ὁ
761 2746 880 2787 τόπος,
899 2747 943 2783 εἱς
963 2746 985 2778 οἳ
1004 2757 1178 2778 κινουνται
1196 2746 1244 2778 τά
1258 2745 1372 2777 κινού-

379 2803 480 2836 μενα,
517 2789 663 2827 ἀκίνητά
686 2791 798 2831 ἐστιν,
829 2791 895 2822 οἷον
922 2791 942 2827 ἡ
969 2788 1140 2834 ἐπιστήμη
1172 2792 1230 2821 καὶ
1256 2791 1276 2826 ή
1303 2789 1372 2834 θερ-

379 2835 499 2880 μότης.

312 2881 435 2912 Καίτοι
462 2877 662 2923 ἀπορήσειεν
690 2877 728 2910 ἄν
755 2889 824 2919 τις,
851 2878 879 2909 εὶ
905 2877 952 2910 τοὶ
975 2877 1066 2915 πάθη
1096 2877 1260 2919 κινήσεις,
1287 2879 1307 2915 ἡ
1333 2872 1370 2909 δὲ

377 2922 541 2960 λευκότης
566 2921 686 2959 πάθος·

314 2968 412 3000 ἔσται
436 2968 501 3014 γάρ
526 2967 570 3004 εἰς
593 2969 720 3004 κίνησιν
745 2965 937 3009 μεταβολή.
966 2966 1057 2997 Ἀλλ’
1077 2968 1153 3003 ἴσως
1181 2966 1243 3011 οὐχ
1260 2966 1280 3002 vi
1297 2968 1372 2998 λευ-

377 3011 481 3049 κότης
505 3013 648 3051 κίνησις,
678 3009 767 3042 ἀλλά
789 3011 809 3046 ἡ
834 3010 1021 3047 λεύκανσις.

306 3056 404 3088 Ἔστι
429 3051 467 3087 δὲ
489 3057 547 3087 καὶ
572 3055 604 3087 ἑν
629 3055 765 3091 ἐκείνοις
793 3055 852 3086 καὶ
883 3054 924 3087 τὰ
947 3055 1043 3086 κατά
1074 3054 1282 3099 συμβεβηκός
1313 3055 1369 3085 καὶ

381 3099 422 3131 *etl
446 3099 542 3132 κατά
565 3098 662 3143 μέρος
692 3100 751 3130 καὶ
782 3098 822 3130 τὸ
854 3098 933 3134 κατ’
964 3098 1046 3130 ἄλλο
1075 3101 1132 3130 καὶ
1158 3098 1198 3131 τὸ
1232 3097 1369 3143 πρώτως

380 3145 438 3175 καὶ
462 3143 508 3187 μή
537 3142 618 3176 κατ’
649 3143 750 3183 ἄλλο,
783 3143 850 3175 οἷον
875 3143 916 3175 τὸ
947 3142 1201 3187 λευκαινόμενον
1234 3144 1277 3180 εἰς
1310 3142 1369 3186 μὲν

381 3187 423 3219 τὰ
443 3186 619 3231 νοούμενον
637 3187 847 3231 μεταβάλλει
870 3187 965 3219 κατά
989 3186 1196 3231 συμβεβηκός
1222 3187 1287 3230 (τῷ
1305 3186 1368 3233 γάρ

380 3231 535 3276 χρώματι
559 3231 748 3276 συμβέβηκε
772 3230 954 3274 νοεῖσθαι),
973 3232 1017 3269 εἰς
1038 3227 1075 3263 δὲ
1093 3232 1223 3276 χρῶμα,
1244 3230 1297 3263 ὅτι
1315 3230 1370 3275 με’-

381 3287 434 3319 ρος
459 3275 499 3307 τό
523 3276 639 3307 λευκόν
657 3276 719 3308 τοῦ
743 3274 936 3319 χρώματος,
958 3276 1032 3316 [καὶ
1050 3276 1094 3313 εἰς
1112 3275 1176 3312 τήν
1194 3273 1367 3320 Εὐρώπην,

382 3318 436 3351 ὅτι
461 3318 557 3363 μέρος
583 3322 617 3351 αἱ
643 3318 784 3355 Ἀθῆναι
810 3320 871 3356 τῆς
896 3319 1094 3364 Εὐρώπης,]
1122 3320 1165 3357 εἰς
1188 3315 1225 3351 δὲ
1243 3319 1283 3352 τὸ
1299 3321 1372 3351 λευ-

378 3363 439 3399 κὸν
463 3362 583 3409 χρῶμα
606 3362 681 3394 καθ’
711 3361 813 3395 αὐτό.

313 3408 382 3445 Πῶς
407 3407 465 3452 μὲν
491 3405 546 3438 οὖν
570 3406 643 3439 καθ’
667 3407 755 3439 αὐτὸ
778 3410 936 3448 κινεῖται,
959 3409 1015 3439 καὶ
1041 3407 1108 3445 πῶς
1133 3407 1229 3440 κατά
1252 3407 1372 3450 συμβε-

383 3450 496 3492 βηκός,
514 3453 572 3483 καὶ
593 3452 660 3488 πῶς
684 3450 763 3482 κατ’
788 3451 869 3483 ἄλλο
889 3463 935 3492 τι,
955 3453 1013 3483 καὶ
1033 3453 1099 3489 πῶς
1119 3451 1159 3483 τὸ
1182 3451 1269 3483 αὐτὸ
1287 3452 1371 3494 πρῶ-

382 3507 456 3537 τον,
481 3497 538 3527 καὶ
563 3496 619 3527 ἐπὶ
644 3496 816 3532 κινοῦντος
846 3496 904 3527 καὶ
930 3496 984 3527 ἐπὶ
1015 3495 1225 3540 κινουμένου,
1252 3490 1368 3531 δῆλον·

380 3541 438 3571 καὶ
460 3538 513 3571 ὅτι
539 3539 559 3576 ή
583 3541 707 3577 κίνησις
734 3538 792 3571 οὐκ
817 3537 849 3571 ἐν
874 3540 922 3580 τῷ
939 3535 1033 3581 εἴδει,
1054 3537 1125 3572 ἀλλ’
1148 3537 1179 3571 ἐν
1199 3539 1246 3580 τῷ
1265 3550 1373 3570 κινου-

382 3583 468 3628 μένῳ
492 3586 548 3615 καὶ
573 3584 696 3624 κινητῷ
720 3583 798 3616 κατ’
827 3582 1006 3629 ἐνέργειαν.

1490 1389 1632 1419 cundum
1655 1389 1813 1427 accidens3
1830 1397 1866 1420 ut
1889 1401 1962 1420 cum
1979 1391 2110 1421 dicimus
2134 1393 2292 1424 musicum
2310 1396 2480 1434 ambulare,

1490 1432 1644 1473 quoniam
1667 1433 1718 1463 cui
1741 1433 1850 1464 accidit
1873 1434 2031 1465 musicum
2054 1445 2136 1474 esse,
2160 1436 2221 1467 hoc
2244 1438 2392 1469 ambulat.
2409 1440 2480 1470 Hoc

1490 1483 1597 1507 autem
1620 1486 1657 1506 ex
1675 1487 1713 1507 eo
1730 1477 1804 1518 quia
1819 1477 1913 1508 huius
1938 1479 2055 1519 aliquid
2078 1486 2232 1519 mutatur,
2256 1488 2285 1512 et
2303 1482 2482 1522 simpliciter

1491 1520 1603 1551 dicitur
1621 1521 1746 1559 mutari,
1766 1528 1802 1552 ut
1825 1532 2043 1563 quaecumque
2057 1523 2203 1554 dicuntur
2221 1526 2395 1556 secundum
2413 1537 2481 1567 par-

1490 1570 1551 1595 tes:
1572 1571 1697 1595 sanatur
1720 1565 1804 1595 enim
1821 1576 1946 1606 corpus,
1971 1567 2045 1607 quia
2063 1567 2174 1598 oculus
2198 1575 2252 1599 aut
2274 1569 2399 1608 thorax;
2423 1571 2481 1601 hae

1491 1615 1597 1638 autem
1615 1616 1716 1648 partes
1739 1609 1835 1640 totius
1853 1610 1992 1650 corpoxis
2009 1618 2090 1642 sunt.
2118 1612 2174 1642 Est
2192 1619 2298 1643 autem
2316 1614 2409 1644 etiam
2427 1615 2481 1644 ali-

1491 1652 1568 1692 quid
1591 1653 1679 1693 quod
1709 1663 1812 1694 neque
1835 1654 2009 1684 secundum
2031 1655 2172 1685 accidens
2196 1664 2354 1696 movetur,
2378 1668 2481 1698 neque

1490 1696 1523 1726 in
1542 1706 1581 1726 eo
1598 1697 1686 1736 quod.
1702 1697 1820 1737 aliquid
1835 1697 1932 1737 ipsius
1942 1721 1951 1736 ,
1971 1698 2025 1728 sed
2043 1699 2076 1728 in
2092 1709 2129 1729 eo
2146 1700 2233 1739 quod
2248 1700 2353 1740 ipsum
2371 1712 2480 1732 move-

1491 1746 1542 1770 tur
1565 1740 1686 1779 primo;
1711 1747 1740 1770 et
1754 1741 1814 1771 hoc
1838 1748 1883 1771 est
1906 1742 2080 1772 secundum
2106 1743 2244 1782 seipsum
2275 1745 2401 1775 mobile.
2427 1746 2479 1776 Se-

1492 1784 1634 1814 cundum
1651 1784 1748 1814 alium
1764 1791 1870 1814 autem
1889 1792 2014 1816 motum
2034 1793 2063 1816 et
2082 1786 2189 1824 alium,
2209 1787 2340 1818 alterum
2359 1796 2420 1827 est;
2444 1797 2480 1820 ut

1492 1828 1658 1866 alterabile,
1674 1834 1704 1858 et
1723 1829 1911 1859 alterationis
1931 1829 2064 1859 sanabile
2080 1837 2109 1860 et
2125 1830 2322 1861 calefactibile
2338 1833 2480 1864 alterum.

1425 1871 1442 1890 *
1460 1872 1518 1902 Est
1539 1878 1646 1902 autem
1662 1878 1692 1902 et
1705 1872 1738 1902 in
1757 1879 1903 1903 movente
1923 1873 2070 1904 similiter.
2090 1874 2186 1904 Aliud
2209 1874 2293 1904 enim
2308 1877 2482 1907 secundum

1494 1915 1636 1946 accidens
1659 1923 1782 1954 movet;
1812 1916 1896 1946 aliud
1924 1917 2098 1948 secundum
2124 1924 2259 1958 partem,
2277 1919 2310 1949 in
2334 1929 2371 1950 eo
2395 1922 2482 1961 quod

1492 1959 1677 1990 huiusmodi
1701 1960 1822 2000 aliqua;
1849 1960 1935 1991 aliud
1965 1970 2039 1991 vero
2063 1971 2118 2001 per
2141 1961 2279 2002 seipsum
2303 1963 2424 2002 primo;
2449 1971 2483 1995 ut

1493 2003 1634 2034 medicus
1658 2004 1787 2044 quidem
1811 2011 1908 2043 sanat,
1932 2015 2044 2035 manus
2067 2012 2173 2036 autern
2195 2006 2336 2046 percutit.

1426 2046 1445 2064 '³‘
1462 2047 1624 2084 Quoniam
1647 2054 1753 2078 autem
1770 2055 1815 2079 est
1830 2048 1948 2089 aliquid
1964 2059 2095 2079 movens
2109 2049 2259 2089 primum,
2276 2057 2320 2081 est
2334 2058 2439 2082 autem
2454 2058 2484 2082 et

1495 2091 1580 2121 aliud
1603 2092 1691 2132 quod
1706 2099 1866 2130 movetur,
1891 2092 1993 2123 adhu'c
2008 2092 2041 2123 in
2064 2103 2130 2134 quo
2149 2099 2289 2134 tempus,
2312 2101 2342 2125 et
2363 2102 2484 2134 praeter

1494 2135 1571 2166 haec
1594 2145 1631 2165 ex
1645 2145 1711 2176 quo
1728 2143 1758 2167 et
1775 2136 1808 2166 in
1829 2136 1919 2177 quid:
1947 2137 2050 2167 omnis
2079 2137 2163 2167 enim
2186 2144 2292 2168 motus
2311 2148 2329 2168 a
2345 2139 2484 2178 quodam

1495 2185 1526 2209 et
1547 2179 1580 2209 in
1603 2179 1765 2219 quiddam.

1427 2221 1572 2253 Alterum
1587 2223 1671 2253 enim
1687 2231 1733 2254 est
1748 2224 1837 2264 quod
1851 2223 1992 2263 primum
2005 2231 2165 2263 movetur,
2182 2231 2212 2255 et
2226 2225 2259 2255 in
2275 2226 2362 2265 quod
2378 2236 2484 2256 move-

1494 2273 1555 2305 tur,
1571 2273 1602 2297 et
1617 2276 1653 2296 ex
1668 2277 1744 2308 quo,
1760 2274 1796 2298 ut
1809 2267 1932 2307 lignum
1949 2274 1979 2299 et
1993 2268 2130 2299 calidum
2145 2275 2174 2299 et
2188 2268 2352 2308 frigidum;
2369 2270 2483 2300 horum

1493 2317 1600 2341 autem
1623 2310 1708 2341 aliud
1731 2311 1861 2352 quidem
1884 2312 2002 2342 mobile
2025 2319 2089 2350 est,
2114 2312 2198 2342 aliud
2220 2323 2294 2343 vero
2324 2314 2356 2343 in
2379 2315 2482 2354 quod,

1493 2354 1579 2384 aliud
1602 2365 1638 2384 ex
1655 2365 1731 2395 quo.
1756 2356 1863 2386 Motus
1882 2362 1988 2386 autem
2003 2356 2205 2387 manifestum
2221 2357 2309 2397 quod
2331 2357 2362 2387 in
2377 2358 2481 2397 ligno,

1493 2408 1559 2428 non
1582 2398 1621 2438 in*
1638 2399 1739 2439 specie
1763 2405 1821 2430 est:
1841 2409 1944 2439 neque
1967 2400 2052 2430 enim
2074 2407 2183 2430 movet
2211 2410 2312 2441 neque
2339 2408 2483 2432 movetur

1492 2442 1610 2482 species
1629 2450 1684 2473 aut
1698 2443 1787 2473 locus
1807 2449 1861 2473 aut
1876 2449 2031 2483 quantum
2045 2444 2116 2474 hoc.
2132 2444 2148 2463 *
2164 2444 2225 2475 Sed
2239 2451 2285 2475 est
2300 2454 2430 2475 movens
2453 2452 2483 2476 et

1491 2486 1579 2527 quod
1602 2493 1747 2517 movetur
1769 2486 1802 2517 in
1825 2487 1913 2527 quod
1935 2494 2090 2518 movetur.

1426 2529 1525 2570 Magis
1549 2537 1654 2560 autem
1669 2531 1701 2560 in
1717 2531 1816 2571 quod,
1833 2541 1930 2571 quam
1946 2541 1982 2562 ex
2002 2542 2067 2572 quo
2087 2538 2242 2570 movetur,
2263 2532 2481 2563 denominatur

1492 2574 1635 2605 mutatio.
1653 2575 1744 2605 Unde
1758 2575 1917 2615 corruptio
1936 2575 1969 2605 in
1988 2585 2055 2606 non
2071 2585 2136 2606 esse
2152 2576 2284 2607 mutatio
2301 2583 2356 2614 est,
2372 2587 2480 2617 quam-

1491 2618 1537 2648 vis
1570 2628 1606 2648 ex
1635 2628 1700 2648 esse
1730 2625 1868 2649 mutetur
1901 2619 1989 2659 quod
2017 2620 2245 2660 corrumpitur;
2272 2626 2303 2650 et
2325 2620 2479 2660 generatio

1491 2661 1524 2692 in
1549 2672 1624 2700 esse,
1649 2662 1793 2702 quamvis
1817 2673 1853 2692 ex
1876 2672 1941 2692 non
1965 2673 2040 2694 esse.

1425 2705 1442 2724 *
1458 2705 1545 2742 Quid
1568 2706 1698 2746 quidem
1713 2706 1806 2746 igitur
1822 2713 1929 2737 motus
1953 2707 2006 2744 sit,
2031 2707 2150 2738 dictum
2174 2714 2220 2738 est
2241 2708 2336 2747 prius.
2358 2707 2479 2747 Species

1492 2756 1599 2780 autem
1613 2756 1644 2780 et
1658 2750 1748 2780 locus
1764 2757 1795 2780 et
1810 2750 1981 2790 passiones,
1999 2751 2031 2780 in
2046 2761 2126 2791 quae
2137 2758 2303 2782 moventur
2317 2761 2396 2791 quae
2411 2761 2479 2781 mo-

1491 2800 1614 2832 ventur,
1637 2793 1813 2824 immobilia
1837 2801 1920 2832 sunt,
1944 2801 1980 2824 ut
2003 2795 2129 2825 scientia
2152 2802 2182 2826 et
2205 2795 2295 2826 calor.

1425 2881 1466 2912 Et
1480 2880 1632 2912 dubitabit
1648 2881 1760 2922 aliquis
1780 2881 1806 2911 si
1821 2882 1981 2922 passiones
1997 2889 2103 2913 motus
2128 2889 2218 2913 sunt:
2243 2882 2352 2912 albedo
2375 2888 2478 2912 autem

1492 2925 1596 2965 passio
1620 2932 1675 2956 est.

1425 2969 1492 2999 Erit
1515 2969 1600 2999 enim
1619 2970 1657 2999 ad
1681 2975 1806 2999 motum
1825 2969 1968 3000 mutau'o.
1992 2970 2032 3000 Et
2050 2969 2187 3000 fortassis
2213 2979 2277 3000 non
2301 2976 2346 2999 est
2367 2969 2478 2999 albedo

1491 3019 1609 3051 motus,
1634 3013 1687 3043 sed
1711 3013 1836 3044 albatio-

1425 3057 1482 3087 Est
1503 3063 1610 3087 autem
1633 3063 1663 3087 et
1685 3057 1717 3087 in
1740 3057 1801 3087 illis
1830 3063 1860 3087 et
1882 3057 1970 3097 quod
1998 3063 2044 3087 est
2066 3056 2240 3087 secundum
2267 3056 2424 3094 accidens,
2448 3062 2479 3086 et

1491 3101 1580 3141 quod
1596 3107 1641 3131 est
1655 3101 1829 3131 secundum
1845 3107 1965 3140 partem
1988 3107 2018 3130 et
2041 3100 2214 3130 secundum
2229 3099 2327 3137 aliud,
2347 3106 2377 3129 et
2391 3099 2477 3138 quod

1491 3145 1595 3184 primo
1619 3151 1664 3175 est
1688 3151 1718 3175 et
1740 3154 1806 3174 non
1825 3144 1998 3174 secundum
2021 3143 2115 3174 aliud.
2139 3144 2182 3173 Ut
2196 3143 2283 3182 quod
2301 3141 2336 3172 fit
2358 3141 2475 3179 album,

1490 3188 1523 3218 in
1538 3188 1570 3218 id
1586 3188 1674 3228 quod
1689 3188 1886 3228 intelligitur,
1903 3194 2042 3218 mutatur
2057 3186 2229 3216 secundum
2244 3184 2383 3215 accidens
2389 3191 2398 3221 ;
2422 3194 2475 3214 co·-

1490 3232 1550 3262 lori
1573 3232 1658 3262 enim
1681 3232 1791 3262 accidit
1803 3231 1948 3270 intelligi:
1973 3231 2005 3260 in
2021 3230 2158 3260 colorem
2181 3234 2300 3265 autern,
2316 3227 2390 3266 quia
2404 3237 2474 3266 pars

1491 3276 1599 3306 album
1623 3275 1735 3306 coloris
1760 3281 1815 3313 est,
1839 3282 1868 3305 et
1890 3274 1922 3303 in
1942 3274 2120 3312 Europam,
2139 3271 2212 3311 quia
2234 3280 2304 3310 pars
2326 3270 2474 3310 Europae

1491 3319 1631 3350 Athenae
1655 3325 1744 3349 sunt:
1768 3318 1800 3348 in
1820 3318 1925 3347 album
1948 3323 2053 3346 autem
2075 3315 2213 3345 colorem
2230 3324 2285 3354 per
2307 3323 2349 3343 se.

1426 3407 1600 3444 Quomodo
1617 3406 1746 3446 qui-dem
1760 3404 1853 3444 igitur
1866 3412 1921 3442 per
1932 3411 1964 3431 se
1974 3407 2127 3438 movetur,
2145 3405 2174 3430 et
2189 3399 2354 3440 quomodo
2366 3409 2474 3430 secun-

1492 3451 1570 3481 dum
1592 3450 1742 3486 accidens,
1767 3454 1796 3477 et
1818 3445 1981 3486 quomodo
1998 3444 2171 3474 secundum
2194 3443 2279 3473 aliud
2300 3442 2428 3483 aliquid,
2445 3449 2475 3473 et

1492 3485 1656 3534 quomodo
1672 3492 1777 3531 ipsum
1792 3490 1930 3530 primum
1946 3488 1977 3518 in
1995 3493 2139 3517 movente
2155 3493 2185 3517 et
2199 3486 2231 3516 in
2247 3496 2284 3516 eo
2301 3487 2388 3527 quod
2404 3496 2474 3516 mo-

1491 3544 1591 3575 vetur,
1609 3535 1809 3566 manifestum
1838 3539 1897 3570 est;
1921 3538 1951 3562 et
1975 3531 2063 3571 quod
2081 3536 2187 3561 motus
2210 3540 2275 3560 non
2298 3530 2331 3560 in
2350 3530 2473 3570 specie,

1494 3581 1547 3610 sed
1562 3580 1595 3610 in
1611 3589 1648 3609 eo
1668 3578 1755 3619 quod
1774 3582 1917 3606 movetur
1933 3581 1963 3605 et
1976 3574 2086 3605 mobili
2108 3574 2281 3605 secundum
2298 3580 2402 3604 actum
2418 3578 2473 3603 est.

2510 1881 2519 1891 '⁸
2533 1881 2599 1903 Text.
2614 1887 2634 1903 2.

2512 2057 2520 2065 ·
2534 2055 2600 2077 Text.
2616 2062 2636 2084 3.

2507 2449 2518 2459 ⁸
2533 2449 2598 2471 Text.
2613 2456 2637 2476 4.

2508 2717 2516 2725 ”
2530 2716 2595 2738 Text.
2612 2721 2631 2741 ς.
