2840 4004
2359 239 2431 263 xvn

386 314 475 356 Sed
508 314 543 354 si
578 313 631 354 de
665 313 977 354 authenticitate
1010 309 1268 352 recensionis
1302 322 1330 348 a
1364 308 1556 348 dubitare
1598 307 1713 355 licet,
1749 307 1863 348 idem
1895 307 1992 347 licet
2025 307 2078 348 de
2111 308 2427 348 authenticitate

262 377 470 419 codicum.
494 375 601 416 Illud
636 381 794 416 certum
829 374 953 414 nobis
978 378 1051 420 est,
1076 377 1238 411 textum
1269 370 1311 410 N
1343 370 1514 424 longius
1538 369 1693 409 distare
1727 369 1780 408 ab
1816 369 2010 423 originali
2034 382 2163 422 quam
2196 375 2358 416 textum
2392 371 2431 410 E

260 438 330 479 vel
363 439 392 487 I,
418 444 459 478 et
490 437 690 478 familiam
723 437 764 476 A
799 435 946 475 ceteris
980 432 1200 473 codicibus
1233 431 1498 485 praecellere.
1524 430 1612 470 Sed
1647 436 1687 470 et
1709 430 1814 470 haec
1835 430 2016 484 saepius
2053 430 2230 470 dubium
2263 430 2426 485 ingerit.

263 499 379 553 Quid
413 501 525 540 enim
548 499 583 539 si
606 504 696 538 tota
728 496 883 536 familia
904 496 946 535 A
969 508 994 534 a
1017 506 1229 534 consensu
1263 498 1500 532 ceterorum
1523 491 1707 532 recedit?
1731 491 1847 543 Quid
1870 491 1905 531 si
1928 497 2018 532 tota
2039 498 2205 545 praeter
2227 492 2259 532 S
2282 492 2351 532 vel
2374 493 2428 541 V,

262 561 335 616 qui
368 559 648 614 antiquissimi
682 563 780 598 sunt
818 562 859 596 et
892 555 992 595 nulli
1026 554 1215 595 bonitate
1248 553 1452 593 secundi?
1480 553 1689 601 Profecto,
1724 553 1759 592 si
1793 566 1962 606 semper
1995 553 2244 608 originalem
2267 559 2430 594 textum

261 622 443 663 familiae
466 622 519 670 A,
544 617 800 660 conferendo
835 617 924 657 eius
958 616 1204 656 individuos
1238 615 1418 663 codices,
1453 614 1643 654 invenire
1677 614 1802 654 nobis
1834 614 2084 668 contigisset
2106 614 2223 668 (nam
2247 615 2356 654 sicut
2378 627 2431 655 ex

263 683 489 724 collatione
529 680 779 721 familiarum
813 677 1078 718 concluditur
1109 677 1164 717 ad
1205 676 1535 731 autographum,
1559 676 1616 715 ita
1638 687 1691 715 ex
1714 675 1938 715 collatione
1961 676 2148 716 affinium
2171 676 2226 715 ad
2248 676 2431 729 primum

209 789 212 792 ,
263 740 584 798 apographum),
603 740 805 781 iudicium
829 740 881 780 de
905 753 955 779 ea
971 744 1130 779 certum
1151 739 1332 778 formare
1348 738 1648 791 potuissemus.
1667 736 1755 777 Sed
1775 742 1815 776 et
1830 743 1929 777 tunc
1953 743 2129 777 restaret
2151 737 2430 778 determinare

261 806 452 845 valorem
474 803 654 843 aliorum
677 801 865 842 affinium
889 800 1096 848 codicum,
1121 806 1167 840 ut
1189 799 1365 839 sciretur
1393 799 1506 839 unde
1530 798 1851 838 emendationes
1874 798 2108 838 sumendae
2137 805 2279 838 essent
2305 799 2430 853 primi

261 864 497 919 apographi
529 863 710 904 familiae
744 864 803 911 A;
839 875 936 903 nam
971 862 1110 902 omnis
1143 860 1417 915 apographus
1451 860 1607 900 menda
1639 860 1778 907 habet,
1803 873 1856 899 ne
1890 859 2028 899 dicam
2062 859 2295 900 mendosus
2323 866 2397 900 est.

384 926 451 966 Ne
485 938 589 980 ergo
623 925 666 964 in
700 924 857 964 crimen
889 929 1087 971 vertatur,
1123 922 1239 976 quod
1274 921 1433 962 nedum
1466 935 1598 961 unum
1631 921 1835 969 codicem,
1859 920 1936 961 sed
1969 934 2047 961 nec
2069 935 2197 961 unam
2231 922 2430 961 familiam

261 987 505 1042 putavimus
537 999 755 1027 assumere
788 991 991 1038 tanquam
1025 984 1162 1025 basim
1196 989 1366 1024 nostrae
1401 982 1608 1023 editionis.
1643 983 1741 1022 Hoc
1775 983 1887 1022 enim
1920 995 2048 1036 saepe
2072 996 2149 1023 nec
2171 988 2308 1023 tutum
2336 983 2430 1036 qui-

263 1048 362 1088 dem
399 1048 556 1096 fuisset,
593 1060 689 1088 cum
721 1047 954 1101 periculum
984 1046 1194 1086 incurrere
1220 1045 1515 1100 ‚potuissemus
1549 1043 1844 1084 introducendi
1878 1044 2168 1093 mutationem,
2194 1058 2304 1098 quae
2331 1050 2432 1098 post

262 1109 462 1150 ulteriora
493 1108 633 1149 studia
665 1114 932 1162 praematura
963 1106 1098 1148 v'ideri
1120 1112 1279 1160 posset.
1316 1106 1459 1147 Satius
1496 1106 1695 1145 duximus
1729 1119 1948 1158 nunquam
1984 1106 2220 1159 relinquere
2252 1106 2430 1146 Pianam

263 1171 505 1219 editionem,
540 1170 620 1210 nisi
653 1169 827 1224 quando
868 1174 1027 1209 certum
1074 1174 1162 1209 erat
1201 1181 1295 1208 eam
1337 1181 1424 1208 non
1467 1173 1731 1221 resumptum
1773 1166 1820 1206 iri
1863 1166 1916 1206 ab
1961 1167 2123 1220 aliquo,
2160 1167 2225 1207 cui
2263 1167 2431 1207 fortuna

263 1232 461 1272 meliores
495 1231 665 1271 codices
700 1231 936 1272 obtulisset.
961 1230 1100 1270 Huius
1134 1230 1277 1283 accipe
1311 1229 1554 1283 exemplum
1581 1242 1634 1268 ex
1666 1229 1733 1276 ΙΙΙ,
1757 1241 1797 1276 11,
1823 1229 1850 1268 3
1874 1228 1957 1268 fine
1981 1233 2046 1277 (ε);
2081 1232 2131 1269 ut
2149 1231 2236 1282 per
2254 1228 2304 1268 id
2320 1228 2437 1281 quod

262 1293 421 1333 dicitur
450 1296 580 1340 actus,
615 1292 863 1345 designetur
892 1291 995 1332 ordo
1027 1292 1118 1332 eius
1149 1291 1213 1332 ad
1235 1292 1491 1331 anteriorem
1514 1290 1771 1344 potentiam,
1807 1292 1850 1329 et
1869 1292 1956 1343 per
1974 1290 2024 1329 id
2050 1291 2166 1343 quod
2193 1290 2351 1330 dicitur
2385 1285 2430 1330 in

254 1355 449 1409 potentia
481 1354 709 1401 existentis,
745 1353 993 1407 designetur
1022 1353 1125 1393 ordo
1158 1353 1248 1393 eius
1280 1352 1343 1393 ad
1370 1352 1613 1392 ulteriorem
1635 1354 1778 1392 actum
1787 1366 1805 1399 ,·
1836 1351 2048 1392 variantes
2082 1352 2269 1392 afficiunt
2297 1352 2431 1391 verba

262 1416 519 1456 anteriorem
553 1421 595 1455 et
625 1414 878 1462 ulteriorem,
906 1420 947 1454 et
979 1414 1153 1468 quidem

386 1477 642 1517 anteriorem
667 1482 708 1516 et
729 1476 972 1516 ulteriorem
994 1476 1152 1516 habent
1174 1476 1249 1515 PR
1267 1481 1308 1515 et
1330 1474 1424 1515 edd.
1449 1475 1600 1515 Venet.
1633 1473 1759 1522 1551,
1786 1472 1911 1522 1552,
1938 1473 2064 1522 1561,
2097 1473 2210 1526 1564
2227 1480 2268 1515 et
2297 1474 2429 1523 1566;

377 1537 704 1591 praecedentem
727 1544 768 1576 et
789 1537 1032 1576 ulteriorem
1056 1536 1578 1587 ACIKLQSTVXYZab
1601 1541 1642 1576 et
1663 1536 1816 1575 Venet.
1841 1534 1966 1584 1500,
1991 1535 2117 1585 1506,
2143 1535 2268 1590 1517,
2293 1535 2428 1587 1545;

387 1598 643 1638 anteriorem
678 1603 718 1638 et
740 1598 1022 1651 posteriorem
1054 1598 1374 1645 DEFGHMO;

386 1659 643 1699 anteriorem
674 1659 748 1700 vel
764 1658 1091 1712 praecedentem
1125 1664 1166 1699 et
1188 1658 1470 1711 posteriorem
1501 1658 1574 1697 vel
1600 1657 1844 1698 ulteriorem
1876 1658 1928 1698 N.

262 1713 484 1774 Numquid
517 1720 641 1760 lectio
675 1720 856 1760 familiae
889 1721 942 1768 A,
982 1733 1111 1774 quam
1144 1720 1185 1759 N
1218 1725 1422 1773 tanquam
1458 1719 1692 1758 variantem
1726 1718 1909 1766 inducit,
1937 1719 2104 1759 sincera
2139 1726 2227 1768 est,
2267 1726 2429 1760 cetero-

264 1795 356 1822 rum
389 1794 493 1821 vero
514 1781 673 1835 falsa?
705 1782 1001 1822 Affirmantem
1043 1794 1293 1829 monemus,
1333 1794 1410 1834 pro
1435 1780 1761 1834 praecedentem
1794 1786 1905 1820 stare
1938 1794 2072 1821 unum
2105 1781 2286 1834 primum
2325 1794 2429 1835 apo-

262 1841 484 1898 graphum,
509 1843 666 1883 scilicet
698 1843 878 1883 familiae
901 1844 960 1891 A;
985 1856 1062 1897 pro
1086 1843 1343 1883 anteriorem
1364 1841 1419 1881 ad
1443 1842 1582 1882 minus
1609 1841 1724 1889 du05,
1750 1841 1826 1882 sed
1849 1842 2113 1895 probabilius
2137 1846 2224 1882 tres
2246 1856 2430 1897 apogra-

262 1904 384 1958 phos,
409 1904 637 1959 originales
670 1917 823 1958 nempe
858 1904 1054 1945 codicum
1087 1905 1178 1952 EG,
1212 1905 1251 1944 R
1285 1909 1326 1943 et
1358 1903 1466 1951 HN,
1500 1909 1546 1943 ut
1578 1903 1631 1943 de
1665 1904 1812 1943 ceteris
1846 1909 2073 1944 taceamus.
2104 1903 2330 1958 Quidquid
2363 1904 2430 1944 alii

262 1965 341 2006 hac
374 1965 416 2005 in
450 1978 494 2006 re
526 1966 749 2014 fecissent,
785 1966 889 2006 istae
923 1966 1287 2006 considerationes
1321 1978 1401 2004 nos
1437 1965 1745 2018 prohibuerunt
1770 1964 2093 2019 praecedentem
2127 1972 2240 2006 certo
2274 1966 2431 2006 habere

262 2027 562 2068 authenticum.
595 2028 852 2081 Exemplum
893 2027 1012 2081 quod
1055 2027 1272 2074 dedimus,
1309 2040 1409 2066 casu
1452 2039 1498 2066 se
1538 2027 1664 2067 nobis
1709 2026 1881 2075 obtulit;
1925 2032 1989 2067 tot
2037 2027 2148 2068 enim
2187 2027 2432 2068 huiusmodi

262 2088 358 2128 loca
389 2094 499 2136 sunt,
533 2094 580 2129 ut
611 2094 765 2142 sponte
799 2094 840 2129 et
872 2102 960 2129 non
994 2089 1211 2142 quaerenti
1245 2101 1291 2128 se
1325 2088 1515 2129 offerant.

389 2210 457 2250 Ex
499 2209 718 2250 codicibus
752 2215 793 2250 et
836 2210 957 2250 editis
999 2211 1225 2264 plusquam
1265 2210 1415 2264 viginti
1458 2211 1587 2251 millia
1629 2211 1881 2252 variantium
1915 2212 2144 2252 lectionum
2187 2211 2229 2252 in
2268 2212 2431 2266 scriptis

264 2271 419 2311 nostris
454 2271 725 2326 collegimus;
760 2285 940 2324 quarum
974 2272 1110 2311 maior
1142 2285 1238 2325 pars
1273 2272 1433 2317 nullum
1466 2273 1658 2313 valorem
1691 2273 1875 2321 haberet,
1911 2273 1990 2313 nisi
2023 2273 2210 2313 indolem
2239 2274 2432 2329 singulo-

263 2345 357 2372 rum
392 2331 587 2372 codicum
622 2338 663 2372 et
695 2332 929 2372 editionum
962 2333 1200 2387 proderent,
1225 2347 1273 2373 ac
1306 2333 1359 2373 de
1392 2333 1591 2373 affinitate
1622 2335 1954 2375 testificarentur.
1984 2335 2227 2375 Dicendum
2259 2342 2322 2376 est
2357 2349 2429 2376 no-

263 2393 330 2433 bis
364 2406 470 2446 quas
505 2406 558 2434 ex
589 2394 655 2433 his
687 2394 948 2434 variantibus
981 2394 1099 2448 prelo
1134 2407 1221 2434 non
1255 2395 1603 2435 commiserimus.

387 2455 530 2495 Primo
564 2455 738 2509 quidem
761 2469 848 2495 non
871 2456 1114 2496 notavimus
1147 2456 1500 2509 transpositiones
1522 2457 1755 2497 verborum
1777 2458 1892 2506 tales,
1919 2470 2029 2511 quae
2052 2471 2226 2499 sensum
2260 2459 2432 2499 minime

264 2515 446 2564 variant;
482 2515 656 2570 quando
698 2529 774 2571 per
817 2517 1163 2557 concordantiam
1202 2517 1398 2557 codicum
1437 2518 1701 2558 authenticae
1737 2518 2032 2559 indicabantur
2065 2533 2213 2560 eorum
2251 2520 2434 2574 disposi-

263 2577 413 2625 tiones,
437 2578 755 2618 immutavimus
788 2578 964 2618 Pianam
998 2578 1097 2618 nihil
1131 2578 1390 2619 annotando.
1421 2579 1826 2629 Animadvertimus,
1862 2580 1982 2634 quasi
2017 2594 2167 2622 omnes
2201 2581 2435 2636 transposi-

264 2637 404 2678 tiones
439 2639 635 2679 editionis
669 2653 696 2679 a
729 2639 772 2679 in
805 2640 1083 2693 sequentibus
1118 2645 1301 2680 retentas
1336 2653 1442 2680 esse.

390 2698 592 2739 Secundo
628 2700 850 2740 omisimus
885 2700 1067 2741 indicare
1101 2701 1305 2742 formulas
1342 2701 1535 2742 Secundo
1567 2702 1628 2742 ibi
1658 2709 1746 2751 etc.,
1777 2715 1887 2756 quae
1921 2703 2051 2744 editio
2095 2704 2309 2745 Timothei
2342 2705 2432 2744 Ve-

266 2761 461 2800 ronensis
494 2774 572 2814 pro
604 2761 772 2801 Deinde
803 2774 899 2801 cum
931 2762 1035 2802 dicit
1063 2762 1298 2811 substituit;
1333 2776 1432 2803 nam
1472 2764 1572 2817 quia
1604 2777 1732 2818 saepe
1766 2764 1959 2805 Secundo
1991 2766 2053 2805 ibi
2087 2766 2321 2820 incongrue
2354 2779 2433 2820 po-

269 2821 380 2860 nitur
411 2821 453 2862 in
487 2822 591 2862 locis
625 2822 697 2862 ubi
731 2823 773 2862 in
812 2823 892 2862 ista
925 2823 1121 2871 editione,
1157 2824 1342 2878 ideoque
1376 2825 1417 2864 in
1451 2826 1742 2878 sequentibus,
1779 2826 1969 2875 occurrit,
1995 2827 2071 2867 rati
2104 2841 2252 2868 sumus
2285 2828 2436 2868 unani-

268 2881 400 2923 mitati
425 2883 622 2923 codicum
641 2889 682 2923 et
703 2884 891 2938 priorum
925 2884 1160 2925 editionum
1193 2898 1362 2939 semper
1385 2886 1643 2926 credendum
1668 2900 1772 2928 esse.
1799 2887 1931 2940 Quod
1954 2888 2008 2928 ad
2043 2889 2264 2941 citationes·
2295 2895 2435 2929 textus

267 2942 510 2985 Aristotelis
544 2958 569 2984 a
601 2945 831 2986 Timotheo
866 2946 1127 2986 introductas
1161 2947 1318 2994 attinet,
1349 2960 1421 2988 eas
1456 2960 1772 2997 conservamus,
1808 2963 1915 2998 cum,
1950 2956 1997 2990 ut
2028 2950 2112 2991 iam
2147 2950 2342 2999 diximus
2378 2951 2435 2991 ibi

268 3003 439 3046 codices
473 3019 560 3046 non
594 3018 762 3060 semper
795 3008 1071 3048 consentiant.
1100 3009 1266 3048 Tamen
1300 3015 1341 3049 et
1375 3022 1446 3049 eas
1468 3010 1704 3050 secundum
1739 3011 1908 3051 codices
1944 3012 2237 3065 expunximus,
2262 3012 2436 3066 quando

268 3077 322 3104 ex
354 3067 495 3120 aliqua
534 3067 845 3108 circumstantia
888 3068 940 3109 de
983 3069 1308 3123 interpolatione
1342 3071 1575 3111 constabat.
1610 3071 1658 3112 Si
1692 3072 1788 3125 quis
1820 3073 1896 3112 has
1937 3073 2156 3114 citationes
2191 3086 2435 3128 expungere

267 3126 371 3166 velit
402 3141 563 3177 omnes,
587 3142 663 3182 per
695 3127 763 3169 me
797 3130 913 3178 licet;
947 3130 990 3170 in
1023 3137 1226 3184 apparatu
1259 3132 1511 3172 variantium
1547 3144 1697 3173 omnes
1732 3133 1910 3174 fideliter
1941 3134 2128 3175 inveniet
2150 3140 2329 3175 notatas.

392 3189 557 3237 Tertio,
582 3190 837 3231 omissiones
869 3192 938 3231 vel
962 3192 1233 3245 repetitiones
1256 3193 1646 3234 homoteleutorum
1676 3194 1971 3235 inobservatas
1994 3196 2325 3249 praeterivimus
2356 3195 2435 3236 nisi

268 3248 346 3288 toti
380 3248 502 3288 alicui
534 3250 715 3291 familiae
749 3265 998 3293 communes
1033 3259 1170 3302 erant;
1206 3247 1455 3294 communes
1491 3255 1602 3295 enim
1645 3256 1680 3295 si
1714 3262 1822 3304 sunt,
1847 3256 1901 3296 ad
1944 3257 2226 3297 characterem
2258 3257 2435 3297 familia-

268 3323 362 3350 rum
395 3309 614 3363 pertinent.
640 3311 936 3353 Correctiones
970 3314 1096 3354 etiam
1130 3315 1275 3355 talium
1310 3316 1514 3364 locorum,
1545 3317 1636 3356 sive
1669 3317 1857 3357 secunda
1891 3331 2018 3357 manu
2051 3318 2093 3357 in
2126 3318 2309 3371 antiquis
2342 3318 2435 3359 sive

268 3370 512 3424 simpliciter
542 3385 619 3425 pro
654 3377 770 3412 textu
803 3372 845 3412 in
881 3374 1119 3414 recentibus
1153 3376 1372 3416 codicibus
1406 3377 1689 3426 inveniantur,
1724 3392 1810 3418 non
1844 3378 2098 3427 notavimus,
2124 3378 2297 3433 quando
2333 3380 2436 3434 opti-

269 3444 363 3472 mae
398 3432 617 3472 intentioni
651 3433 792 3473 infelix
826 3434 962 3473 exitus
995 3436 1225 3488 respondit.

394 3493 569 3545 Quarto,
595 3494 816 3535 omisimus
840 3495 1132 3549 corruptiones
1166 3497 1432 3551 singulorum
1459 3500 1703 3547 verborum,
1728 3512 1838 3552 quae
1871 3513 1896 3539 a
1928 3501 2204 3555 scriptoribus
2239 3501 2435 3542 codicum

267 3567 396 3608 saepe
430 3555 752 3595 intermutantur
774 3569 870 3596 cum
894 3556 996 3605 aliis,
1021 3557 1177 3610 quibus
1202 3559 1457 3612 compendio
1481 3561 1554 3618 vell
1573 3561 1810 3614 significato
1833 3562 1901 3601 vel
1925 3568 2107 3616 utroque
2131 3563 2435 3612 assimilantur;
