2898 3996
40 1970 49 2008 fg
67 1981 91 2002 el
102 1984 150 2001 om.
165 1977 233 2000 codd.

12 2316 13 2319 ,
69 2293 179 2315 παπείὸίι
190 2298 244 2314 ma.

50 2343 54 2345 .
76 2320 146 2342 etiam
155 2319 252 2341 codd.et

10 2386 14 2398 ‚
71 2371 158 2394 transit
169 2371 220 2393 rab.

51 2519 56 2524 ..
62 2495 63 2498 “
70 2503 255 2551 Ἢῠιικκρπσ,

107 2774 113 2783 e
124 2764 183 2786 ont!
199 2771 258 2786 PFGU

20 2858 24 2863 ⁴
65 2866 144 2904 νΝιιιιι.
159 2874 207 2897 seq.

67 2967 144 2995 Num.
158 2979 185 2996 ιι.

1075 261 1185 298 CAP.
1214 249 1318 307 vin,
1348 259 1499 295 LECT.
1529 259 1633 295 xvii

270 343 489 380 continuum
517 343 555 379 in
583 342 659 379 duo
689 343 825 391 media,
845 349 936 379 tunc
962 341 1075 378 utitur
1097 352 1174 377 uno
1204 339 1324 387 signo,

270 396 407 433 scilicet
427 395 466 432 in
485 407 562 443 quo
582 395 758 432 dividitur
781 395 1012 441 continuum,
1032 402 1212 441 tanquam
1233 393 1325 428 duo-

270 449 352 494 bus,
375 448 462 496 quia
489 447 574 484 facit
592 448 718 496 ipsum
746 456 782 485 et
807 447 1033 496 principium
1060 446 1170 482 unius
1197 444 1324 492 partis,

261 508 308 550 vet
334 501 453 537 finem
481 500 639 537 alterius.
669 501 774 537 Facit
801 508 927 537 autern
955 501 1030 536 hoc
1066 496 1324 543 numerando,

272 560 308 590 et
334 553 374 589 in
402 553 478 590 duo
507 553 634 589 media
661 553 878 590 dividendo.
910 553 1009 589 Cum
1037 558 1164 588 autem
1192 549 1244 585 sic
1274 548 1326 584 di-

270 605 396 643 visum
415 606 523 642 fuerit
538 605 769 652 continuum,
790 605 866 642 iam
881 617 959 642 non
975 604 1042 640 erit
1061 602 1282 639 continuum
1295 602 1325 648 ³⁸,

271 657 351 695 sive
381 658 567 695 dividatur
590 658 822 706 magnitudo,
841 665 883 694 ut
902 657 1010 703 linea,
1031 655 1110 692 sive
1141 654 1327 691 dividatur

273 718 414 747 motus:
435 710 524 759 quia
551 722 622 747 nec
640 718 766 747 motus
794 716 918 758 potest
936 721 1018 745 esse
1039 707 1238 744 continuus
1257 706 1327 743 nisi

271 763 316 800 sit
335 763 513 810 continui,
533 762 671 799 scilicet
689 763 753 799 61*
767 761 922 798 subiecti
938 768 974 797 et
991 760 1173 808 temporis
1193 767 1229 795 et
1247 771 1326 795 ma-

271 815 472 863 gnitudinis
491 827 604 863 super
623 827 738 863 quam
765 813 895 850 transit
914 821 1052 850 motus.
1075 813 1137 849 Sic
1165 824 1252 860 ergo
1274 812 1326 848 di-

270 868 405 905 videns
423 874 616 913 numerat,
642 874 678 903 et
695 866 933 903 numerando
954 865 1235 902 continuitatem
1255 865 1327 901 sol-

271 920 336 957 vit.
358 920 441 956 Sed—
461 919 501 955 in
528 918 707 955 continuo
728 919 821 955 dum
850 918 1072 955 continuitas
1102 919 1221 964 durat,
1243 925 1328 954 sunt

220 1020 226 1026 ν
271 972 416 1009 infinita
432 971 558 1007 media
577 983 655 1008 non
676 973 695 993 ²¹²
709 971 747 1008 in
765 978 862 1018 actu,
883 971 950 1007 sed
970 971 1009 1007 in
1027 970 1214 1019 potentia:
1239 970 1328 1017 quia

271 1025 302 1061 si
330 1024 437 1061 faciat
465 1023 597 1072 aliquis
625 1023 779 1072 aliquod
814 1023 983 1060 medium
1012 1035 1094 1059 esse
1121 1024 1140 1044 ³³³
1160 1024 1197 1059 in
1225 1030 1327 1069 actu,

271 1076 346 1114 hoc
371 1076 441 1113 erit
467 1088 535 1124 per
555 1076 792 1122 divisionem,
812 1084 853 1113 ut
877 1076 1019 1113 dictum
1048 1083 1119 1123 est,
1148 1075 1187 1111 in
1210 1087 1327 1123 quan-

270 1137 353 1166 tum
382 1128 582 1177 accipietur
600 1136 641 1165 ut
667 1129 892 1177 principium
916 1128 1028 1165 unius
1057 1136 1094 1164 et
1126 1127 1211 1177 finis
1241 1128 1327 1164 alte-

272 1182 366 1228 rius;
397 1189 434 1218 et
451 1182 505 1218 sic
532 1193 612 1218 non
630 1182 840 1218 remanebit
859 1181 1092 1228 continuum,
1113 1181 1180 1217 sed
1202 1181 1328 1225 stabit,-

271 1234 366 1271 idest
394 1234 469 1270 iarn
498 1234 625 1271 media
653 1234 692 1271 in
719 1242 803 1270 actu
833 1246 911 1271 non
940 1241 1048 1270 erunt
1074 1233 1231 1280 infinita,
1261 1233 1328 1270 sed

272 1287 311 1323 in
339 1286 391 1323 eis
421 1287 488 1323 erit
506 1294 633 1323 status.
654 1287 770 1333 Quod
798 1286 961 1323 maxime
981 1286 1114 1323 accidit
1140 1286 1179 1322 in
1199 1298 1244 1322 eo
1265 1285 1330 1334 qui

271 1340 352 1376 vult
380 1351 579 1376 numerare
608 1339 748 1376 media:
778 1340 866 1388 quia
899 1351 1054 1376 necesse
1083 1346 1138 1375 est
1165 1339 1198 1375 ei
1226 1340 1330 1387 quod

272 1404 395 1428 unum
414 1392 564 1439 signum
591 1400 766 1428 numeret
791 1392 896 1440 quasi
925 1392 1013 1439 duo,
1033 1392 1256 1441 inquantum
1276 1399 1330 1427 est

272 1444 386 1481 unius
413 1444 622 1481 medietatis
650 1445 746 1491 finis,
774 1445 986 1481 et-alterius
1014 1444 1251 1493 principium.
1282 1445 1331 1480 Et

273 1497 348 1533 hoc
385 1496 469 1533 dico
499 1497 652 1545 quando
689 1509 768 1534 non
800 1505 1019 1534 numeratur
1053 1504 1175 1534 toturn
1212 1495 1330 1533 conti—

274 1561 394 1586 nuum
413 1556 455 1585 ut
476 1561 610 1595 unum,
631 1549 698 1586 sed
726 1558 972 1586 numerantur
991 1550 1087 1587 duae
1111 1549 1330 1586 medietates

273 1601 313 1638 in
340 1601 435 1649 ipso.
458 1601 497 1638 Si
526 1602 626 1638 enim
655 1602 856 1651 accipietur
891 1610 1014 1639 totum
1043 1602 1263 1639 continuum
1290 1609 1332 1638 ut

273 1666 404 1700 unum,
424 1661 516 1690 tunc
533 1654 610 1691 iam
630 1654 771 1691 dictum
793 1663 847 1691 est
865 1655 969 1702 quod
993 1655 1141 1702 signum
1161 1655 1331 1691 medium

275 1719 355 1743 non
382 1706 562 1754 accipitur
587 1714 629 1743 ut
655 1707 745 1755 finis
764 1716 799 1744 et
826 1706 1053 1756 principium
1082 1708 1120 1744 in
1148 1715 1243 1754 36111,
1265 1707 1333 1743 sed

275 1759 315 1796 in
333 1759 500 1807 potentia
521 1767 680 1796 tantum.

330 1812 400 1848 His
437 1823 525 1859 ergo
562 1812 677 1858 visis,
721 1812 1029 1861 respondendum
1067 1820 1122 1849 est
1159 1812 1206 1849 ad
1245 1824 1333 1849 eum

277 1863 341 1912 qui
368 1864 569 1911 interrogat
601 1877 649 1900 an
683 1865 872 1912 contingat
899 1865 1043 1902 infinita
1070 1865 1225 1902 transire
1254 1865 1333 1901 sive

277 1916 315 1952 in
342 1923 515 1965 tempore
544 1916 622 1954 sive
651 1917 689 1953 in
716 1918 985 1965 magnitudine,
1016 1918 1120 1966 quod
1148 1918 1334 1966 quodam-

278 1969 396 2006 modo
427 1969 618 2016 contingit,
645 1977 681 2006 et
698 1970 718 1991 ’³‘
737 1970 1024 2018 quodammodo
1048 1983 1126 2007 non
1146 1970 1334 2018 contingit.

281 2022 380 2058 Cum
409 2021 511 2058 enim
533 2022 611 2058 ‘sint
637 2021 781 2059 infinita
803 2022 843 2059 in
863 2023 958 2069 actu,
980 2035 1057 2060 non
1086 2023 1263 2070 contingit
1291 2035 1336 2059 ea

279 2073 460 2110 transire:
499 2086 587 2110 cum
623 2082 749 2111 autem
787 2075 858 2111 sint
893 2075 1037 2112 infinita
1068 2075 1111 2112 'in
1147 2075 1333 2124 potentia,

281 2125 459 2173 contingit
478 2132 501 2163 ¹².
531 2127 580 2162 Et
607 2126 659 2163 sic
689 2139 776 2164 curn
795 2127 834 2164 in
863 2128 1040 2164 continuo
1069 2140 1147 2164 non
1175 2128 1246 2164 sint
1282 2127 1336 2164 in-

281 2179 386 2215 finita
422 2178 549 2215 media
585 2179 654 2216 nisi
691 2179 730 2216 in
764 2180 948 2228 potentia,
984 2181 1161 2228 contingit
1193 2180 1351 2216 infinita.

281 2231 451 2267 transire:
482 2231 570 2280 quia
596 2231 686 2268 illud
714 2232 817 2280 quod
846 2233 1021 2269 continue
1059 2240 1250 2278 movetur,
1280 2245 1336 2269 se-

283 2284 450 2320 cundum
475 2283 650 2320 accidens
675 2285 843 2321 transivit
861 2286 881 2306 '⁸
900 2286 1055 2332 infinita,
1081 2286 1218 2322 scilicet
1238 2287 1280 2307 *Ψ
1301 2286 1337 2322 in

281 2336 458 2385 potentia.
485 2337 556 2387 Per
584 2349 624 2373 56
654 2337 753 2373 6111111
781 2337 949 2374 transivit
969 2339 988 2359 ἥ*
1008 2338 1145 2375 lineam
1173 2338 1335 2385 finitam,

283 2389 342 2425 cui
370 2388 502 2425 accidit
537 2389 642 2436 quod
669 2389 781 2426 insint
809 2390 842 2426 ei
869 2390 1014 2427 infinita
1041 2391 1167 2428 media
1204 2392 1242 2428 in
1269 2404 1337 2440 po-

281 2442 412 2487 tentia3
442 2441 508 2479 sed
537 2442 617 2490 ipsa
644 2442 741 2478 linea
779 2443 988 2479 secundum
1021 2444 1267 2481 substantiam
1305 2452 1340 2480 et

283 2494 467 2530 rationem
501 2503 556 2531 est
584 2494 656 2531 alia
684 2496 732 2531 ab
759 2495 827 2531 illis
849 2497 868 2516 '⁸
888 2496 1022 2532 mediis
1050 2496 1213 2533 infinitis.
1249 2498 1340 2533 Non

285 2546 385 2583 enim
422 2546 520 2583 linea
553 2548 794 2595 componitur
827 2560 871 2584 ex
903 2548 1067 2596 punctis:
1103 2550 1169 2586 sed
1202 2557 1341 2598 puncta

283 2606 442 2647 possunt
468 2599 603 2646 signari
631 2599 668 2636 in
696 2599 803 2647 linea,
833 2601 1056 2650 inquantum
1085 2602 1272 2639 dividitur.

339 2652 373 2688 8.
407 2651 554 2688 Deinde
592 2664 679 2688 curn
718 2652 827 2689 dicit:
866 2654 1112 2702 Manifestum
1149 2661 1272 2691 autem
1310 2661 1344 2691 et

284 2704 371 2751 quia
406 2711 500 2750 etc.,
531 2704 641 2740 solvit
671 2705 819 2742 tertiam
852 2706 1134 2743 dubitationem.
1164 2708 1213 2743 Et
1247 2707 1343 2744 circa

284 2755 359 2792 hoc
377 2756 445 2792 tria
464 2756 566 2793 facit:
586 2757 710 2804 primo
733 2757 840 2805 ponit
858 2758 878 2778 *
899 2758 1170 2795 dubitationem
1189 2767 1224 2795 et
1244 2761 1342 2796 solu—

285 2809 447 2854 tionem3
469 2809 636 2846 secundo
665 2810 878 2846 manifestat
896 2818 1097 2859 utrumque
1126 2823 1194 2860 per
1218 2824 1343 2848 exem—

284 2862 367 2910 pla,
389 2861 455 2897 ibi:
485 2862 540 2898 Sit
566 2868 707 2910 tempus
725 2863 744 2883 1*
765 2870 852 2907 616.;
882 2863 988 2899 161110
1008 2863 1117 2900 infert
1144 2864 1342 2911 quoddam

287 2914 545 2951 corrollarium
575 2927 619 2950 ex
653 2915 778 2961 dictis,
807 2915 874 2951 ibi:
913 2916 955 2951 Si
984 2921 1107 2952 autem
1141 2917 1341 2964 quodcum-

286 2978 357 3015 que
369 2967 390 2988 ²¹²
405 2974 473 3003 etc.
494 2967 605 3003 Ponit
620 2979 708 3014 ergo
729 2967 999 3005 dubitationem
1015 2968 1149 3016 primo,
1165 2981 1263 3016 quae
1283 2982 1342 3005 so-

286 3020 336 3055 let
355 3019 436 3055 fieri
455 3019 494 3055 in
513 3020 813 3066 generationibus
835 3028 869 3056 et
890 3021 1201 3069 corruptionibus.
1226 3022 1342 3068 Quod

288 3071 389 3107 enim
417 3079 631 3119 generatur,
658 3072 791 3109 desinit
819 3085 896 3109 non
924 3085 1004 3110 esse
1030 3081 1065 3110 et
1092 3074 1220 3122 incipit
1248 3086 1340 3111 esse.

289 3124 450 3171 Oportet
473 3132 599 3160 autem
619 3125 719 3161 aliud
744 3133 894 3174 tempus
913 3126 1090 3173 assignari
1111 3126 1144 3162 ei
1163 3126 1268 3174 quod
1288 3134 1342 3163 est

289 3188 371 3212 esse
390 3175 442 3212 rei
470 3185 667 3223 generatae
686 3178 748 3214 vel
773 3186 980 3226 corruptae,
1003 3186 1039 3214 et
1057 3178 1157 3215 aliud
1178 3179 1211 3215 ei
1239 3179 1341 3227 quod

290 3235 344 3264 est
371 3240 450 3264 non
478 3241 576 3265 esse:
606 3237 696 3277 puta
715 3229 744 3266 si
765 3242 809 3265 ex
838 3242 922 3266 aere
946 3238 1142 3278 generetur
1169 3231 1274 3278 ignis,
1304 3231 1342 3267 in

342 3333 367 3366 κ)
391 3334 455 3358 Cum
474 3333 544 3358 enim
567 3333 621 3358 sint
640 3334 744 3366 infinita
768 3335 793 3358 in
813 3338 900 3359 actu...
925 3334 950 3358 in
971 3335 1104 3366 potentia,
1124 3335 1342 3367 contingit.-1ta

290 3369 390 3393 codices
410 3368 520 3400 exceptis
540 3368 666 3399 dicendis;
682 3369 805 3393 editiones
823 3377 898 3393 vero:
920 3370 984 3393 Cum
1003 3369 1071 3394 enim
1096 3369 1150 3393 sint
1168 3370 1270 3402 infinita
1290 3377 1341 3395 me-

290 3403 335 3428 dia
355 3403 380 3430 in
399 3407 468 3432 actu,
484 3410 534 3427 non
554 3403 684 3436 contingit
702 3411 732 3428 ea
751 3404 798 3434 (ea
816 3404 936 3428 omittunt
954 3404 1012 3435 ab)
1031 3404 1158 3433 transire‚·
1176 3412 1235 3429 cum
1254 3408 1341 3429 autem

289 3438 343 3463 sint
362 3438 387 3462 in
398 3438 527 3470 potentia,
546 3438 677 3471 contingit
694 3439 797 3471 infinita
812 3439 940 3467 transire;
955 3439 1030 3463 etiam
1049 3439 1068 3463 F
1084 3439 1170 3463 media
1189 3439 1272 3469 habet,
1296 3441 1341 3464 sed

289 3473 330 3497 hic
357 3481 443 3497 sermo
462 3478 502 3497 est
527 3473 559 3497 de
577 3472 679 3498 infinitis
699 3473 723 3497 in
743 3474 893 3503 universali;
908 3474 975 3498 idem
991 3474 1010 3498 F
1025 3474 1050 3497 in
1064 3473 1114 3498 fine
1134 3481 1180 3506 pro
1199 3474 1342 3507 contingit,

289 3508 422 3540 contingit
446 3508 574 3536 transire;
601 3516 647 3539 pro
671 3516 729 3533 cum
753 3512 839 3533 autem
865 3509 934 3538 sint,
962 3516 1020 3533 cum
1045 3512 1133 3533 autem
1159 3512 1220 3533 sunt
1243 3510 1342 3533 codices

291 3543 400 3574 exceptis
416 3543 529 3567 DEFHN
545 3547 570 3566 et
585 3543 614 3571 R,
630 3543 674 3575 qui
688 3543 780 3567 omittit
792 3551 851 3568 cum
870 3547 984 3568 autem...
998 3544 1023 3568 in
1035 3543 1164 3575 potentia,
1178 3544 1344 3577 contingit.-

290 3577 354 3602 Post
368 3578 487 3602 ultimum
500 3578 631 3610 contingit
644 3579 726 3610 pergit
740 3578 774 3602 C:
790 3579 894 3611 infinita
908 3579 1023 3603 transire
1035 3579 1097 3611 quia
1111 3579 1177 3603 illud
1190 3579 1260 3611 quod
1279 3584 1343 3610 etc.;

2360 257 2432 303 431

1382 339 1461 368 toto
1479 340 1653 381 tempore
1681 336 1747 372 AB
1768 342 1846 372 erat
1874 348 1951 373 non
1976 337 2069 384 ignis
2089 336 2156 374 sed
2184 349 2265 383 aer;
2294 336 2333 373 in
2356 344 2436 373 toto

1382 392 1509 421 autern
1537 393 1710 434 tempore
1738 388 1803 424 BC
1833 395 1888 424 est
1915 388 2019 437 ignis.
2051 390 2151 426 Cum
2180 402 2268 437 ergo
2289 390 2363 426 hoc
2392 389 2439 426 si-

1382 449 1498 484 gnum
1525 440 1706 487 temporis
1734 441 1839 488 quod
1868 448 1922 477 est
1949 443 1997 488 B,
2027 442 2071 478 sit
2097 441 2246 490 utrique
2274 441 2438 490 tempori

1383 501 1594 538 commune,
1615 491 1764 528 videtur
1783 493 1887 541 quod
1914 494 1953 530 in
1980 495 2041 530 illo
2065 495 2214 530 instanti
2242 494 2438 531 communi

1382 542 1428 578 sit
1454 542 1565 578 simul
1594 556 1676 580 esse
1707 545 1801 592 ignis
1838 553 1874 582 et
1901 559 1979 583 non
2007 559 2088 583 esse
2118 547 2297 584 eiusdem.

1437 595 1546 631 Hanc
1575 608 1663 643 ergo
1693 597 1964 635 dubitationem
1993 601 2244 649 Philosophus
2272 601 2436 647 solvens,

1383 646 1470 684 dicit
1497 648 1739 685 manifestum
1768 663 1849 687 esse
1879 652 1983 700 quod
2002 653 2071 690 nisi
2091 654 2224 702 aliquis
2243 653 2332 690 illud
2351 654 2371 674 *
2389 653 2438 689 si-

1382 711 1500 747 gnum
1523 702 1716 750 temporis,
1745 704 1850 751 quod
1879 705 2009 742 dividit
2033 714 2183 754 tempus
2206 706 2309 755 prius
2330 718 2351 742 a
2369 718 2437 754 po-

1384 753 1539 800 steriori,
1556 755 1686 801 faciat
1710 767 1855 804 semper
1891 770 1968 794 esse
1989 759 2206 807 posterioris
2238 759 2309 805 rei,
2344 758 2438 795 idest

1383 806 1489 852 quod
1515 805 1554 842 in
1586 806 1648 842 illo
1677 807 1827 845 instanti
1860 811 1934 847 hoe
1962 812 2080 848 modo
2119 823 2158 848 se
2186 812 2360 848 habeat*
2379 823 2438 847 res

1383 858 1477 894 sicut
1503 858 1543 894 in
1561 866 1732 908 tempore
1753 863 1934 910 sequenti,
1954 865 2121 913 sequitur
2140 864 2244 913 quod
2271 864 2374 900 idern
2394 863 2439 900 sit

1385 922 1450 946 ens
1477 917 1512 946 et
1536 923 1614 947 non
1643 924 1709 949 ens
1737 914 1865 963 simul,
1895 923 1932 952 et
1959 918 2124 966 sequitur
2152 917 2256 965 quod
2284 916 2436 965 quando

1384 962 1525 1010 aliquid
1544 963 1684 1014 tactum
1714 974 1779 1013 est,
1809 968 1854 1004 sit
1872 981 1950 1005 non
1979 982 2056 1007 ens.
2086 971 2197 1007 Tunc
2226 969 2327 1005 enim
2347 969 2367 989 ²⁸
2386 969 2437 1005 fa-

1385 1022 1487 1050 ctum
1507 1022 1580 1063 est,
1615 1018 1767 1064 quando
1787 1022 1977 1066 generatio
1992 1023 2223 1069 terminatur,
2245 1022 2383 1058 scilicet
2401 1019 2447 1059 in¹

1384 1067 1446 1102 illo
1461 1079 1563 1103 1111116
1578 1069 1681 1116 quod
1699 1071 1830 1109 dividit
1843 1081 1993 1122 tempus
2012 1076 2115 1123 prius
2136 1082 2171 1111 et
2185 1075 2388 1123 posterius:
2409 1074 2439 1111 si

1385 1131 1474 1166 ergo
1502 1119 1541 1155 in
1559 1128 1638 1157 toto
1654 1130 1824 1171 tempore
1842 1126 1956 1173 priori
1978 1135 2054 1163 erat
2082 1129 2190 1164 non*
2207 1140 2283 1174 ens,
2305 1128 2342 1164 in
2365 1128 2440 1164 hoc
2466 1130 2475 1139 '

1386 1173 1499 1208 etiam
1517 1184 1620 1209 nunc
1634 1176 1788 1221 quando
1807 1177 1883 1214 iam
1900 1188 2119 1226 generatum
2140 1188 2206 1226 est,
2224 1187 2278 1217 est
2294 1181 2313 1201 ’¹‘
2328 1180 2439 1216 etiarn

1385 1236 1464 1261 non
1484 1236 1561 1272 ens,
1583 1226 1672 1275 quia
1685 1227 1784 1265 istud
1803 1242 1904 1266 nunc
1920 1239 1974 1268 651
1987 1232 2074 1268 finis
2094 1233 2227 1281 prioris
2246 1233 2438 1281 temporis,

1386 1277 1596 1323 Quomodo
1625 1287 1753 1316 autem
1773 1281 1842 1319 ista
1860 1283 2165 1321 inconvenientia
2184 1298 2261 1322 non
2281 1298 2440 1333 sequan-

1385 1337 1445 1366 tur
1459 1331 1632 1379 ostendit,
1654 1334 1820 1371 subdens
1839 1336 1944 1384 quod
1963 1349 2083 1373 unum
2104 1344 2140 1373 et
2158 1338 2260 1374 idem
2280 1350 2439 1374 nurnero

1386 1383 1547 1430 signum,
1568 1384 1707 1421 scilicet
1733 1399 1846 1435 nunc,
1868 1396 1922 1425 est
1951 1401 2153 1426 commune
2172 1390 2319 1438 utrique
2348 1397 2442 1426 tem-

1385 1436 1481 1483 pori,
1502 1436 1639 1473 scilieet
1654 1439 1672 1458 ss
1691 1440 1808 1486 priori
1824 1448 1859 1477 et
1876 1442 2095 1489 posteriori:
2117 1443 2184 1479 sed
2203 1442 2379 1490 quamvis
2398 1442 2444 1478 sit

1386 1500 1507 1524 unum
1520 1490 1539 1510 '¹‘
1551 1490 1730 1539 subiecto,
1752 1505 1830 1530 non
1849 1501 1977 1530 tamen
1993 1501 2048 1531 est
2065 1507 2185 1531 unum
2201 1495 2356 1540 ratione,
2377 1495 2443 1531 sed

1389 1541 1482 1586 duo;
1512 1549 1568 1578 est
1600 1543 1702 1580 enim
1734 1545 1821 1581 finis
1856 1546 1992 1595 prioris
2020 1548 2201 1596 temporis
2238 1555 2274 1584 et
2309 1547 2444 1596 princi-

1386 1594 1494 1641 pium
1520 1596 1749 1643 posterioris.
1776 1599 1852 1635 Sed
1880 1599 1910 1635 si
1938 1599 2140 1648 accipiatur
2167 1600 2205 1636 in
2232 1600 2314 1648 ipso
2343 1612 2445 1636 nunc

1388 1647 1488 1694 quod
1507 1649 1526 1668 *
1546 1660 1605 1684 res
1632 1655 1694 1696 est,
1719 1650 1816 1687 idest
1833 1651 1863 1688 si
1883 1652 2084 1701 accipiatur
2103 1653 2313 1689 secundum
2341 1652 2445 1700 quod

1390 1707 1445 1735 est
1471 1712 1593 1736 unum
1615 1713 1666 1748 re,
1687 1714 1839 1751 semper
1857 1711 1958 1741 tenet
1977 1718 2017 1741 se
2038 1718 2125 1741 cum
2144 1705 2340 1754 posteriori
2360 1717 2444 1753 pas-

1390 1752 1508 1788 sione.
1538 1753 1608 1789 Vel
1636 1754 1754 1791 aliter:
1785 1758 1960 1804 quamvis
1984 1758 2108 1806 ipsum
2128 1770 2229 1794 nunc
2256 1758 2302 1794 sit
2319 1758 2339 1778 ‘¹‘
2358 1757 2444 1794 finis
2471 1764 2480 1772 '

1389 1805 1571 1853 temporis
1598 1806 1731 1854 prioris
1760 1816 1796 1844 et
1822 1810 2048 1859 principium
2074 1810 2305 1858 posterioris,
2331 1818 2367 1846 et
2393 1810 2447 1846 sic

1389 1857 1434 1893 sit
1453 1859 1667 1895 communis
1686 1860 1851 1908 utrique;
1880 1870 2008 1900 tamen
2027 1863 2237 1900 secundum
2266 1863 2366 1911 quod
2396 1868 2450 1899 est

1389 1910 1463 1956 rei,
1492 1910 1587 1947 idest
1614 1915 1826 1950 secundum
1864 1916 1966 1963 quod
2005 1924 2245 1964 comparatur
2281 1916 2328 1952 ad
2365 1927 2446 1951 rem

1390 1974 1487 2011 quae
1515 1972 1712 2013 movetur,
1742 1979 1892 2015 semper
1920 1976 1975 2004 est
2001 1968 2218 2016 posterioris
2244 1967 2446 2016 passionis;

1390 2015 1478 2063 quia
1496 2028 1555 2052 res
1575 2029 1673 2064 quae
1733 2027 1921 2068 movetur,
1942 2021 1980 2058 in
1998 2021 2068 2058 illo'
2081 2021 2229 2058 instanti
2249 2029 2303 2058 est
2326 2020 2448 2057 subie-

1390 2076 1448 2104 cta
1475 2069 1643 2116 passioni
1660 2073 1877 2119 posterioris
1896 2074 2089 2122 temporiS.

1444 2133 1479 2168 9.
1511 2122 1572 2157 Sic
1599 2134 1687 2170 ergo
1707 2124 1919 2163 obiectione
1941 2134 1976 2162 et
1994 2126 2179 2163 solutione
2208 2126 2341 2175 posita,
2367 2137 2446 2161 ma—

1390 2172 1538 2209 nifestat
1564 2182 1766 2224 utrumque
1793 2190 1862 2225 per
1891 2181 2080 2228 exempla:
2120 2187 2155 2215 et
2185 2179 2310 2227 primo
2344 2178 2446 2215 obie-

1391 2225 1575 2273 ctionem,
1607 2240 1693 2264 curn
1723 2229 1828 2266 dicit:
1858 2232 1914 2268 Sit
1939 2237 2081 2279 tempus
2113 2239 2181 2268 etc.
2211 2232 2309 2268 Dicit
2337 2243 2446 2278 ergo:

1391 2278 1436 2314 sit
1463 2285 1611 2327 tempus
1646 2282 1748 2317 ACB
1771 2281 1800 2329 λς
1830 2295 1888 2320 165
1920 2291 2047 2320 31116111
2076 2297 2173 2333 quae
2201 2290 2378 2321 movetur
2405 2283 2449 2319 sit

1391 2332 1448 2378 D;
1469 2333 1575 2379 quod
1594 2334 1749 2381 quidem
1769 2336 1802 2371 D
1824 2336 1862 2372 in
1881 2338 1915 2372 A
1934 2343 2105 2385 tempore
2125 2337 2170 2373 sit
2189 2338 2337 2383 album,
2358 2337 2397 2373 in
2416 2338 2446 2373 B

1393 2391 1519 2420 autem
1548 2398 1626 2422 non
1654 2388 1795 2424 album.
1817 2389 1973 2425 Videtur
1993 2401 2081 2437 ergo
2101 2389 2207 2438 sequi
2230 2389 2335 2438 quod
2354 2389 2393 2426 in
2416 2389 2447 2426 C

1393 2436 1438 2473 sit
1457 2438 1585 2474 album
1607 2446 1642 2474 et
1664 2452 1742 2476 non
1762 2442 1902 2478 album.
1929 2442 1978 2478 Et
2001 2443 2198 2490 quomodo
2217 2443 2292 2478 hoc
2315 2454 2448 2489 sequa-

1393 2498 1453 2526 tur
1480 2492 1642 2528 ostendit
1669 2493 1855 2530 subdens:
1881 2495 1910 2531 si
1939 2494 2040 2532 enim
2064 2495 2102 2531 in
2121 2503 2199 2532 toto
2223 2502 2393 2543 tempore
2413 2496 2447 2530 A

1396 2551 1450 2580 651
1478 2545 1606 2581 album
1630 2546 1660 2592 ἔμ’,
1687 2546 1853 2593 sequitur
1889 2547 1993 2595 quod
2021 2547 2059 2583 in
2087 2548 2255 2595 quolibet
2292 2554 2446 2595 accepto

1396 2597 1434 2633 in
1461 2597 1544 2645 ipso
1573 2600 1607 2634 A
1636 2598 1681 2634 sit
1708 2600 1854 2646 album;
1884 2608 1920 2636 et
1948 2600 2114 2636 similiter
2133 2601 2162 2636 si
2189 2600 2228 2636 in
2255 2607 2333 2636 toto
2353 2607 2447 2636 tern-

1395 2662 1489 2698 pore
1517 2651 1547 2686 B
1569 2658 1624 2687 est
1643 2663 1720 2687 non
1748 2653 1888 2699 album,
1910 2653 2075 2701 sequitur
2093 2653 2197 2701 quod
2225 2653 2263 2689 in
2283 2652 2450 2701 quolibet

1396 2703 1512 2751 ipsius
1549 2712 1704 2752 accepto
1739 2705 1785 2741 sit
1812 2717 1890 2742 non
1922 2706 2070 2742 album:
2111 2718 2197 2742 cum
2227 2717 2314 2752 ergo
2345 2701 2449 2741 C‘sit

1397 2764 1596 2804 acceptum
1615 2757 1653 2793 in
1672 2765 1844 2806 utroque,
1866 2758 1952 2806 quia
1972 2766 2027 2794 est
2045 2759 2155 2795 huius
2182 2758 2267 2794 finis
2293 2765 2326 2794 et
2354 2757 2449 2793 illius

1396 2809 1634 2858 principium,
1654 2810 1803 2847 videtur
1831 2811 1938 2860 sequi
1965 2810 2069 2859 quod
2092 2812 2131 2848 in
2151 2811 2181 2847 C
2202 2811 2246 2847 sit
2265 2811 2393 2859 album
2414 2817 2450 2846 61

1397 2873 1475 2898 11011
1503 2863 1644 2899 album.

1455 2926 1512 2951 10.
1535 2916 1712 2952 Secundo
1728 2916 1794 2953 ibi:
1814 2918 1903 2954 Non
1919 2928 2011 2966 ergo
2026 2918 2190 2954 dandum
2206 2923 2260 2954 est
2273 2924 2353 2962 etc.,
2370 2928 2449 2952 ma-

1396 2967 1545 3004 nifestat
1567 2968 1793 3005 solutionem
1818 2982 1931 3018 supra
1946 2972 1964 2989 ff
1979 2971 2153 3018 positam.
2175 2971 2223 3006 Et
2246 2970 2332 3007 dicit
2346 2968 2450 3017 quod

1396 3032 1475 3057 non
1503 3028 1558 3057 651
1586 3022 1873 3059 concedendum
1902 3022 2004 3071 quod
2032 3023 2070 3060 in
2099 3025 2266 3071 quolibet
2294 3031 2448 3071 accepto

1396 3072 1434 3108 in
1461 3075 1496 3109 A
1525 3075 1568 3109 sit
1596 3075 1747 3122 album,
1781 3076 1848 3112 sed
1877 3084 1931 3112 est
1960 3076 2221 3124 excipiendum
2240 3077 2259 3097 '¹‘
2277 3076 2448 3112 ultimum

1396 3137 1508 3172 nunc,
1530 3129 1632 3174 quod
1662 3135 1715 3163 est
1745 3128 1787 3174 C,
1809 3128 1911 3175 quod
1940 3129 2092 3176 quidem
2126 3129 2202 3164 iam
2231 3136 2285 3164 est
2306 3134 2449 3175 postre-

1396 3189 1515 3223 mum,
1536 3179 1631 3215 idest
1658 3179 1809 3216 ultimus
1837 3181 2018 3216 terminus
2048 3180 2281 3216 mutationis:
2302 3188 2391 3228 puta
2419 3180 2450 3216 si

1396 3230 1524 3267 album
1552 3233 1614 3268 vel
1642 3232 1756 3268 fiebat
1787 3233 1847 3268 vel
1877 3234 2187 3281 corrumpebatur
2220 3233 2259 3269 in
2286 3240 2364 3269 toto
2392 3234 2447 3279 A,

1395 3337 1488 3361 omittit
1507 3345 1568 3369 ergo
1582 3337 1774 3362 homoteleuton
1788 3339 1823 3362 Et
1836 3338 1873 3363 sic
1887 3345 1945 3362 curn
1959 3338 1984 3362 in
1997 3338 2116 3362 continuo
2130 3346 2181 3362 non
2194 3338 2244 3362 sint
2258 3338 2354 3363 infinita
2366 3339 2450 3363 media

1396 3372 1444 3396 nisi
1463 3371 1489 3396 in
1505 3373 1635 3403 potentia,
1654 3373 1792 3405 contingit.

1449 3405 1476 3438 λ)
1497 3407 1570 3431 Dicit
1588 3415 1667 3439 ergo:
1684 3408 1719 3431 sit
1733 3411 1834 3438 tempus
1847 3408 1926 3432 ΑΕΒ.
1940 3421 1959 3426 -
1972 3407 2022 3431 Pro
2039 3407 2111 3432 Dicit
2125 3415 2196 3440 ergo,
2213 3408 2248 3433 Et
2260 3408 2325 3433 dicit
2338 3409 2449 3434 PEGab.

1397 3441 1447 3465 Pro
1469 3442 1554 3470 ΑΕΒ,
1576 3443 1617 3467 ed.
1636 3450 1653 3466 a
1672 3447 1696 3466 et
1715 3443 1788 3466 codd.
1808 3450 1860 3466 exc.
1881 3442 1983 3474 stCO
2003 3443 2097 3467 habent
2115 3443 2194 3467 ABC:
2214 3443 2239 3467 in
2257 3448 2325 3467 textu
2344 3444 2449 3476 quidem

1398 3475 1474 3500 Didot
1487 3477 1578 3508 legitur
1596 3475 1632 3510 ἐφ’
1646 3475 1667 3509 ᾧ
1681 3475 1760 3506 ΑΒΓ,
1776 3477 1821 3501 sed
1842 3478 1866 3501 in
1882 3478 1922 3502 ed.
1941 3477 2056 3502 Tauchn.
2071 3477 2158 3510 (Lips.
2178 3477 2254 3510 1831)
2274 3475 2312 3511 ἐφ’
2329 3476 2350 3511 ᾧ
2365 3487 2380 3502 α
2393 3487 2409 3512 γ
2424 3477 2448 3511 β,

1397 3510 1511 3543 itemque
1530 3512 1597 3544 apud
1613 3513 1696 3535 Prantl
1718 3511 1818 3544 (1879),
1833 3513 1876 3544 qui
1891 3513 1967 3536 errori
1983 3517 2082 3544 typogr.
2097 3512 2183 3537 tribuit
2200 3513 2269 3545 quod
2287 3513 2386 3538 Bekker
2405 3514 2451 3538 ha-

1397 3545 1456 3569 beat
1474 3544 1558 3576 ΑΒΓ;
1578 3547 1602 3570 in
1622 3547 1714 3570 nostris
1734 3547 1807 3571 codd.
1826 3548 1950 3572 versionis
1974 3548 2091 3579 antiquae
2113 3553 2223 3580 utroque
2242 3549 2320 3572 modo
2338 3548 2386 3573 hae
2409 3549 2449 3573 lit-

1398 3584 1466 3604 terae
1486 3580 1623 3613 dispositae
1643 3581 1812 3606 inveniuntur.

2464 658 2473 667 ·
2488 657 2531 678 hoc
2544 656 2596 678 rab.

2464 816 2473 825 ‘¹
2488 814 2587 835 habebat
2596 820 2678 835 Aixsv.

2466 974 2475 982 '
2490 973 2567 993 autem
2580 971 2644 993 raab.

2493 1135 2540 1176 Zion
2561 1130 2615 1150 erat
2631 1134 2674 1150 rm

2467 1161 2482 1176 a
2508 1171 2513 1176 .

2466 1188 2476 1196 *
2491 1188 2527 1207 est
2540 1192 2587 1207 om.
2602 1191 2656 1207 ma.

2469 1448 2478 1456 ·
2493 1448 2515 1467 et
2525 1446 2604 1477 ρ60(κ1.
2626 1452 2676 1467 exc.

2469 1479 2479 1514 ¹·
2493 1479 2636 1524 iissffidd.

2471 1659 2481 1669 '
2495 1658 2583 1685 quod...
2605 1660 2680 1679 tamen

2471 1685 2593 1706 secundum
2602 1691 2648 1706 om.
2656 1690 2680 1706 α.

2503 1763 2535 1783 sit
2557 1769 2604 1784 om.
2626 1763 2638 1783 b
2659 1766 2682 1784 ct

2472 1789 2540 1811 codd.
2557 1795 2606 1811 exc.
2624 1795 2681 1810 111.πο

2473 1821 2522 1836 sco.

2474 2027 2483 2036 “
2498 2031 2544 2047 non
2558 2031 2619 2047 Aixs.

2475 2553 2484 2562 ·
2503 2552 2576 2579 ipsum
2590 2551 2612 2573 D
2631 2551 2684 2573 add.

2474 2585 2540 2599 troii.

2475 2977 2487 2987 ⁸
2501 2976 2570 2997 Num.
2585 2976 2606 2997 8.

2477 3078 2485 3086 ·
2500 3075 2656 3102 accipiendum
2667 3081 2683 3096 Α

2476 3107 2631 3129 ncnixnsrpQ.
