2898 3996
58 834 174 863 proponit
182 834 248 855 nab.

63 886 189 908 secundam
209 892 250 908 co-

71 945 82 961 s
93 942 140 960 etx
150 938 189 966 qui
201 945 248 960 om.

63 965 135 987 Num.
149 970 170 993 3.

65 1101 100 1124 ad
105 1101 216 1129 futurum
234 1107 250 1122 ι-ι

35 1149 38 1152 ,
78 1129 102 1150 et
111 1127 222 1156 suturam
239 1133 250 1148 s

66 2098 144 2120 ls'neae
163 2104 211 2120 om.
225 2104 252 2119 m:

36 2172 40 2174 .
67 2139 94 2173 u't
105 2156 153 2173 om.
171 2150 251 2179 recab.

28 3116 29 3119 =
57 3105 187 3151 ‘'gagpm’
209 3109 256 3125 non

1091 277 1202 313 CAP.
1231 278 1336 324 XIII,
1367 279 1515 317 LECT.
1545 283 1633 318 XXI

350 371 359 383 ι
408 377 429 403 ‚3
504 359 714 402 'ostquam
751 351 1005 400 Philosophus
1043 353 1205 389 ostendit
1238 365 1332 402 quo-

476 458 494 504 j·
511 496 519 506 Ι
540 465 626 495 sunt
653 458 691 494 in
719 465 912 505 ternpore,
950 456 1011 492 hic
1045 457 1208 493 ostendit
1240 469 1332 505 quo-

540 511 658 548 modo
690 522 760 559 per
795 508 1120 558 comparationem
1152 509 1200 545 ad
1234 521 1333 546 nunc

277 563 534 602 diversimode
562 564 687 612 aliqua
714 563 926 599 secundum
954 568 1104 608 tempus
1133 561 1334 598 nominan-

275 623 346 654 tur.
377 618 426 654 Et
453 617 551 654 cirea
578 616 652 652 hoc
680 616 756 653 duo
785 614 891 651 facit:
920 613 1044 661 primo
1063 613 1170 660 ponit
1197 613 1334 660 signifi-

278 670 467 707 cationem
485 669 603 718 ipsius
631 680 748 712 nunc;
776 667 944 704 secundo
965 665 1220 713 quorumdam
1245 666 1334 702 alio-

276 717 363 759 rum
391 734 490 771 quae
517 721 813 758 determinantur
840 719 1051 756 secundum
1083 730 1185 754 nunc
1203 724 1232 764 α,
1262 718 1334 755 ibi:

276 777 405 824 Ipsum
433 779 556 811 autem
585 779 672 810 tunc
691 774 711 793 2²
732 780 799 809 etc.
817 772 927 808 Circa
949 770 1117 819 primurn
1137 771 1214 807 duo
1234 771 1334 807 facit:

276 828 401 876 primo
428 826 536 875 ponit
557 827 576 848 *
592 825 790 874 propriam
818 832 854 861 et
879 823 1127 872 principalem
1151 823 1336 870 significa-

276 880 421 916 tionem
448 878 565 927 ipsius
584 890 701 924 nunc3
722 873 890 914 se'cundo
910 875 1018 924 ponit
1036 876 1301 912 secundariam
1317 877 1336 895 ⁴*

278 931 603 980 significationem,
633 930 705 967 ibi:
734 930 850 966 Aliud
875 934 999 966 autem
1030 930 1049 948 ἔῃ
1081 935 1149 964 etc.

331 996 367 1021 2.
387 983 500 1037 ‚Circa
526 983 694 1032 primum
713 982 782 1019 tria
801 981 889 1019 dicit
914 982 962 1018 de
990 993 1092 1017 nunc
1111 979 1138 1016 β.
1161 981 1337 1026 Quorum

277 1037 445 1086 primum
475 1044 546 1082 est,
576 1035 681 1085 quod
708 1047 810 1072 nunc
833 1035 1026 1071 continuat
1052 1040 1204 1081 tempus
1230 1045 1338 1081 prae-

278 1090 430 1126 teritum
451 1090 576 1126 futuro
596 1091 628 1136 ⁴⁵,
649 1088 874 1137 inquantum
902 1094 958 1124 est
979 1086 1163 1123 terminus
1191 1093 1338 1133 tempo-

279 1143 339 1190 ris,
358 1142 585 1191 principium
605 1141 760 1190 quidem
780 1139 903 1186 futuri,
924 1139 1010 1176 finis
1038 1146 1166 1175 autem
1192 1146 1338 1186 praete-

279 1195 352 1232 riti:
373 1195 458 1231 licet
470 1195 545 1231 hoc
565 1206 643 1231 non
658 1193 703 1230 sit
722 1193 774 1230 sic
793 1193 1037 1230 manifestum
1057 1191 1095 1228 in
1115 1203 1228 1239 nunc,
1245 1191 1340 1227 sicut

278 1248 318 1285 in
336 1255 489 1296 puncto.
513 1247 616 1283 Nam
634 1254 820 1295 punctum
839 1253 940 1282 stans
961 1252 1035 1291 est;
1058 1251 1094 1280 et
1111 1244 1197 1281 ideo
1216 1250 1341 1292 potest

279 1300 336 1337 bis
356 1300 487 1349 accipi,
509 1300 627 1336 semel
646 1307 688 1336 ut
705 1298 932 1348 principium
953 1306 988 1334 et
1007 1297 1125 1334 semel
1143 1303 1185 1333 ut
1202 1296 1288 1333 finis
1307 1297 1338 1332 *z

206 1379 212 1390 ‚
245 1378 251 1384 -
279 1353 384 1402 quod
404 1365 482 1390 non
502 1352 635 1389 accidit
661 1352 700 1388 in
727 1364 840 1398 nunc,
860 1360 902 1388 ut
931 1363 1044 1399 supra
1064 1351 1084 1371 *
1105 1349 1247 1386 dictum
1273 1357 1337 1385 est.

334 1405 511 1442 Secundo
545 1404 616 1441 ibi:
650 1405 793 1442 Dividit
818 1410 942 1441 autem
968 1403 1135 1451 potentia
1165 1409 1232 1438 etc.
1247 1431 1256 1449 ,
1287 1402 1339 1438 di-

281 1458 329 1495 cit
355 1458 461 1507 quod
488 1465 639 1506 tempus
660 1457 772 1494 etiam
792 1457 971 1494 dividitur
994 1455 1205 1492 secundum
1224 1467 1338 1501 nunc,

281 1511 376 1548 sicut
403 1518 440 1548 et
465 1510 564 1547 linea
591 1510 768 1547 dividitur
795 1509 1006 1547 secundum
1034 1515 1230 1556 punctum.
1262 1507 1340 1543 Sed

279 1571 408 1600 tamen
435 1575 537 1600 nune
569 1563 701 1600 dividit
733 1570 884 1611 tempus
916 1562 1141 1610 inquantum
1170 1560 1340 1596 conside-

280 1623 383 1653 ratur
399 1623 441 1652 ut
459 1616 578 1652 multa
597 1615 635 1652 in
652 1615 840 1664 potentia:
869 1623 983 1664 prout
1005 1613 1144 1651 scilicet
1163 1613 1343 1661 accipitur

280 1681 453 1705 seorsum
480 1675 523 1705 ut
549 1668 778 1717 principium
805 1668 917 1711 huius
945 1666 1144 1716 temporis,
1175 1673 1210 1702 et
1238 1678 1340 1702 seor-

280 1733 366 1758 sum
393 1728 435 1758 ut
461 1721 547 1758 finis
576 1721 736 1758 alterius.
766 1722 815 1757 Et
833 1721 1058 1769 inquantum
1078 1718 1130 1755 sic
1149 1718 1340 1766 accipitur,

281 1774 460 1823 accipitur
477 1781 518 1810 ut
537 1774 695 1811 alterum
725 1781 761 1810 et
784 1774 943 1810 alterurn
972 1784 1094 1809 nunc:
1123 1771 1190 1808 sed
1210 1783 1361 1808 secun-s

281 1827 374 1864 dum
402 1828 507 1876 quod
534 1827 713 1876 accipitur
741 1832 782 1863 ut
805 1826 984 1874 copulans
1011 1833 1162 1872 tempus
1192 1831 1227 1860 et
1255 1823 1344 1860 co'n—

279 1879 441 1926 tinuans,
471 1879 651 1928 accipitur
669 1887 710 1916 ut
728 1879 843 1917 idem.
865 1880 914 1915 Et
940 1879 1015 1915 hoc
1043 1876 1256 1914 manifestat
1274 1889 1343 1925 per

280 1932 402 1969 simile
421 1932 460 1969 in
479 1932 586 1969 lineis
614 1931 900 1979 mathematicis,
929 1931 967 1967 in
987 1930 1125 1980 quibus
1145 1930 1267 1977 magis
1288 1938 1344 1966 est

279 1985 533 2022 manifestum.
578 1986 670 2022 Non
706 1985 807 2021 enim
849 1984 888 2020 in
924 1984 1030 2020 lineis
1068 1981 1343 2019 mathematicis

278 2045 464 2087 punctum
492 2038 596 2085 quod
615 2038 780 2085 signatur
803 2037 841 2074 in
859 2037 989 2073 medio
1009 2036 1129 2073 lineae
1147 2036 1177 2082 ²¹⁸,
1194 2047 1345 2083 semper

279 2090 491 2138 intelligitur
508 2099 549 2127 ut
569 2091 588 2111 ’l‘
613 2091 732 2127 idern:
762 2090 852 2139 quia
880 2089 1091 2126 secundum
1117 2088 1222 2138 quod
1251 2087 1344 2124 divi-

280 2143 379 2180 ditur
393 2143 502 2190 linea,
518 2143 730 2190 intelligitur
744 2143 844 2179 aliud
862 2150 1047 2190 punctum
1062 2141 1167 2189 quod
1188 2147 1243 2176 est
1261 2140 1343 2176 ulti-

281 2207 389 2232 mum
417 2195 528 2232 unius
556 2195 692 2241 lineae,
724 2202 760 2231 et
787 2195 886 2232 aliud
915 2194 1127 2231 secundum
1156 2193 1260 2241 quod
1289 2200 1359 2229 est'

279 2248 457 2284 ultimum
477 2248 642 2294 alterius;
659 2247 747 2296 quia
766 2248 885 2284 lineae
906 2247 1117 2284 secundum
1133 2246 1238 2294 quod
1258 2253 1344 2282 sunt

281 2300 423 2338 divisae
443 2308 539 2348 actu,
570 2301 821 2348 intelliguntur
848 2307 889 2336 ut
917 2300 1131 2347 contiguae,
1169 2298 1346 2346 contigua

280 2361 407 2390 autem
426 2361 513 2390 sunt
531 2365 696 2402 quorum
715 2353 846 2389 ultima
865 2360 951 2389 sunt
969 2353 1092 2389 simul.
1114 2352 1191 2388 Sed
1210 2364 1342 2387 secun-

281 2406 373 2443 dum
394 2406 498 2454 quod
525 2414 710 2455 punctum
749 2405 941 2442 continuat
976 2412 1101 2453 partes
1134 2405 1267 2450 lineae,
1290 2404 1342 2440 sic

281 2466 337 2495 est
350 2471 471 2496 unum
492 2466 527 2495 et
542 2459 659 2496 idern:
681 2458 769 2506 quia
790 2458 967 2494 continua
986 2465 1072 2494 sunt
1086 2469 1251 2506 quorum
1271 2465 1342 2493 ter-

281 2511 407 2548 minus
427 2519 482 2548 est
499 2511 615 2548 idem.
636 2512 685 2547 Et
704 2511 755 2547 sic
777 2518 831 2547 est
851 2511 963 2547 etiam
984 2511 1029 2548 de
1050 2522 1151 2546 nunc
1170 2518 1342 2558 respectu

279 2564 482 2612 temporis:
513 2565 602 2612 quia
620 2576 697 2600 uno
719 2564 836 2601 modo
865 2571 989 2612 potest
1007 2563 1125 2611 accipi
1145 2571 1186 2600 ut
1205 2563 1340 2599 divisio

280 2617 463 2665 temporis
488 2617 697 2653 secundum
726 2617 951 2665 potentiam3
977 2617 1050 2652 alio
1070 2616 1188 2653 modo
1209 2627 1341 2652 secun—

282 2670 375 2706 dum
395 2669 499 2717 quod
520 2677 574 2706 est
600 2669 782 2706 terminus
812 2669 1026 2706 communis
1056 2669 1221 2706 duorum
1247 2675 1341 2704 tem-

281 2734 432 2770 porum,
460 2722 595 2758 uniens
625 2729 661 2758 et
689 2722 911 2758 continuans
940 2734 995 2758 ea.

336 2774 465 2810 Tertio
494 2774 565 2810 ibi:
594 2775 663 2810 Est
692 2778 815 2810 autem
850 2775 944 2810 idem
988 2781 1082 2821 ete.,
1118 2774 1204 2810 dicit
1236 2773 1342 2821 quod

282 2839 383 2863 nunc
403 2827 575 2864 dividens
604 2835 639 2863 et
668 2826 891 2863 continuans
919 2834 1069 2874 tempus
1091 2834 1146 2863 est
1165 2838 1286 2862 unum
1307 2833 1343 2862 et

283 2879 384 2916 idem
403 2879 589 2926 subiecto,
615 2879 682 2916 sed
701 2879 825 2916 differt
840 2880 859 2899 ³²
876 2879 1030 2925 ratione,
1051 2886 1092 2915 ut
1111 2891 1156 2915 ex
1176 2878 1282 2916 dictis
1298 2880 1341 2900 ξ’*

281 2939 393 2982 patet.
424 2933 510 2970 Uno
540 2932 648 2980 igitur
676 2932 793 2969 modo
813 2932 866 2968 sic
885 2932 1018 2968 dicitur
1037 2944 1146 2968 nunc.

338 2986 372 3022 3.
401 2985 549 3022 Deinde
579 2997 666 3021 cum
687 2985 795 3021 dicit:
822 2985 938 3021 Aliud
963 2990 1099 3030 autem,
1131 2992 1212 3030 ete.,
1235 2983 1343 3032 ponit

283 3038 546 3074 secundariam
571 3037 883 3085 significationem
903 3037 1018 3086 ipsius
1047 3049 1156 3074 nunc.
1178 3038 1227 3073 Et
1256 3036 1343 3073 dicit

283 3090 388 3138 quod
425 3090 497 3127 alio
535 3091 652 3127 modo
692 3090 824 3127 dicitur
851 3103 971 3138 nunc,
1001 3102 1079 3126 non
1110 3091 1128 3111 ‘¹‘
1160 3089 1342 3126 terminus

283 3142 464 3191 temporis
480 3144 702 3180 continuans
716 3143 960 3192 praeteritum
976 3143 1111 3189 futuro,
1135 3142 1202 3179 sed
1217 3142 1342 3191 ipsum

284 3203 435 3244 tempus
453 3196 710 3245 propinquum
730 3196 918 3245 praesenti
937 3208 1049 3242 nunc,
1066 3195 1145 3232 sive
1171 3195 1216 3231 sit
1234 3207 1341 3243 prae-

338 3318 364 3350 α)
385 3317 597 3342 determinantur
607 3318 749 3343 secundum
762 3325 867 3343 nunc.-
879 3318 929 3342 Pro
942 3326 1017 3348 nunc,
1033 3321 1095 3343 tunc
1109 3318 1172 3347 Pab5
1186 3318 1231 3342 sed
1242 3318 1268 3342 in
1283 3318 1340 3342 loco

283 3354 316 3378 ad
335 3361 414 3385 quem
433 3352 544 3382 remittit.
559 3353 641 3384 agitur
660 3353 692 3377 de
711 3353 885 3377 determinatis
903 3361 950 3385 per
968 3360 1050 3383 nunc,
1071 3361 1183 3386 quorum
1201 3361 1282 3377 unum
1302 3358 1341 3377 est

285 3389 371 3421 ipsum
391 3390 467 3417 tunc;
486 3387 517 3412 cf.
533 3387 609 3412 etiam
628 3392 680 3412 not.
693 3396 710 3421 γ
728 3388 800 3412 infra.
824 3388 935 3412 Textum
955 3388 1058 3412 citatum
1078 3389 1167 3421 legunt
1186 3389 1274 3420 Ipsum
1293 3396 1341 3412 au-

285 3426 336 3448 tem
357 3430 426 3448 nunc
443 3422 688 3447 DEFGHIKMRSY
707 3427 732 3447 et
749 3427 779 3447 ut
796 3423 897 3447 videtur
914 3424 965 3455 pB;
979 3424 1025 3447 sed
1045 3423 1077 3448 cf.
1090 3424 1192 3448 ibidem.

339 3456 364 3492 β)
388 3458 465 3482 Circa
480 3458 598 3489 primum
618 3458 672 3482 tria
696 3458 760 3483 dicit
783 3458 816 3482 de
839 3466 946 3483 nunc.—
962 3458 1040 3483 Circa
1059 3459 1178 3490 primum
1198 3458 1252 3482 tria
1269 3458 1341 3491 facit

279 3493 371 3525 primo
391 3493 455 3518 dicit
473 3492 506 3517 de
525 3500 592 3517 nunc
611 3493 650 3517 Ea
669 3501 719 3517 non
738 3493 804 3517 bene
811 3501 818 3524 ;
837 3501 885 3525 pro
904 3493 976 3522 dicit,
997 3501 1047 3518 ras.
1067 3494 1141 3526 pGH,
1155 3493 1270 3518 ostendit
1288 3493 1339 3522 εΗ,

279 3528 351 3562 facit
368 3528 419 3557 Tz,
427 3527 500 3561 facit
519 3528 583 3553 dicit
602 3528 699 3560 QpLV.

338 3563 364 3596 γ)
380 3563 484 3588 Deinde
496 3570 555 3588 cum
566 3563 656 3588 dicit...
670 3563 755 3595 ipsum
766 3566 836 3588 tunc.
845 3563 983 3587 -Textum
998 3564 1075 3587 citant
1095 3563 1231 3595 DEGHpC
1254 3563 1341 3593 Ipsum

285 3601 374 3623 autem
394 3605 478 3627 nunc,·
492 3605 600 3631 proper
619 3606 695 3628 nunc,
707 3605 758 3630 per
772 3601 834 3624 tunc
845 3598 929 3630 PplsB
944 3603 969 3622 et
983 3598 1012 3627 b,·
1026 3606 1073 3630 pro
1088 3602 1150 3623 tunc
1163 3598 1188 3622 in
1203 3597 1260 3626 fine,
1274 3603 1343 3621 nunc

426 3651 494 3683 Opp.
514 3651 544 3674 D.
559 3651 672 3675 Tamum
691 3651 722 3675 T.
741 3651 770 3675 11.

2366 299 2439 335 217

1387 357 1536 394 teritum
1566 359 1644 396 sive
1673 361 1719 396 sit
1747 362 1766 382 ⁹⁸
1795 362 1983 398 futurum:
2013 362 2107 399 sicut
2135 363 2293 400 dicimus
2325 366 2445 402 veniet
2470 375 2478 383 ·
2495 375 2589 397 sitom.
2611 376 2683 398 codd.

2470 407 2518 422 CXC.
2534 408 2586 423 tux.

1388 421 1496 454 nunc,
1518 411 1606 457 quia
1624 412 1749 449 veniet
1768 413 1900 458 hodie,
1923 422 1958 451 et
1978 415 2078 450 venit
2094 428 2210 461 nunc,
2231 417 2319 464 quia
2341 418 2443 454 venit

1388 461 1512 498 hodie.
1544 464 1619 499 Sed
1639 476 1715 500 non
1745 465 1903 502 dicimus
1932 467 2034 515 quod
2063 468 2203 504 bellum
2233 469 2441 506 Troianum

1389 513 1433 571 sit
1461 513 1600 550 factum
1630 517 1648 536 ’ῖς
1677 529 1793 563 nunc,
1815 530 1937 566 neque
1958 521 2060 567 quod
2089 520 2274 557 diluvium
2302 522 2441 558 factum

1389 573 1433 601 sit
1461 578 1580 602 nunc:
1610 568 1697 615 quia
1716 569 1798 605 licet
1818 578 1938 606 totum
1958 579 2107 620 tempus
2136 573 2180 609 sit
2201 573 2419 611 continuum
2432 603 2441 621 ,

1390 629 1467 654 non
1494 625 1622 655 tamen
1650 628 1704 656 est
1721 622 1977 669 propinquum
2010 626 2196 672 praesenti
2224 638 2335 662 nunc.

1442 681 1479 715 4.
1509 671 1657 728 Deinde
1686 685 1771 708 cum
1802 674 1908 711 dicit:
1938 677 2065 723 Ipsum
2095 683 2217 714 autem
2246 684 2332 715 tunc
2360 684 2442 726 ete.,

1392 730 1543 780 exponit
1570 725 1758 771 quaedam
1788 738 1883 773 quae
1913 728 2208 766 determinantur
2234 743 2302 778 per
2329 743 2441 767 nunc.

1391 775 1439 810 Et
1457 787 1580 822 prlmo
1601 776 1691 823 quid
1711 777 1892 824 significet
1910 779 2034 827 ipsum
2060 787 2146 829 tunc·
2165 787 2190 818 ⁷.
2209 783 2317 819 Circa
2340 783 2443 831 quod

1392 826 1468 862 duo
1497 828 1601 864 facit:
1630 829 1753 876 primo
1782 831 1888 878 ponit
1918 832 2228 879 significationem
2262 835 2357 880 eius;
2387 848 2442 871 se-

1393 880 1516 916 cundo
1538 889 1669 917 movet
1688 883 1959 931 quaestionem,
1978 884 2043 921 ibi:
2065 886 2106 922 Si
2120 898 2209 922 vero
2226 899 2342 934 neque
2356 894 2443 924 tem-

1386 943 1459 978 pus
1488 934 1506 950 '³⁶‘
1538 939 1606 969 etc.

1414 1035 1420 1041 .
1445 984 1543 1041 Dicit
1564 985 1583 1005 ³<
1603 997 1690 1032 ergo
1718 987 1840 1034 primo
1870 989 1973 1035 quod
2001 990 2074 1025 hoc
2103 990 2206 1038 quod
2231 991 2314 1027 dico
2343 997 2444 1037 tunc,
2473 1002 2481 1009 ·

1393 1036 1575 1083 Signlficat
1598 1044 1748 1085 tempus
1776 1039 2066 1078 determinatum
2087 1054 2155 1089 per
2175 1043 2326 1091 aliquod
2346 1044 2446 1091 prius

1393 1100 1505 1134 nunc,
1527 1089 1606 1124 sive
1625 1090 1882 1138 propinquum
1907 1093 1985 1129 sive
2006 1103 2206 1131 remotum.
2237 1097 2444 1132 Possumus

1394 1140 1496 1177 enim
1526 1141 1647 1177 dicere
1685 1143 1788 1190 quod
1826 1151 1914 1180 tunc
1946 1147 2129 1182 destructa
2167 1155 2222 1183 est
2248 1148 2381 1194 Troia,
2412 1157 2447 1185 et

1393 1200 1482 1229 tunc
1510 1194 1650 1230 factum
1679 1202 1734 1231 est
1761 1195 1956 1234 diluvium.
1988 1198 2146 1246 Oportet
2166 1200 2265 1236 enim
2286 1201 2447 1248 quodid

1394 1247 1499 1294 quod
1527 1246 1660 1283 dicitur
1687 1247 1826 1283 factum
1854 1256 1954 1295 tunc,
1984 1249 2191 1287 includatur
2219 1252 2266 1288 ad
2295 1253 2447 1301 aliquod

1394 1311 1495 1335 nunc
1521 1299 1583 1335 vel
1611 1299 1750 1335 instans
1778 1301 2019 1347 praecedens.
2051 1304 2248 1350 Oportebit
2272 1305 2373 1341 enim
2394 1305 2447 1341 di-

1395 1364 1479 1387 cere
1494 1351 1598 1399 quod
1623 1351 1668 1387 sit
1690 1352 1842 1400 aliquod
1861 1360 2010 1401 tempus
2039 1355 2304 1392 determinatae
2333 1369 2448 1404 quan-

1394 1404 1505 1440 titatis
1534 1404 1581 1440 ab
1610 1405 1684 1440 hoc
1716 1412 1887 1453 tempore
1920 1407 2104 1454 praesenti
2140 1407 2178 1443 in
2211 1408 2299 1444 illud
2328 1421 2447 1456 nunc,

1395 1457 1499 1505 quod
1529 1463 1607 1493 erat
1639 1457 1676 1493 in
1703 1458 1913 1505 praeterito.
1952 1459 2001 1494 Et
2033 1459 2085 1495 sic
2112 1467 2213 1507 patet
2244 1461 2348 1509 quod
2375 1462 2449 1497 hoc

1395 1509 1499 1557 quod
1527 1509 1611 1547 dico
1645 1515 1749 1556 tunc,
1785 1510 1907 1547 differt
1935 1523 1957 1547 a
1985 1512 2149 1548 secunda
2183 1512 2450 1559 significatione

1396 1574 1495 1598 nunc
1527 1562 1565 1598 in
1587 1563 1756 1599 duobus:
1787 1563 1875 1610 quia
1902 1571 1990 1600 tunc
2018 1576 2168 1613 semper
2197 1572 2251 1601 est
2278 1566 2324 1602 ad
2343 1578 2449 1614 prae-

1395 1615 1558 1662 teritum,
1589 1622 1624 1651 et
1652 1614 1906 1652 indifferenter
1927 1628 1967 1652 se
1986 1616 2100 1653 habet
2127 1618 2173 1654 ad
2194 1617 2449 1666 propinquum

1397 1675 1433 1704 et
1452 1675 1663 1713 remotum;
1693 1668 1760 1704 sed
1779 1681 1879 1704 nunc
1907 1681 1945 1704 se
1965 1669 2078 1705 habet
2106 1670 2154 1706 ad
2180 1670 2449 1719 propinquum,

1397 1720 1464 1757 sed
1483 1720 1737 1757 indifferenter
1756 1722 1804 1757 ad
1821 1721 2063 1769 praeteritum
2085 1730 2119 1758 et
2138 1722 2315 1759 futurum.

1454 1774 1485 1810 5.
1517 1773 1664 1809 Deinde
1699 1785 1786 1809 cum
1820 1773 1925 1810 dicit:
1965 1774 2006 1809 Si
2036 1786 2124 1810 vero
2163 1787 2279 1822 neque
2312 1781 2452 1822 tempus

1397 1831 1451 1862 est
1476 1833 1564 1872 ete.,
1591 1833 1722 1862 movet
1749 1826 1943 1873 quandam
1956 1826 2244 1863 ·dubitationem
2273 1840 2317 1863 ex
2346 1839 2451 1875 prae-

1397 1878 1532 1925 missis,
1554 1886 1590 1915 et
1609 1878 1721 1915 solvit
1742 1891 1838 1914 eam.
1860 1879 2043 1915 Dixerat*
2060 1879 2159 1915 enim
2181 1880 2284 1927 quod
2303 1887 2451 1928 tempus

1397 1931 1502 1979 quod
1513 1931 1646 1967 dicitur
1660 1937 1756 1976 tunc,
1773 1931 1971 1968 includitur
1989 1932 2083 1968 intra
2097 1932 2339 1980 praeteritum
2354 1944 2454 1968 nunc

1398 1991 1434 2020 et
1451 1996 1646 2032 praesens:
1667 1984 1769 2020 unde
1789 1996 1904 2020 omne
1923 1992 2074 2032 tempus
2094 1985 2196 2032 quod
2217 1985 2348 2021 dicitur
2365 1993 2453 2021 tunc

1398 2044 1547 2085 oportet
1567 2049 1648 2073 esse
1669 2036 1836 2072 finitum:
1863 2037 1929 2073 sed
1949 2049 2027 2073 non
2048 2045 2102 2073 est
2122 2037 2273 2084 aliquod
2291 2045 2450 2085 tempus,

1398 2090 1503 2137 quod
1531 2102 1609 2126 non
1635 2089 1755 2137 possit
1789 2089 1860 2125 dici
1889 2097 1996 2125 tunc:
2036 2102 2122 2137 ergo
2156 2102 2269 2126 omne
2303 2098 2451 2138 tempus

1398 2143 1467 2178 erit
1494 2142 1656 2178 finitum.
1694 2142 1770 2178 Sed
1798 2154 1913 2178 omne
1948 2149 2097 2190 tempus
2129 2143 2276 2179 finitum
2307 2142 2450 2178 deficit:

1396 2195 1548 2231 videtur
1568 2195 1657 2242 e'rgo
1678 2194 1883 2231 dicendum
1903 2195 2008 2242 quod
2027 2203 2175 2243 tempus
2197 2194 2354 2231 deficiat.
2377 2195 2452 2231 Sed

1397 2247 1427 2283 si
1447 2260 1598 2295 semper
1617 2255 1672 2283 est
1691 2255 1830 2294 motus,
1856 2255 1896 2283 ·et
1923 2255 2073 2295 tempus
2098 2255 2152 2283 est
2172 2258 2351 2284 numerus
2371 2260 2451 2283 mo-

1396 2307 1467 2346 tus,
1484 2300 1651 2348 sequitur
1666 2301 1684 2318 ÷÷
1701 2299 1805 2347 quod
1819 2307 1970 2348 tempus
1985 2312 2063 2336 non
2079 2300 2236 2336 deficiat.
2255 2300 2452 2348 Oportebit
2477 2308 2487 2318 ⁴

1396 2353 1504 2399 igitur
1523 2352 1658 2399 dicere,
1680 2352 1710 2388 si
1730 2349 1743 2372 ὃ
1767 2364 1882 2389 omne
1915 2360 2065 2401 tempus
2086 2361 2140 2388 est
2167 2353 2326 2399 finitum,
2348 2353 2451 2400 quod

1396 2407 1457 2441 vel
1485 2417 1637 2454 semper
1664 2405 1709 2440 sit
1737 2404 1838 2441 aliud
1868 2412 1903 2440 et
1930 2405 2030 2441 aliud
2058 2413 2224 2453 tempus,
2253 2406 2313 2442 vel
2348 2405 2450 2453 quod

1396 2458 1498 2494 idem
1517 2466 1667 2506 tempus
1696 2457 1886 2493 multoties
1914 2457 2116 2494 reiteretur.
2139 2459 2186 2494 Et
2205 2459 2278 2493 hoc
2306 2465 2452 2506 oportet

1397 2520 1477 2547 esse
1499 2511 1536 2547 in
1555 2518 1740 2558 tempore,
1761 2510 1855 2546 sicut
1875 2517 1928 2545 est
1945 2511 1964 2531 ἥς
1979 2510 2017 2546 in
2036 2518 2153 2546 motu.
2176 2510 2214 2546 Si
2236 2510 2334 2546 enim
2354 2522 2451 2546 unus

1396 2564 1441 2599 sit
1460 2576 1611 2612 semper
1626 2570 1661 2599 et
1680 2562 1781 2599 idem
1801 2569 1939 2609 motus,
1961 2563 2148 2611 oportebit
2162 2575 2279 2598 unum
2296 2570 2331 2598 et
2350 2562 2449 2599 idern

1394 2624 1545 2664 tempus
1575 2628 1667 2652 esse.
1699 2615 1737 2651 Si
1766 2622 1893 2651 autern
1922 2627 2000 2651 non
2033 2623 2087 2652 est
2117 2617 2134 2636 ²⁴
2163 2627 2258 2651 unus
2288 2622 2322 2651 et
2350 2615 2449 2651 idem

1396 2676 1534 2715 motus,
1564 2681 1642 2704 non
1671 2668 1737 2704 erit
1754 2680 1875 2704 unum
1896 2676 1931 2704 et
1950 2668 2051 2704 idem
2079 2676 2238 2716 tempus.

1450 2722 1484 2758 6.
1525 2721 1744 2758 Secundum
1781 2720 1890 2767 igitur
1932 2721 2151 2769 opinionem
2190 2720 2285 2766 eius,
2325 2726 2449 2755 motus

1395 2786 1592 2823 nunquam
1621 2773 1768 2822 incepit,
1799 2785 1922 2821 neque
1949 2773 2108 2819 deficiet,
2132 2780 2173 2808 ut
2204 2772 2241 2808 in
2274 2779 2407 2808 octavo
2430 2773 2448 2791 '⁴‘

1394 2826 1552 2875 patebit;
1583 2833 1619 2862 et
1645 2826 1695 2862 ita
1732 2826 1924 2862 reiteratur
1961 2826 2114 2874 quidem
2151 2837 2247 2861 unus
2279 2832 2319 2860 et
2347 2824 2447 2860 idem

1395 2886 1522 2916 motus
1541 2884 1552 2899 ‘
1571 2878 1706 2927 specie,
1737 2879 1803 2914 sed
1833 2891 1910 2914 non
1939 2891 2110 2914 numero.
2142 2879 2230 2914 Non
2260 2877 2359 2913 enim
2389 2889 2447 2912 ea-

1397 2932 1486 2968 dem
1519 2939 1574 2968 est
1602 2931 1790 2968 circulatio
1823 2943 1920 2978 quae
1949 2943 2050 2967 nunc
2069 2938 2133 2977 est,
2160 2942 2245 2966 cum
2274 2930 2333 2965 illa
2352 2941 2448 2976 quae

1396 2985 1473 3031 fuit,
1503 2996 1675 3030 numero,
1706 2984 1771 3020 sed
1796 2983 1931 3031 specie.
1962 2985 2010 3019 Et
2043 2991 2169 3019 tamen
2197 2990 2295 3018 totus
2324 2989 2448 3017 motus

1397 3045 1452 3074 est
1479 3050 1578 3073 unus
1607 3036 1865 3081 continuitate,
1895 3035 1982 3083 quia
2010 3048 2084 3072 una
2113 3034 2299 3071 circulatio
2335 3034 2447 3070 conti-

1397 3098 1532 3127 nuatur
1551 3089 1665 3135 alteri,
1681 3096 1723 3125 ut
1737 3089 1774 3125 in
1794 3096 1929 3125 octavo
1945 3089 1964 3109 '¹²'
1978 3087 2205 3136 probabitur.
2223 3088 2270 3122 Et
2284 3086 2448 3122 similiter

1397 3150 1546 3191 oportet
1566 3154 1646 3178 esse
1662 3142 1708 3178 de
1723 3148 1894 3189 ternpore
1914 3140 2006 3176 sicut
2020 3141 2039 3160 ³³
2059 3140 2104 3176 de
2120 3147 2236 3188 motu.

1450 3195 1560 3232 Unde
1581 3201 1855 3241 consequenter
1879 3192 2038 3228 ostendit
2065 3191 2167 3238 quod
2186 3198 2333 3237 tempus
2352 3201 2445 3224 nun-

1395 3318 1444 3350 pt),
1459 3325 1526 3342 nunc
1546 3320 1607 3341 tunc
1626 3317 1658 3347 G,
1673 3316 1718 3340 sed
1737 3322 1804 3339 nunc
1824 3321 1942 3345 expung„
1957 3320 2006 3336 ras.
2019 3312 2089 3344 pBH.
2105 3319 2157 3335 om.
2172 3311 2230 3342 PpE
2251 3315 2275 3334 et
2292 3317 2308 3334 a
2320 3310 2342 3334 b.
2358 3311 2444 3335 Lectio

1396 3361 1425 3377 ex
1444 3357 1492 3377 cet.
1506 3352 1580 3379 codd.
1595 3352 1712 3383 adoptata
1731 3349 1846 3381 congruit
1860 3355 1917 3372 cum
1936 3346 2101 3378 sequentibus
2122 3351 2146 3369 et
2164 3353 2221 3369 cum
2241 3350 2316 3369 textu.

1448 3386 1473 3420 δ)
1498 3387 1634 3418 Oportebit
1653 3386 1736 3418 igitur
1755 3384 1847 3411 dicere,
1866 3383 1898 3406 si.
1911 3397 1930 3401 —
1946 3381 2088 3413 Oportebat
2106 3387 2169 3412 ergo
2188 3380 2274 3404 dicere
2292 3380 2363 3411 quod
2374 3380 2398 3404 si
2411 3380 2443 3405 P:

1396 3422 1471 3446 etiam
1491 3422 1533 3446 ab
1558 3421 1652 3445 habent
1678 3427 1741 3451 ergo
1761 3423 1784 3442 et
1807 3417 1884 3449 quod.
1898 3430 1916 3435 -
1929 3416 1976 3440 Ibi:
1996 3415 2065 3447 quod
2084 3416 2123 3439 vel
2145 3422 2246 3446 semper
2268 3414 2303 3439 sit
2326 3415 2401 3439 aliud
2419 3418 2444 3440 et

1395 3457 1469 3481 aliud
1488 3460 1596 3488 tempus,
1612 3455 1682 3488 quod
1701 3454 1739 3478 vel
1757 3453 1791 3477 sit
1808 3451 1882 3476 aliud
1905 3454 2005 3482 tempus
2024 3451 2057 3480 P;
2077 3457 2178 3480 semper
2196 3457 2248 3473 om.
2263 3450 2338 3474 etiam
2358 3450 2399 3474 ab
2419 3456 2444 3474 et

1395 3492 1442 3524 pE,
1458 3495 1484 3516 et
1502 3484 1575 3515 aliud
1593 3498 1645 3514 om.
1659 3490 1687 3513 B.
1702 3502 1718 3506 -
1733 3489 1781 3511 Pro
1802 3487 1840 3511 vel
1858 3486 1935 3517 quod,
1951 3489 1997 3510 aut
2017 3485 2044 3513 Cv
2058 3487 2106 3509 aut
2124 3485 2194 3516 quod
2212 3490 2259 3509 cet.
2274 3492 2326 3509 exc.
2342 3485 2395 3509 ER.

1448 3526 1470 3559 ε)
1491 3526 1594 3558 quidem
1615 3531 1680 3549 unus
1699 3526 1723 3547 et
1742 3522 1810 3546 idem
1835 3524 1928 3545 motus.
1943 3534 1960 3539 -
1978 3527 2044 3544 unus
2068 3519 2171 3551 quidem
2197 3522 2282 3544 motus
2307 3519 2443 3551 PGHMpE

1395 3566 1420 3585 et
1437 3561 1487 3585 ab.
1508 3574 1526 3579 -
1544 3560 1590 3585 sed
1613 3567 1664 3583 om.
1683 3557 1791 3582 PEGab.
1808 3570 1826 3574 -
1845 3556 1922 3579 Paulo
1942 3555 2043 3579 inferius
2068 3555 2098 3578 ad
2122 3554 2167 3578 illa
2185 3561 2252 3586 quae
2269 3555 2327 3587 suit
2349 3555 2444 3579 addunt

1395 3596 1452 3620 heri
1470 3595 1513 3619 Pb.

2237 3641 2267 3665 28

2470 532 2479 541 ⁸
2487 531 2582 558 sactum
2603 533 2638 552 est
2654 537 2682 553 PE

2472 949 2481 958 ⁸
2497 948 2566 970 Num.
2582 955 2630 976 seq.

2502 1000 2607 1022 Ostendit
2620 1007 2661 1023 rm

2478 1890 2488 1901 ⁴*
2503 1890 2573 1912 Num.
2590 1897 2664 1917 praec.

2504 2308 2592 2330 videtur
2607 2310 2660 2331 rab.

2479 2522 2485 2530 ·
2499 2523 2521 2542 et
2534 2522 2582 2548 rab,
2594 2528 2685 2549 rampe.

2477 2623 2484 2630 ”
2501 2622 2523 2641 si
2534 2627 2587 2642 vero
2599 2628 2643 2643 non
2655 2623 2685 2643 sit

2477 2654 2501 2673 υς
2518 2648 2559 2668 lac.
2570 2654 2601 2675 pk:
2616 2652 2635 2669 ct
2651 2655 2678 2669 α.

2476 2779 2483 2787 ·
2500 2778 2562 2799 Lect.
2578 2785 2603 2799 ιι,

2474 3099 2484 3108 “
2499 3098 2560 3119 Lect.
2576 3105 2622 3119 xix.

2474 3151 2487 3173 ”,
2499 3152 2522 3170 et
2540 3150 2591 3172 add.
2612 3151 2680 3182 codq.

2473 3182 2521 3197 exc.
2537 3182 2663 3204 ucnmxzps.
