2982 4022
225 366 234 375 '¹
249 364 417 392 expositionem

226 396 390 413 acmonsvxrz.

223 419 233 429 ·
249 417 351 438 eiusdem
362 415 412 437 rab.

224 469 234 479 ⁶
242 474 303 496 quae
317 467 436 489 codd.exc.

224 501 289 516 erar.

224 678 234 687 ·
255 677 279 698 t'n
302 682 349 697 orn.
366 676 435 698 codd.

224 709 275 724 exc.
289 709 341 724 εακ.

226 938 236 948 ’
251 939 275 958 et
287 937 435 958 demonstra-

223 964 294 985 tionis
305 962 374 984 codd.
383 968 434 983 exc.

226 995 339 1011 ozcnunz.

224 1096 232 1103 '
248 1096 283 1116 est
299 1100 346 1115 om.
357 1099 434 1114 roton

223 1121 290 1142 nzab.

225 1261 234 1269 ·
250 1257 356 1280 sensibili
364 1263 412 1279 om.
423 1263 436 1278 c

224 1291 293 1306 roxv.

225 1360 236 1370 ⁴*
253 1361 279 1380 ut
291 1364 341 1380 Pto.

226 1733 236 1743 ’
255 1732 352 1759 ponitur
366 1730 434 1752 codd.

228 1764 278 1780 exc.
294 1764 330 1779 εῡ.

226 2098 238 2109 ⁸
253 2099 290 2120 his
304 2098 355 2120 rab.

229 2310 239 2320 ·
254 2309 324 2330 etiam
345 2314 392 2330 om,
411 2314 440 2329 to

230 2368 240 2376 ·
255 2366 352 2387 scientia
372 2367 440 2386 natu-

230 2392 291 2414 ralis
306 2398 394 2414 uszno.

231 2525 240 2535 ·
250 2526 326 2546 autem
336 2530 407 2545 pusoz
418 2528 440 2545 et

229 2557 246 2572 a
255 2551 278 2576 b;
292 2556 339 2572 om.
350 2557 385 2571 ιιι.

231 2734 241 2743 ·
257 2735 279 2754 et
293 2733 376 2761 quietis
387 2733 440 2755 add.

463 239 489 274 4
1101 221 1445 259 PHYSICORUM
1473 218 1821 256 ARISTOTELIS
1851 217 1945 253 LIB.
1976 217 1990 252 Ι

771 312 783 329 ¹
798 302 858 338 uia
877 302 970 338 liber
989 301 1255 349 Physicorum,
1278 300 1383 336 cuius
1405 311 1518 347 expo-

733 351 918 407 Qsitioni
939 355 959 375 *
980 354 1223 399 intendimus,
1243 361 1297 389 θεῖ
1316 352 1459 402 primus
1480 351 1518 387 li-

798 408 864 444 ber
891 407 1066 444 scientiae
1101 406 1298 452 naturalis,
1328 405 1366 442 in
1400 405 1479 441 eius
1500 405 1519 425 '³‘

777 454 979 508 principio
1001 466 1149 508 oportet
1173 458 1362 506 assignare
1387 458 1479 505 quid
1499 458 1519 478 ‘¹‘

743 509 774 536 '³¹'
796 512 841 548 sit
868 513 1024 549 materia
1046 519 1081 548 et
1105 511 1316 548 subiectum
1345 509 1520 547 scientiae

796 565 983 601 naturalis.
997 564 1203 601 Sciendum
1215 571 1269 599 est
1284 563 1391 611 igitur
1405 563 1519 610 quod,

463 626 551 650 curn
580 615 703 651 omnis
731 616 882 652 scientia
911 617 956 653 sit
974 617 1013 653 in
1032 617 1235 662 intellectu,
1263 628 1332 664 per
1359 616 1434 652 hoc
1457 627 1521 651 au-

461 674 539 702 tern
563 667 703 715 aliquid
722 668 764 704 fit
791 668 1014 716 intelligibile
1033 669 1072 705 in
1093 670 1112 690 ’¹‘
1133 676 1228 714 actu,
1254 668 1357 716 quod
1382 667 1520 715 aliqua-

461 719 541 755 liter
574 720 797 756 abstrahitur
825 733 847 757 a
875 721 1052 766 materia;
1081 720 1291 757 secundum
1321 721 1425 768 quod
1458 720 1521 755 ali-

462 784 537 819 qua
562 771 816 819 diversimode
836 786 875 810 se
904 774 1044 810 habent
1072 774 1120 810 ad
1149 773 1357 818 materiam,
1387 772 1435 808 ad
1468 772 1521 808 di-

461 836 590 860 versas
628 825 800 861 scientias
835 825 1031 874 pertinent.
1062 826 1231 870 Rursus,
1271 837 1358 860 cum
1397 824 1521 860 omnis

462 875 613 912 scientia
641 889 709 925 per
737 877 1098 914 demonstrationem
1131 878 1333 924 habeatur,
1364 877 1521 913 demon-

462 929 646 965 strationis
675 937 801 966 autem
831 932 850 951 '¹‘
880 930 1048 967 medium
1077 930 1123 966 sit
1151 929 1337 975 definitio;
1368 941 1521 966 necesse

462 989 517 1017 est
536 981 745 1018 secundum
761 982 953 1019 diversum
975 982 1201 1018 definitionis
1221 982 1381 1019 modum
1402 982 1520 1018 scien-

461 1034 529 1070 tias
558 1033 811 1071 diversificari.

516 1098 550 1122 2.
569 1086 773 1123 Sciendum
791 1095 844 1123 est
856 1088 875 1108 “⁸
887 1087 995 1134 igitur
1004 1087 1108 1134 quod
1123 1086 1312 1134 quaedam
1329 1094 1413 1123 sunt
1427 1099 1520 1134 quo-

463 1151 546 1174 rum
564 1151 643 1175 esse
665 1139 852 1187 dependet
872 1153 893 1176 a
912 1139 1079 1185 materia,
1097 1151 1166 1175 nec
1182 1139 1261 1175 sine
1281 1139 1438 1175 materia
1458 1139 1521 1175 de-

462 1191 558 1227 finiri
586 1199 759 1239 possunt:
790 1192 980 1240 quaedam
1000 1205 1093 1228 vero
1114 1199 1200 1228 sunt
1219 1204 1316 1239 quae
1337 1191 1420 1227 licet
1440 1203 1520 1227 esse

462 1255 540 1280 non
566 1244 712 1292 possint
739 1244 808 1280 nisi
838 1245 875 1281 in
895 1244 1051 1281 materia
1079 1244 1241 1280 sensibili
1259 1245 1290 1290 ³¹²,
1321 1243 1358 1279 in
1387 1256 1520 1280 eorum

462 1304 590 1333 tamen
619 1297 834 1333 definitione
864 1298 1020 1334 materia
1039 1297 1223 1334 sensibilis
1246 1308 1325 1334 non
1344 1296 1452 1333 cadit.
1474 1297 1523 1332 Et

463 1350 556 1385 haec
572 1349 748 1386 differunt
763 1350 809 1386 ad
825 1350 989 1386 invicem
1005 1349 1098 1386 sicut
1110 1351 1128 1370 ’¹‘
1141 1362 1300 1386 curvum
1318 1356 1353 1385 et
1368 1349 1519 1385 simum.

463 1403 565 1438 Nam
595 1402 734 1438 simum
765 1410 818 1438 θεῖ
846 1403 883 1439 in
913 1402 1070 1439 materia
1098 1401 1279 1448 sensibili,
1311 1409 1347 1437 et
1366 1413 1520 1437 necesse

464 1462 519 1490 est
546 1455 651 1502 quod
671 1454 708 1490 in
728 1455 808 1491 eius
836 1455 1054 1492 definitione
1084 1455 1193 1491 cadat
1220 1453 1377 1490 materia
1406 1453 1520 1490 sensi-

464 1507 562 1553 bilis,
586 1514 640 1543 est
659 1507 759 1543 enim
780 1507 919 1543 simum
940 1520 1052 1543 nasus
1073 1519 1210 1543 curvus
1225 1512 1259 1551 “;
1277 1514 1312 1542 et
1331 1506 1416 1542 talia
1435 1513 1522 1542 sunt

464 1559 593 1595 omnia
621 1559 821 1605 naturalia,
851 1567 892 1596 ut
917 1560 1050 1605 homo,
1080 1559 1191 1608 lapis:
1223 1570 1383 1595 curvum
1412 1571 1519 1606 vero,

462 1612 547 1648 licet
575 1624 655 1648 esse
684 1625 762 1648 non
788 1612 907 1660 possit
934 1612 1003 1648 nisi
1024 1612 1062 1648 in
1082 1611 1239 1648 materia
1267 1611 1446 1658 sensibili,
1468 1618 1520 1648 ta-

462 1677 553 1701 men
590 1665 627 1701 in
662 1665 741 1701 eius
779 1665 997 1702 definitione
1031 1664 1189 1701 materia
1226 1663 1408 1701 sensibilis
1443 1676 1521 1700 non

464 1717 611 1763 cadit*;
642 1725 677 1754 et
696 1717 782 1754 talia
810 1726 895 1754 sunt
923 1717 1053 1755 omnia
1080 1717 1364 1763 mathematica,
1394 1724 1435 1753 ut
1452 1729 1520 1753 nu-

462 1770 577 1817 meri,
614 1770 892 1818 magnitudines
929 1779 966 1807 et
998 1771 1153 1817 figurae.
1190 1770 1391 1816 Quaedam
1427 1782 1520 1806 vero

463 1831 549 1860 sunt
576 1835 674 1871 quae
702 1836 780 1860 non
809 1823 1025 1872 dependent
1052 1836 1074 1859 a
1103 1823 1261 1860 materia
1289 1835 1360 1860 nec
1388 1835 1521 1859 secun-

464 1876 556 1913 dum
577 1888 658 1912 esse
678 1888 748 1912 nec
767 1877 977 1913 secundum
1007 1876 1214 1922 rationem;
1239 1877 1302 1912 vel
1322 1875 1409 1924 quia
1428 1888 1522 1912 nun-

464 1941 580 1977 quam
600 1936 686 1965 sunt
705 1929 742 1966 in
762 1930 930 1976 materia,
947 1937 987 1965 ut
1001 1930 1106 1965 Deus
1127 1937 1162 1965 et
1180 1928 1273 1964 aliae
1293 1928 1522 1965 substantiae

464 1989 679 2030 separatae;
699 1983 761 2018 vel
780 1983 868 2030 quia
884 1995 962 2019 non
976 1981 1236 2019 universaliter
1255 1989 1341 2018 sunt
1356 1982 1393 2018 in
1407 1988 1524 2017 mate-

465 2035 528 2082 ria,
551 2042 590 2070 ut
608 2034 824 2081 substantia,
845 2035 1012 2084 potentia
1032 2042 1068 2070 et
1086 2042 1201 2080 actus,
1223 2041 1259 2070 et
1282 2034 1406 2082 ipsum
1427 2046 1504 2070 ens.

520 2088 554 2124 3.
571 2088 630 2123 De
645 2087 864 2125 huiusmodi
879 2088 898 2108 *
912 2087 1021 2136 igitur
1035 2094 1091 2123 est
1106 2087 1384 2135 Metaphysica:
1407 2086 1452 2123 de
1468 2086 1525 2122 his

464 2152 558 2176 vero
574 2152 670 2188 quae
691 2140 908 2189 dependent
923 2153 944 2177 a
959 2139 1116 2177 materia
1133 2139 1297 2176 sensibili
1313 2139 1524 2176 secundum

467 2205 547 2228 esse
568 2193 636 2229 sed
655 2205 733 2229 non
752 2194 964 2230 secundum
985 2193 1186 2239 rationem,
1209 2200 1264 2230 θεῖ
1283 2192 1523 2229 Mathemati-

467 2258 525 2282 ca:
556 2245 602 2281 de
631 2245 689 2282 his
717 2259 810 2283 vero
840 2259 936 2295 quae
966 2246 1183 2294 dependent
1211 2258 1232 2282 a
1261 2246 1419 2282 materia
1447 2257 1525 2281 non

467 2299 590 2334 solum
611 2300 822 2336 secundum
843 2312 925 2336 esse
941 2300 1008 2335 sed
1024 2299 1137 2335 etiam
1154 2300 1174 2320 *
1189 2297 1400 2334 secundum
1417 2298 1525 2334 ratio-

467 2363 567 2397 nem,
586 2359 640 2387 est
654 2352 842 2389 Naturalis
859 2354 890 2399 *,
911 2364 1010 2400 quae
1025 2351 1186 2400 Physica
1206 2351 1349 2388 dicitur.
1371 2352 1420 2387 Et
1438 2351 1526 2399 quia

467 2416 582 2441 omne
611 2405 715 2453 quod
743 2406 857 2442 habet
889 2405 1087 2442 materiam
1121 2404 1261 2441 mobile
1291 2411 1361 2451 est,
1393 2416 1525 2440 conse-

466 2470 587 2505 quens
616 2465 671 2494 est
698 2458 803 2506 quod
830 2471 895 2495 ens
928 2458 1062 2494 mobile
1094 2457 1139 2494 sit
1171 2457 1384 2493 subiectum
1417 2464 1527 2493 natu-

466 2510 551 2547 ralis
578 2510 851 2559 philosophiae.
882 2510 1071 2547 Naturalis
1109 2510 1210 2547 enirn
1239 2510 1260 2531 *
1287 2509 1528 2558 philosophia

468 2564 515 2600 de
543 2564 772 2600 naturalibus
801 2572 876 2610 est;
906 2564 1087 2600 naturalia
1106 2571 1234 2599 autem
1255 2570 1342 2598 sunt
1361 2573 1526 2620 quorum

466 2616 693 2665 principium
723 2623 776 2653 est
804 2594 957 2663 natilra,
992 2623 1124 2652 natura
1154 2623 1282 2651 autem
1311 2621 1366 2650 est
1391 2613 1527 2662 princi-

467 2669 573 2728 pium
603 2677 728 2705 motus
758 2676 794 2705 et
821 2646 957 2717 quietis⁷
984 2670 1022 2705 in
1051 2681 1096 2705 eo
1125 2668 1163 2704 in
1191 2680 1268 2715 quo
1299 2674 1373 2713 est;
1403 2667 1450 2704 de
1469 2667 1527 2703 his

467 2722 575 2769 igitur
603 2734 700 2770 quae
729 2723 870 2758 habent
897 2722 935 2758 in
954 2734 993 2758 se
1012 2720 1240 2770 principium
1269 2727 1395 2756 motus
1415 2720 1447 2766 ²¹⁴,
1474 2726 1528 2755 est

468 2774 620 2811 scientia
648 2774 836 2811 naturalis.

521 2839 557 2873 4.
581 2827 655 2863 Sed
672 2827 760 2875 quia
776 2839 820 2863 ea
835 2838 932 2874 quae
953 2833 1237 2873 consequuntur
1255 2824 1407 2873 aliquod
1423 2836 1527 2860 com-

469 2891 605 2925 mune,
635 2880 738 2928 prius
767 2886 803 2915 et
830 2891 1002 2916 seorsum
1032 2877 1317 2915 determinanda
1346 2884 1448 2923 sunt,
1479 2889 1526 2913 ne

469 2939 642 2979 oporteat
666 2945 710 2968 ea
729 2931 918 2969 multoties
946 2931 1209 2980 pertractando
1239 2942 1374 2967 omnes
1402 2937 1526 2978 partes

468 2984 563 3021 illius
583 2985 797 3021 communis
816 2983 834 3013 Ρ
853 2993 1036 3034 repetere3
1058 2983 1311 3020 necessarium
1332 2982 1399 3019 fuit
1422 2982 1527 3031 quod

468 3037 768 3086 praemitteretur
795 3037 833 3074 in
862 3037 1014 3074 scientia
1042 3036 1199 3074 naturali
1227 3049 1326 3072 unus
1354 3035 1459 3082 liber,
1489 3035 1527 3071 in

522 3151 549 3183 α)
568 3150 663 3175 simum
687 3157 767 3175 nasus
785 3157 889 3175 curvus.
903 3164 922 3169 -
938 3151 988 3175 Pro
1006 3150 1100 3175 simum
1124 3149 1419 3174 ACHIKLMOSTVXY
1439 3149 1526 3181 legunt

467 3186 557 3214 simus,
577 3186 623 3210 sed
643 3186 676 3210 cf.
695 3186 758 3210 infra
777 3185 1044 3215 lect.v1,n.1o.RZ
1064 3186 1121 3210 loco
1140 3191 1220 3209 nasus
1238 3192 1335 3209 curvus
1354 3184 1448 3208 habent
1467 3183 1526 3207 nasi

468 3221 600 3251 curvita³;
620 3222 645 3251 S,
661 3228 749 3251 nasus,
763 3221 818 3246 alia
837 3221 927 3246 littera
946 3221 1005 3246 nasi
1022 3221 1148 3245 curvitas.
1162 3233 1180 3239 ——
1200 3220 1278 3244 Paulo
1299 3219 1362 3244 infra
1381 3223 1440 3251 post
1457 3218 1526 3250 lapis

469 3256 490 3280 L
510 3257 578 3280 addit
596 3256 706 3289 lignum,
725 3263 836 3285 aurum,·
855 3261 902 3281 cet.
922 3263 975 3280 exc.
995 3256 1089 3280 DEGH
1109 3255 1206 3279 addunt
1224 3255 1335 3287 lignum.

523 3290 548 3322 β)
569 3291 638 3315 illius
657 3292 809 3316 communis.
829 3306 847 3310 —
865 3291 1010 3316 communis
1029 3299 1081 3315 om.
1101 3290 1186 3322 PGpE
1205 3295 1230 3314 et
1247 3290 1303 3314 ab:
1323 3289 1393 3322 quod
1417 3288 1525 3313 verbum

470 3330 555 3350 tamen
569 3326 666 3350 confert
680 3326 711 3351 ad
726 3326 933 3359 perspicuitatem
947 3326 1124 3350 sententiae.-
1134 3325 1223 3350 Statim
1238 3325 1301 3357 pEG
1314 3332 1367 3349 om.
1379 3331 1446 3349 unus
1461 3323 1526 3348 tiber

470 3368 530 3384 cum
549 3362 658 3386 editione
676 3369 705 3390 a,
726 3370 792 3394 quae
812 3370 858 3394 pro
872 3361 1092 3393 praemitteretur
1111 3360 1171 3393 legit
1194 3362 1374 3392 repeteretur:
1392 3359 1526 3391 sequimur

471 3400 570 3419 ceteros
590 3396 672 3426 codd.;
692 3397 710 3420 Ρ
726 3405 792 3421 unus
812 3397 877 3422 liber
897 3397 922 3421 in
944 3397 1053 3421 scientia
1074 3395 1232 3420 naturali.-
1246 3395 1326 3419 Paulo
1347 3394 1411 3418 infra
1431 3401 1478 3426 pro
1499 3393 1525 3418 in

470 3430 603 3454 commum·
622 3431 661 3455 LS
679 3430 773 3456 habent
792 3432 991 3462 uniuersaliter-‚-
1011 3436 1058 3456 cet.
1079 3439 1132 3456 exc.
1146 3430 1192 3455 EG
1212 3431 1238 3455 in
1259 3429 1410 3454 universali.

524 3466 552 3498 γ)
572 3466 617 3498 qui
634 3466 740 3491 etiam...
755 3467 893 3491 Auditu.-
907 3467 968 3499 ZpR
987 3475 1040 3491 om.
1059 3466 1105 3498 qui
1123 3466 1203 3491 etiam
1226 3465 1323 3490 dicitur
1343 3465 1375 3489 de
1399 3463 1527 3497 Physica,

472 3500 511 3532 pE
530 3508 582 3524 om.
597 3501 630 3524 de
645 3501 772 3534 Physico;
790 3503 813 3526 G
827 3510 879 3526 om.
895 3502 927 3526 de
939 3502 1052 3535 Phssi’co
1066 3502 1135 3530 sive,·
1148 3501 1272 3525 PDFt-lab
1286 3504 1406 3532 repetunt
1421 3499 1452 3524 de
1466 3503 1526 3531 post

471 3535 562 3560 sive.—-
575 3536 653 3560 Linea
669 3544 724 3568 seq.
737 3537 773 3561 ad
785 3537 921 3561 audientes
936 3545 989 3561 om.
1004 3537 1057 3565 EG,
1073 3544 1139 3569 quae
1153 3543 1170 3560 a
1185 3535 1277 3568 repetit
1290 3535 1352 3560 infru
1368 3535 1425 3560 loco
1440 3540 1525 3559 omne.

1574 310 1651 346 quo
1671 304 1888 333 tractaretur
1907 296 1953 332 de
1974 295 2016 331 iis
2036 306 2133 343 quae
2155 302 2439 343 consequuntur
2463 308 2530 333 ens
2551 309 2634 333 mo-

1575 350 1647 387 bile
1668 350 1704 385 in
1725 348 1940 394 communi;
1962 347 2056 384 sicut
2075 347 2253 383 omnibus
2273 347 2434 384 scientiis
2457 349 2633 397 praemit-

1574 403 1660 439 titur
1686 401 1926 450 philosophia
1953 401 2095 449 prima,
2125 400 2163 436 in
2190 412 2267 448 qua
2295 399 2565 441 determinatur
2587 403 2634 438 de

1576 456 1617 492 iis
1647 468 1743 503 quae
1771 462 1858 491 sunt
1886 454 2107 491 communia
2135 453 2209 489 enti
2233 453 2459 501 inquantum
2480 461 2535 490 est
2554 466 2633 491 ens.

1578 509 1649 545 Hic
1677 515 1803 544 autem
1825 514 1879 544 est
1899 506 1991 544 liber
2018 506 2283 554 Physicorum,
2313 505 2378 555 qui
2407 505 2519 543 etiam
2549 506 2636 543 dici-

1576 569 1635 597 tur
1659 561 1704 596 de
1726 561 1885 608 Physico
1914 559 1993 596 sive
2022 558 2203 596 Naturali
2224 559 2363 595 Audita
2388 563 2423 604 ⁷,
2454 558 2541 606 quia
2569 571 2637 607 per

1576 614 1738 650 modum
1759 613 1950 649 doctrinae
1970 612 2018 648 ad
2038 612 2232 648 audientes
2252 611 2408 648 traditus
2428 611 2509 647 fuit:
2532 611 2637 648 cuius

1577 666 1788 702 subiectum
1818 673 1873 702 est
1909 677 1972 701 ens
2000 665 2135 701 mobile
2169 664 2394 712 simpliciter.
2431 664 2523 700 Non
2552 664 2637 701 dico

1577 727 1704 755 autem
1744 731 1879 766 corpus
1911 718 2065 763 mobile,
2101 717 2189 765 quia
2227 729 2342 754 omne
2380 717 2521 753 mobile
2555 729 2638 753 esse

1578 784 1714 820 corpus
1742 771 1925 820 probatur
1939 768 1954 792 δ
1971 772 2009 808 in
2027 770 2098 807 isto
2119 770 2231 816 libro;
2252 770 2354 807 nulla
2374 777 2500 806 autem
2521 769 2639 806 scien-

1576 824 1627 860 tia
1662 824 1799 872 probat
1831 835 1943 860 suum
1977 822 2210 860 subiectum:
2246 830 2281 859 et
2318 823 2405 860 ideo
2439 822 2563 858 statim
2601 822 2638 858 in

1576 877 1761 925 principio
1790 876 1871 912 libri
1899 877 1945 912 de
1977 875 2105 921 Caelo,
2135 875 2199 923 qui
2234 876 2402 923 sequitur
2429 876 2476 912 ad
2505 874 2635 921 istum,

1576 929 1751 977 incipitur
1766 941 1787 964 a
1802 928 2057 965 notificatione
2074 928 2254 976 corporis.
2277 929 2496 976 Sequuntur
2510 934 2638 966 autern

1577 981 1625 1018 ad
1653 982 1755 1018 hunc
1783 981 1920 1017 librum
1954 981 2015 1018 alii
2050 981 2132 1017 libri
2160 981 2335 1017 scientiae
2373 980 2571 1027 naturalis,
2601 980 2639 1017 in

1577 1034 1715 1082 quibus
1742 1041 1919 1069 tractatur
1939 1034 1984 1070 de
2005 1033 2203 1082 speciebus
2232 1033 2450 1070 mobilium:
2481 1040 2572 1080 puta
2601 1032 2639 1069 in

1578 1086 1671 1122 libro
1692 1086 1737 1122 de
1761 1086 1873 1122 Caelo
1895 1086 1915 1107 *
1935 1086 1980 1122 de
2006 1086 2137 1122 mobili
2167 1086 2379 1122 secundum
2408 1092 2558 1122 motum
2586 1085 2638 1121 lo-

1579 1139 1716 1185 calem,
1746 1138 1811 1186 qui
1839 1145 1893 1174 est
1919 1138 2043 1186 prima
2061 1138 2206 1186 species
2226 1145 2369 1183 motus;
2399 1137 2438 1174 in
2457 1137 2552 1174 libro
2573 1149 2638 1174 au-

1578 1198 1655 1227 tem
1684 1191 1728 1226 de
1760 1190 2023 1235 Generatione,
2046 1190 2092 1227 de
2117 1198 2225 1226 motu
2245 1190 2294 1227 ad
2323 1191 2487 1227 formam
2513 1197 2548 1226 et
2564 1189 2639 1239 pri-

1578 1243 1650 1279 mis
1679 1243 1902 1288 mobilibus,
1939 1243 2079 1279 scilicet
2117 1243 2332 1289 elementis,
2368 1250 2552 1291 quantum
2591 1243 2639 1280 ad

1577 1294 1911 1332 transmutationes
1931 1295 1951 1316 ’¹‘
1972 1307 2105 1331 eorum
2135 1295 2173 1331 in
2202 1295 2420 1340 communi3
2450 1302 2636 1343 quantum

1576 1360 1669 1384 vero
1699 1348 1746 1384 ad
1777 1347 1957 1396 speciales
1987 1359 2121 1383 eorum
2149 1347 2503 1393 transmutationes,
2533 1347 2571 1383 in
2598 1347 2639 1383 li-

1577 1401 1646 1436 bro
1666 1401 1951 1444 Meteororum‚·
1970 1399 2017 1436 de
2037 1398 2245 1436 mobilibus
2262 1412 2356 1437 vero
2377 1399 2501 1435 mixtis
2522 1399 2542 1420 *
2561 1399 2638 1436 ina-

1577 1452 1738 1498 nimatis,
1751 1452 1789 1488 in
1804 1452 1898 1488 libro
1914 1452 1959 1488 de
1972 1452 2224 1489 illineralibus
2238 1458 2265 1499 ‘3
2282 1451 2518 1489 de'animatis
2531 1464 2640 1499 vero,

1576 1505 1614 1541 in
1642 1505 1737 1541 libro
1766 1505 1811 1541 de
1836 1505 1978 1542 Anima
2013 1512 2049 1542 et
2077 1505 2396 1554 consequentibus
2424 1504 2472 1541 ad
2500 1504 2639 1553 ipsum.

1634 1558 1666 1594 5.
1697 1557 1796 1594 Huic
1825 1565 1950 1594 autem
1982 1558 2002 1579 ²⁸
2030 1557 2125 1594 libro
2154 1557 2358 1606 praemittit
2385 1556 2641 1606 Philosophus

1576 1609 1838 1658 prooemium,
1859 1610 1897 1647 in
1916 1622 1993 1658 quo
2023 1610 2186 1647 ostendit
2213 1610 2387 1648 ordinem
2407 1609 2642 1659 procedendi

1577 1662 1615 1699 in
1644 1662 1798 1700 scientia
1817 1663 1986 1700 naturali.
2008 1663 2120 1700 Unde
2140 1663 2217 1700 duo
2238 1663 2340 1704 facit:
2360 1663 2487 1712 primo
2516 1669 2642 1700 osten-

1578 1715 1631 1752 dit
1658 1715 1763 1764 quod
1792 1723 1942 1764 oportet
1968 1715 2133 1764 incipere
2162 1727 2185 1752 a
2213 1715 2515 1754 consideratione
2538 1715 2640 1765 prin-

1577 1767 1784 1817 cipiorum3
1815 1767 1984 1805 secundo
2013 1768 2118 1817 quod
2150 1767 2247 1805 inter
2279 1768 2464 1817 principia
2491 1774 2642 1817 oportet

1577 1821 1741 1869 incipere
1761 1833 1783 1857 a
1801 1820 1994 1869 principiis
2012 1820 2380 1858 universalior-ibus*
2385 1820 2482 1868 ,ibiz
2503 1821 2641 1859 Innata
2668 1833 2680 1845 ⁸

1577 1875 1740 1911 autem*

1579 1928 1621 1963 In
1649 1926 1828 1963 omnibus
1855 1926 2017 1963 scientiis
2049 1939 2212 1975 quarum
2245 1935 2332 1964 sunt
2363 1925 2547 1976 principia
2579 1933 2679 1962 aut·

1579 1991 1714 2016 causae
1730 1986 1795 2016 aut
1809 1980 2007 2026 elementa,
2022 1979 2232 2016 intellectus
2248 1987 2284 2016 et
2298 1979 2453 2016 scientia
2470 1978 2644 2028 procedit

1579 2044 1624 2068 ex
1641 2032 1853 2079 cognitione
1868 2032 2152 2080 principiorum,
2166 2033 2186 2053 '⁶
2201 2044 2402 2069 causarum
2422 2039 2459 2068 et
2477 2032 2681 2068 clemen-⁸
2669 2041 2786 2090 ..vm
2799 2047 2881 2064 nm

1578 2093 1727 2131 torum;
1757 2085 1823 2122 sed
1857 2084 2010 2121 scientia
2044 2097 2141 2133 quae
2177 2093 2232 2121 est
2260 2085 2308 2121 de
2344 2091 2496 2132 natura,
2529 2074 2701 2121 habet

1578 2137 1773 2196 principia,
1791 2138 1979 2174 elementa
2000 2142 2036 2173 et
2049 2137 2069 2158 '¹‘
2091 2150 2241 2184 causas;
2264 2149 2352 2185 ergo
2372 2137 2410 2174 in
2431 2149 2476 2175 ea
2495 2143 2645 2185 oportet
2669 2145 2820 2195 agalma
2830 2151 2881 2168 exc

1579 2190 1744 2238 incipere
1764 2202 1786 2226 a
1806 2188 2117 2231 determinatione
2136 2189 2423 2238 principiorum.
2444 2189 2563 2236 Quod
2578 2201 2643 2226 au-

1580 2251 1657 2279 tem
1677 2242 1766 2279 dicit
1783 2243 2000 2292 intelligere,
2022 2243 2179 2279 refertur
2198 2242 2248 2280 ad
2262 2243 2518 2288 definitiones;
2538 2242 2644 2290 quod

1580 2308 1673 2333 vero
1703 2295 1790 2332 dicit
1816 2295 1923 2341 scire,
1945 2295 1994 2332 ad
2013 2295 2401 2332 demonstrationes*.
2426 2295 2531 2332 Nam
2550 2294 2646 2333 sieut
2670 2302 2883 2353 maw-

1580 2348 1924 2385 demonstrationes
1952 2355 2039 2384 sunt
2067 2360 2112 2384 ex
2141 2347 2279 2394 causis,
2307 2348 2359 2384 ita
2387 2354 2422 2384 et
2456 2346 2642 2394 defimtio-

1581 2414 1666 2447 nes;
1696 2413 1784 2438 curn
1805 2401 1994 2450 completa
2013 2400 2182 2437 definitio
2203 2400 2248 2437 sit
2268 2399 2541 2437 demonstratio
2561 2400 2643 2437 sola

1579 2453 1769 2502 positione
1798 2453 1990 2500 differens,

1583 2624 1696 2649 causa
1725 2619 1779 2648 est
1806 2611 1844 2648 in
1871 2612 1956 2660 plus
1984 2623 2100 2660 quam
2127 2612 2380 2657 elementum;
2410 2611 2641 2648 elementum

1583 2665 1685 2701 enim
1703 2666 1722 2686 '¹‘
1751 2672 1806 2701 est
1825 2677 1870 2700 ex
1893 2677 1970 2713 quo
1991 2664 2233 2712 componitur
2252 2676 2310 2701 res
2328 2663 2453 2712 primo
2475 2671 2511 2701 et
2531 2671 2586 2701 est
2604 2663 2642 2702 in
2668 2669 2882 2718 „uage-,nm

2668 2722 2719 2772 a.
2728 2721 2881 2776 aare:

1582 2772 1770 2807 elementa
1798 2769 2008 2817 locutionis,
2037 2782 2117 2806 non
2145 2777 2273 2806 autem
2296 2770 2478 2817 syllabae:
2504 2781 2642 2807 causae
2670 2781 2691 2797 ο·
2705 2781 2726 2804 ³
2741 2780 2764 2797 ιι·
2779 2780 2797 2797 ¹·

1583 2730 1642 2765 eo,
1658 2725 1699 2754 ut
1726 2717 1886 2754 dicitur
1879 2730 1916 2754 in
1944 2717 1979 2753 V
1992 2718 2208 2765 Metaphys.
2226 2718 2257 2762 ³⁸,
2279 2716 2374 2753 sicut
2392 2716 2535 2754 litterae
2555 2724 2643 2754 sunt

1582 2831 1708 2860 autem
1738 2823 1911 2860 dicuntur
1939 2835 1983 2859 ex
2008 2822 2145 2871 quibus
2174 2822 2327 2871 aliqua=
2350 2822 2567 2871 dependent
2584 2833 2641 2859 se—

1583 2876 1751 2913 cundum
1779 2888 1892 2912 suum
1926 2887 2008 2912 esse
2034 2875 2096 2912 vel
2127 2875 2231 2920 fieri;
2260 2873 2362 2912 unde
2392 2874 2506 2912 etiam
2542 2885 2642 2924 quae

1581 2937 1669 2966 sunt
1697 2936 1799 2965 extra
1827 2940 1924 2974 rem,
1957 2929 2020 2964 vel
2047 2939 2144 2976 quae
2178 2934 2264 2964 sunt
2295 2927 2334 2964 in
2361 2939 2402 2964 re
2432 2939 2477 2964 ex
2503 2927 2641 2975 quibus

1582 2994 1659 3018 non
1688 2981 1930 3029 componitur
1953 2992 2012 3016 res
2038 2980 2184 3028 primo,
2213 2986 2374 3028 possunt
2391 2979 2464 3016 dici
2492 2991 2639 3026 causae,

1582 3047 1659 3071 non
1687 3041 1815 3071 tamen
1844 3034 2041 3070 elementa.
2071 3032 2304 3081 Principium
2334 3044 2429 3070 vero
2462 3031 2642 3081 importat

1632 3146 1658 3181 ὅ)
1671 3154 1726 3172 esse
1739 3154 1834 3178 corpus
1844 3146 2053 3178 probatum—lta
2062 3145 2206 3176 PDNRsG;
2216 3152 2271 3170 esse
2284 3152 2380 3177 eorpus
2391 3147 2420 3170 ut
2425 3145 2559 3177 probatur
2568 3144 2642 3178 pEG3

1579 3186 1618 3208 est
1631 3189 1727 3214 corpus
1741 3185 1770 3206 ut
1778 3182 1911 3214 probatur
1926 3181 2019 3211 HZsE3
2030 3181 2163 3213 probatur
2175 3187 2231 3205 esse
2252 3187 2348 3212 corpus
2362 3185 2410 3205 cet.
2423 3194 2441 3199 -
2453 3181 2515 3205 Post
2534 3181 2641 3206 alteram

1580 3218 1674 3242 lineam
1688 3218 1750 3242 libri
1763 3225 1816 3242 om.
1831 3216 1947 3245 PEGab;
1965 3217 1997 3241 de
2014 3217 2092 3241 Caelo
2107 3219 2133 3240 et
2145 3216 2248 3240 Mundo
2263 3215 2383 3241 DILZsS.
2396 3229 2414 3235 -·
2427 3215 2508 3240 Linea
2522 3215 2641 3248 sequenti

1580 3253 1612 3278 de
1631 3260 1678 3285 pro
1696 3259 1713 3277 a
1732 3252 1826 3277 habent
1845 3251 2126 3283 ABCIKLMSTVXYp
2128 3251 2207 3276 FOR.

1631 3288 1654 3319 ε)
1674 3287 1741 3312 libro
1761 3287 1793 3312 de
1811 3287 1995 3312 Mineralibus.
2017 3300 2036 3305 -
2055 3287 2091 3311 Ita
2110 3286 2281 3316 PCsLSXab5
2300 3286 2339 3319 pL
2357 3285 2425 3311 libro
2444 3286 2477 3312 de
2499 3286 2640 3311 Univerw

1581 3323 1663 3351 libus;
1677 3323 1727 3347 ΜΟ
1743 3322 1810 3347 libro
1829 3322 1861 3347 de
1876 3321 2013 3350 Minieris3
2031 3327 2078 3346 cet.
2099 3321 2214 3362 explicite
2233 3326 2277 3346 aut
2289 3325 2408 3354 corrupte
2421 3321 2489 3346 libro
2507 3321 2541 3346 de
2553 3319 2640 3346 Mine-

1581 3365 1626 3383 ris.
1645 3357 1759 3382 innuitur
1779 3357 1843 3382 liber
1857 3354 1912 3390 περὶ
1928 3353 2074 3390 μετάλλων,
2095 3356 2167 3381 cuius
2186 3355 2329 3388 fragmenta
2347 3355 2407 3381 vide
2423 3355 2471 3382 Bk.
2484 3363 2543 3397 pag.
2561 3353 2638 3380 1523.

1632 3392 1656 3425 ζ)
1677 3399 1713 3417 ex
1731 3393 1823 3425 qm‘bus
1842 3392 1958 3425 aliqua...
1961 3391 2033 3417 adici
2045 3398 2150 3417 causae.
2163 3391 2318 3423 —Legimus
2333 3398 2393 3416 cum
2407 3390 2497 3416 maiori
2510 3394 2583 3423 parte
2597 3395 2639 3414 co-

1580 3428 1664 3452 dicum
1684 3433 1771 3452 contra
1790 3427 1898 3457 PEGab,
1918 3428 1963 3460 qui
1982 3434 2088 3452 sensum
2108 3431 2134 3451 et
2150 3426 2230 3450 verba
2247 3425 2406 3450 confundunt
2424 3425 2474 3450 hoc
2491 3425 2584 3450 modo·
2603 3430 2641 3449 ex

1579 3463 1671 3495 quibus
1691 3470 1732 3488 res
1752 3462 1881 3494 dependet
1899 3461 2063 3494 (dependent
2080 3461 2142 3493 EG)
2160 3461 2304 3486 secundum
2328 3467 2384 3486 esse
2407 3466 2484 3486 suum
2510 3459 2551 3484 vel
2560 3458 2640 3492 fleri,-

1580 3499 1648 3523 unde
1666 3501 1693 3523 et
1711 3498 1790 3523 etiam
1810 3505 1877 3530 quae
1895 3500 1957 3522 sunt
1975 3500 2057 3522 extra
2075 3496 2143 3528 (rem
2158 3496 2256 3521 addunt
2269 3495 2334 3527 EG),
2349 3495 2390 3520 uel
2403 3494 2483 3520 etiam
2497 3500 2566 3526 quae
2577 3496 2640 3518 sunt

1580 3534 1605 3558 ἰη
1626 3540 1662 3563 re,
1681 3540 1778 3558 causae
1797 3533 1850 3558 dici
1864 3535 1985 3565 possunt,
2005 3538 2043 3557 ex
2061 3531 2153 3563 quibus
2172 3538 2224 3555 non
2243 3529 2411 3562 componitur
2429 3536 2472 3554 res
2486 3529 2586 3561 primo.

2666 1099 2676 1109 '
2692 1101 2715 1122 et
2727 1098 2815 1120 Mundo
2835 1098 2877 1120 ad-

2666 1125 2723 1147 dunt
2733 1131 2842 1152 nupxsc.

2667 1307 2676 1316 '
2698 1308 2878 1330 transmutatio-

2666 1339 2718 1354 nem
2731 1338 2879 1356 neumnen-

2667 1411 2677 1420 ·
2687 1413 2711 1432 et
2720 1410 2773 1432 add.
2784 1417 2880 1434 um

2667 1442 2799 1459 uon-urz.

2668 1571 2678 1582 ⁶
2693 1571 2770 1599 igitur
2782 1577 2811 1598 z:
2830 1577 2880 1595 om.

2667 1603 2817 1620 Αικυιιτνιτ.

2669 1833 2882 1882 COdudn‘vGexrc'aegg

1759 1881 1828 1910 etc.
1849 1873 1980 1910 Primo
2001 1886 2089 1922 ergo
2108 1873 2151 1895 ³¹³*
2170 1873 2276 1922 ponit
2303 1875 2418 1911 talem
2442 1873 2640 1911 rationem.
2669 1892 2767 1934 mmm
2782 1912 2806 1934 ⁶

2669 1939 2824 1987 „emam-
2838 1943 2882 1960 η·

2020 2460 2061 2489 ut
2089 2453 2222 2490 dicitur
2249 2451 2288 2489 in
2317 2454 2331 2489 I
2360 2454 2501 2490 Poster.
2525 2453 2545 2475 *
2570 2453 2644 2489 Ρθι·
2669 2459 2774 2508 ὅςῆ-1
2747 2465 2840 2487 -mm
2848 2465 2884 2483 2·-

1581 2508 1656 2543 hoc
1683 2514 1811 2543 autem
1846 2506 1950 2555 quod
1986 2505 2073 2542 dicit
2102 2506 2292 2554 principia
2325 2511 2389 2542 aut
2417 2517 2551 2543 causas
2579 2513 2643 2542 aut
2669 2518 2692 2534 ιι
2702 2518 2723 2540 5

1581 2560 1778 2605 elementa,
1813 2572 1891 2595 non
1919 2558 2076 2595 intendit
2092 2559 2204 2595 idern
2232 2558 2253 2581 ⁴¹
2281 2557 2502 2606 significare.
2537 2559 2679 2602 Nam
2693 2564 2856 2588 miden-⁶⁶·

2775 2489 2882 2515 mom
2911 2523 2914 2525 .
