2840 4004
342 252 389 276 ΧΗ

342 320 533 362 stabilior
565 317 762 358 iniuria...
787 316 836 369 (f.
865 329 928 364 2a,
953 316 976 356 l.
1010 317 1080 371 11)
1115 316 1272 356 Evenit
1305 323 1447 357 tamen
1482 317 1584 371 ipsis
1618 317 1692 371 qui
1725 317 1850 358 huius
1885 317 2142 372 integerrimi
2177 318 2364 361 doctoris
2400 334 2519 362 com-

342 381 647 423 mentationem
670 378 731 418 sic
755 377 1024 431 impudenter
1057 377 1266 426 mordent,
1291 384 1337 418 ut
1369 378 1404 418 si
1438 379 1546 419 forte
1579 379 1724 433 aliquo
1756 379 1796 419 in
1830 379 1927 418 loco
1953 384 2196 419 contectum
2229 381 2518 423 obscurumve

343 441 585 484 Aristotelis
613 440 795 480 verbum
819 438 1072 479 offenderint
1105 439 1249 493 (quod
1283 439 1458 493 quidem
1492 440 1737 480 multotiens
1772 440 1861 481 fieri
1895 440 2095 480 arbitror:
2131 453 2271 494 neque
2305 443 2416 483 enim
2449 444 2518 484 vel

343 503 614 545 mediocriter
646 501 688 541 in
722 500 1005 540 Aristotelicis
1038 500 1155 540 libris
1190 500 1368 540 edoctus
1403 506 1490 541 tam
1530 501 1665 541 clarae
1705 502 1951 555 salubrique
1985 501 2344 555 interpraetationi
2378 503 2518 545 detra-

343 565 506 619 heret),
541 562 673 603 velint
705 562 841 602 nolint
881 561 936 601 ad
970 560 1057 601 divi
1090 561 1263 602 thomae
1311 562 1716 603 commentationem
1758 563 1961 603 accedere
2006 568 2228 618 coguntur.
2265 562 2410 615 Quare
2442 578 2518 606 an-

342 626 505 681 gelicus
547 625 752 677 interpres
801 635 945 663 coram
988 622 1076 663 suis
1111 622 1441 671 detractoribus,
1476 629 1522 663 ut
1554 623 1774 677 quondam
1810 624 2069 677 temistocles
2104 637 2248 664 coram
2281 625 2518 665 Athenien-

343 687 462 727 sibus
485 701 510 726 a
533 685 690 740 quibus
724 684 874 724 iniuria
906 683 1187 732 afficiebatur,
1223 697 1268 724 se
1302 684 1481 737 platanis
1521 685 1754 725 assimilare
1787 691 1955 739 posset:
1990 686 2070 726 sub
2105 699 2286 739 quarum
2325 686 2516 741 tegmina

343 757 536 802 tempore
583 746 782 786 imbrium
822 745 1054 799 refugiunt,
1091 745 1188 785 dein
1221 758 1326 785 vero
1362 746 1403 785 in
1436 746 1660 786 serenitate
1695 746 1785 786 illas
1818 747 2006 787 avellunt
2038 753 2355 801 praetereuntes
2387 754 2516 802 atque

344 809 612 850 maledicunt.
647 807 737 848 Sed
759 806 907 847 ludant
930 805 1239 846 detractionum
1274 806 1489 847 morsibus
1513 807 1621 848 circa
1647 807 1851 847 invictum
1886 808 2107 849 doctorem
2130 808 2240 848 illius
2263 808 2516 850 adversarii:

344 883 528 924 cumque
556 870 711 909 famem
745 867 955 908 senserint
987 867 1138 908 iterum
1172 867 1226 908 ad
1260 867 1400 921 ipsum
1434 868 1650 909 saturandi
1683 869 1896 909 accedant.
1932 870 2152 924 Impetitur
2185 869 2312 910 etiam
2347 870 2516 911 divinus

342 933 511 973 thomas
545 930 847 970 nonnullorum
887 929 1113 977 morsibus,
1150 929 1222 983 qui
1260 929 1451 983 profecto
1487 943 1564 970 nec
1597 941 1755 971 nomen
1779 931 1953 984 quidem
1988 931 2050 984 (ut
2082 931 2139 971 ita
2162 931 2355 986 dixerim)
2378 932 2516 986 philo-

342 993 519 1048 sophiae
542 991 775 1039 audierunt,
802 996 843 1030 et
872 990 1011 1044 ipsum
1044 990 1175 1030 veluti
1208 990 1427 1031 hominem
1460 991 1680 1032 indoctum
1714 992 1976 1041 arbitrantur,
2012 999 2216 1046 tanquam
2250 993 2323 1046 qui
2356 993 2517 1046 primus

345 1054 526 1095 extiterit
545 1053 616 1106 qui
640 1052 682 1092 in
706 1051 964 1106 exponendo
988 1051 1265 1092 Aristotelem
1293 1052 1580 1093 elocutionem
1610 1054 1949 1107 contempserit...
1977 1053 2025 1107 (l.
2053 1052 2135 1109 26)
2159 1053 2206 1093 Si
2238 1053 2365 1108 igitur
2387 1067 2515 1094 nemo

342 1121 450 1156 teste
483 1114 698 1155 aristotele
730 1126 807 1167 per
840 1113 1127 1153 elocutionem
1160 1113 1442 1168 geometriam
1477 1113 1619 1162 docet,
1656 1127 1729 1154 cur
1762 1116 1995 1155 naturalem
2030 1114 2307 1168 disciplinam,
2333 1127 2429 1154 cum
2464 1114 2516 1155 de

342 1183 521 1230 utraque
548 1189 623 1229 par
645 1175 699 1215 sit
722 1174 935 1223 iudicium,
960 1188 1036 1229 per
1069 1175 1356 1215 elocutionem
1391 1175 1571 1216 edocere
1605 1181 1785 1229 oportet.
1821 1176 2046 1230 Siquidem
2079 1175 2115 1216 si
2153 1175 2228 1215 tibi
2271 1181 2414 1216 motus
2448 1175 2512 1216 di-

343 1239 556 1278 visionem
597 1250 650 1277 ex
674 1235 978 1291 magnitudinis
1013 1235 1225 1276 divisione
1257 1237 1522 1286 sumendam,
1547 1241 1620 1276 aut
1641 1237 1955 1291 quodcumque
1980 1237 2140 1277 mobile
2174 1236 2387 1277 divisibile
2421 1250 2516 1278 esse

343 1297 726 1340 demonstrandum
760 1297 852 1345 erit,
887 1297 945 1337 ibi
979 1311 1047 1337 ars
1081 1298 1221 1337 omnis
1255 1297 1485 1338 rhetorices
1519 1297 1734 1338 afferenda
1768 1298 1864 1346 erit,
1902 1304 1943 1338 et
1975 1298 2108 1338 modo
2143 1297 2514 1352 conduplicatione

343 1374 472 1415 quam
505 1359 647 1415 graeci
681 1358 949 1412 anadiplosin
982 1364 1151 1406 vocant,
1177 1358 1310 1399 modo
1336 1359 1617 1412 expolitione,
1650 1359 1784 1398 modo
1820 1358 2064 1398 circuitione
2098 1364 2171 1398 aut
2203 1358 2413 1399 dissoluto
2445 1359 2515 1400 vel

345 1421 653 1463 exclamatione
680 1420 886 1460 utendum
910 1419 995 1460 erit.
1031 1421 1186 1473 Neque
1220 1420 1332 1460 enim
1356 1432 1467 1472 quae
1499 1420 1606 1459 velis
1640 1419 1750 1459 nolis
1774 1432 1870 1459 cum
1900 1419 1976 1458 tibi
1999 1419 2220 1472 proposita
2252 1419 2405 1459 fuerint
2427 1433 2516 1460 cre-

343 1484 443 1524 dere
484 1488 664 1536 oportet,
695 1482 770 1522 tibi
792 1494 868 1535 per
902 1481 1188 1521 elocutionem
1222 1480 1520 1534 persuadenda
1553 1485 1662 1520 sunt.
1699 1480 1771 1521 Sic
1793 1480 1936 1534 itaque
1966 1479 2137 1520 divinus
2171 1479 2324 1520 doctor
2345 1480 2515 1521 Aristo-

341 1545 464 1585 telica
487 1544 707 1597 disciplina
729 1542 916 1582 monitus
941 1542 1067 1581 talem
1091 1541 1172 1581 sibi
1206 1543 1386 1596 sumpsit
1414 1541 1627 1582 scribendi
1662 1541 1853 1590 modum,
1879 1541 1951 1595 qui
1974 1554 2186 1582 summam
2209 1554 2310 1595 prae
2333 1554 2380 1582 se
2413 1542 2518 1582 ferat

341 1606 615 1661 gravitatem,
651 1616 728 1644 nec
763 1603 1023 1657 expolitione
1066 1603 1299 1643 verborum
1339 1603 1524 1656 aliquam
1559 1603 1829 1643 obscuritatis
1872 1608 2019 1642 notam
2052 1602 2245 1643 incurrat.
2290 1603 2376 1643 Eas
2411 1616 2516 1658 ergo

343 1665 725 1707 commentationes
760 1678 867 1718 quas
901 1678 978 1718 pro
1013 1664 1279 1704 aristotelicis
1312 1664 1430 1704 libris
1464 1664 1590 1704 divus
1638 1664 1807 1704 thomas
1841 1663 2173 1704 luculentissime
2218 1663 2373 1713 edidit,
2415 1665 2516 1705 scri-

342 1734 513 1783 ptorum
547 1727 940 1781 impressorumque
975 1726 1171 1780 neglectu
1206 1725 1323 1766 omni
1358 1738 1410 1766 ex
1443 1731 1561 1779 parte
1595 1725 1843 1774 mendosas,
1880 1725 2170 1766 emendandas
2204 1726 2391 1779 suscepi,
2427 1739 2515 1779 quo

343 1790 511 1844 penitus
545 1789 599 1828 ab
624 1801 676 1828 eo
701 1787 841 1828 omnis
868 1787 972 1827 falsa
996 1786 1230 1841 depellatur
1263 1787 1473 1827 calumnia
1495 1793 1536 1827 et
1557 1787 1611 1827 ab
1646 1787 1847 1827 omnibus
1880 1787 2011 1827 veluti
2044 1786 2276 1827 fidissimus
2311 1787 2516 1841 interpres

343 1865 392 1891 ac
425 1855 649 1905 preceptor
681 1849 724 1889 in
757 1848 1034 1903 intelligendo
1069 1849 1371 1889 aristotelicum
1404 1861 1579 1888 sensum
1613 1849 1802 1903 eligatur.
1837 1849 1981 1889 Primo
2015 1854 2157 1889 autem
2185 1849 2225 1888 in
2259 1849 2337 1889 hac
2370 1861 2516 1889 emen-

343 1913 515 1953 datione
544 1917 685 1951 textus
716 1910 953 1959 aristotelis,
989 1923 1101 1964 quos
1134 1910 1248 1950 haud
1282 1909 1500 1950 modicum
1533 1910 1713 1950 viciatos
1747 1916 1788 1950 et
1819 1910 1928 1950 inter
1959 1923 2006 1950 se
2041 1910 2350 1964 discrepantes,
2386 1916 2516 1964 atque

343 1973 485 2014 multis
521 1973 562 2012 in
595 1972 701 2012 locis
732 1972 1081 2012 commentationi
1116 1972 1202 2012 divi
1237 1971 1436 2020 doctoris,
1463 1971 1539 2012 etsi
1574 1985 1660 2012 non
1694 1972 1737 2011 in
1770 1984 1899 2012 sensu
1932 1971 2148 2019 orationis,
2184 1971 2226 2011 in
2260 1971 2517 2012 dictionibus

342 2041 485 2076 tamen
508 2040 807 2089 repugnantes,
832 2033 1046 2087 aliquibus
1071 2034 1197 2074 etiam
1220 2033 1439 2073 sententiis
1462 2038 1692 2081 truncatos,
1718 2046 1802 2087 que
1827 2033 1868 2073 in
1891 2033 1994 2087 ipsis
2029 2033 2358 2073 Commentariis
2382 2046 2515 2087 expo-

342 2097 422 2138 site
445 2095 719 2150 reperiuntur,
745 2109 840 2135 cum
864 2095 1050 2135 textibus
1073 2095 1238 2150 graecis
1269 2095 1459 2135 conferre
1491 2095 1626 2143 volui,
1663 2100 1704 2135 et
1737 2094 1838 2148 ipsis
1871 2095 2002 2134 veluti
2037 2094 2270 2134 certissima
2303 2094 2518 2135 examussi

341 2159 385 2199 in
423 2163 669 2198 nostrorum
707 2162 900 2197 textuum
941 2157 1215 2204 correctione,
1241 2169 1337 2196 cum
1370 2156 1478 2196 inter
1509 2169 1555 2196 se
1590 2155 1848 2195 dissentanei
1882 2161 2037 2203 essent,
2061 2168 2164 2195 usus
2187 2168 2295 2196 sum.
2331 2156 2518 2195 Graecas

342 2233 447 2260 vero
473 2219 680 2259 dictiones
725 2232 831 2272 quas
854 2218 1008 2258 latinus
1044 2218 1249 2272 interpres
1290 2223 1452 2258 mutare
1486 2217 1633 2264 noluit,
1663 2230 1790 2271 grece
1824 2217 2096 2270 transcriptas
2133 2216 2175 2256 in
2211 2215 2371 2256 codicis
2405 2229 2516 2257 mar-

343 2281 443 2336 gine
479 2279 750 2320 collocandas
784 2279 989 2320 iudicavi:
1025 2279 1068 2319 id
1101 2280 1142 2319 in
1176 2280 1255 2319 hac
1288 2292 1332 2319 re
1366 2278 1553 2319 utilitatis
1596 2278 1859 2332 auspicatus,
1893 2277 2012 2331 quod
2046 2278 2226 2318 barbare
2265 2290 2516 2332 graecarum

344 2342 578 2383 dictionum
612 2341 999 2395 pronunciationes,
1030 2354 1114 2394 que
1137 2355 1161 2380 a
1184 2340 1340 2381 nostris
1363 2339 1608 2395 theologiae
1637 2353 1686 2379 ac
1707 2339 2004 2393 philosophiae
2026 2338 2343 2392 professoribus
2365 2351 2515 2393 greca-

344 2417 436 2444 rum
470 2403 701 2443 litterarum
735 2403 893 2457 ignaris
927 2402 1238 2443 inconsiderate
1273 2402 1389 2450 fiunt,
1423 2402 1502 2441 hac
1540 2400 1626 2440 fida
1659 2400 1971 2454 conscriptione
2009 2400 2102 2439 visa
2136 2399 2388 2454 corrigende
2421 2399 2515 2440 sint.

332 2465 498 2519 Neque
522 2464 671 2504 dubito
702 2464 821 2518 quod
854 2464 889 2504 si
922 2465 1013 2504 sine
1047 2464 1125 2504 hac
1158 2477 1312 2518 graeca
1345 2461 1658 2516 conscriptione
1691 2460 1895 2514 tanquam
1928 2461 2016 2501 fido
2050 2461 2239 2501 veritatis
2273 2461 2518 2501 testimonio

343 2539 545 2582 graecum
567 2526 748 2566 verbum
771 2526 912 2566 multis
931 2526 973 2566 in
995 2525 1101 2566 locis
1125 2530 1369 2578 corruptum
1393 2523 1682 2578 castigassem,
1699 2523 1889 2577 plerique
1914 2522 2088 2562 caeteris
2106 2522 2269 2562 viciatis
2295 2522 2518 2563 codicibus

343 2588 594 2642 ampliorem
627 2587 756 2627 fidem
791 2601 920 2641 quam
954 2599 1075 2627 meae
1109 2585 1360 2626 correctioni
1393 2584 1685 2638 prestitissent.
1721 2585 1856 2624 Erunt
1889 2590 2032 2624 autem
2066 2584 2184 2624 haec.
2211 2584 2298 2624 divi
2332 2583 2521 2624 doctoris

343 2650 385 2690 in
420 2649 645 2689 aristotelis
685 2649 817 2688 libros
851 2647 1179 2694 commentaria,
1215 2659 1343 2700 quae,
1379 2660 1404 2686 a
1437 2659 1506 2686 me
1540 2645 1784 2701 diligentius
1818 2645 2010 2699 pluribus
2045 2646 2171 2686 simul
2205 2645 2519 2699 exemplaribus

346 2711 507 2751 collatis
543 2709 778 2757 emendata,
802 2722 878 2762 per
906 2708 1208 2762 peritissimum
1241 2708 1443 2747 artificem
1476 2707 1726 2763 gregorium
1760 2707 1813 2747 de
1847 2707 2059 2762 gregoriis
2088 2707 2358 2761 impressioni
2392 2719 2517 2747 accu—

345 2772 554 2812 ratissime
593 2770 830 2818 tradentur,
872 2775 975 2810 nutu
1014 2782 1119 2809 vero
1164 2782 1213 2809 ac
1259 2769 1462 2823 impensis
1508 2769 1767 2824 integerrimi
1799 2768 1878 2808 viri
1918 2768 2133 2809 alexandri
2171 2768 2403 2809 calcedonii
2437 2768 2516 2808 ela—

345 2834 515 2873 borata:
550 2832 688 2885 primo
717 2831 917 2871 videlicet
948 2830 1253 2870 commentaria
1285 2831 1327 2870 in
1362 2836 1459 2870 octo
1494 2831 1625 2871 libros
1659 2830 1979 2884 Physicorum...
2005 2830 2060 2883 (b,
2084 2830 2108 2870 l.
2136 2829 2208 2884 25)
2243 2829 2514 2884 Egiautem,

346 2900 552 2947 quantum
586 2905 707 2932 meae
741 2892 841 2932 mihi
875 2892 1107 2932 imbecilles
1150 2892 1330 2932 afferunt
1361 2892 1494 2940 vires,
1539 2898 1586 2932 ut
1617 2892 1722 2932 haec
1765 2891 1909 2931 divina
1951 2891 2353 2931 commentariorum
2391 2890 2517 2930 volu-

345 2955 460 2996 mina
502 2966 676 2994 omnem
709 2968 734 2993 a
766 2967 812 2994 se
853 2953 1181 2993 mendositatem
1216 2959 1478 3001 excuterent,
1514 2966 1591 2993 nec
1625 2967 1649 2992 a
1683 2965 1751 2993 me
1785 2953 2015 3006 quicquam
2048 2952 2392 3006 praetermissum
2427 2956 2516 2999 est,

345 3016 465 3070 quod
498 3016 567 3055 vel
601 3015 884 3070 integritatem
913 3015 982 3055 vel
1007 3015 1207 3055 decorem
1240 3020 1313 3055 aut
1342 3015 1570 3055 claritatem
1604 3014 1706 3067 ipsis
1730 3019 1878 3068 posset
1910 3014 2076 3062 afferre;
2113 3014 2148 3053 si
2171 3012 2303 3053 modo
2337 3013 2514 3066 impres-

345 3090 492 3118 sorum
525 3076 684 3116 incuria
717 3076 953 3130 quidquam
978 3089 1064 3116 non
1087 3076 1477 3130 praetermittatur...
1503 3075 1542 3129 (l.
1565 3075 1636 3129 29)
1655 3076 1722 3115 Ex
1755 3075 1935 3115 venetiis
1958 3087 2075 3115 nono
2100 3074 2327 3115 chalendas
2349 3074 2517 3114 februa-

346 3139 429 3179 rias
452 3149 782 3178 MCCCCLXXXXII
805 3155 820 3174 »
844 3137 906 3191 (cs.
926 3151 1054 3191 supra
1078 3137 1223 3177 datum
1260 3152 1314 3176 VI!
1341 3137 1438 3177 idus
1459 3137 1576 3184 ma2·‚·
1610 3136 1832 3190 impressio
1858 3149 1962 3192 ergo
1998 3135 2303 3176 Commentarii
2332 3135 2375 3176 in
2400 3136 2518 3188 Phy-

343 3201 529 3240 sz'cornm
551 3200 762 3253 completa
786 3205 850 3239 est
882 3199 1016 3239 tribus
1056 3198 1275 3239 mensibus
1310 3204 1351 3238 et
1384 3197 1560 3238 dimidio
1595 3198 1791 3252 circiter).
1827 3198 1980 3238 Utrum
2014 3197 2138 3238 illud:
2163 3197 2367 3251 pluribus
2387 3196 2523 3237 simul

346 3261 664 3315 exemplaribus
695 3260 860 3301 collatis
893 3259 1214 3315 intelligendum
1247 3259 1391 3299 veniat
1424 3260 1477 3300 de
1512 3259 1732 3299 codicibus
1767 3259 2074 3313 manuscriptis,
2110 3273 2164 3299 an
2198 3258 2251 3299 de
2285 3259 2420 3299 tribus
2442 3271 2518 3298 an-

346 3322 571 3362 terioribus
595 3322 866 3371 editionibus,
891 3335 979 3362 non
1004 3327 1164 3361 certum
1199 3321 1373 3375 quidem
1398 3327 1472 3369 est,
1497 3320 1574 3361 sed
1608 3321 1790 3375 primum
1814 3321 2015 3361 insinuari
2049 3320 2226 3360 videtur.
2253 3319 2517 3374 Theophilus

347 3388 486 3436 partes
520 3389 660 3423 textus
685 3383 928 3424 Aristotelis
958 3388 1127 3437 separat
1149 3382 1385 3422 secundum
1419 3382 1611 3435 analysin
1634 3396 1666 3422 s.
1690 3381 1907 3431 Thomae;
1944 3388 1985 3422 et
2006 3382 2186 3436 primam
2208 3388 2370 3436 partem
2398 3378 2518 3434 ponit

348 3449 444 3483 ante
468 3443 717 3496 principium
740 3445 1007 3493 Lectionum,
1032 3445 1135 3485 alias
1157 3450 1298 3498 partes
1321 3456 1425 3484 vero
1460 3449 1556 3484 ante
1580 3443 1964 3498 correspOndentes
1992 3443 2210 3484 formulas:
2233 3441 2401 3483 Deinde
2421 3452 2518 3481 cum

347 3503 456 3551 dicit,
484 3504 676 3544 Secundo
694 3505 765 3552 ibi,
791 3513 887 3554 etc.;
911 3507 975 3546 his
999 3506 1190 3546 formulis
1214 3505 1386 3546 initialia
1407 3505 1541 3545 verba
1563 3510 1703 3546 textus
1726 3505 1854 3553 addit,
1879 3510 1926 3545 ut
1948 3504 2117 3544 codices
2140 3504 2306 3551 faciunt,
2332 3515 2384 3542 ex
2407 3514 2516 3555 quo-

350 3578 442 3605 rum
468 3578 680 3605 consensu
704 3566 760 3606 ita
781 3566 980 3607 habuisse
1015 3568 1327 3622 autographum
1352 3566 1583 3607 deducitur.
1608 3567 1703 3621 Ipse
1724 3566 1849 3607 etiam
1873 3565 2189 3620 diagrammatis
2213 3562 2431 3604 delineatis
2453 3562 2517 3602 lu-
