2950 4004
276 383 286 392 ⁸
301 381 370 403 Num.
385 387 404 409 3.

279 488 287 498 “
303 493 348 508 una
363 492 399 507 tc.

520 247 568 282 88

517 325 620 361 tione
649 323 824 360 naturalis
839 321 1112 371 philosophiae,
1134 320 1200 356 ibi:
1226 321 1274 355 Et
1292 318 1443 355 omnino
1464 328 1574 364 quae-

518 389 676 425 cumque
703 381 803 412 mota
823 377 843 396 '⁸
871 382 939 412 etc.
1550 420 1556 426 ⁶

573 441 606 466 2.
637 428 736 465 Dicit
764 440 851 475 ergo
881 427 1006 476 primo
1036 424 1138 473 quod
1172 422 1361 460 multoties
1395 421 1575 467 contingit

518 481 623 530 quod
650 488 724 517 tres
746 491 880 516 causae
901 484 1129 515 concurrunt
1156 476 1194 512 in
1213 487 1330 512 unam
1347 475 1378 520 *,
1399 473 1449 510 ita
1470 472 1574 520 quod

519 546 631 570 causa
645 532 811 569 formalis
832 539 867 567 et
880 531 1002 568 finalis
1024 530 1095 566 sint
1114 541 1189 564 una
1208 526 1420 564 secundum
1441 537 1574 561 nume-

518 598 614 622 rum.
645 586 693 621 Et
711 586 785 621 hoc
804 582 1085 630 intelligendum
1107 589 1161 617 est
1181 581 1227 617 de
1249 591 1361 616 causa
1381 577 1485 614 finali
1513 590 1577 625 ge-

517 637 731 684 nerationis,
752 648 829 672 non
859 643 984 672 autem
1015 635 1060 671 de
1090 645 1202 670 causa
1227 631 1329 668 finali
1349 630 1402 667 rei
1421 641 1575 678 genera-

517 698 587 726 tae.
618 689 719 726 Finis
753 688 852 724 enim
880 686 1129 735 generationis
1161 684 1326 721 hominis
1365 690 1420 719 est
1451 683 1575 719 forma

517 744 702 787 humana3
723 753 801 777 non
819 748 948 777 tamen
975 739 1060 776 finis
1080 737 1245 774 hominis
1266 744 1320 772 est
1339 736 1462 772 forma
1482 735 1573 782 eius,

517 794 585 831 sed
611 806 680 843 per
707 794 871 830 formam
900 804 1007 828 suam
1038 789 1214 827 convenit
1247 788 1318 825 sibi
1351 787 1499 836 operari
1527 788 1575 824 ad

517 847 647 883 finem.
678 845 755 883 Sed
784 857 896 882 causa
923 855 1085 881 movens
1115 849 1171 878 est
1199 841 1333 878 eadem
1361 840 1574 877 secundum

517 899 683 947 speciem
702 897 850 945 utrique
871 909 1012 933 earum.
1034 896 1082 932 Et
1096 895 1170 931 hoc
1188 893 1392 942 praecipue
1408 893 1448 930 in
1463 904 1574 940 agen-

517 953 615 988 tibus
643 950 829 996 univocis,
863 949 900 985 in
929 948 1065 997 quibus
1094 959 1208 994 agens
1237 946 1323 983 facit
1355 945 1425 982 sibi
1453 945 1574 982 simile

517 1003 726 1040 secundum
746 1002 923 1050 speciem,
940 1001 1034 1037 sicut
1046 1000 1166 1036 homo
1191 1005 1343 1046 generat
1361 998 1573 1036 hominem.

518 1058 559 1093 In
578 1056 634 1092 his
655 1055 755 1091 enim
775 1055 897 1090 forma
916 1052 1137 1101 generantis,
1154 1064 1252 1101 quae
1274 1059 1328 1089 est
1346 1050 1573 1100 principium

515 1107 774 1156 generationis,
805 1114 859 1143 est
878 1106 979 1142 idem
1000 1105 1124 1153 specie
1145 1116 1233 1141 cum
1254 1105 1378 1141 forma
1396 1103 1573 1151 generati,

515 1172 612 1209 quae
646 1167 700 1195 est
732 1158 980 1207 generationis
1011 1158 1109 1194 finis.
1146 1159 1188 1194 In
1217 1157 1413 1205 agentibus
1446 1163 1573 1193 autem

515 1225 592 1249 non
610 1212 794 1259 univocis,
824 1211 894 1248 alia
919 1218 973 1247 est
992 1210 1105 1247 ratio:
1135 1209 1173 1247 in
1193 1210 1250 1247 his
1271 1210 1373 1247 enim
1403 1221 1448 1246 ea
1476 1221 1573 1258 quae

514 1266 609 1302 fiunt
637 1277 715 1301 non
742 1271 901 1313 possunt
932 1263 1142 1312 pertingere
1172 1262 1220 1300 ad
1248 1263 1323 1300 hoc
1352 1262 1457 1312 quod
1486 1274 1574 1298 con-

515 1325 719 1366 sequantur
746 1318 909 1354 formam
931 1315 1142 1364 generantis
1170 1315 1382 1353 secundum
1411 1315 1573 1352 eandem

515 1371 699 1408 rationem
729 1369 885 1418 speciei;
915 1369 982 1405 sed
1009 1368 1232 1418 participant
1260 1369 1424 1417 aliquam
1445 1367 1574 1404 simili-

514 1423 682 1460 tudinem
712 1423 790 1459 eius
828 1421 1037 1458 secundum
1066 1421 1172 1470 quod
1198 1429 1376 1470 possunt,
1404 1427 1446 1457 ut
1473 1427 1576 1469 patet

515 1477 553 1513 in
580 1475 624 1512 iis
652 1488 749 1524 quae
777 1481 1000 1523 generantur
1028 1486 1049 1511 a
1078 1475 1168 1511 sole.
1204 1475 1295 1511 Non
1322 1473 1432 1522 igitur
1460 1485 1575 1521 agens

516 1541 666 1577 semper
685 1535 739 1565 est
758 1528 859 1565 idem
879 1527 1003 1576 specie
1024 1539 1112 1564 cum
1132 1527 1267 1574 forma,
1297 1539 1395 1576 quae
1416 1534 1471 1563 est
1489 1526 1575 1563 finis

515 1580 784 1630 generationis:
814 1593 885 1617 nec
912 1581 1048 1617 iterum
1077 1580 1202 1616 omnis
1231 1579 1317 1617 finis
1346 1587 1401 1616 est
1428 1579 1572 1616 forma:

277 1645 425 1691 gnggnanter
439 1649 486 1665 om·
516 1642 551 1671 et
586 1641 740 1682 propter
776 1634 851 1670 hoc
892 1633 1081 1681 signanter
1114 1634 1133 1654 '⁸‘
1166 1632 1343 1682 apposuit
1379 1632 1573 1669 multoties.

372 1707 388 1722 α

514 1686 673 1723 Materia
688 1698 781 1723 vero
802 1699 879 1723 non
899 1694 955 1723 est
973 1698 1044 1723 nec
1071 1686 1175 1723 idem
1195 1686 1320 1734 specie
1339 1691 1357 1707 ⁶‘
1382 1697 1452 1722 nec
1471 1684 1574 1722 idem

514 1751 674 1776 numero
696 1751 783 1776 curn
804 1739 883 1776 aliis
904 1739 1043 1786 causis;
1064 1739 1153 1787 quia
1172 1738 1330 1776 materia
1349 1738 1574 1787 inquantum

511 1792 729 1830 huiusmodi
759 1800 812 1829 est
832 1805 897 1829 ens
926 1792 963 1829 in
983 1791 1162 1841 potentia,
1183 1804 1299 1839 agens
1318 1803 1412 1829 vero
1434 1798 1489 1827 est
1509 1803 1575 1827 ens

511 1845 549 1882 in
578 1853 662 1881 actu
694 1845 918 1894 inquantum
956 1844 1197 1891 huiusmodi,
1228 1845 1351 1882 forma
1378 1856 1472 1881 vero
1511 1844 1574 1880 vel

511 1898 596 1935 finis
626 1905 680 1934 est
708 1906 811 1935 actus
839 1899 899 1934 vel
928 1898 1120 1947 perfectio.

565 1952 598 1987 3.
620 1951 767 1988 Deinde
784 1963 871 1987 cum
888 1950 990 1988 dicit:
1010 1952 1062 1987 Et
1074 1950 1200 1987 omino
1220 1961 1476 1998 quaecumque
1491 1957 1573 1996 etc„

272 2017 481 2038 wcfzfcetommz.
510 2003 687 2052 proponit
715 2005 937 2051 secundum,
958 2004 1063 2052 quod
1092 2010 1157 2039 est.
1173 2003 1220 2040 de
1241 2002 1379 2051 quibus
1398 2002 1537 2039 scilicet
1552 2003 1572 2023 ³⁸

273 2202 309 2222 ab.

273 2493 282 2502 “
298 2494 350 2512 sunt
364 2498 451 2512 romaz.

274 2604 328 2622 va.

511 2056 720 2093 consideret
748 2057 934 2094 naturalis.
965 2058 1014 2094 Et
1047 2055 1134 2093 dicit
1171 2055 1275 2105 quod
1309 2067 1574 2104 quaecumque

512 2110 705 2146 moventia
726 2118 883 2147 movent
910 2110 961 2146 ita
989 2109 1094 2158 quod
1122 2116 1362 2155 moveantur,
1387 2108 1574 2157 pertinent

274 2176 283 2186 ·
305 2175 434 2196 naturalem
456 2180 484 2195 νυ
513 2163 560 2199 ad
576 2162 916 2200 considerationem
936 2162 1162 2208 naturalis*;
1184 2174 1283 2211 quae
1298 2173 1392 2198 vero
1414 2169 1572 2198 movent

513 2215 579 2252 sed
608 2228 685 2252 non
713 2223 934 2262 moventur,
968 2228 1047 2252 non
1075 2222 1162 2252 sunt
1195 2215 1241 2251 de
1271 2214 1573 2251 consideratione

512 2269 688 2305 naturalis
722 2269 1004 2318 philosophiae,
1041 2268 1145 2304 cuius
1176 2275 1231 2304 est
1259 2267 1497 2304 considerare
1527 2267 1574 2304 de

513 2322 752 2368 naturalibus,
783 2335 880 2371 quae
900 2322 1041 2358 habent
1069 2321 1107 2358 in
1127 2333 1166 2357 se
1185 2320 1413 2369 principium
1433 2327 1571 2356 motus.

513 2374 742 2411 Huiusmodi
771 2382 897 2411 autem
926 2374 1120 2411 moventia
1157 2386 1235 2410 non
1264 2381 1369 2410 mota
1402 2385 1481 2410 non
1508 2373 1574 2410 ha-

512 2428 601 2464 bent
621 2427 657 2464 in
678 2440 717 2464 se
732 2427 959 2476 principium
975 2434 1113 2473 motus,
1132 2439 1220 2464 cum
1236 2438 1315 2463 non
1332 2433 1572 2472 moveantur,

513 2481 578 2517 sed
606 2480 677 2517 sint
702 2481 722 2502 '¹‘
750 2481 980 2525 immobilia;
1012 2488 1047 2517 et
1075 2480 1127 2517 sic
1156 2492 1234 2516 non
1262 2486 1349 2516 sunt
1376 2478 1572 2525 naturalia,

273 2545 337 2591 2155}
349 2543 484 2592 msiffgsg
513 2541 548 2570 et
574 2546 642 2582 per
671 2546 908 2582 consequens
937 2546 1015 2570 non
1044 2541 1131 2570 sunt
1159 2533 1206 2570 de
1236 2531 1536 2569 consideratione
1553 2532 1572 2552 '¹‘

511 2586 686 2623 naturalis
714 2587 988 2635 philosophiae.

563 2639 671 2677 Unde
691 2647 793 2689 patet
815 2639 920 2689 quod
948 2639 1020 2675 tria
1037 2644 1126 2675 sunt
1142 2638 1303 2687 negotia,
1324 2637 1419 2674 idest
1441 2636 1573 2685 triplex

512 2699 564 2729 est
592 2693 756 2730 studium
787 2701 823 2730 et
850 2692 1006 2729 intentio
1041 2690 1326 2740 philosophiae,
1355 2690 1572 2739 ,secundum

510 2745 577 2782 tria
597 2758 733 2793 genera
752 2758 880 2783 rerum
900 2756 998 2794 quae
1027 2743 1280 2781 inveniuntur.
1302 2744 1447 2779 Rerum
1468 2743 1572 2779 enim

510 2799 698 2847 quaedam
727 2807 813 2836 sunt
840 2797 1061 2844 immobilia,
1085 2805 1120 2833 et
1144 2797 1241 2833 circa
1267 2797 1342 2833 hoc
1371 2803 1426 2832 est
1452 2808 1573 2833 unum

511 2852 675 2888 studium
707 2851 991 2901 philosophiae;
1022 2849 1123 2887 aliud
1159 2862 1252 2887 vero
1286 2849 1454 2886 studium
1494 2849 1573 2886 eius

512 2912 565 2940 est
594 2905 690 2941 circa
725 2918 769 2942 ea
802 2917 899 2953 quae
933 2911 1018 2940 sunt
1055 2903 1211 2940 mobilia
1252 2903 1319 2940 sed
1351 2902 1573 2951 incorrupti-

511 2957 616 3003 bilia,
647 2958 740 2994 sicut
768 2966 854 2995 sunt
883 2969 1043 3006 corpora
1073 2956 1264 3002 caelestia;
1299 2955 1451 2992 tertium
1478 2967 1571 2992 vero

512 3010 675 3047 studium
706 3011 783 3047 eius
818 3019 872 3048 est
905 3011 1003 3047 circa
1035 3009 1190 3047 mobilia
1226 3016 1262 3046 et
1296 3008 1572 3057 corruptibilia,

512 3062 605 3099 sicut
633 3072 718 3100 sunt
739 3077 898 3113 corpora
926 3063 1114 3100 inferiora.
1145 3063 1194 3099 Et
1220 3063 1388 3112 primum
1417 3061 1572 3111 quidem

276 3129 484 3176 i-ssssff-‘fflisiisffm
512 3116 702 3163 negotium
728 3117 887 3164 pertinet
915 3117 961 3153 ad
990 3115 1291 3165 metaphysicam
1315 3117 1351 3162 *;
1381 3115 1451 3152 alia
1479 3128 1572 3152 vero

512 3168 588 3205 duo
618 3169 664 3206 ad
693 3169 885 3207 scientiam
915 3171 1144 3215 naturalem,
1181 3168 1285 3206 cuius
1315 3176 1369 3205 est
1397 3168 1573 3205 determi-

515 3234 603 3258 nare
632 3222 678 3259 de
709 3222 884 3259 omnibus
914 3222 1133 3268 mobilibus,
1163 3230 1241 3259 tam
1272 3221 1573 3270 corruptibilibus

515 3286 629 3321 quam
659 3275 1010 3324 incorruptibilibus.
1044 3274 1155 3312 Unde
1184 3275 1283 3311 male
1316 3274 1574 3311 intellexerunt

516 3326 682 3374 quidam,
702 3329 871 3365 volentes
890 3329 983 3365 haec
1003 3328 1070 3365 tria
1090 3327 1270 3365 reducere
1290 3327 1339 3364 ad
1356 3335 1430 3364 tres
1449 3335 1573 3375 partes

572 3439 597 3466 α)
619 3445 668 3461 non
690 3442 727 3463 est
747 3446 792 3464 nec
812 3440 878 3464 idem
894 3441 1015 3471 specie.—
1029 3449 1079 3466 non
1100 3441 1222 3465 omittunt
1243 3440 1303 3471 ΗΝς
1323 3447 1370 3465 nec
1387 3440 1509 3465 omittunt
1528 3441 1573 3465 DE

519 3470 653 3501 Fvas13
674 3480 718 3497 nec
738 3473 804 3497 idem
825 3475 908 3505 specie
926 3476 1047 3500 omittunt
1070 3475 1250 3508 ACOVXle.
1262 3489 1280 3494 -
1295 3475 1322 3499 ln
1341 3473 1391 3499 fine
1413 3475 1512 3499 numeri
1527 3483 1574 3507 pro

521 3506 651 3565 ιιιὶεᾴέηῐε,
670 3510 695 3531 et
707 3507 774 3539 finis
793 3509 899 3539 HNRZ;
919 3518 964 3542 pro
985 3512 1025 3535 vel
1039 3511 1178 3544 perfectio,
1198 3515 1223 3536 et
1238 3510 1366 3544 perfectio
1386 3510 1573 3535 CDEFGHMN

574 3573 599 3608 β)
627 3575 780 3607 inquantum
805 3578 882 3602 cnim.
900 3594 915 3596 -
936 3580 969 3603 ltn
995 3580 1091 3607 PDFb,
1116 3580 1299 3606 ACIKOTVX
1323 3579 1417 3604 habent
1442 3581 1575 3611 lacunam;

1147 239 1495 278 PHYSICORUM
1522 237 1871 274 ARISTOTELIS
1901 238 1994 274 LIB.
2025 239 2057 274 II

1628 315 1904 364 philosophiae,
1926 315 2065 352 scilicet
2083 317 2132 353 ad
2151 318 2471 367 mathematicam,
2495 321 2692 370 metaphy-

1630 367 1747 404 sicam
1769 375 1804 404 et
1821 368 2032 416 physicam.
2049 369 2152 405 Nam
2172 371 2415 420 astronomia,
2431 385 2528 421 quae
2543 373 2693 411 videtur

1631 420 1728 457 circa
1760 421 1915 465 mobilia
1943 421 2236 470 incorruptibilia
2265 424 2605 463 considerationem
2625 427 2692 463 ha-

1630 473 1734 520 bere,
1762 473 1882 521 magis
1911 481 1967 511 est
1994 474 2171 511 naturalis
2199 487 2316 523 quam
2345 478 2622 526 mathematica,
2652 487 2693 516 ut

1630 538 1743 574 supra
1773 528 1792 548 '¹‘
1822 526 1964 564 dictum
1994 534 2070 572 est3
2104 527 2330 575 inquantum
2361 529 2461 566 enim
2484 529 2502 558 β
2531 532 2693 580 applicat

1628 578 1811 628 principia
1848 579 2115 618 mathematica
2148 580 2197 617 ad
2224 581 2423 619 materiam
2460 584 2691 632 naturalem,

2721 537 2730 546 ·
2736 537 2798 560 Lect-
2804 543 2839 566 ιιι,
2845 544 2868 560 ιι.
2875 538 2889 562 8
2895 545 2931 568 sq.

2818 565 2834 599 β

1629 630 1726 667 circa
1755 631 1910 668 mobilia
1948 632 2290 671 considerationem
2323 635 2447 671 habet.
2482 635 2550 672 Est
2584 635 2694 683 igitur
2733 657 2737 667 ι

1628 684 1723 720 haec
1747 684 1881 721 divisio
1910 685 2120 722 secundum
2150 686 2405 724 diversitatem
2434 699 2562 724 rerum
2591 696 2694 726 extra

1629 736 1798 772 animam
1827 737 2083 785 existentium,
2114 751 2193 776 non
2221 740 2433 777 secundum
2466 740 2693 778 divisionem
2719 783 2724 786 ,

1629 788 1869 826 scientiarum
1898 797 2063 838 accepta.

1681 853 1718 887 4.
1749 841 1897 878 Deinde
1923 854 2010 878 cum
2030 842 2141 880 dicit:
2176 844 2302 886 Quare
2323 850 2481 894 propter
2499 846 2590 894 quid
2607 854 2691 894 etc.,

1630 894 1792 931 ostendit
1809 894 2060 943 propositum.
2078 896 2127 932 Et
2146 895 2244 933 circa
2262 897 2336 933 hoc
2351 898 2428 935 duo
2443 898 2545 935 facit:
2565 899 2691 948 primo

1629 946 1791 984 ostendit
1818 947 1922 995 quod
1951 947 2000 984 ad
2027 948 2237 985 naturalem
2264 950 2425 997 pertinet
2453 951 2692 988 considerare

1629 1011 1765 1036 omnes
1780 1012 1912 1037 causas
1937 1007 1973 1036 et
1981 1012 2051 1049 per
2065 1013 2128 1037 eas
2144 1001 2415 1048 demonstrare,
2426 1015 2524 1051 quae
2539 1003 2616 1042 duo
2631 1016 2692 1041 su-

1627 1064 1697 1100 pra
1717 1053 1737 1074 *²
1751 1060 2017 1102 proposuerat;
2038 1053 2206 1090 secundo
2234 1054 2372 1102 probat
2389 1055 2579 1103 quaedam
2593 1069 2692 1105 quae
2720 1069 2729 1078 ·

1628 1105 1668 1142 in
1688 1106 1759 1142 hac
1786 1105 2012 1154 probatione
2041 1106 2220 1155 supponit
2236 1107 2268 1154 *,
2288 1106 2357 1143 ibi:
2377 1108 2590 1145 Dicendum
2612 1110 2691 1157 qui-

1629 1158 1712 1194 dem
1728 1158 1877 1208 igitur*
1898 1166 1967 1196 etc.
1989 1158 2099 1195 Circa
2125 1159 2293 1208 primurn
2322 1160 2398 1197 duo
2432 1160 2538 1198 facit:
2566 1161 2692 1210 primo

1630 1210 1793 1247 ostendit
1820 1211 1926 1259 quod
1953 1211 2131 1248 naturalis
2150 1224 2286 1250 omnes
2306 1225 2439 1250 causas
2458 1213 2691 1260 considerat;

1629 1264 1797 1301 secundo
1818 1264 1921 1312 quod
1940 1276 2009 1312 per
2028 1276 2163 1301 omnes
2183 1276 2315 1302 causas
2329 1266 2348 1287 '²
2367 1265 2612 1314 demonstrat,
2623 1267 2691 1304 ibi:

1627 1317 1679 1353 Et
1698 1316 1846 1364 penitus
1867 1322 2025 1364 propter
2043 1317 2133 1364 quid
2151 1318 2170 1338 ²¹⁴
2191 1324 2260 1354 etc.
2281 1318 2390 1355 Circa
2417 1319 2585 1367 primum
2614 1319 2692 1357 duo
2718 1335 2732 1347 ⁴

1629 1368 1735 1405 facit:
1768 1369 1893 1417 primo
1928 1369 2091 1406 ostendit
2124 1369 2228 1417 quod
2265 1371 2442 1407 naturalis
2480 1371 2693 1410 considerat

1629 1421 1829 1458 materiam
1845 1429 1881 1458 et
1900 1422 2064 1458 formam
2085 1429 2122 1459 et
2141 1430 2381 1460 moventem:
2403 1424 2571 1462 secundo
2586 1425 2693 1473 quod

1629 1473 1841 1512 considerat
1853 1475 1984 1522 finem,
1997 1474 2063 1511 ibi:
2078 1475 2128 1511 Et
2141 1475 2242 1524 quod
2258 1475 2349 1524 quid
2360 1477 2440 1514 est*
2450 1483 2519 1514 etc.
2532 1477 2642 1515 Circa
2651 1478 2693 1500 ³²*

1627 1527 1796 1576 primum
1825 1527 1901 1564 duo
1922 1527 2023 1564 facit:
2042 1527 2169 1576 primo
2195 1529 2375 1577 proponit
2393 1529 2498 1578 quod
2515 1529 2692 1578 intendit;

1628 1581 1796 1617 secundo
1811 1580 1959 1629 probat,
1974 1579 2041 1616 ibi:
2062 1581 2122 1617 De
2139 1581 2382 1630 generatione
2399 1582 2420 1603 '³
2439 1590 2509 1619 etc.
2530 1583 2693 1620 Conclu-

1629 1632 1682 1670 dit
1701 1645 1790 1680 ergo
1818 1633 1944 1682 primo
1964 1645 2009 1669 ex
2032 1633 2232 1681 praedictis
2251 1634 2355 1682 quod
2378 1635 2588 1683 assignatur
2603 1648 2691 1684 pro-

1628 1693 1712 1735 pter
1735 1685 1825 1734 quid
1853 1698 1875 1722 a
1903 1685 2072 1733 naturali,
2103 1693 2138 1722 et
2166 1686 2384 1725 reducendo
2412 1687 2450 1724 in
2478 1688 2691 1736 materiam,

1630 1745 1666 1775 et
1693 1738 1912 1776 reducendo
1941 1738 1979 1775 in
2007 1739 2027 1759 '⁸
2054 1738 2160 1788 quod
2187 1739 2279 1787 quid
2313 1746 2388 1787 est,
2423 1739 2519 1777 idest
2550 1740 2589 1778 in
2617 1742 2691 1778 for—

1629 1804 1751 1838 mam,
1782 1798 1817 1828 et
1845 1791 2063 1828 reducendo
2091 1791 2131 1829 in
2157 1792 2326 1840 primum
2354 1805 2529 1830 movens.

1687 1845 1718 1881 5.
1748 1844 1896 1882 Deinde
1917 1856 2004 1880 cum
2025 1844 2127 1881 dicit:
2152 1846 2212 1881 De
2228 1846 2472 1894 generatione
2491 1854 2580 1893 etc.,
2603 1858 2692 1895 pro-

1629 1897 1692 1934 bat
1710 1897 1948 1946 propositum
1963 1897 2002 1934 in
2014 1898 2118 1934 hunc
2136 1897 2309 1935 modum.
2322 1898 2476 1935 Dictum
2491 1906 2546 1936 est
2557 1900 2576 1921 *
2587 1900 2692 1948 quod
2719 1914 2731 1925 ·

1629 1950 1806 1987 naturalis
1835 1950 2046 1987 considerat
2079 1962 2123 1987 ea
2151 1962 2249 1999 quae
2281 1958 2486 1988 moventur
2518 1959 2555 1988 et
2580 1963 2692 2000 gene—

1630 2003 1761 2040 rabilia
1800 2010 1835 2039 et
1872 2003 2151 2052 corruptibilia;
2195 2003 2378 2052 quidquid
2416 2016 2505 2052 ergo
2543 2012 2693 2054 oportet

1630 2056 1869 2093 considerare
1899 2056 1996 2093 circa
2024 2055 2323 2104 generationem,
2344 2064 2493 2106 oportet
2521 2057 2692 2095 conside-

1630 2109 1702 2146 rari
1730 2122 1752 2146 a
1780 2109 1950 2145 naturali.
1990 2109 2068 2145 Sed
2097 2109 2194 2146 circa
2227 2109 2510 2156 generationem
2544 2118 2694 2159 oportet

2744 1068 2818 1091 Num.
2833 1075 2850 1091 ι.

2718 1122 2932 1150 ἀφροηεναηο.

2718 1174 2730 1186 ·
2744 1174 2807 1197 Lect.
2822 1181 2871 1204 neq.

2720 1279 2730 1288 ‘
2744 1283 2831 1300 emas
2840 1283 2888 1300 on.
2902 1284 2932 1301 m

2719 1304 2881 1327 namnum-vx
2887 1304 2930 1327 luc.

2744 1335 2816 1358 Num.
2829 1341 2851 1364 7.

2719 1484 2729 1494 '
2743 1483 2814 1506 Num.
2829 1483 2852 1506 6.

2719 1509 2742 1522 *⁴
2755 1509 2788 1532 Et
2799 1510 2865 1532 eirca
2878 1510 2932 1533 rab.

2719 1594 2730 1605 ⁸
2744 1593 2814 1616 Num.
2829 1600 2878 1623 neq.

2717 1756 2729 1767 ⁴
2743 1756 2768 1778 tn
2782 1761 2830 1778 om.
2845 1763 2867 1779 ι».

2744 1913 2814 1936 Num.
2829 1918 2851 1941 3.

1630 2162 1869 2198 considerare
1889 2162 2066 2208 formam,
2086 2161 2286 2199 materiam
2306 2169 2343 2198 et
2359 2170 2594 2200 moventem.
2615 2163 2692 2210 Qui
2721 2161 2727 2164 ’

1630 2214 1733 2251 enim
1761 2215 1895 2251 volunt
1911 2214 2165 2264 ‘considerare
2185 2214 2283 2251 circa
2301 2215 2587 2262 generationem
2603 2227 2690 2253 cau-

1629 2280 1710 2314 sas,
1739 2268 1814 2304 hoc
1833 2267 1952 2304 modo
1982 2267 2241 2304 considerant:
2269 2267 2396 2316 primo
2415 2268 2507 2317 quid
2535 2276 2589 2306 est
2606 2269 2628 2290 '³
2654 2268 2692 2307 id
2718 2281 2730 2293 ⁵

1629 2320 1734 2370 quod
1761 2320 1804 2356 fit
1821 2327 1908 2368 post
1935 2319 2097 2368 aliquid,
2127 2320 2222 2356 sicut
2248 2318 2343 2367 ignis
2370 2321 2414 2357 fit
2439 2328 2527 2370 post
2562 2333 2691 2359 aerem

1630 2385 1718 2410 curn
1748 2385 1792 2409 ex
1820 2385 1908 2410 aere
1935 2380 2136 2420 generatur
2162 2372 2257 2420 ignis
2277 2372 2316 2418 *;
2345 2380 2382 2409 et
2408 2373 2448 2410 in
2474 2374 2550 2410 hoc
2569 2374 2690 2411 consi-
2716 2386 2728 2398 ·

1628 2427 1780 2463 deratur
1798 2426 1933 2472 forma,
1962 2437 2031 2474 per
2058 2437 2175 2473 quarn
2203 2432 2423 2472 generatum
2444 2433 2499 2462 est
2526 2425 2564 2462 id
2583 2426 2690 2474 quod

1630 2486 1694 2516 est.
1716 2479 1765 2515 Et
1784 2477 1919 2514 iterum
1940 2478 2196 2514 consideratur
2215 2477 2305 2526 quid
2326 2485 2380 2514 est
2397 2479 2502 2527 quod
2519 2477 2689 2527 primum

1629 2531 1714 2568 fecit
1727 2536 1752 2578 ⁷,
1774 2531 1869 2568 idest
1888 2530 1993 2579 quod
2006 2530 2174 2579 primum
2190 2530 2311 2567 movit
2329 2531 2377 2568 ad
2391 2531 2687 2579 generationem,

1629 2592 1665 2621 et
1682 2585 1757 2621 hoc
1777 2592 1832 2620 est
1849 2595 2024 2620 movens.
2055 2585 2104 2620 Et
2123 2583 2270 2631 iterum,
2297 2584 2388 2631 quid
2414 2592 2469 2621 est
2496 2585 2601 2633 quod
2628 2597 2689 2622 su-

1628 2637 1770 2684 stinuit,
1793 2644 1828 2673 et
1846 2637 1920 2673 hoc
1950 2643 2004 2673 est
2032 2636 2254 2674 subiectum.
2277 2643 2314 2673 et
2340 2637 2509 2674 materia.
2539 2638 2589 2674 Et
2611 2649 2691 2676 non

1628 2691 1754 2727 solum
1794 2689 1961 2738 primurn
2002 2701 2166 2726 movens
2203 2697 2239 2726 et
2274 2689 2441 2738 primum
2478 2689 2690 2728 subiectum

1629 2743 1915 2780 considerantur
1934 2742 2031 2779 circa
2051 2742 2356 2790 generationem,
2381 2743 2447 2780 sed
2475 2742 2590 2780 etiam
2607 2743 2627 2765 ⁴⁸
2645 2755 2691 2780 ea

1629 2809 1727 2845 quae
1765 2803 2040 2844 consequenter
2071 2803 2167 2832 sunt.
2207 2796 2256 2832 Et
2283 2795 2335 2832 sic
2371 2802 2474 2845 patet
2507 2795 2614 2845 quod
2640 2795 2690 2835 ad

1629 2849 1839 2886 naturalem
1867 2848 2028 2898 pertinet
2056 2848 2296 2886 considerare
2323 2849 2500 2896 formam,
2530 2861 2690 2887 moven-

1628 2910 1706 2939 tem
1727 2909 1763 2939 et
1781 2901 1991 2938 materiam.
2013 2902 2105 2938 Non
2126 2909 2254 2938 tamen
2273 2902 2463 2950 quaelibet
2480 2901 2688 2939 moventia.

1629 2957 1724 2992 Sunt
1753 2955 1854 2992 enim
1881 2953 2064 3004 principia
2092 2954 2288 2991 moventia
2316 2954 2523 3004 dupliciter,
2548 2954 2690 2992 scilicet

1628 3017 1733 3046 mota
1762 3016 1798 3046 et
1825 3021 1904 3045 non
1928 3015 2053 3044 mota:
2083 3019 2248 3055 quorum
2270 3007 2306 3044 id
2326 3006 2431 3056 quod
2450 3019 2528 3044 non
2556 3019 2690 3044 move-

1627 3070 1687 3099 tur
1714 3074 1793 3099 non
1822 3069 1876 3098 est
1904 3060 2084 3107 naturale,
2114 3060 2203 3109 quia
2231 3072 2310 3098 non
2337 3060 2453 3097 habet
2473 3059 2511 3097 in
2530 3072 2570 3098 se
2589 3059 2691 3110 prin-

1629 3115 1770 3164 cipium
1808 3121 1946 3151 motus.
1985 3113 2035 3150 Et
2062 3113 2134 3150 tale
2169 3119 2224 3150 est
2259 3112 2488 3162 principium
2525 3124 2690 3151 movens

1627 3167 1732 3218 quod
1761 3175 1816 3205 est
1842 3166 1990 3216 penitus
2018 3165 2215 3203 immobile
2245 3173 2282 3203 et
2308 3166 2476 3216 primum
2501 3165 2688 3213 omnium,

1627 3229 1667 3259 ut
1695 3220 1914 3258 ostendetur
1940 3219 1979 3256 in
2006 3227 2143 3256 octavo
2171 3220 2201 3256 ²⁸.

1682 3275 1718 3312 6.
1747 3273 1896 3311 Deinde
1926 3285 2014 3309 curn
2044 3271 2149 3309 dicit:
2182 3272 2233 3309 Et
2259 3271 2360 3320 quod
2391 3271 2482 3320 quid
2512 3276 2566 3308 est
2597 3278 2687 3320 etc.,

1629 3326 1790 3365 ostendit
1817 3325 1923 3376 quod
1955 3325 2133 3363 naturalis
2171 3324 2382 3362 considerat
2416 3324 2530 3362 etiam
2557 3322 2686 3361 finem.

1628 3445 1654 3467 et
1677 3442 1834 3474 inquantum
1854 3439 1998 3466 HMNRYZ
2009 3457 2016 3470 ‚
2035 3443 2061 3464 et
2080 3439 2175 3464 iterum
2195 3439 2235 3463 LS
2246 3457 2252 3470 ,
2272 3442 2298 3463 et
2316 3441 2444 3471 quantum
2475 3437 2513 3468 Q,
2533 3437 2687 3470 inquantum

1628 3477 1707 3545 EG‘fs')
1715 3512 1792 3545 jecit.
1807 3525 1826 3530 -
1833 3511 1904 3544 facit
1918 3508 2178 3540 AC1KNOQTVXY.
2187 3522 2205 3527 -
2219 3509 2270 3533 Pro
2283 3508 2374 3537 movit,
2389 3510 2475 3533 movet
2487 3507 2518 3533 Ν.
2530 3520 2550 3526 -
2561 3506 2617 3531 Lin.
2631 3514 2688 3539 seq.

1629 3555 1676 3580 pro
1694 3546 1828 3576 sustinuit,
1846 3545 1982 3571 substituit
2001 3542 2261 3574 ADIKNOQTVXY,
2280 3543 2450 3569 substituitur
2462 3542 2490 3573 C,
2505 3542 2639 3568 substituit
2652 3542 2688 3567 al.

1628 3582 1754 3607 sustinuit
1772 3582 1797 3606 S.

2715 2760 2727 2772 ¹·
2741 2761 2765 2781 et
2777 2758 2830 2781 add.
2843 2758 2909 2781 nab.

2717 3242 2726 3251 ·
2741 3241 2804 3264 beet.
2820 3247 2852 3270 ix,
2866 3246 2923 3264 xm-
