2950 4004
1107 196 1217 232 CAP.
1247 197 1350 243 VIII,
1381 197 1531 234 LECT.
1562 199 1648 234 XIII

296 275 366 310 bus
382 273 669 311 canicularibus:
691 282 726 311 et
741 275 908 311 similiter
922 287 999 312 non
1015 275 1174 312 dicimus
1189 274 1294 323 quod
1308 275 1350 310 fit

295 339 317 362 a
346 339 434 363 casu
463 327 566 375 quod
596 340 730 364 cauma
759 327 803 364 sit
831 328 869 364 in
897 328 1029 365 diebus
1058 328 1347 374 canicularibus;

158 389 173 404 α
294 379 360 416 sed
389 379 419 415 si
446 380 520 416 1100
549 388 645 416 esset
672 381 710 417 in
737 380 862 416 hieme
890 387 918 417 ⁰⁶.

347 432 405 468 Ex
423 432 481 468 his
511 433 659 469 duobus
688 433 740 469 sic
767 440 1059 480 argumentatur.
1082 432 1223 469 Omnia
1251 444 1348 480 quae

54 487 136 535 ἈΖΨ
148 493 195 509 ⁰¹¹¹·
208 493 266 509 »ΕΜ
293 485 399 531 fiunt,
421 493 486 521 aut
512 485 608 522 fiunt
626 498 648 522 a
669 498 768 532 casu,
790 493 854 522 aut
880 486 976 522 fiunt
995 486 1015 506 *
1034 493 1188 533 propter
1206 485 1345 531 finem;

293 549 389 586 quae
420 537 521 574 enim
541 538 714 575 accidunt
740 545 887 586 praeter
906 537 1151 574 intentionem
1175 537 1272 584 finis,
1294 538 1347 574 di-

293 598 427 627 cuntur
454 590 623 627 accidere
652 590 860 626 casualiter:
882 590 948 626 sed
967 590 1199 639 impossibile
1229 598 1284 627 est
1303 602 1347 627 ea

292 655 389 691 quae
408 643 504 680 fiunt
522 654 672 691 semper
685 643 746 679 vel
766 643 989 690 frequenter,
1006 643 1176 680 accidere
1197 656 1218 679 a
1239 656 1344 680 casu:

292 707 379 743 ergo
408 707 452 732 ea
480 707 576 743 quae
604 695 699 731 fiunt
727 707 878 743 semper
904 696 966 732 vel
998 696 1221 744 frequenter,
1251 697 1347 733 fiunt

289 754 444 801 propter
471 747 621 795 aliquid.
644 747 719 783 Sed
740 747 868 784 omnia
888 760 984 796 quae
1013 749 1110 785 fiunt
1133 749 1343 786 secundum

289 807 482 846 naturam,
512 800 608 836 fiunt
634 800 695 836 vel
723 812 874 848 semper
901 802 962 837 vel
990 802 1222 860 frequenter,
1252 802 1347 838 sicut

289 852 400 888 etiam
428 851 498 900 ipsi
527 852 818 889 confitebantur:
849 865 937 901 ergo
967 855 1097 907 omnia
1125 867 1222 903 quae
1250 855 1346 891 fiunt

286 916 309 940 a
336 911 480 951 natura,
500 905 596 941 fiunt
621 913 777 964 propter
804 905 954 954 aliquid.

341 957 374 994 3.
404 957 622 994 Secundam
651 959 836 995 rationem
869 959 975 1007 ponit
1003 959 1069 996 ibi:
1098 960 1269 1007 Amplius
1307 961 1343 997 in

285 1009 576 1058 quibuscumque
604 1019 694 1057 etc.;
726 1019 761 1048 et
789 1011 875 1048 dicit
903 1012 1007 1061 quod
1035 1012 1073 1049 in
1101 1012 1344 1060 quibuscum—

286 1074 360 1110 que
399 1071 453 1099 est
489 1063 621 1112 aliquis
653 1064 758 1111 finis,
789 1072 824 1101 et
849 1064 977 1113 priora
1015 1073 1050 1101 et
1078 1067 1345 1114 consequentia

286 1115 416 1152 omnia
435 1124 594 1163 aguntur
608 1117 628 1137 ’³
647 1129 760 1154 causa
777 1117 875 1155 finis.
896 1118 982 1154 Hoc
1001 1118 1195 1167 supposito
1216 1119 1268 1155 sic
1288 1132 1344 1156 ar-

44 1167 205 1200 ·a'euntvtb·
285 1176 534 1215 gumentatur.
557 1169 660 1206 Sicut
689 1170 829 1218 aliquid
857 1171 975 1218 agitur
1003 1171 1228 1219 naturaliter,
1250 1172 1303 1208 sic
1327 1171 1344 1200 β

143 1222 158 1256 β
286 1228 417 1268 aptum
446 1229 577 1258 natum
607 1230 662 1259 est
689 1223 767 1270 agi:
796 1224 870 1260 hoc
900 1224 1001 1261 enim
1030 1224 1214 1272 significat
1239 1226 1344 1273 quod

285 1273 368 1309 dico
398 1275 619 1312 naturaliter
634 1277 666 1322 *,
687 1276 824 1313 scilieet
851 1282 978 1325 aptum
1009 1283 1149 1314 natum.
1175 1278 1223 1314 Et
1248 1279 1343 1315 haec

282 1327 491 1375 propositio
521 1329 762 1376 convertitur,
783 1329 870 1377 quia
899 1330 992 1366 sicut
1017 1329 1154 1379 aliquid
1173 1331 1193 1351 '¹‘
1212 1339 1343 1380 aptum

284 1386 414 1416 natum
444 1388 499 1417 est
526 1381 596 1428 agi,
617 1378 674 1432 sic}
693 1383 711 1401 ⁴*
732 1382 869 1429 agitur:
890 1383 956 1420 sed
976 1390 1123 1431 oportet
1150 1396 1342 1432 apponere

283 1432 382 1468 hanc
410 1433 678 1482 conditionem,
699 1435 769 1471 nisi
793 1435 932 1483 aliquid
959 1435 1150 1484 impediat.
1171 1437 1342 1485 Accipia-

284 1496 370 1521 mus
399 1497 487 1532 ergo
507 1486 674 1535 primurn
695 1489 726 1534 ff,
752 1488 857 1535 quod
876 1500 953 1524 non
972 1489 1086 1525 habet
1113 1490 1340 1537 instantiam,

284 1537 388 1584 quod
416 1538 510 1574 sieut
537 1539 677 1586 aliquid
706 1540 826 1587 agitur
853 1541 1078 1588 naturaliter,
1106 1542 1157 1578 310
1177 1547 1191 1568 ⁷
1210 1551 1340 1591 aptum

138 1604 155 1629 γ
283 1597 414 1626 natum
443 1598 498 1627 est
525 1591 595 1639 agi.
614 1592 689 1628 Sed
719 1605 763 1628 ea
791 1605 890 1667 quae
917 1594 1014 1630 fiunt
1041 1595 1266 1642 naturaliter,
1288 1595 1340 1632 sic

42 1651 176 1699 maggunt
188 1652 224 1673 ed
239 1658 254 1674 α
282 1650 441 1690 aguntur
459 1644 562 1691 quod
577 1644 838 1682 inducuntur*
854 1645 901 1682 ad
916 1646 1051 1692 finem;
1074 1659 1162 1694 ergo
1183 1647 1234 1684 sic
1254 1656 1341 1696 apta

41 1682 123 1730 fftaefss'ta
135 1684 253 1730 zsscssZ'i
281 1697 409 1733 nata·
429 1704 516 1733 sunt
543 1697 613 1745 agi,
634 1705 675 1734 ut
698 1698 769 1734 sint
786 1706 942 1747 propter
959 1699 1099 1739 finem·
1121 1708 1156 1736 et
1182 1701 1257 1737 hoc
1286 1709 1341 1737 est

281 1756 454 1786 naturam
483 1758 659 1798 appetere
687 1751 818 1798 finem,
840 1751 978 1788 scilicet
1005 1753 1146 1789 habere
1166 1750 1337 1802 aptitudi-

280 1814 369 1838 nem
398 1804 607 1840 naturalem
636 1803 684 1840 ad
711 1804 841 1841 finem.
873 1804 982 1841 Unde
1013 1806 1254 1843 manifestum
1285 1815 1339 1843 est

280 1855 383 1904 quod
411 1863 544 1893 natura
573 1856 646 1904 agit
672 1864 827 1906 propter
854 1857 985 1894 finem.

331 1908 381 1944 Et
397 1908 472 1945 hoc
491 1909 596 1956 quod
616 1909 769 1956 dixerat,
786 1910 998 1947 manifestat
1019 1922 1088 1959 per
1107 1912 1335 1960 exemplum.

279 1960 455 1998 Similiter
480 1962 580 1998 enim
601 1974 646 1998 ex
665 1963 851 2011 prioribus
870 1964 1087 2011 pervenitur
1106 1964 1154 2001 ad
1176 1965 1195 1986 '¹‘
1212 1973 1337 2013 poste-

278 2013 377 2050 riora
404 2014 442 2051 in
470 2022 547 2051 arte
569 2023 604 2051 et
631 2015 669 2051 in
697 2023 849 2053 natura:
870 2017 971 2053 unde
1000 2017 1030 2052 si
1059 2017 1274 2065 artificialia,
1295 2026 1335 2055 ut

278 2066 428 2114 domus,
449 2067 583 2103 fierent
610 2080 632 2104 a
659 2077 803 2115 natura,
832 2069 906 2105 hoc
939 2069 1071 2106 ordine
1099 2071 1234 2107 fierent
1261 2084 1337 2120 quo

278 2131 378 2156 nunc
405 2120 502 2156 flunt
529 2132 598 2168 per
625 2128 759 2167 artem;
779 2128 821 2157 ut
838 2122 858 2142 ’¹‘
877 2121 1015 2158 scilicet
1041 2122 1144 2171 prius
1172 2123 1337 2160 institue-

278 2180 380 2208 retur
397 2172 698 2220 fundamentum,
716 2181 752 2210 et
769 2182 902 2223 postea
923 2174 1150 2222 erigerentur
1163 2176 1336 2223 parietes,

37 2225 244 2278 ζιεζῗζξοωθῦσ
279 2231 314 2261 et
349 2225 482 2262 ultimo
521 2235 839 2274 superponeretur
868 2228 887 2248 '³
916 2235 1068 2265 tectum.
1109 2229 1193 2264 Hoc
1235 2229 1336 2266 enirn

138 2279 152 2303 0
277 2275 429 2315 111001οδ
447 2285 580 2315 natura
606 2280 778 2327 procedit
814 2280 852 2316 in
886 2280 929 2316 iis
963 2292 1060 2328 quae
1099 2289 1186 2318 sunt
1217 2289 1337 2319 terrae

276 2330 400 2378 affixa,
417 2330 582 2368 scilicet
573 2343 611 2368 m
625 2332 778 2380 plantis:
795 2345 957 2380 quarum
977 2333 1120 2370 radices
1134 2335 1241 2382 quasi
1257 2336 1337 2371 fun—

277 2382 499 2420 damentum
523 2391 642 2420 terrae
662 2384 883 2433 infiguntur3
905 2385 1017 2434 stipes
1035 2399 1129 2423 vero
1149 2388 1169 2407 '¹‘
1188 2389 1235 2424 ad
1255 2400 1337 2424 mo-

277 2436 368 2473 dum
387 2436 538 2485 parietis
559 2438 726 2474 elevatur
745 2438 782 2475 in
802 2439 935 2485 altum3
957 2439 1109 2476 frondes
1129 2448 1256 2477 autem
1278 2454 1337 2477 su-

274 2489 511 2538 pereminent
547 2490 596 2526 ad
633 2490 794 2528 modurn
822 2492 918 2528 tecti.
949 2493 998 2528 Et
1025 2492 1193 2529 similiter
1221 2493 1250 2530 si
1290 2506 1334 2530 ea

274 2554 371 2590 quae
400 2543 505 2579 fiunt
524 2554 546 2578 a
573 2551 726 2591 natura,
756 2545 890 2581 fierent
918 2545 965 2581 ab
996 2541 1084 2592 arte,
1114 2546 1188 2582 hoc
1217 2547 1335 2583 modo

273 2595 408 2632 fierent
426 2595 520 2632 sicut
539 2602 626 2643 apta
646 2604 732 2633 nata
752 2605 837 2634 sunt
864 2597 946 2634 fieri
965 2610 987 2635 a
1006 2605 1154 2644 natura3
1175 2606 1216 2634 ut
1234 2607 1337 2648 patet

273 2647 311 2684 in
331 2647 496 2695 sanitate,
518 2659 634 2695 quam
664 2649 842 2697 contingit
868 2650 950 2687 fieri
974 2659 1010 2688 et
1036 2651 1084 2687 ab
1104 2658 1181 2688 arte
1212 2660 1246 2688 et
1265 2665 1287 2689 a
1316 2653 1335 2673 *

274 2708 427 2747 natura;
458 2701 552 2738 sicut
581 2701 681 2738 enim
709 2710 841 2739 natura
874 2711 981 2740 sanat
1018 2704 1270 2741 calefaciendo
1297 2713 1336 2741 et

273 2753 544 2801 infrigidando,
575 2754 626 2791 ita
668 2762 704 2791 et
741 2767 811 2792 ars.
851 2756 961 2793 Unde
998 2757 1239 2794 manifestum
1278 2766 1332 2794 est

273 2806 379 2854 quod
406 2806 444 2843 in
463 2814 595 2844 natura
624 2815 679 2844 est
698 2808 855 2845 alterum
874 2817 1029 2858 propter
1048 2810 1218 2857 alterum,
1241 2810 1332 2847 scili-

273 2866 331 2896 cet
347 2859 474 2908 priora
501 2868 657 2909 propter
674 2861 894 2909 posteriora,
915 2862 1009 2899 sicut
1038 2870 1073 2899 et
1100 2862 1138 2899 in
1167 2871 1255 2900 arte.

42 1331 56 1342 ⁸
69 1331 130 1353 illud
141 1332 194 1353 add.
212 1332 257 1354 »ab

44 1360 67 1379 et
80 1358 148 1380 codd.
164 1364 213 1380 exc.
227 1365 256 1380 m:

43 1389 212 1438 {zatixu'isszbm
220 1411 255 1433 pb.

45 1441 54 1450 ·
69 1441 104 1463 tta
118 1441 169 1463 rab.

42 1541 52 1552 ³
62 1541 163 1568 primum
177 1548 225 1564 om.
241 1549 256 1564 Α

43 1573 136 1589 ιιοτνκ.

37 1967 50 1977 '⁴
63 1967 88 1988 in
101 1973 227 1989 neronum.

38 2125 50 2135 “
64 2127 90 2146 ut
102 2131 149 2147 om.
164 2126 199 2147 pb.

35 2386 48 2398 ⁴¹
64 2388 140 2408 autem
161 2393 248 2409 00111-’011

35 2419 119 2435 mn.

33 2654 47 2665 ‘
60 2660 75 2675 a
91 2654 103 2675 b
126 2658 148 2676 et
164 2661 179 2676 a
198 2661 245 2677 om.

35 2680 103 2702 codd.
114 2685 135 2702 et
152 2687 175 2703 a.

325 3024 353 3057 α)
372 3028 398 3050 et
415 3025 537 3050 similiter
556 3033 635 3052 non...
655 3026 681 3051 in
701 3026 793 3052 hieme.
807 3042 826 3046 —-
841 3034 893 3052 non
913 3033 973 3061 post
990 3028 1113 3053 similiter
1132 3037 1185 3054 om.
1201 3030 1334 3060 ACIKOQ

272 3059 400 3091 STVXY·
420 3063 446 3085 et
463 3060 610 3086 similiter...
629 3062 823 3087 canicularibus
841 3071 894 3087 om.
910 3063 988 3095 OpL3
1007 3071 1102 3088 cauma
1120 3065 1156 3089 sit
1173 3072 1226 3089 om.
1247 3071 1280 3094 a;
1298 3065 1333 3090 sit

271 3101 367 3119 cauma
384 3079 479 3120 liabent
497 3096 532 3121 Pb
552 3102 611 3128 post
629 3097 864 3122 canicularibus.
876 3098 926 3122 Pro
938 3099 986 3123 sed
1003 3099 1027 3123 si
1045 3099 1094 3124 hoc
1109 3103 1176 3124 esset
1194 3100 1219 3124 in
1240 3099 1331 3129 hieme,

272 3130 320 3154 sed
337 3130 360 3154 si
378 3130 427 3155 hoc
444 3134 511 3156 esset
530 3131 556 3156 in
575 3132 658 3157 hieme
677 3140 728 3157 non
748 3133 933 3163 ACIKQVXY,
946 3133 993 3158 sed
1011 3134 1034 3158 si
1052 3134 1101 3159 hoc
1116 3138 1183 3159 esset
1202 3135 1227 3159 in
1248 3135 1333 3160 hieme

272 3171 334 3189 nam
354 3164 411 3195 OT,
424 3165 470 3190 sed
489 3166 634 3192 diceremus
652 3174 707 3192 esse
725 3175 742 3192 a
760 3175 822 3192 casu
841 3168 888 3193 sed
903 3167 961 3201 (sed
978 3169 1002 3194 si
1019 3169 1047 3201 S)
1062 3169 1110 3194 hoc
1128 3173 1195 3194 esset
1207 3170 1233 3194 in
1249 3170 1332 3195 hieme

272 3200 293 3224 1
296 3201 321 3230 S,
335 3199 382 3224 sed
394 3200 418 3224 si
430 3200 478 3225 hoc
492 3205 559 3226 esset
571 3202 597 3226 in
612 3203 695 3227 hieme
710 3202 801 3227 dicunt
814 3203 885 3235 quod
893 3203 951 3236 fuit
965 3203 1049 3237 (fiunt
1062 3205 1101 3229 ed.
1116 3204 1145 3237 a)
1160 3212 1176 3229 a
1190 3212 1252 3230 casu
1268 3205 1331 3230 Pab.

326 3233 351 3269 β)
372 3235 472 3260 Sicut...
491 3236 536 3261 sic.
548 3237 636 3262 -sic..
638 3237 731 3262 .sicut
750 3237 983 3268 PAIKOQTVXY,
1001 3239 1048 3263 sed
1062 3240 1093 3263 ad
1112 3239 1177 3264 hanc
1196 3241 1331 3265 lectionem

272 3278 324 3294 non
343 3270 451 3302 quadrat
469 3271 540 3302 quod
563 3273 679 3304 sequitur
699 3273 735 3296 Et
752 3272 815 3297 haec
829 3272 979 3304 propositio
998 3278 1045 3298 etc.
1061 3274 1098 3298 Cf.
1113 3279 1167 3299 not.
1182 3282 1238 3307 seq.

324 3305 351 3338 γ)
370 3305 438 3330 sicut
456 3306 558 3338 aliquid
576 3307 668 3339 agitur
687 3307 855 3336 naturaliter,
870 3307 915 3332 sic.
928 3308 1011 3332 —Pro
1030 3308 1105 3338 sicut,
1127 3309 1164 3334 sic
1182 3310 1330 3341 10QTVY,

271 3340 295 3365 si
313 3341 351 3372 X;
370 3348 418 3373 pro
436 3340 481 3370 sic,
496 3341 565 3366 sicut
583 3341 692 3372 OQYsI.
706 3356 726 3360 -
741 3342 802 3367 Post
814 3342 907 3375 agitur
925 3350 977 3367 om.
993 3343 1154 3368 naturaliter
1172 3345 1245 3369 codd.
1261 3350 1286 3370 et
1304 3351 1329 3374 a,

2413 203 2461 248 93

1457 287 1493 322 4.
1516 277 1683 313 Tertiam
1713 278 1896 314 rationem
1915 278 2021 326 ponit
2049 278 2120 315 ibi:
2151 279 2309 316 Omnino
2338 285 2461 316 autem

1403 339 1466 363 ars
1496 335 1576 375 etc.,
1599 338 1634 365 et
1663 330 1749 366 dicit
1782 332 1885 378 quod
1914 343 1973 367 ars
2010 331 2199 379 quaedam
2228 332 2332 379 facit,
2365 345 2461 380 quae

1404 389 1536 417 natura
1564 394 1641 418 non
1678 391 1801 430 potest
1829 384 1971 431 faeere,
2002 384 2096 420 sicut
2124 384 2284 421 domum
2319 391 2354 420 et
2391 385 2461 421 alia

1402 433 1638 470 huiusmodi:
1663 435 1701 471 in
1722 435 1764 471 iis
1783 447 1875 472 vero
1901 449 1999 483 quae
2020 436 2197 484 contingit
2218 438 2237 458 ’¹‘
2256 437 2338 474 fieri
2358 445 2393 474 et
2413 438 2459 474 ab

1402 493 1478 521 arte
1500 493 1535 522 et
1558 499 1580 523 a
1600 495 1743 534 natura,
1770 500 1828 524 ars
1857 488 2021 525 imitatur
2040 497 2224 537 naturam,
2245 498 2286 526 ut
2303 498 2405 538 patet
2423 490 2460 526 in

1402 538 1568 585 sanitate,
1588 548 1629 576 ut
1649 539 1789 576 dictum
1815 549 1869 577 est
1887 542 1922 577 *ς
1943 542 2044 578 unde
2065 542 2094 578 si
2120 555 2164 578 ea
2184 555 2280 591 quae
2301 543 2397 579 fiunt
2418 544 2459 564 *³³²

1401 591 1612 628 secundum
1633 600 1762 639 artem,
1785 602 1869 630 sunt
1888 603 2042 642 propter
2065 595 2194 641 finem,
2217 596 2458 633 manifestum

1401 651 1456 680 est
1484 645 1588 692 quod
1616 646 1635 664 ἥ
1666 645 1777 682 etiam
1808 658 1851 683 ea
1871 659 1969 694 quae
1989 648 2085 684 fiunt
2112 649 2322 685 secundum
2352 657 2457 685 natu·
2487 662 2496 670 ·

1402 709 1494 743 ram,
1515 705 1670 746 propter
1697 698 1816 734 finem
1845 700 1939 736 fiunt
1958 700 1992 746 ²³,
2016 713 2102 736 cum
2132 700 2297 737 similiter
2325 714 2364 738 se
2392 703 2457 738 ha-

1400 749 1513 786 beant
1535 750 1661 798 priora
1690 751 1736 788 ad
1765 752 1974 799 posteriora
1998 753 2036 788 in
2060 753 2236 801 utrisque.
2255 755 2383 791 Potest
2406 763 2458 792 ta-

1399 814 1490 838 men
1519 803 1590 839 dici
1618 803 1720 851 quod
1749 804 1842 840 haec
1872 817 1950 841 non
1985 813 2040 841 est
2068 805 2139 842 alia
2177 806 2268 842 ratio
2299 820 2321 843 a
2348 820 2455 855 prae-

1399 855 1534 899 missa;
1565 855 1632 892 sed
1661 857 1984 904 complementum
2015 865 2050 894 et
2079 858 2272 906 explicatio
2302 859 2428 907 ipsius.

1456 909 1487 944 5.
1511 908 1695 953 Quartam
1715 909 1899 946 rationem
1918 911 2024 958 ponit
2048 910 2113 947 ibi:
2134 912 2310 948 Maxime
2333 918 2457 949 autem

1399 961 1636 1007 manifestum
1666 969 1747 1007 etc.,
1770 970 1806 998 et
1824 963 1982 999 sumitur
2000 964 2094 1000 haec
2115 964 2206 1000 ratio
2228 965 2275 1001 ab
2295 964 2339 1001 iis
2359 978 2456 1024 0030

1398 1013 1632 1050 manifestius
1660 1013 1698 1050 in
1726 1022 1858 1051 natura
1876 1023 2032 1063 propter
2059 1016 2198 1064 aliquid
2228 1018 2374 1077 operari
2401 1018 2456 1054 vi-

1399 1065 1545 1102 dentur.
1566 1067 1675 1103 Unde
1706 1067 1793 1103 dicit
1811 1068 1831 1087 *
1858 1069 1962 1115 00001
1989 1076 2162 1106 naturam
2192 1070 2340 1118 operari
2367 1083 2494 1119 pro-

1397 1126 1480 1166 pter
1495 1118 1633 1167 aliquid
1649 1119 1813 1156 maxime
1831 1128 1885 1157 est
1899 1121 2170 1158 manifestum
2162 1135 2200 1159 111
2217 1123 2453 1183 animalibus,

1398 1183 1496 1230 quae
1517 1184 1641 1220 110000
1675 1180 1878 1220 operantur
1906 1185 1973 1221 per
1992 1182 2131 1221 artem,
2162 1188 2285 1223 neque
2305 1189 2374 1224 per
2401 1177 2455 1213 in-

1398 1224 1651 1272 quisitionem,
1668 1237 1790 1273 neque
1806 1238 1875 1274 per
1889 1226 2214 1264 deliberationem:
2237 1236 2272 1264 et
2289 1236 2417 1266 tamen
2435 1230 2454 1251 '¹‘

1398 1277 1640 1314 manifestum
1661 1286 1715 1314 est
1728 1278 1767 1315 in
1782 1279 2063 1327 operationibus
2084 1292 2230 1328 eorum,
2247 1282 2350 1328 quod
2369 1295 2455 1330 pro-

1395 1337 1479 1378 pter
1516 1330 1655 1379 aliquid
1684 1339 1897 1379 operantur.
1928 1333 2087 1403 Propter
2117 1334 2136 1354 *
2165 1334 2268 1381 quod
2299 1334 2454 1382 quidam

1398 1382 1663 1420 dubitaverunt
1690 1392 1814 1420 utrum
1836 1385 1997 1421 aranei·
2023 1393 2057 1422 et
2075 1386 2256 1423 formicae
2276 1394 2311 1423 et
2329 1387 2455 1424 huius-

1396 1436 1502 1472 modi
1530 1436 1705 1473 animalia
1726 1445 1929 1485 operentur
1955 1450 2024 1486 per
2042 1439 2282 1487 intellectum,
2303 1441 2363 1476 vel
2386 1453 2454 1489 per

1397 1488 1549 1536 aliquod
1579 1489 1679 1526 aliud
1699 1489 1935 1538 principium.
1958 1491 2035 1528 Sed
2062 1499 2191 1529 tamen
2211 1504 2254 1528 ex
2282 1493 2356 1529 1100
2375 1494 2418 1530 fit
2444 1499 2470 1528 ².

1395 1542 1637 1578 manifestum
1662 1542 1766 1590 quod
1785 1555 1863 1579 non
1883 1552 2086 1591 operantur
2106 1557 2150 1581 ex
2169 1545 2366 1593 intellectu,
2388 1547 2454 1583 sed

1393 1606 1462 1642 per
1488 1603 1674 1643 naturam,
1695 1595 1782 1642 quia
1803 1608 1955 1645 semper
1983 1597 2120 1634 eodem
2143 1598 2262 1634 modo
2292 1611 2451 1647 operan-

1395 1655 1474 1693 tur;
1505 1648 1629 1684 omnis
1664 1648 1766 1684 enim
1800 1648 1962 1686 hirundo
2000 1649 2167 1687 similiter
2194 1650 2279 1688 facit
2307 1651 2451 1700 nidum,

1394 1707 1430 1736 et
1449 1700 1573 1736 omnis
1592 1713 1752 1737 araneus
1774 1701 1793 1721 *
1812 1701 1977 1738 similiter
1999 1703 2085 1739 facit
2107 1704 2232 1751 telam,
2253 1705 2356 1752 quod
2376 1717 2454 1742 non

1395 1760 1491 1788 esset
1528 1753 1558 1789 si
1591 1753 1638 1789 ab
1676 1753 1863 1790 intellectu
1902 1762 1936 1790 et
1971 1762 2047 1791 arte
2086 1764 2344 1804 operarentur:
2374 1770 2453 1795 non

1394 1805 1495 1841 enim
1533 1806 1657 1842 omnis
1691 1806 1910 1843 aedificator
1946 1807 2113 1844 similiter
2149 1809 2234 1846 facit
2271 1810 2450 1858 domum,

1393 1858 1480 1906 0013
1509 1858 1638 1895 artifex
1665 1859 1780 1896 habet
1815 1859 1981 1896 iudicare
2017 1861 2063 1897 de
2091 1862 2214 1899 forma
2247 1862 2449 1911 artificiati,

1394 1918 1429 1947 et
1455 1918 1580 1959 potest
1599 1924 1684 1948 eam
1712 1912 1870 1949 variare.
1892 1913 2054 1950 Ulterius
2083 1922 2208 1951 autem
2229 1916 2452 1974 procedenti

1393 1964 1439 2000 de
1469 1964 1694 2001 animalibus
1723 1966 1769 2002 ad
1797 1966 1962 2014 plantas,
1993 1966 2031 2003 in
2060 1967 2112 2003 eis
2142 1969 2161 1989 *⁵
2190 1968 2302 2004 etiam
2336 1981 2449 2018 appa-

1393 2024 1474 2053 rent
1501 2018 1521 2038 *
1549 2018 1737 2066 quaedam
1777 2031 1856 2055 esse
1890 2020 1987 2056 facta
2019 2028 2060 2056 ut
2095 2020 2198 2057 utilia
2233 2021 2281 2058 ad
2308 2022 2447 2070 finem,

1392 2069 1485 2106 sicut
1513 2071 1600 2108 folia
1620 2079 1705 2108 sunt
1732 2072 1835 2108 utilia
1853 2080 2008 2121 propter
2027 2074 2355 2122 cooperimentum
2375 2076 2447 2112 fru-

1393 2130 1533 2160 ctuum.
1564 2124 1674 2161 Unde
1708 2124 1738 2161 si
1768 2126 1787 2146 ’*
1815 2125 1889 2162 1100
1918 2133 1972 2162 est
1999 2138 2021 2162 a
2055 2134 2187 2163 natura
2215 2135 2250 2164 et
2286 2140 2364 2165 non
2402 2129 2448 2165 ab

1392 2182 1482 2218 arte,
1498 2176 1603 2224 quod
1627 2177 1790 2215 hirundo
1810 2178 1896 2215 facit
1914 2178 2046 2215 nidum
2064 2187 2099 2215 et
2112 2192 2273 2217 araneus
2289 2182 2448 2230 *1013111,

1393 2235 1429 2264 et
1455 2229 1602 2277 plantae
1622 2231 1838 2288 producunt
1865 2231 1953 2268 folia
1973 2232 2089 2279 gratia
2113 2233 2314 2282 fructuum,
2336 2242 2372 2270 et
2392 2247 2447 2271 ra-

1393 2281 1494 2318 dices
1523 2289 1608 2318 sunt
1629 2284 1648 2304 *
1667 2282 1706 2319 111
1724 2284 1860 2331 plantis
1879 2296 1956 2321 non
1987 2288 2149 2333 surs'um,
2171 2287 2236 2323 sed
2256 2288 2446 2335 deorsum,
2476 2302 2485 2312 ”

1391 2341 1432 2369 ut
1451 2334 1636 2383 accipiant
1663 2337 1936 2373 nutrimentum
1956 2350 1978 2374 a
1997 2345 2111 2383 terra3
2133 2339 2374 2376 manifestum
2395 2349 2450 2377 est

1392 2388 1496 2434 quod
1526 2400 1637 2424 causa
1665 2389 1787 2426 finalis
1815 2389 2005 2426 invenitur
2031 2391 2070 2427 in
2098 2391 2143 2428 iis
2173 2402 2269 2440 quae
2297 2393 2394 2430 fiunt
2414 2402 2448 2430 et

1393 2448 1479 2476 sunt
1511 2453 1533 2477 a
1562 2449 1712 2488 natura,
1744 2450 1876 2479 natura
1904 2443 1923 2463 ²¹²
1951 2443 2090 2480 scilicet
2116 2453 2270 2493 propter
2307 2446 2447 2494 aliquid

1392 2500 1583 2541 operante.

1445 2547 1480 2582 6.
1518 2546 1701 2592 Quintam
1740 2548 1924 2585 rationem
1952 2548 2060 2597 ponit
2091 2549 2158 2586 ibi:
2187 2551 2238 2586 Et
2269 2552 2446 2598 quoniam

1391 2605 1527 2636 natura
1546 2600 1739 2647 dupliciter
1758 2608 1825 2637 etc.
1847 2602 1947 2638 Dicit
1966 2602 2070 2650 quod
2086 2614 2173 2639 cum
2193 2610 2325 2640 natura
2346 2604 2444 2640 dica-

1390 2660 1449 2689 tur
1470 2652 1675 2701 dupliciter,
1697 2654 1835 2690 scilicet
1854 2654 1901 2691 de
1926 2655 2081 2692 materia
2110 2663 2145 2692 et
2164 2655 2296 2703 forma,
2319 2664 2355 2693 et
2373 2657 2446 2693 for-

1389 2718 1454 2742 ma
1474 2713 1528 2742 est
1555 2705 1642 2742 finis
1669 2706 1931 2754 generationis,
1948 2714 1987 2744 ut
2015 2721 2126 2756 supra
2156 2709 2175 2729 *
2204 2708 2344 2746 dictum
2372 2718 2445 2756 est;

1388 2759 1462 2795 hoc
1491 2765 1618 2796 autem
1638 2767 1693 2795 est
1721 2760 1767 2797 de
1796 2760 1940 2797 ratione
1969 2762 2066 2807 finis,
2087 2769 2128 2798 ut
2146 2769 2298 2811 propter
2321 2763 2446 2812 ipsum

2489 448 2499 458 “
2514 448 2620 470 convenit
2633 450 2684 471 rab.

2488 548 2498 558 ⁸
2513 548 2581 570 Num.
2598 555 2672 576 praec.

2488 574 2507 583 “
2522 577 2576 596 sunl
2589 576 2640 597 rab.

2511 662 2574 689 quod
2588 668 2634 684 om.
2646 663 2697 684 pah.

2485 714 2495 724 ¹⁶
2504 713 2566 739 fieri
2578 720 2598 735 Ρ,

2509 1086 2594 1108 dicitur
2608 1094 2629 1109 ι’.

2483 1241 2492 1251 “
2507 1240 2540 1261 ita
2551 1241 2602 1262 add.
2620 1248 2695 1263 recum

2483 1272 2546 1287 RZSN.

2483 1346 2493 1356 ²*
2508 1345 2607 1373 Propter
2622 1354 2669 1369 om.
2685 1355 2698 1369 A

2483 1377 2654 1395 EGHIKNOTvxa.

2484 1401 2609 1420 'araneae
2616 1400 2694 1428 codd„

2484 1430 2532 1446 exc.
2546 1432 2607 1447 Aeix.

2581 1510 2591 1526 ε

2483 1720 2491 1728 '
2506 1724 2597 1740 aranea
2612 1720 2682 1741 codd.

2478 1977 2532 1999 iis
2547 1985 2568 1999 r.

2478 2036 2487 2044 ·
2502 2038 2603 2063 apparet
2616 2042 2665 2057 roz.

2477 2141 2552 2168 *quia
2562 2147 2583 2167 P,
2595 2147 2642 2162 om.
2652 2141 2688 2162 ab.

2475 2196 2590 2217 ‘aranea
2611 2196 2678 2217 codd.

2501 2301 2548 2322 sint
2561 2308 2581 2323 P.

2475 2455 2485 2465 ¹*
2500 2456 2585 2476 natura
2601 2461 2647 2477 om.
2659 2461 2687 2476 PL

2471 2487 2517 2508 pto
2532 2483 2555 2502 et
2568 2481 2604 2502 ab.

2476 2718 2556 2739 'Lect.
2568 2724 2598 2745 xi,
2610 2724 2632 2739 n.
2643 2723 2663 2740 2.

1388 2812 1481 2848 fiant
1500 2811 1592 2857 alia;
1614 2812 1782 2872 sequitur
1809 2814 1913 2862 quod
1934 2826 2015 2850 esse
2036 2822 2071 2850 et
2097 2814 2178 2851 fieri
2202 2823 2357 2864 propter
2384 2816 2447 2853 ali·
2472 2836 2477 2840 -

1389 2864 1490 2913 quid,
1522 2865 1734 2902 inveniatur
1761 2866 1799 2902 in
1828 2867 1939 2903 rebus
1968 2868 2210 2905 naturalibus.

1386 3031 1432 3055 sed
1452 3031 1511 3071 quia
1536 3039 1595 3056 cum
1621 3033 1829 3057 antecedentibus
1848 3037 1873 3057 et
1893 3034 2109 3066 consequentibus
2129 3035 2261 3066 congruit,
2281 3035 2377 3059 servari
2397 3043 2431 3067 po

1387 3066 1630 3135 ῒθεῒόἑηὲἶῖωεηίηι
1651 3102 1768 3127 modo.—
1750 3102 1850 3127 -enim
1869 3110 1922 3128 om.
1938 3103 1998 3131 Pab,
2019 3104 2076 3128 sed
2083 3103 2183 3128 videtur
2205 3104 2299 3136 requiri
2318 3109 2346 3128 ut
2363 3104 2444 3128 oratio

1387 3135 1559 3161 cohaereat.-
1571 3137 1606 3161 lbi
1627 3145 1693 3169 quae
1711 3141 1773 3162 sunt
1787 3141 1874 3162 terrae
1893 3139 1980 3171 affixa
1994 3143 2050 3168 etc.,
2063 3146 2110 3170 pro
2129 3142 2197 3168 sunt,
2206 3139 2280 3171 fiunt
2299 3139 2379 3169 CEG;
2395 3146 2442 3171 pro

1386 3172 1480 3204 affixa,
1501 3173 1594 3206 affixis
1613 3173 1670 3197 edd.
1683 3173 1725 3197 ab
1744 3178 1770 3197 et
1788 3173 1862 3197 codd.
1881 3181 1933 3197 exc.
1952 3173 2128 3198 DFHNRTZ:
2148 3174 2173 3198 in
2194 3178 2250 3197 ante
2269 3174 2371 3204 plantis
2389 3181 2442 3198 om.

1386 3206 1440 3231 Pab
1460 3212 1485 3231 et
1504 3208 1576 3232 codd.
1592 3215 1643 3232 exc.
1658 3208 1760 3232 HLNs·
1753 3208 1903 3239 ‚aplantis
1917 3209 1949 3237 C;
1963 3216 2010 3240 pro
2024 3215 2144 3240 quarum,
2164 3208 2238 3233 cuius
2256 3209 2310 3232 Pab
2329 3213 2354 3233 et
2368 3209 2442 3233 codd.

1386 3242 1520 3308 exc-5513:
1523 3243 1582 3302 111ῗο
1593 3278 1666 3310 fit.—
1680 3281 1705 3302 et
1723 3278 1771 3303 hoc
1782 3278 1818 3311 fit
1837 3278 1898 3302 Pab.
1912 3291 1930 3296 —-
1942 3278 1992 3302 Pro
2011 3281 2164 3310 operantur,
2179 3281 2322 3310 operentur
2340 3279 2373 3309 P;
2394 3286 2441 3311 pro

1385 3318 1422 3371 Ξῖ
1440 3311 1642 3372 :zteegssgzhpeir
1662 3313 1819 3338 intellectum
1838 3313 2033 3343 DFHKMNRZ,
2049 3313 2189 3338 secundum
2210 3313 2368 3339 intellectum
2384 3314 2439 3343 EG.

1013 3457 1384 3475 ———··‘0⁶·'
