2898 3996
161 423 171 431 '¹
186 423 261 442 autem
272 421 324 443 add.
336 429 356 443 P.

161 476 170 483 ·
186 474 307 495 secundum
322 481 343 495 1².

161 576 170 584 ·
185 575 246 596 idest
259 575 310 595 pah.

161 683 169 691 ·
177 682 259 709 sueri!
279 682 346 703 codd.

158 714 208 729 exc.
223 714 295 729 AiLsx.

154 946 163 954 '
174 944 246 970 ipsum
257 949 277 966 r.
289 943 347 964 illud
355 949 367 964 Β

156 975 206 995 nso,
221 976 272 990 esse
283 976 304 995 u,
316 975 365 990 eum

156 1000 199 1017 cet.
215 999 236 1016 ct
251 995 294 1016 ab.

152 2631 160 2638 ⁶
175 2635 265 2675 {emper
279 2634 361 2653 1⁵11.st

150 2662 165 2676 a
191 2671 195 2676 .

153 2728 161 2735 ·
177 2726 245 2748 Num.
258 2734 289 2749 10.

153 2885 161 2893 '
178 2884 213 2905 Cf.
229 2884 280 2905 lect.
291 2891 313 2905 v.
357 2883 360 2886 ’

155 3147 163 3154 '
170 3147 254 3172 puncto
264 3145 315 3166 add.
327 3152 341 3167 a
350 3146 362 3166 b

155 3175 176 3191 ct
185 3171 252 3192 codd.
264 3178 312 3193 exc.
323 3178 363 3193 rsa

403 289 476 335 370

459 376 514 400 11.
543 363 672 400 Tertio
701 363 768 400 ibi:
796 364 848 400 At
872 375 962 400 vero
990 363 1035 399 de
1062 368 1226 410 tempore
1254 369 1336 407 etc.,
1365 373 1452 409 pro-

399 416 463 452 bat
482 416 501 436 *
521 417 748 453 antecedens
766 416 979 464 praedictae
1010 413 1270 451 conditionalis
1299 413 1453 462 duplici-

399 475 464 504 ter.
495 469 623 504 PrImo
652 468 807 516 quidem
835 480 903 516 per
923 469 941 488 ’¹²
971 467 1168 515 opiniones
1198 466 1370 502 aliorum.
1406 466 1454 501 Et

400 520 486 557 dicit
514 520 617 568 quod
646 532 781 556 omnes
807 519 1022 568 philosophi
1049 526 1198 566 praeter
1217 531 1355 564 unum,
1385 517 1453 553 sci-

397 572 482 608 licet
502 573 521 592 ⁵⁵
546 573 756 618 Platonem,
783 572 1019 609 concorditer
1036 571 1213 608 videntur
1241 570 1375 607 sentire
1406 569 1453 605 de

398 631 569 682 tempore
597 625 700 672 quod
730 624 775 661 sit
802 625 1019 673 ingenitum,
1040 623 1135 660 idest
1155 624 1259 675 quod
1293 634 1372 658 non
1400 621 1454 657 in-

398 662 535 724 ceperit
563 689 643 712 esse
672 684 876 725 postquam
903 676 1006 725 prius
1034 688 1112 712 non
1141 676 1207 711 fuit
1229 676 1257 711 ³².
1288 673 1397 711 Unde
1419 681 1454 710 et

397 728 637 765 Democritus
663 730 799 787 probat
828 727 1059 776 impossibile
1080 740 1161 764 esse
1191 727 1296 786 quod
1325 725 1453 762 omnia

397 781 468 817 sint
495 782 601 827 facta,
628 781 735 829 quasi
763 782 809 818 de
838 793 941 818 novo
961 781 1178 828 inceperint,
1200 781 1288 827 quia
1310 779 1452 826 impos—

396 833 499 869 sibile
529 841 583 869 est
611 833 663 869 sic
682 841 832 881 tempus
862 845 944 869 esse
973 833 1125 879 factum,
1147 832 1251 880 quod
1271 831 1318 868 de
1347 843 1451 867 novo

395 885 585 933 inceperit.
617 886 692 922 Sed
721 887 822 922 solus
851 886 956 921 Plato
984 890 1144 934 generat
1169 890 1326 931 tempus,
1357 883 1452 919 idest

395 937 482 974 dicit
509 946 658 986 tempus
679 939 698 958 ’¹³
719 939 766 974 de
794 950 898 974 novo
919 938 1070 974 factum.
1096 937 1194 974 Dicit
1223 936 1324 972 enim
1345 936 1450 972 Plato

394 990 498 1038 quod
525 998 675 1038 tempus
704 998 760 1026 est
787 990 897 1026 simul
926 990 1066 1026 factum
1106 1002 1192 1026 cum
1227 990 1352 1034 caelo;
1381 1001 1450 1036 po-

393 1043 507 1078 nebat
535 1051 661 1078 autem
700 1043 844 1079 caelum
883 1054 960 1079 esse
978 1043 1152 1090 factum,
1182 1041 1278 1078 idest
1309 1042 1450 1078 habere

394 1095 597 1131 durationis
616 1094 852 1143 principium,
874 1102 915 1131 ut
933 1094 994 1131 hic
1018 1095 1236 1131 Aristoteles
1265 1093 1299 1130 ei
1327 1094 1449 1142 impo-

392 1147 455 1193 nit,
485 1148 695 1183 secundum
733 1147 838 1195 quod
868 1147 946 1184 eius
983 1148 1103 1184 verba
1140 1147 1450 1196 superficietenus

240 1208 254 1222 ἰ
286 1209 362 1249 ¹³32„-
392 1211 525 1235 sonare
540 1199 731 1245 videntur;
754 1200 928 1248 quamvis
948 1199 1130 1236 Platonici
1151 1200 1275 1236 dicant
1291 1201 1310 1221 *
1326 1200 1448 1236 Plato-

391 1264 479 1288 nem
509 1252 561 1288 sic
589 1251 723 1288 dixisse
754 1253 900 1289 caelum
931 1265 1011 1289 esse
1041 1253 1193 1299 factum,
1224 1253 1449 1300 inquantum

390 1305 504 1340 habet
530 1304 757 1353 principium
796 1305 961 1342 activum
992 1305 1048 1342 sui
1077 1317 1180 1351 esse,
1210 1317 1288 1341 non
1320 1311 1448 1341 autem

390 1357 439 1393 ita
468 1357 572 1404 quod
599 1358 737 1394 habeat
765 1358 969 1394 durationis
988 1358 1227 1406 principium.
1250 1357 1311 1394 Sic
1340 1356 1449 1404 igitur

391 1410 492 1445 solus
513 1410 618 1446 Plato
647 1410 867 1447 intellexisse
887 1411 1036 1448 videtur
1064 1410 1168 1459 quod
1192 1417 1342 1459 tempus
1371 1422 1449 1446 non

388 1469 512 1510 potest
541 1475 621 1498 esse
650 1462 729 1499 sine
759 1471 883 1508 motu;
913 1463 1001 1512 quia
1034 1475 1112 1500 non
1139 1463 1265 1511 posuit
1298 1470 1449 1512 tempus

390 1527 472 1551 esse
501 1522 584 1551 ante
614 1523 762 1552 motum
792 1516 895 1553 caeli.

449 1578 504 1603 12.
519 1568 695 1604 Secundo
711 1568 777 1604 ibi:
794 1569 835 1604 Si
848 1569 963 1618 igitur
978 1568 1200 1616 impossibile
1215 1576 1298 1615 etc.,
1313 1568 1450 1616 probat

389 1619 491 1656 idern
510 1632 579 1668 per
598 1620 796 1657 rationem:
824 1621 911 1669 quia
931 1621 1163 1670 impossibile
1186 1628 1240 1657 est
1268 1620 1372 1669 quod
1397 1620 1450 1657 di-

390 1679 492 1708 catur
503 1680 566 1708 aut
581 1672 800 1720 intelligatur
815 1686 896 1710 esse
912 1681 1063 1722 tempus
1078 1674 1222 1722 absque
1238 1674 1319 1722 ipso
1336 1685 1448 1720 nunc,

390 1725 482 1760 sicut
508 1725 738 1773 impossibile
769 1734 823 1762 est
851 1727 956 1775 quod
984 1726 1028 1762 sit
1057 1726 1155 1763 linea
1183 1726 1262 1762 sine
1294 1733 1447 1774 puncto.

390 1778 503 1813 Nunc
522 1785 647 1814 autem
667 1786 722 1815 est
741 1778 936 1827 quoddam
956 1779 1138 1825 medium,
1160 1779 1305 1815 habens
1325 1779 1373 1815 de
1393 1778 1450 1814 sui

390 1830 533 1866 ratione
554 1831 657 1878 quod
678 1831 722 1867 sit
742 1831 853 1868 simul
873 1839 908 1868 et
926 1831 1155 1880 principium
1177 1839 1212 1868 et
1230 1831 1328 1877 finis,
1349 1830 1448 1879 prin—

390 1881 528 1930 cipium
545 1883 698 1931 quidem
719 1884 830 1920 futuri
853 1884 1046 1932 temporis,
1063 1883 1147 1920 finis
1163 1890 1290 1920 autem
1305 1891 1450 1931 praete-

390 1935 455 1971 riti.
479 1935 535 1971 Ex
555 1947 632 1983 quo
657 1943 812 1984 apparet
832 1937 934 1984 quod
954 1948 1108 1973 necesse
1124 1944 1178 1972 est
1197 1948 1349 1984 semper
1369 1948 1450 1972 esse

389 1995 551 2035 tempus.
582 1989 866 2036 Quodcumque
900 1989 1001 2025 enim
1037 1996 1188 2037 tempus
1226 1989 1448 2037 accipiatur,

391 2040 470 2076 eius
490 2048 700 2076 extremum
722 2049 776 2077 est
795 2042 946 2090 aliquod
965 2054 1066 2078 nunc
1087 2054 1131 2078 ex
1155 2049 1313 2090 utraque
1331 2049 1449 2090 parte.

390 2093 438 2128 Et
465 2093 539 2129 hoc
566 2101 668 2140 patet
686 2105 754 2142 per
772 2095 863 2141 hoc,
893 2094 996 2142 quod
1026 2094 1116 2131 nihil
1136 2102 1191 2130 est
1218 2094 1385 2142 accipere
1414 2094 1451 2130 in

391 2153 475 2181 actu
496 2145 542 2181 de
557 2153 741 2193 tempore,
758 2146 826 2183 nisi
843 2159 960 2183 nunc:
982 2147 1070 2195 quia
1084 2147 1189 2195 quod
1208 2146 1450 2195 praeteritum

392 2205 456 2244 est,
477 2197 553 2234 iam
579 2198 683 2244 abiit;
704 2199 808 2246 quod
837 2207 964 2235 autem
993 2200 1160 2235 futurum
1191 2207 1256 2245 est,
1278 2199 1449 2235 nondum

391 2258 456 2287 est.
475 2251 586 2287 Nunc
602 2259 730 2288 autem
746 2252 850 2300 quod
865 2252 1043 2300 accipitur
1057 2252 1095 2288 in
1116 2259 1283 2288 extremo
1299 2259 1447 2299 tempo-

390 2304 451 2350 ris,
469 2311 523 2340 est
541 2304 766 2352 principium
787 2312 822 2341 et
842 2304 939 2350 finis,
956 2312 997 2340 ut
1017 2304 1157 2341 dictum
1179 2312 1243 2341 est.
1265 2305 1366 2351 Ergo
1387 2316 1451 2340 ne-

391 2368 494 2392 cesse
532 2364 586 2393 est
627 2358 730 2404 quod
769 2369 812 2393 ex
849 2364 1008 2405 utraque
1045 2365 1150 2405 parte
1180 2357 1450 2404 cuiuscumque

390 2409 571 2456 temporis
591 2409 743 2457 accepti,
761 2422 913 2457 semper
931 2410 976 2446 sit
999 2417 1165 2457 tempus:
1188 2410 1354 2457 alioquin
1377 2409 1450 2458 pri-

390 2474 499 2498 mum
520 2474 620 2497 nunc
648 2474 726 2498 non
751 2470 848 2498 esset
867 2463 964 2509 finis,
987 2463 1023 2499 et
1040 2462 1216 2498 ultimum
1245 2475 1347 2498 nunc
1372 2475 1450 2498 non

391 2522 487 2550 esset
518 2514 754 2563 principium.
777 2536 800 2542 -
822 2516 879 2551 Ex
907 2515 981 2551 hoc
1011 2522 1138 2551 autem
1166 2515 1272 2562 quod
1300 2522 1451 2563 tempus

390 2574 444 2603 est
476 2567 760 2615 sempiternum,
783 2568 972 2604 concludit
990 2568 1096 2616 quod
1114 2580 1269 2604 necesse
1290 2576 1345 2604 est
1369 2580 1451 2604 mo-

391 2627 471 2655 tum
493 2619 764 2668 sempiternum
787 2621 806 2641 *
826 2633 918 2657 esse.
945 2622 993 2657 Et
1012 2621 1197 2657 rationem
1218 2632 1452 2668 consequen-

389 2672 460 2708 tiae
479 2672 657 2719 assignat:
680 2673 766 2721 quia
786 2680 937 2721 tempus
957 2681 1013 2709 est
1031 2673 1220 2722 quaedam
1241 2673 1450 2721 proprietas

390 2733 532 2770 motus;
564 2732 618 2761 est
642 2726 741 2762 enim
762 2738 943 2762 numerus
973 2726 1064 2772 eius,
1085 2733 1126 2762 ut
1146 2725 1287 2762 dictum
1317 2734 1372 2762 est
1393 2727 1423 2762 ²⁸.

450 2779 505 2814 13.
535 2778 692 2815 Videtur
720 2786 846 2815 autem
877 2778 982 2827 quod
1010 2778 1218 2815 Aristotelis
1252 2778 1343 2814 ratio
1373 2791 1451 2815 non

391 2830 435 2866 sit
464 2830 608 2867 efficax.
641 2831 702 2867 Sic
737 2831 838 2868 enim
868 2844 908 2867 se
936 2831 1050 2868 habet
1082 2843 1183 2867 nunc
1212 2831 1258 2868 ad
1288 2839 1450 2879 tempus,

391 2883 483 2919 sicut
501 2891 685 2931 punctum
714 2884 762 2920 ad
791 2884 941 2931 lineam,
961 2891 1003 2920 ut
1028 2884 1066 2920 in
1095 2891 1199 2920 sexto
1230 2885 1248 2903 ²2²
1277 2884 1449 2920 habitum

393 2943 462 2971 est:
494 2948 570 2972 non
608 2944 663 2972 est
700 2944 827 2973 autem
862 2937 908 2974 de
943 2936 1088 2974 ratione
1115 2936 1245 2985 puncti
1274 2937 1378 2985 quod
1407 2937 1452 2973 sit

391 2988 578 3034 medium3
600 2989 665 3025 sed
686 2989 837 3038 aliquod
866 2997 1050 3038 punctum
1081 2997 1136 3026 est
1161 2989 1264 3038 quod
1295 2999 1348 3026 est
1372 2997 1451 3026 tan-

390 3048 470 3076 tum
490 3041 715 3089 principium
749 3042 885 3090 lineae,
921 3043 1075 3091 aliquod
1102 3050 1229 3079 autem
1259 3043 1363 3090 quod
1397 3050 1452 3079 est

391 3101 535 3130 tanturn
574 3094 684 3130 finis:
724 3095 910 3132 accideret
948 3103 1074 3132 autem
1113 3107 1227 3132 omne
1265 3103 1450 3144 punctum

392 3158 472 3182 esse
492 3146 717 3195 principium
743 3154 779 3183 et
802 3148 919 3184 finem
950 3149 980 3194 ’ἦ
1002 3148 1225 3196 inquantum
1256 3156 1311 3184 est
1330 3148 1449 3184 lineae

393 3198 571 3236 infinitae.
594 3200 683 3236 Non
705 3212 792 3247 ergo
814 3208 941 3248 posset
968 3201 1121 3249 probari
1146 3201 1250 3249 quod
1279 3201 1376 3237 linea
1405 3201 1451 3238 sit

392 3251 554 3299 infinita,
586 3264 629 3288 ex
664 3253 738 3288 hoc
772 3253 877 3301 quod
914 3266 1030 3290 omne
1058 3260 1242 3302 punctum
1271 3254 1317 3290 sit
1349 3253 1450 3302 prin-

394 3303 531 3351 cipium
571 3313 606 3341 et
633 3305 736 3342 finis:
766 3307 833 3343 sed
861 3306 986 3354 potius
1021 3319 1039 3342 e
1070 3318 1272 3352 converso,
1303 3318 1347 3342 ex
1376 3307 1450 3343 hoc

394 3357 497 3403 quod
534 3357 630 3393 linea
659 3365 713 3394 est
746 3358 910 3406 infinita,
939 3359 1181 3407 probandum
1212 3366 1308 3395 esset
1345 3359 1449 3406 quod

1007 285 1350 324 PHYSICORUM
1377 284 1724 321 ARISTOTELIS
1754 284 1848 320 LIB.
1878 284 1963 320 VIII

1510 371 1624 396 omne
1661 366 1846 407 punctum
1890 367 1988 397 esset
2026 360 2255 409 principium
2292 369 2329 399 et
2370 362 2467 400 finis.
2507 362 2570 399 Sic

1510 424 1598 459 ergo
1626 411 1776 448 videtur
1811 412 1916 460 quod
1945 424 2061 450 omne
2089 425 2190 450 nunc
2227 425 2309 451 esse
2340 415 2568 464 principium

1510 471 1545 500 et
1572 464 1704 510 finem,
1725 475 1804 500 non
1833 464 1885 500 sic
1915 465 1934 485 *
1963 464 2008 501 sit
2034 477 2188 511 verum,
2213 465 2285 502 nisi
2313 479 2358 503 ex
2387 479 2433 504 eo
2463 467 2607 516 quod·

1508 524 1659 564 tempus
1686 516 1840 574 ponitur
1868 516 2154 575 sempiternum.
2180 493 2342 555 'Videtur
2369 531 2458 566 ergo
2487 519 2571 556 Ari-

1509 569 1660 605 stoteles
1688 569 1726 605 in
1754 569 2014 617 assumptione
2051 569 2162 606 huius
2200 570 2315 607 medii
2352 583 2569 620 supponere

1509 620 1844 669 sempiternitatem
1872 621 2072 670 temporis,
2102 634 2218 670 quam
2247 622 2360 659 debet
2390 624 2566 671 probare.

1560 675 1751 710 Averroes
1770 681 1898 710 autem
1916 675 2051 711 volens
2075 675 2222 711 salvare
2244 676 2263 695 '³
2282 675 2492 712 Aristotelis
2511 688 2569 713 ra-

1507 725 1671 773 tionem,
1702 726 1790 763 dicit
1817 727 1922 774 quod
1958 727 2033 763 hoc
2070 728 2174 775 quod
2202 739 2304 764 nunc
2341 739 2494 776 semper
2521 728 2567 766 sit

1505 777 1733 826 principium
1754 786 1790 814 et
1816 779 1914 826 finis,
1937 780 2116 816 convenit
2140 779 2174 816 ei
2201 779 2427 829 inquantum
2446 787 2455 803 ⁴
2473 787 2569 818 tem-

1505 842 1578 878 pus
1606 842 1685 866 non
1715 838 1770 867 est
1798 838 1899 868 stans
1927 831 2022 869 sicut
2049 832 2163 879 linea,
2193 833 2261 869 sed
2284 833 2420 870 fluens.
2451 833 2569 880 Quod

1506 883 1748 919 manifestum
1769 890 1823 920 est
1841 883 1931 920 nihil
1960 885 2008 921 ad
2026 884 2266 933 propositum
2289 885 2488 934 pertinere.
2510 886 2569 923 Ex

1506 935 1579 972 hoc
1600 935 1701 971 enim
1722 935 1826 984 quod
1854 943 2005 984 tempus
2034 945 2088 974 est
2115 937 2238 974 fluens
2267 945 2304 974 et
2335 950 2414 975 non
2447 938 2566 986 stans,

1506 988 1676 1036 sequitur
1703 988 1808 1037 quod
1836 1000 1957 1024 unum
1985 1001 2088 1025 nunc
2115 1001 2192 1026 non
2220 990 2340 1038 possit
2366 990 2424 1027 bis
2453 991 2563 1038 sumi,

1506 1039 1601 1077 sicut
1620 1040 1677 1077 bis
1697 1040 1858 1077 sumitur
1875 1053 1997 1078 unum
2015 1049 2217 1089 punctum:
2238 1043 2306 1079 sed
2329 1043 2454 1080 fluxus
2473 1051 2568 1080 tem·

1504 1093 1608 1141 poriS
1636 1093 1726 1130 nihil
1756 1093 1841 1129 facit
1869 1093 1917 1130 acl
1945 1094 2019 1130 hoc
2047 1093 2152 1142 quod
2179 1106 2282 1130 nunc
2311 1096 2330 1115 '³⁶'
2358 1095 2406 1131 sit
2431 1095 2566 1144 princi-

1504 1145 1612 1193 pium
1646 1153 1681 1182 et
1708 1145 1795 1183 finis
1823 1145 1946 1182 simul.
1977 1146 2162 1183 Eiusdem
2191 1146 2293 1183 enim
2330 1147 2484 1184 rationis
2513 1154 2569 1184 est

1505 1197 1670 1246 inceptio
1691 1206 1726 1235 et
1753 1198 1966 1235 terminatio
1986 1198 2023 1234 in
2044 1198 2223 1236 omnibus
2253 1199 2456 1247 continuis,
2486 1200 2567 1238 sive

1505 1251 1577 1287 sint
1594 1251 1868 1299 permanentia,
1885 1251 1967 1288 sive
1986 1251 2152 1298 fluentia,
2168 1258 2210 1288 ut
2229 1264 2274 1288 ex
2294 1259 2398 1289 sexto
2413 1253 2434 1273 *
2452 1259 2566 1301 patet.

1564 1315 1620 1350 14.
1642 1304 1690 1340 Et
1713 1303 1800 1340 ideo
1828 1303 1934 1340 aliter
1962 1303 2166 1341 dicendum
2196 1312 2262 1352 est,
2283 1305 2494 1342 secundum
2514 1305 2567 1343 in-

1502 1356 1711 1392 tentionem
1731 1356 1950 1403 Aristotelis,
1972 1355 2076 1405 quod
2104 1357 2179 1393 hoc
2198 1357 2302 1406 quod
2330 1366 2445 1394 omne
2466 1370 2568 1395 nunc

1504 1408 1549 1445 sit
1576 1408 1804 1458 principium
1833 1416 1869 1445 et
1896 1408 1994 1456 finis,
2014 1409 2096 1445 vult
2123 1409 2294 1458 accipere
2323 1422 2367 1447 ex
2397 1422 2443 1447 eo
2463 1409 2568 1458 quod

1502 1461 1628 1510 primo
1649 1461 1847 1510 supposuit
1867 1463 1899 1509 ⁹⁵,
1925 1461 2064 1498 scilicet
2083 1462 2187 1510 quod
2204 1462 2309 1511 prius
2329 1470 2365 1499 et
2381 1462 2569 1512 posterius

1504 1526 1583 1551 non
1612 1514 1667 1561 sit,
1688 1522 1860 1562 ternpore
1890 1526 1967 1551 non
1988 1514 2184 1551 existente:
2213 1516 2288 1552 hoc
2309 1515 2410 1552 enim
2432 1515 2568 1564 princi-

1503 1567 1568 1616 pio
1593 1567 1789 1616 supposito
1810 1566 1859 1603 ad
1887 1567 1977 1604 nihil
2005 1567 2107 1604 aliud
2125 1579 2217 1604 usus
2237 1575 2312 1614 est;
2342 1568 2410 1606 sed
2429 1581 2474 1605 ex
2493 1569 2568 1605 hoc

1506 1620 1741 1657 concluditur
1760 1619 1866 1668 quod
1890 1632 2006 1656 omne
2030 1632 2130 1656 nunc
2151 1619 2196 1657 sit
2214 1620 2440 1670 principium
2469 1628 2506 1658 et
2523 1620 2567 1657 fi-

1505 1672 1572 1709 nis.
1594 1674 1714 1710 Detur
1734 1672 1835 1709 enim
1854 1673 1959 1721 quod
1980 1672 2134 1720 aliquod
2157 1685 2259 1710 nunc
2278 1673 2323 1710 sit
2340 1673 2568 1723 principium

1505 1725 1662 1762 alicuius
1681 1725 1881 1773 temporis:
1903 1725 2146 1762 manifestum
2168 1733 2222 1762 est
2250 1733 2377 1763 autern
2404 1738 2448 1763 ex
2476 1726 2568 1764 defi-

1504 1777 1644 1814 nitione
1659 1777 1842 1825 principii,
1854 1777 1958 1825 quod
1972 1778 2200 1826 principium
2214 1779 2396 1827 temporis
2412 1785 2567 1816 estante

1505 1830 1609 1878 quod
1638 1829 1729 1866 nihil
1759 1830 1838 1867 eius
1867 1830 2003 1866 existit:
2025 1838 2080 1867 est
2108 1843 2197 1878 ergo
2229 1831 2399 1880 accipere
2428 1831 2568 1880 aliquid

1505 1888 1591 1919 ante
1616 1883 1677 1918 vel
1700 1883 1809 1930 prius
1837 1895 1953 1931 quam
1982 1882 2108 1931 ipsum
2137 1895 2250 1930 nunc,
2279 1884 2386 1932 quod
2416 1884 2570 1933 ponitur

1504 1935 1731 1983 principium
1747 1935 1940 1983 temporis.
1953 1935 2061 1972 Prius
2076 1942 2204 1971 autem
2220 1948 2299 1972 non
2311 1943 2365 1973 est
2380 1936 2459 1973 sine
2474 1944 2568 1974 tern-

1504 2001 1615 2036 pore:
1637 2000 1726 2035 ergo
1751 2000 1852 2024 nunc
1876 1988 1980 2036 quod
1999 1988 2151 2037 ponitur
2168 1988 2396 2037 principium
2420 1997 2567 2038 tempo-

1506 2041 1565 2086 ris,
1589 2048 1643 2077 est
1671 2040 1784 2077 etiam
1809 2040 1991 2089 temporis
2019 2040 2118 2077 finis.
2149 2041 2199 2077 Et
2226 2041 2364 2078 eodem
2393 2042 2512 2079 modo
2537 2041 2569 2079 si

1504 2101 1668 2141 ponatur
1682 2105 1783 2129 nunc
1803 2105 1884 2130 esse
1899 2093 1985 2130 finis
2003 2093 2196 2141 temporis,
2214 2094 2382 2142 sequitur
2401 2095 2504 2143 quod
2523 2093 2570 2132 sit

1506 2146 1619 2182 etiam
1638 2145 1883 2194 principium:
1905 2145 1993 2194 quia
2013 2146 2060 2182 de
2079 2145 2223 2182 ratione
2243 2147 2329 2183 finis
2349 2147 2369 2167 ¹⁵
2390 2154 2446 2184 est
2463 2147 2569 2195 quod
2595 2154 2606 2163 '

1500 2204 1587 2246 post
1611 2198 1736 2246 ipsum
1756 2198 1846 2234 nihil
1874 2198 1920 2234 sit
1939 2198 2036 2234 eius:
2056 2198 2244 2246 posterius
2264 2207 2391 2236 autem
2416 2212 2494 2237 non
2513 2207 2570 2237 est

1505 2251 1585 2287 sine
1609 2259 1799 2299 tempore·
1821 2251 1991 2309 sequitur
2009 2263 2098 2298 ergo
2119 2251 2223 2299 quod
2251 2265 2353 2289 nunc
2377 2252 2482 2311 quod
2499 2264 2568 2302 po-

1505 2304 1604 2341 nitur
1640 2303 1744 2350 finis,
1775 2303 1820 2340 sit
1857 2303 1970 2340 etiam
1997 2304 2225 2352 principium
2254 2305 2447 2354 temporis.

1565 2357 1621 2393 15.
1635 2356 1783 2393 Deinde
1799 2359 1887 2393 cum'
1899 2356 2002 2393 dicit:
2017 2357 2162 2393 Eadem
2173 2363 2297 2394 autem
2313 2358 2409 2395 ratio
2419 2364 2565 2406 estete„

1506 2409 1670 2446 ostendit
1689 2409 1793 2456 quod
1813 2416 1940 2446 motus
1960 2421 2111 2458 semper
2129 2409 2175 2445 sit
2198 2410 2353 2447 futurus.
2376 2411 2424 2447 Et
2443 2418 2568 2448 osten-

1507 2461 1559 2498 dit
1577 2462 1652 2498 hoc
1671 2474 1716 2498 ex
1730 2469 1836 2510 parte
1855 2469 1999 2498 motus:
2021 2461 2109 2510 quia
2129 2461 2221 2498 ratio
2242 2475 2356 2511 supra
2369 2464 2388 2484 ²¹²
2403 2474 2447 2500 ex
2459 2470 2567 2512 parte

1506 2521 1633 2550 motus
1653 2521 1818 2563 accepta,
1839 2526 1918 2551 non
1947 2514 2197 2551 concludebat
2217 2515 2287 2551 nisi
2305 2516 2411 2563 quod
2440 2523 2567 2553 motus

1506 2579 1704 2615 nunquam
1733 2567 1904 2615 incipiat3
1936 2567 2027 2604 ratio
2064 2579 2157 2604 vero
2190 2575 2343 2617 sumpta
2380 2580 2425 2605 ex
2460 2575 2566 2617 parte

1506 2620 1688 2668 temporis
1708 2619 1739 2667 ³²,
1762 2619 2011 2656 concludebat
2029 2626 2245 2668 utrumque,
2268 2628 2304 2657 et
2331 2621 2436 2669 quod
2468 2633 2566 2658 nun·

1506 2685 1623 2721 quam
1651 2671 1842 2721 inceperit,
1865 2680 1899 2708 et
1927 2672 2030 2720 quod
2060 2685 2256 2722 nunquam
2286 2673 2446 2710 deficiat.
2467 2673 2568 2712 Dicit

1507 2737 1595 2772 ergo
1634 2725 1739 2773 quod
1767 2725 1902 2762 eadem
1932 2725 2074 2762 ratione
2110 2734 2235 2774 potest
2270 2727 2423 2776 probari
2462 2727 2566 2775 quod

1506 2785 1633 2814 motus
1653 2777 1698 2814 sit
1721 2777 2022 2826 incorruptibilis,
2043 2778 2139 2816 idest
2157 2779 2263 2827 quod
2283 2791 2481 2828 nunquam
2501 2779 2565 2817 de-

1505 2830 1617 2877 ficiat,
1636 2843 1706 2879 per
1725 2843 1841 2879 quarn
1860 2832 2044 2879 probatur
2060 2832 2079 2852 ²¹*
2098 2833 2202 2880 quod
2221 2839 2348 2870 motus
2367 2844 2564 2880 nunquam

1506 2883 1654 2931 incepit.
1677 2883 1780 2920 Sicut
1808 2884 1910 2920 enim
1939 2896 1984 2920 ex
2011 2884 2085 2921 hoc
2114 2884 2219 2933 quod
2247 2892 2303 2921 est
2329 2892 2479 2922 motum
2507 2884 2563 2923 in-

1507 2936 1642 2985 cipere,
1663 2936 1831 2985 sequitur
1859 2937 1963 2985 quod
1991 2936 2037 2973 sit
2055 2937 2246 2986 quaedam
2274 2937 2434 2974 mutatio
2461 2936 2565 2986 prior

1505 2989 1714 3027 mutatione
1730 3001 1826 3038 quae
1841 2989 1995 3037 ponitur
2008 2989 2147 3038 prima;
2164 2989 2216 3026 sic
2235 2989 2265 3026 si
2279 2997 2444 3038 ponatur
2458 2989 2565 3037 quod

1506 3049 1632 3078 motus
1647 3042 1878 3090 quandoque
1899 3041 2060 3088 deficiat,
2078 3042 2245 3091 sequitur
2259 3042 2364 3092 quod
2379 3042 2424 3079 sit
2438 3042 2564 3091 aliqua

1505 3094 1663 3131 mutatio
1691 3094 1879 3143 posterior
1908 3106 1952 3131 ea
1980 3107 2078 3144 quae
2105 3095 2259 3143 ponitur
2282 3102 2485 3144 postrema.
2516 3095 2564 3132 Et

1505 3147 1702 3197 quomodo
1723 3148 1798 3184 hoc
1823 3154 2000 3196 sequatur
2019 3147 2231 3185 manifestat
2253 3147 2513 3185 abbreviando

1505 3200 1610 3249 quod
1638 3212 1751 3249 supra
1789 3199 1960 3237 diffusius
1995 3200 2137 3237 dixerat
2174 3200 2271 3237 circa
2307 3200 2562 3249 inceptionem

1505 3261 1631 3290 motus
1646 3259 1670 3289 ⁸.
1702 3254 1885 3290 Posuerat
1903 3253 1922 3274 '¹‘
1943 3252 2044 3290 enim
2065 3253 2169 3302 quod
2197 3253 2227 3290 si
2257 3261 2384 3290 motus
2412 3253 2561 3302 incepit,

1505 3313 1569 3343 aut
1597 3305 1752 3343 mobilia
1781 3313 1816 3342 et
1845 3306 2039 3343 moventia
2065 3306 2296 3355 inceperunt,
2321 3314 2386 3343 aut
2413 3317 2563 3354 semper

1506 3359 1664 3396 fuerunt.
1696 3359 1743 3395 Et
1763 3358 1891 3395 similis
1911 3358 2046 3396 divisio
2066 3367 2195 3408 posset
2214 3359 2275 3395 hic
2294 3359 2398 3404 fieri3
2427 3358 2514 3407 quia
2533 3358 2563 3395 si

448 3493 466 3526 ι)
487 3493 549 3518 dicit
567 3495 637 3526 quod
656 3496 702 3520 hoc
715 3496 785 3536 quod
799 3504 885 3521 nunc
897 3497 1038 3522 -convenit
1053 3498 1078 3522 ei
1093 3497 1288 3530 inquantum‚—
1270 3497 1366 3522 —dicit
1380 3497 1451 3529 quod

396 3535 463 3552 nunc
481 3535 582 3560 semper
600 3531 634 3554 sit
648 3531 808 3562 principium
828 3535 853 3556 et
865 3532 945 3564 finis,
965 3533 1087 3557 convenit
1112 3533 1180 3557 enim
1206 3532 1361 3564 inquantum
1383 3532 1449 3562 Pab,

1558 3498 1583 3530 x)
1605 3498 1776 3530 inceptionem
1797 3501 1891 3523 motus.
1905 3498 2107 3524 -intensi'onem
2125 3501 2211 3523 motus
2227 3498 2280 3529 ΡΟ,
2293 3498 2462 3523 {mentionem
2477 3499 2564 3522 motus

1506 3533 1546 3558 cd.
1560 3540 1577 3557 a
1596 3538 1621 3557 et
1640 3538 1688 3558 cet.
1703 3541 1757 3558 exc
1770 3533 1968 3558 BDRTsxoffi
1982 3533 2038 3558 Lin.
2052 3541 2108 3566 seq.
2122 3541 2170 3566 pro
2189 3536 2214 3558 et
2233 3533 2374 3562 moventia,
2393 3536 2440 3558 aut
2459 3538 2563 3557 moven-

396 3562 545 3594 corrigendo
565 3564 618 3588 lect
614 3573 697 3590 onem
717 3566 773 3590 ΑΙΚ
792 3566 835 3598 qui
854 3567 975 3591 omittunt
994 3567 1042 3592 hoc
1060 3567 1147 3599 quod3
1167 3567 1243 3592 etiam
1263 3567 1341 3592 codex
1362 3568 1383 3591 V
1404 3575 1450 3600 pro
1506 3568 1543 3592 tia
1563 3568 1616 3592 Pab
1635 3573 1660 3593 et
1679 3568 1753 3592 codd.
1768 3575 1822 3593 exc.
1840 3566 2106 3598 BCDGMOszffl;
2133 3569 2178 3593 sed
2198 3573 2226 3593 ut
2244 3573 2314 3600 patet
2337 3567 2444 3592 mobilia
2462 3571 2487 3592 et
2508 3572 2563 3591 mo-

396 3597 419 3621 ci
438 3596 513 3622 habet
531 3599 608 3623 enim.

1506 3603 1593 3627 ventio
1612 3602 1651 3627 hic
1671 3610 1723 3627 non
1742 3603 1835 3628 debent
1854 3602 1969 3635 disiungi.
1991 3603 2029 3628 Cf.
2043 3603 2120 3635 paulo
2139 3603 2202 3628 infra
2221 3608 2246 3628 et
2264 3610 2336 3628 num.
2350 3601 2376 3628 6

2623 470 2657 492 8ἰο
2673 475 2721 492 om·
2735 476 2812 494 mm

2598 501 2667 518 non.

2596 683 2707 704 'solvere
2716 688 2757 710 pc,
2767 689 2807 705 to-

2597 708 2662 730 tidar
2648 713 2675 730 re
2689 715 2722 730 sc.

2596 1099 2605 1108 ⁶
2616 1104 2662 1120 non
2672 1104 2775 1126 aaran:
2786 1102 2810 1121 et

2596 1130 2611 1145 a
2621 1124 2642 1151 b,
2662 1130 2730 1146 omne
2747 1130 2807 1147 mane
2860 1132 2862 1134 ’

2597 1156 2616 1177 s,
2631 1156 2671 1172 om
2693 1157 2714 1172 1⁵.

2595 1259 2658 1282 ⁴kCf.
2673 1259 2726 1282 leet.
2741 1266 2771 1282 iv.

2597 1472 2606 1480 ‘
2620 1469 2691 1492 Num.
2702 1477 2724 1499 9.

2597 2185 2723 2207 qsvxvpxq
2731 2182 2753 2201 et
2760 2184 2776 2200 a
2783 2178 2806 2201 ὸ.

2596 2476 2604 2485 ·
2619 2474 2690 2497 Num.
2705 2475 2728 2497 6.

2594 2631 2603 2640 ⁸
2619 2629 2657 2652 Cf.
2672 2629 2743 2652 Num.
2754 2634 2784 2651 12.

2592 2841 2602 2849 ·
2613 2839 2762 2867 probabatur
2780 2845 2804 2862 n
2854 2864 2855 2867 ,

2591 2871 2771 2891 muco-mx.
2856 2871 2858 2873 ·

2543 3149 2563 3169 ’Ἢ
2591 3157 2600 3165 ·
2619 3154 2744 3176 ambiundo
2765 3153 2802 3177 ed.
2830 3174 2836 3178 ,,

2590 3187 2614 3208 a,
2625 3187 2671 3209 per
2684 3180 2711 3203 id
2722 3187 2745 3203 n.

2689 3265 2704 3282 κ

2591 3292 2599 3300 “
2615 3290 2685 3312 Num.
2700 3290 2722 3312 6.

2620 2152 2732 2180 temporis
2749 2158 2807 2175 mxc
2864 2167 2867 2170 «
