2898 3996
1146 298 1257 336 CAP.
1288 298 1354 345 ΙΙΙ,
1384 297 1535 334 LECT.
1564 297 1599 334 V
2384 300 2453 335 281

1047 556 1346 639 LEcT10
1386 556 1699 633 QUINTA

335 714 456 752 QUOD
487 713 617 745 NUNC
647 712 713 743 SIT
741 709 1004 742 INDIVISIBILE
1036 707 1270 739 TEMPORIS:
1305 707 1427 744 QUOD
1457 707 1500 738 IN
1528 708 1619 739 IPSO
1649 709 1767 739 NIHIL
1796 709 2040 740 MOVEATUR
2069 709 2154 740 NEC
2184 710 2416 747 QUIESCAT:

378 776 436 806 ET
460 774 582 812 QUOD
606 773 728 805 OMNE
752 771 873 809 QUOD
897 770 1111 801 MOVETUR
1133 769 1199 799 SIT
1223 768 1443 799 DIVISIBILE
1459 786 1477 791 -
1493 769 1813 801 DUBITATIONES
1838 770 2050 808 QUAEDAM
2073 771 2374 802 REMOVENTUR

285 902 433 948 Ἀνάγκη
457 897 495 933 δὲ
522 903 579 932 καὶ
604 899 646 932 τὰ
670 900 726 930 νῦν
751 898 793 931 τὸ
817 898 864 942 μή
895 895 970 929 καθ’
999 897 1111 942 ἕτερον
1147 896 1237 930 ἀλλά
1266 894 1343 929 καθ’

354 946 442 978 αὐτὸ
465 946 524 977 καὶ
544 944 676 987 πρῶτον
686 942 874 989 ,λεγόμενον
901 937 1093 986 ἀδιαίρετον
1116 939 1214 983 εἶναι,
1235 943 1292 973 καὶ
1314 939 1346 973 ἐν

355 988 485 1022 ἅπαντι
510 989 552 1021 τό
578 988 717 1020 τοιοῦτο
742 986 847 1032 χρόνῳ
874 983 1084 1032 ἐνυπάρχειν.

280 1033 378 1066 Ἔστι
402 1034 466 1079 γάρ
492 1031 640 1078 ἔσχατόν
666 1043 700 1064 τι
717 1033 781 1064 τοῦ
801 1029 997 1077 γεγονότος,
1017 1031 1054 1062 οὗ
1073 1031 1129 1062 ἐπὶ
1147 1024 1231 1062 τάδε
1250 1026 1344 1060 οὐθέν

354 1078 428 1110 ἑστι
453 1078 515 1110 τοῦ
544 1076 747 1121 μέλλοντος,
772 1077 830 1107 καὶ
855 1073 957 1107 πάλιν
982 1075 1046 1107 τοῦ
1076 1074 1280 1118 μέλλοντος,
1309 1072 1345 1104 οὖ

354 1120 410 1154 ἐπὶ
439 1117 524 1154 τάδε
557 1119 652 1152 οὐθέν
684 1118 757 1153 ἐστι
788 1119 852 1152 τοῦ
907 1118 1077 1165 εγονότος·
1106 1119 1121 1150 ὃ
1146 1113 1189 1154 δή
1221 1117 1344 1160 ἔφαμεν

355 1165 476 1210 ἀμφοῖν
501 1163 587 1198 εἶναι
613 1163 729 1207 πέρας.
756 1165 866 1196 Τοῦτο
915 1165 929 1197 ἑ
955 1162 994 1195 ἂν
1019 1159 1137 1207 δειχθῇ
1160 1161 1213 1194 ὅτι
1234 1161 1346 1193 τοιοῦ-

353 1209 413 1243 τόν
439 1211 513 1242 ἐστι
536 1206 611 1240 καθ’
634 1207 721 1241 αὐτὸ
744 1209 803 1240 καὶ
827 1208 972 1250 ταύτόν,
993 1206 1065 1252 ἅμα
1082 1206 1221 1250 φανερὸν
1247 1205 1346 1237 ἔσται

352 1255 411 1286 καὶ
438 1253 491 1287 ὅτι
518 1248 722 1296 ἀδιαίρετον.
1323 1291 1331 1302 Ι

280 1297 429 1344 Ἀνάγκη
455 1293 498 1334 δή
523 1297 565 1330 τὸ
592 1296 679 1329 αὐτὸ
703 1293 789 1328 εἶναι
814 1297 856 1328 το
881 1298 935 1329 νῦν
962 1296 1003 1328 τὰ
1029 1295 1176 1340 ἔσχατον
1199 1293 1347 1337 ἀμφοτε-

353 1354 414 1387 ρων
440 1343 506 1374 τῶν
531 1340 669 1393 χρόνων·

286 1385 315 1417 εἰ
338 1386 402 1432 γάρ
428 1385 554 1430 ἕτερον,
582 1385 698 1430 εφεξῆς
722 1382 780 1428 μὲν
808 1383 866 1416 οὐκ
893 1383 931 1416 ἂν
957 1385 1006 1422 εἴη
1032 1382 1174 1436 θάτερον
1200 1380 1343 1434 θατέρῳ,

539 1429 545 1440 l
588 1426 602 1439 ἰ-

353 1427 411 1463 διά
435 1430 475 1463 τὸ
499 1442 546 1474 μη
572 1441 658 1461 ειναι
681 1427 816 1472 συνεχὲς
834 1428 868 1469 ἑξ
889 1429 1029 1473 ἀμερῶν·
1048 1428 1076 1458 εἰ
1096 1427 1133 1458 be*
1149 1427 1248 1471 χωρὶς
1266 1427 1344 1458 ἑκα-

352 1486 470 1519 τερον,
496 1472 628 1518 μεταξῦ
652 1472 752 1505 ἔσται
783 1473 913 1515 χρόνος·
948 1474 1015 1505 πᾶν
1040 1471 1104 1517 γάρ
1137 1472 1179 1503 τὸ
1210 1470 1343 1514 συνεχὲς

354 1520 511 1552 τοιοῦτον
537 1516 615 1550 ὥστ’
644 1514 729 1548 εἷναί
754 1527 788 1548 τι
812 1517 999 1561 συνώνυμον
1032 1513 1163 1559 μεταξύ
1196 1515 1261 1547 τῶν
1287 1526 1347 1545 πε-

374 1562 477 1595 άτων.
511 1560 618 1593 Ἀλλά
641 1561 707 1604 μὴν
732 1562 760 1592 εἰ
808 1561 901 1605 ρόνος
926 1562 966 1594 τὸ
997 1558 1148 1605 μεταξύ,
1174 1554 1343 1613 διαιρετὸν

354 1617 466 1639 εσται·
486 1606 551 1643 πᾶς
569 1606 633 1662 γάρ
650 1604 767 1650 χρόνος
783 1571 956 1638 {swam-oet
978 1604 1032 1637 ὅτι
1048 1599 1227 1645 διαιρετός.
1241 1603 1344 1634 ‘neve

352 1647 521 1694 διαιρετὸν
547 1663 587 1682 το
611 1650 680 1681 νῦν.

285 1693 323 1724 Εἰ
347 1691 384 1727 δέ
409 1690 579 1738 διαιρετὸν
603 1693 645 1725 τὰ
670 1694 740 1734 νῦν,
763 1694 861 1726 ἔσται
886 1705 920 1726 τι
947 1693 1008 1725 τοῦ
1032 1689 1213 1738 γεγονότος
1239 1689 1271 1721 ἑν
1298 1690 1345 1731 τῷ

353 1738 512 1783 μέλλοντι
536 1739 594 1770 καὶ
619 1738 680 1770 τοῦ
706 1736 889 1780 μέλλοντος
914 1738 946 1769 ἑν
968 1737 1016 1777 τῷ
1034 1734 1206 1781 γεγονότι·
1231 1732 1306 1765 καθ’
1329 1734 1345 1765 ὃ

351 1784 416 1830 γάρ
443 1781 481 1815 ὀὲν
507 1779 676 1826 διαιρεθῇ,
704 1782 810 1815 τοῦτο
835 1777 951 1826 διοριεῖ
974 1780 1033 1812 τὸν
1059 1778 1263 1823 παρήκοντα
1287 1779 1345 1809 καὶ

352 1828 412 1860 τόν
437 1826 609 1871 μέλλοντα
654 1824 761 1869 ρόνον.
1067 1867 1083 1875 ⁴
1163 1866 1171 1875 .
1234 1865 1242 1876 x
1335 1865 1342 1875 ν

278 1871 372 1917 “Apa
396 1867 434 1902 δὲ
457 1872 515 1902 καὶ
542 1871 600 1902 οὐκ
627 1872 665 1901 ἀν
690 1867 764 1900 καθ’
794 1868 882 1900 αὐτὰ
906 1870 955 1905 εἴη
981 1867 1023 1900 τὸ
1047 1878 1125 1908 νυν,
1155 1867 1244 1899 ἀλλα
1267 1864 1330 1897 καθ

352 1914 478 1958 ἕτερον·
504 1915 524 1951 ἠ
549 1914 613 1960 γάρ
639 1909 797 1955 διαίρεσις
823 1913 861 1944 οὐ
885 1911 956 1944 καθ’
988 1910 1089 1943 αὑτό.

283 1959 366 2005 Πρὸς
390 1955 428 1991 δὲ
453 1957 588 1995 τούτοις
614 1958 676 1989 τοῦ
702 1958 757 1988 νῦν
783 1956 824 1989 τὸ
848 1955 907 2000 μέν
932 1968 966 1989 τι
990 1953 1127 2002 γεγονός
1159 1954 1278 1993 ἔσται,
1305 1953 1346 1985 τό

351 1999 389 2035 δὲ
413 2003 548 2047 μέλλον,
573 2003 630 2034 καὶ
656 2002 715 2033 οὐκ
743 1999 795 2033 ἀεὶ
820 2002 860 2032 τὸ
887 1998 974 2033 αὐτὸ
998 1998 1136 2046 γεγονός
1162 1997 1343 2042 ἦ-μέλλον.

349 2043 435 2079 Οὐδὲ
460 2042 502 2083 δή
529 2047 569 2079 τι)
595 2047 651 2077 νῦν
677 2046 718 2078 τό
744 2045 846 2077 αὑτό·
873 2045 1035 2089 πολλαχῇ
1059 2044 1124 2090 γάρ
1142 2037 1311 2086 διαιρετὸς
1331 2043 1346 2074 ὁ

351 2091 480 2136 χρόνος.
500 2088 596 2122 ”Ωστ’
625 2090 652 2121 εἰ
678 2090 795 2123 ταῦτα
823 2085 992 2122 ἀδύνατον
1019 2087 1182 2132 ὑπάρχειν
1209 2088 1255 2128 τῷ
1274 2087 1345 2128 νῦν,

353 2135 484 2182 ἀνάγκη
509 2135 550 2167 τὰ
576 2133 663 2166 αὐτὰ
688 2131 773 2166 εἶναι
798 2134 839 2166 τὸ
865 2131 897 2165 ἐν
923 2131 1076 2175 ἐκατέρῳ
1096 2133 1166 2163 νῦν.

279 2213 389 2252 Ἀλλά
411 2217 477 2261 μήν
501 2217 529 2248 εἰ
554 2214 680 2256 ταύτό,
699 2216 837 2260 φανερὸν
864 2214 917 2247 ὅτι
933 2218 990 2247 καὶ
1010 2209 1216 2257 ἀδιαίρετον·
1236 2215 1264 2245 εἱ
1281 2215 1350 2260 γάρ’

351 2257 543 2305 διαιρετόν,
577 2259 678 2292 πάλιν
711 2259 831 2292 ταύτά
860 2259 1073 2303 συμβήσεται
1104 2260 1126 2291 οἳ
1154 2261 1211 2290 καὶ
1237 2256 1270 2290 ἐν
1296 2261 1344 2301 τῷ

352 2305 526 2350 πρότερον.
545 2304 623 2336 ’Ότι
639 2304 698 2348 μὲν
717 2306 826 2336 τοίνυν
846 2304 918 2336 ἐστί
936 2315 970 2335 τι
989 2304 1021 2335 ἐν
1043 2304 1091 2344 τῷ
1107 2302 1213 2348 χρόνῳ
1238 2298 1348 2335 ἀδιαί-

352 2361 460 2393 ρετον,
483 2348 499 2380 ὅ
524 2360 631 2392 φαμεν
649 2346 734 2380 εἶναι
759 2348 800 2381 τὸ
825 2349 893 2389 νῦν,
916 2343 1019 2384 δῆλόν
1038 2347 1129 2380 ἐστιν
1156 2347 1191 2379 ἐκ
1213 2348 1279 2379 τῶν
1305 2349 1349 2379 εἱ-

351 2394 510 2439 ρημένων.
635 2393 637 2396 '

278 2439 354 2475 Ὀτι
378 2434 406 2470 δ’
437 2433 531 2469 οὐδὲν
558 2437 590 2468 ἐν
616 2437 662 2477 τῷ
687 2437 744 2467 νῦν
769 2439 926 2476 κινεῖται,
953 2435 989 2467 ἐκ
1015 2430 1119 2467 τῶνδε
1145 2434 1299 2479 φανερόν·
1318 2435 1346 2466 εἱ

349 2481 414 2529 γάρ
438 2483 548 2521 ἐστιν,
577 2475 753 2525 ἐνδέχεται
770 2481 829 2511 καὶ
847 2478 976 2512 θᾶττον
1000 2478 1162 2511 κινεῖσθαι
1188 2478 1220 2511 ἑν
1247 2477 1342 2520 αὐτῷ

350 2529 408 2559 καὶ
441 2521 657 2570 βραδύτερον.
687 2524 799 2557 Ἔστω
824 2519 867 2560 δή
893 2524 933 2556 τὸ
958 2524 1032 2564 νῦν,
1060 2522 1106 2566 ἐφ’
1136 2523 1159 2565 ᾦ
1184 2525 1229 2565 Ν,
1259 2535 1346 2555 κεκι-

350 2569 461 2607 νήσθω
490 2564 519 2600 ’δῖ
549 2570 581 2608 ἐν
613 2569 707 2610 αὐτῷ
736 2568 776 2601 τὰ
806 2567 934 2601 θᾶττον
967 2568 1031 2604 τήν
1056 2568 1119 2600 ΑΒ.
1150 2566 1277 2600 Οὐκοῦν
1303 2568 1343 2601 τό

351 2613 555 2659 βραδύτερον
582 2613 613 2644 ἐν
640 2614 687 2653 τῷ
715 2613 808 2653 αὐτῷ
835 2611 970 2645 ἐλάττω
1003 2612 1065 2649 τῆς
1091 2613 1142 2643 ΑΒ
1172 2612 1345 2649 κινηθήσε-

353 2670 425 2699 ται,
446 2657 512 2689 οἷον
531 2656 595 2692 τήν
613 2658 674 2690 ΑΓ.
698 2655 793 2688 Ἐπεὶ
818 2655 855 2688 δέ
877 2656 918 2688 τὸ
936 2651 1141 2700 βραδύτερον
1163 2655 1195 2688 ὲν
1215 2656 1277 2698 ὅλῳ
1297 2658 1345 2698 τῷ

353 2703 408 2734 νῦν
433 2704 608 2737 κεκίνηται
632 2699 696 2736 τήν
721 2701 784 2742 ΑΓ,
810 2701 851 2732 τό
876 2699 1003 2733 θᾶττον
1030 2698 1061 2732 ἐν
1087 2700 1248 2733 ἐλάττονι
1269 2706 1347 2734 τού-

354 2758 414 2779 του
438 2743 670 2781 κινηθήσεται.
690 2743 792 2777 ’Ὠσϊε
817 2739 1071 2788 διαιρεθήσεται
1097 2745 1137 2776 τό
1161 2746 1229 2777 νῦν.
1252 2743 1341 2777 Ἀλλ’

354 2789 392 2827 ἦν
421 2783 624 2832 ἀδιαίρετον.
657 2788 724 2819 Οὐκ
757 2789 822 2831 ἄρα
852 2787 924 2821 ἐ’στι
951 2787 1113 2820 κινεῖσθαι
1139 2789 1171 2820 ἑν
1197 2790 1244 2830 τῷ
1269 2791 1340 2821 νῦν.

282 2833 390 2866 Ἀλλά
414 2833 479 2877 μήν
506 2827 575 2863 οὐδ’
603 2831 748 2874 ἠρεμεῖν·
776 2832 906 2876 ἠρεμεῖν
937 2832 1000 2876 γάρ
1034 2832 1191 2878 ἐλέγομεν
1223 2833 1263 2864 τὸ
1290 2846 1346 2865 πε-

353 2877 452 2922 φυκός
475 2873 637 2907 κινεῖσθαι
663 2875 708 2919 μή
725 2876 916 2918 κινούμενον
939 2876 995 2908 ὅτε
1014 2876 1137 2919 πέφυκε
1155 2878 1213 2908 καὶ
1233 2877 1270 2908 οὖ
1286 2878 1345 2909 καὶ

353 2922 407 2960 ὥς·
440 2920 519 2952 ὥστ’
549 2921 622 2952 ἐπεὶ
653 2920 685 2951 ἐν,
716 2921 764 2961 τῷ
795 2922 851 2952 νῦν
881 2919 974 2953 οὐθὲν
1007 2919 1130 2964 πέφυκε
1160 2920 1343 2963 κινεῖσθαι,

353 2961 456 3003 δῆλον
482 2965 523 3002 ὠς
550 2959 617 2996 οὐδ’
646 2961 791 3008 ἠρεμεῖν.

280 3049 358 3081 ’Ἔτι
382 3042 410 3078 δ’
431 3047 459 3078 εὶ
484 3045 524 3079 τὸ
543 3046 630 3078 αὐτὸ
647 3045 706 3088 μέν
729 3046 801 3078 ἐστι
826 3046 866 3079 τὸ
889 3047 944 3077 νῦν
971 3044 1002 3078 ὲν
1030 3047 1149 3092 ἀμφοῖν
1175 3052 1246 3080 τοῖν
1270 3047 1348 3093 χρό-

354 3102 437 3129 νοιν,
457 3086 529 3122 ἒνδέ
556 3102 633 3124 εται
657 3086 694 3122 δὲ
719 3090 777 3122 τὸν
802 3090 860 3134 μὲν
880 3090 1055 3132 κινεῖσθαι,
1079 3091 1138 3123 τόν
1163 3086 1191 3123 δ’
1213 3092 1344 3136 ἠρεμεῖν

359 3134 447 3166 ὅλον·
481 3101 574 3167 τὸχῧ*
603 3134 678 3167 ὅλον
710 3133 901 3178 κινούμενον
927 3135 986 3167 τὸν
1015 3134 1133 3180 χρόνον
1160 3137 1192 3168 ἐν
1220 3137 1344 3177 ὁτῳοῦν

354 3177 574 3215 κινηθήσεται
604 3179 669 3212 τῶν
703 3178 829 3211 τούτου
858 3178 932 3210 καθ’
963 3180 978 3211 ὃ
1009 3179 1133 3222 πέφυκε
1164 3179 1343 3221 κινεῖσθαι,

355 3224 412 3253 καὶ
439 3222 480 3253 τὸ
503 3222 645 3268 ἠρεμοῦν
675 3222 837 3259 ὡσαύτως
863 3223 1039 3266 ἠρεμήσει,
1065 3223 1279 3266 συμβήσεται
1304 3224 1345 3256 τὸ

357 3265 444 3298 αὐτὰ
471 3264 542 3310 ἅμα
568 3267 698 3321 ἠρεμεῖν
723 3270 780 3298 καὶ
803 3265 979 3298 κινεῖσθαι·
997 3267 1039 3299 τὸ
1056 3268 1119 3312 γάρ
1138 3266 1227 3300 αὐτὸ
1245 3268 1347 3313 ἔσχα-

357 3320 416 3341 τον
442 3309 509 3340 τῶν
534 3322 659 3356 χρόνων
685 3309 895 3353 ἀμφοτέρων,
922 3310 962 3342 τὸ
987 3311 1055 3343 νῦν.

283 3354 360 3385 Ἔτι
384 3348 413 3384 δ’
442 3353 572 3398 ἠρεμεῖν
602 3354 661 3398 μὲν
687 3353 829 3399 λέγομεν
855 3354 896 3384 τὸ
923 3354 1041 3396 ὁμοίως
1067 3354 1143 3398 ἔχον
1174 3357 1231 3386 καὶ
1258 3355 1345 3387 αὐτὸ

355 3398 413 3428 καὶ
438 3397 486 3428 τοὶ
509 3397 589 3441 μέρη
615 3398 670 3428 νῦν
702 3399 760 3428 καὶ
793 3396 967 3440 πρότερον·
1001 3397 1033 3429 ἐν
1058 3397 1095 3430 δὲ
1119 3399 1167 3439 τῷ
1198 3398 1254 3429 νῦν
1287 3399 1345 3430 οὐκ

358 3442 430 3473 ’ἑστι
456 3441 496 3472 τό
522 3454 546 3474 π
570 3441 698 3485 ότερον,
724 3440 802 3472 ὥστ’
834 3436 901 3471 οὐδ’
931 3438 1073 3484 ἠρεμεῖν.
1104 3440 1253 3487 Ἀνάγκη
1281 3443 1348 3486 ἄρα’

355 3487 413 3516 καὶ
437 3455 596 3517 κινεῖσθαι
622 3485 663 3516 τὸ
687 3483 879 3527 κινούμενον
906 3485 936 3516 ἓν
957 3484 1062 3528 χρόνῳ
1078 3487 1135 3517 καὶ
1154 3485 1284 3528 ἠρεμεῖν
1303 3486 1344 3518 τὰ

357 3529 513 3573 ἠρεμοῦν.

291 3573 336 3604 Τό
361 3569 398 3604 δὲ
422 3572 639 3616 μεταβάλλον
667 3571 758 3604 ἅπαν
793 3571 923 3617 ἀνάγκη
954 3566 1122 3616 διαιρετὸν
1148 3569 1246 3604 εἶναι·
1273 3570 1344 3604 ἐπεὶ

356 3617 420 3663 γάρ
446 3616 481 3648 ἔκ
506 3628 594 3654 τινος
620 3617 663 3654 εἵς
690 3627 723 3648 τι
748 3617 844 3648 πᾶσα
869 3615 1066 3659 μεταβολή,
1091 3617 1149 3647 καὶ
1176 3615 1258 3648 ὅταν
1284 3617 1343 3660 μέν

432 3679 500 3711 Opp.
519 3680 550 3704 D.
565 3679 677 3703 TnoraAE
696 3679 727 3703 T.
743 3679 771 3702 11.

1403 899 1420 918 *
1439 900 1572 930 Necesse
1588 907 1634 931 est
1658 908 1764 932 autem
1790 909 1819 932 et
1843 902 1949 942 ipsum
1971 913 2071 940 nunc,
2095 903 2182 943 quod
2199 913 2264 933 non
2289 904 2462 934 secundum

1469 944 1602 974 alterum
1631 946 1686 975 sed
1708 956 1764 985 per
1782 956 1814 976 se
1834 953 1864 977 et
1880 946 2020 986 primum
2036 946 2166 985 dictum,
2183 947 2368 978 indivisibile
2385 958 2462 986 esse,

1469 994 1500 1018 et
1522 987 1555 1018 in
1579 989 1668 1019 omni
1692 996 1835 1029 tempore
1858 990 2042 1020 huiusmodi
2066 1001 2141 1021 esse.

1402 1030 1459 1061 Est
1482 1031 1567 1061 enim
1590 1032 1708 1072 aliquid
1724 1033 1874 1064 ultimum
1898 1034 1964 1064 eius
1979 1034 2067 1074 quod
2086 1034 2204 1064 factum
2223 1041 2279 1073 est,
2294 1035 2393 1076 cuius
2410 1046 2461 1066 su-

1469 1084 1524 1114 per
1546 1075 1608 1105 hoc
1631 1076 1708 1106 nihil
1724 1077 1822 1107 futuri
1845 1084 1890 1108 est
1898 1085 1907 1115 ;
1927 1085 1958 1108 et
1980 1078 2094 1108 iterum
2110 1078 2207 1108 futuri
2231 1085 2286 1117 est,
2303 1079 2392 1109 cuius
2411 1089 2462 1109 su-

1468 1128 1524 1158 per
1542 1119 1603 1158 hoc
1626 1119 1704 1149 nihil
1724 1127 1769 1150 est
1791 1121 1874 1151 illius
1898 1122 1986 1161 quod
2009 1122 2128 1152 factum
2151 1129 2214 1160 est;
2241 1123 2330 1162 quod
2352 1123 2462 1163 utique

1469 1162 1604 1192 diximus
1620 1170 1829 1205 utrorumque
1845 1175 1910 1195 esse
1930 1166 2110 1196 terminum.
2127 1166 2144 1185 *
2155 1167 2227 1196 Hoc
2247 1173 2353 1196 autem
2369 1167 2394 1196 si
2410 1167 2461 1197 de-

1467 1213 1660 1237 monstretur
1682 1208 1837 1248 quoniam
1858 1209 2042 1239 huiusmodi
2062 1216 2108 1240 est
2139 1220 2193 1250 per
2223 1220 2273 1248 se,
2304 1217 2334 1241 et
2355 1210 2462 1251 ipsum

1468 1249 1563 1280 simul
1586 1251 1789 1282 manifestum
1813 1252 1869 1282 erit
1892 1253 1980 1292 quod
2002 1253 2187 1284 indivisibile
2211 1261 2265 1284 est.

1400 1293 1417 1312 *
1432 1293 1565 1324 Necesse
1589 1301 1635 1325 est
1656 1295 1751 1335 igitur
1773 1295 1858 1326 idem
1877 1306 1942 1326 esse
1965 1296 2072 1336 ipsum
2096 1307 2191 1336 nunc,
2215 1298 2304 1338 quod
2322 1298 2462 1339 utrisque

1467 1338 1663 1378 temporibus
1687 1339 1837 1370 ultimum
1860 1347 1915 1370 est.

1401 1381 1433 1412 Si
1457 1381 1542 1412 enim
1565 1382 1699 1413 alterum
1722 1389 1783 1421 est,
1800 1391 2028 1425 consequenter
2043 1394 2108 1415 non
2130 1385 2186 1415 erit
2208 1385 2341 1415 alterum
2363 1386 2461 1423 alteri,

1467 1433 1596 1466 propter
1609 1426 1641 1456 id
1657 1427 1746 1467 quod
1761 1437 1827 1458 non
1840 1434 1886 1458 est
1901 1428 2090 1459 continuum
2105 1439 2141 1459 ex
2156 1429 2406 1469 impartibilibus.
2430 1430 2463 1460 Si

1468 1476 1575 1500 autem
1584 1480 1728 1501 seorsum
1741 1478 1786 1502 est
1796 1478 1978 1512 utrumque,
1992 1472 2073 1503 inter
2090 1483 2125 1503 ea
2137 1473 2194 1503 erit
2209 1480 2348 1513 tempus:
2367 1483 2462 1503 omne

1467 1514 1552 1544 enim
1575 1514 1764 1545 continuum
1778 1515 1963 1546 huiusmodi
1979 1523 2035 1547 est.
2052 1517 2158 1553 Quare
2174 1517 2231 1547 erit
2253 1517 2371 1558 aliquid
2391 1517 2461 1547 uni-

1466 1567 1585 1588 vocum
1599 1558 1740 1589 medium
1750 1559 1968 1590 terminorum.
1993 1562 2035 1590 At
2046 1570 2120 1590 vero
2134 1561 2159 1590 si
2171 1567 2296 1600 tempus
2320 1561 2463 1591 medium

1467 1608 1530 1640 est,
1564 1602 1716 1633 divisibile
1740 1603 1811 1633 erit:
1841 1613 1936 1634 omne
1968 1604 2053 1634 enim
2075 1611 2202 1644 tempus
2230 1611 2394 1635 ostensum
2417 1611 2463 1635 est

1467 1645 1556 1686 quod
1575 1646 1728 1676 divisibile
1747 1647 1794 1677 sit.
1821 1647 1926 1684 Quare
1950 1647 2101 1678 divisibile
2122 1655 2168 1679 est
2190 1648 2297 1689 ipsum
2320 1659 2415 1679 nunc.

1401 1689 1433 1720 Si
1448 1696 1554 1720 autem
1569 1689 1720 1720 divisibile
1736 1697 1782 1721 est
1797 1691 1903 1731 ipsum
1919 1702 2018 1730 nunc,
2036 1691 2092 1722 erit
2107 1692 2225 1733 aliquid
2239 1693 2327 1733 quod
2343 1692 2462 1723 factum

1468 1739 1513 1764 est
1535 1733 1568 1763 in
1592 1733 1711 1772 futuro,
1736 1742 1766 1765 et
1782 1735 1879 1775 futuri
1902 1735 1935 1765 in
1958 1746 1996 1766 eo
2013 1736 2102 1776 quod
2125 1736 2244 1767 factum
2264 1743 2318 1767 est.
2343 1736 2460 1767 Secun-

1468 1777 1546 1807 dum
1569 1778 1658 1818 quod
1681 1778 1766 1808 enim
1789 1779 1954 1818 dividetur,
1978 1779 2040 1810 hoc
2056 1780 2241 1811 determinat
2259 1780 2462 1820 praeteritum

1469 1827 1499 1851 et
1521 1821 1666 1851 futurum
1688 1828 1823 1862 tempus.

1400 1864 1418 1883 '¹‘
1434 1864 1536 1894 Simul
1559 1871 1666 1896 autem
1689 1872 1719 1896 et
1742 1876 1807 1896 non
1824 1877 1879 1906 per
1902 1877 1934 1897 se
1953 1867 2010 1897 erit
2024 1867 2085 1898 hoc
2104 1878 2199 1906 nunc,
2217 1867 2272 1897 sed
2287 1869 2462 1898 secundum
2490 1880 2498 1888 ·

1469 1908 1613 1939 alterum.
1637 1909 1757 1939 Divisio
1781 1910 1865 1940 enim
1885 1921 1951 1941 non
1972 1912 2146 1941 secundum
2167 1912 2274 1952 ipsum
2295 1918 2349 1942 est.

1401 1952 1516 1982 Adhuc
1540 1959 1656 1991 autem,
1681 1953 1779 1993 ipsius
1803 1964 1887 1985 nunc
1910 1955 1971 1985 hoc
1994 1955 2123 1995 quidem
2146 1955 2264 1986 factum
2288 1955 2359 1993 erit,
2383 1956 2462 1986 illud

1468 2002 1575 2027 autem
1590 1997 1752 2036 futurum;
1775 2005 1805 2028 et
1823 2008 1889 2028 non
1906 2009 2029 2039 semper
2044 1999 2128 2029 idem
2145 1999 2263 2030 factum
2277 2006 2322 2030 est
2334 2006 2364 2030 et
2376 1999 2461 2030 futu-

1469 2050 1551 2071 rum.
1570 2041 1681 2082 Neque
1704 2041 1810 2082 itaque
1826 2042 1932 2082 ipsum
1951 2053 2035 2073 nunc
2058 2043 2143 2073 idem
2162 2049 2208 2074 est
2228 2043 2337 2073 simul:
2355 2044 2463 2081 multi-

1469 2084 1589 2125 pliciter
1602 2085 1686 2115 enim
1703 2086 1854 2116 divisibile
1867 2093 1913 2117 est
1928 2093 2063 2127 tempus.
2076 2087 2093 2105 *
2106 2087 2211 2124 Quare
2227 2087 2251 2117 si
2266 2087 2327 2117 hoc
2343 2087 2461 2127 impos-

1470 2128 1558 2158 sibile
1575 2136 1620 2160 est
1635 2129 1735 2160 inesse
1751 2129 1811 2170 ipsi
1826 2141 1922 2170 nunc,
1939 2141 2063 2161 necesse
2080 2138 2125 2162 est
2140 2131 2226 2161 idem
2240 2141 2306 2161 esse
2322 2132 2410 2172 quod
2428 2131 2461 2161 in

1469 2179 1606 2213 utroque
1624 2183 1709 2204 nunc
1731 2180 1787 2205 est.

1403 2217 1446 2246 At
1467 2226 1542 2246 vero
1566 2217 1591 2246 si
1614 2217 1719 2255 idem,
1744 2224 1790 2248 est
1811 2218 2015 2249 manifestum
2038 2219 2126 2259 quod
2158 2225 2187 2249 et
2209 2219 2404 2250 indivisibile.
2429 2219 2461 2250 Si

1470 2260 1555 2290 enim
1582 2260 1733 2291 divisibile
1758 2268 1818 2300 est,
1841 2262 1957 2292 iterum
1980 2263 2162 2302 contingent
2188 2263 2297 2293 eadem
2324 2274 2405 2304 quae
2432 2271 2462 2294 et

1469 2304 1565 2343 prius.
1589 2304 1607 2323 *
1622 2305 1719 2341 Quod
1741 2305 1834 2344 igitur
1857 2306 1896 2336 sit
1918 2306 2037 2347 aliquid
2050 2306 2083 2336 in
2099 2314 2241 2347 tempore
2263 2307 2460 2346 indivisibile,

1469 2348 1557 2388 quod
1581 2348 1715 2378 dicimus
1739 2359 1805 2379 esse
1823 2349 1930 2389 ipsum
1944 2360 2039 2389 nunc,
2063 2350 2266 2381 manifestum
2285 2358 2331 2382 est
2354 2362 2390 2382 ex
2412 2352 2461 2382 his

1469 2402 1550 2432 quae
1574 2392 1654 2422 dicta
1678 2399 1760 2423 sunt.

1402 2435 1499 2472 Quod
1516 2442 1620 2466 autem
1638 2436 1716 2466 nihil
1731 2437 1764 2466 in
1779 2437 1849 2476 ipso
1866 2447 1950 2467 nunc
1969 2444 2125 2477 movetur,
2143 2448 2179 2468 ex
2194 2438 2242 2468 his
2258 2439 2460 2470 manifestum

1468 2487 1523 2510 est.
1544 2479 1576 2510 Si
1600 2490 1737 2521 namque
1757 2487 1812 2519 est,
1830 2481 1982 2521 contingit
1998 2488 2028 2512 et
2042 2482 2181 2512 velocius
2204 2483 2325 2513 moveri
2340 2484 2373 2513 in
2389 2483 2459 2523 ipso

1467 2534 1552 2554 nunc
1567 2531 1597 2555 et
1613 2525 1740 2555 tardius.
1757 2525 1802 2555 Sit
1816 2525 1910 2564 igitur
1925 2525 2031 2565 ipsum
2046 2535 2131 2556 nunc
2146 2526 2179 2556 in
2192 2536 2257 2566 quo
2273 2527 2317 2565 N;
2333 2537 2460 2558 movea—

1467 2574 1518 2598 tur
1546 2575 1652 2598 autem
1682 2568 1821 2599 velocius
1844 2569 1876 2598 in
1900 2569 1970 2608 ipso
1995 2579 2050 2609 per
2072 2570 2136 2600 AB.
2166 2570 2250 2610 Ergo
2281 2571 2398 2601 tardius
2426 2571 2460 2601 in

1467 2611 1537 2651 ipso
1561 2622 1616 2652 per
1631 2612 1787 2642 minorem
1804 2623 1901 2653 quam
1917 2613 1956 2643 sit
1970 2614 2025 2643 AB
2049 2614 2242 2652 movebitur,
2267 2621 2302 2644 ut
2317 2625 2373 2654 per
2388 2615 2457 2645 AG.

1468 2655 1631 2693 Quoniam
1654 2663 1760 2686 autem
1783 2657 1899 2687 tardius
1923 2657 1955 2686 in
1978 2663 2046 2687 toto
2070 2657 2139 2696 ipso
2168 2667 2252 2688 nunc
2275 2659 2460 2689 movebatur

1467 2709 1523 2739 per
1538 2700 1607 2738 AG,
1620 2700 1759 2730 velocius
1775 2700 1807 2730 in
1822 2700 1937 2730 minori
1957 2711 2053 2741 quam
2069 2701 2130 2731 hoc
2144 2702 2330 2732 movebitur.
2354 2703 2458 2740 Quare

1468 2743 1623 2774 dividetur
1645 2744 1752 2784 ipsum
1775 2755 1868 2775 nunc.
1893 2745 1954 2775 Sed
1978 2751 2042 2775 erat
2064 2745 2259 2776 indivisibile.
2287 2747 2360 2776 Non
2384 2756 2458 2786 ergo

1467 2794 1513 2818 est
1536 2788 1656 2819 moveri
1678 2788 1712 2818 in
1734 2789 1804 2828 ipso
1828 2799 1922 2819 nunc.

1399 2831 1417 2849 '¹‘
1432 2833 1474 2862 At
1496 2841 1571 2861 vero
1595 2842 1697 2873 neque
1721 2832 1888 2873 quiescere.
1914 2832 2080 2869 Quiescere
2096 2832 2180 2862 enim
2197 2833 2330 2870 diximus
2349 2841 2460 2875 aptum

1467 2881 1578 2906 natum
1594 2876 1725 2914 moveri,
1741 2877 1828 2917 quod
1844 2886 1910 2906 non
1925 2884 2071 2907 movetur
2085 2877 2213 2917 quando
2227 2884 2337 2918 aptum
2349 2885 2459 2908 natum

1468 2926 1524 2958 est,
1549 2926 1579 2950 et
1602 2930 1679 2960 quo,
1705 2926 1735 2950 et
1758 2920 1810 2951 sic.
1828 2921 1945 2959 Quare,
1962 2921 2115 2961 quoniam
2138 2921 2169 2950 in
2188 2921 2258 2961 ipso
2278 2932 2362 2952 nunc
2381 2922 2459 2952 nibil

1467 2970 1578 3003 aptum
1601 2970 1712 2994 natum
1728 2970 1774 2994 est
1797 2964 1927 3003 moveri,
1943 2965 2146 2995 manifestum
2162 2965 2237 3005 quia
2252 2975 2354 3006 neque
2371 2966 2458 3007 quie-

1467 3017 1560 3038 scere.

1399 3051 1416 3070 *
1431 3051 1590 3091 Amplius,
1607 3051 1631 3081 si
1645 3051 1731 3081 idem
1746 3052 1876 3092 quidem
1890 3062 1974 3083 nunc
1988 3052 2021 3082 in
2036 3052 2176 3093 utrisque
2192 3053 2386 3092 temporibus
2403 3060 2458 3092 est,

1467 3094 1619 3135 contingit
1642 3102 1749 3125 autem
1771 3096 1832 3126 hoc
1855 3096 1986 3136 quidem
2000 3096 2130 3135 moveri,
2154 3097 2233 3126 illud
2251 3103 2356 3127 autem
2372 3097 2459 3137 quie-

1467 3149 1551 3169 scere
1566 3149 1621 3179 per
1636 3145 1756 3177 totum;
1778 3140 1866 3181 quod
1888 3147 1995 3170 autem
2010 3147 2155 3170 movetur
2172 3140 2205 3170 in
2221 3147 2362 3180 ternpore
2377 3147 2457 3178 toto,

1466 3182 1499 3213 in
1522 3183 1665 3223 quolibet
1687 3183 1865 3214 movebitur
1889 3183 1998 3222 huius,
2027 3184 2201 3214 secundum
2232 3184 2320 3223 quod
2347 3190 2457 3222 aptum

1466 3233 1577 3257 natum
1589 3233 1635 3257 est
1644 3227 1775 3264 moveri,
1792 3233 1822 3257 et
1832 3227 1993 3267 quiescens
2010 3227 2150 3257 similiter
2166 3227 2317 3266 quiescet:
2335 3227 2456 3256 contin-

1466 3270 1511 3310 git
1525 3270 1610 3300 idem
1626 3270 1722 3300 simul
1737 3270 1894 3310 quiescere
1911 3277 1941 3300 et
1955 3270 2086 3300 moveri.
2104 3271 2190 3300 Idem
2207 3269 2292 3299 enim
2309 3270 2457 3300 ultimum

1467 3320 1650 3354 temporum
1673 3321 1880 3354 utrorumque
1903 3314 2009 3352 ipsum
2032 3323 2116 3343 nunc
2140 3320 2194 3343 est.

1400 3357 1547 3397 Amplius
1567 3365 1683 3396 autem,
1695 3357 1853 3397 quiescere
1868 3357 1997 3397 quidem
2016 3357 2148 3387 dicimus
2164 3356 2196 3386 id
2212 3356 2300 3396 quod
2317 3356 2457 3387 similiter

1467 3411 1499 3431 se
1522 3401 1615 3431 habet
1637 3408 1667 3431 et
1685 3401 1792 3441 ipsum
1815 3407 1844 3430 et
1863 3406 1979 3439 partes,
1998 3407 2027 3430 et
2049 3410 2133 3430 nunc
2162 3406 2191 3430 et
2206 3400 2310 3439 prius:
2334 3400 2367 3430 in
2385 3400 2455 3440 ipso

1467 3455 1551 3475 nunc
1567 3451 1674 3475 autem
1690 3454 1754 3474 non
1771 3451 1816 3473 est
1831 3443 1932 3483 prius:
1958 3454 2053 3483 quare
2076 3454 2178 3483 neque
2202 3443 2369 3484 quiescere.
2393 3445 2456 3474 Ne-

1468 3498 1550 3518 cesse
1575 3495 1620 3518 est
1643 3498 1715 3527 ergo
1737 3494 1766 3517 et
1788 3487 1908 3516 moveri
1932 3487 2019 3527 quod
2038 3494 2183 3518 movetur
2205 3487 2238 3517 in
2257 3494 2409 3527 ternpore,
2427 3495 2457 3518 et

1466 3532 1624 3571 quiescere
1647 3531 1818 3571 quiescens.

1400 3575 1417 3594 *
1433 3575 1531 3612 Quod
1551 3581 1691 3605 mutatur
1716 3580 1821 3604 autem
1847 3583 1957 3612 omne,
1985 3584 2109 3605 necesse
2132 3581 2178 3605 est
2203 3574 2355 3606 divisibile
2379 3585 2454 3606 esse.

1469 3619 1631 3655 Quoniam
1655 3618 1739 3648 enim
1755 3627 1791 3647 ex
1814 3617 1955 3658 quodam
1970 3618 2003 3648 in
2027 3618 2178 3659 quiddam
2201 3619 2304 3649 omnis
2321 3619 2454 3650 mutatio

2248 3679 2279 3704 36

2490 909 2573 962 {4Cap.
2584 915 2619 931 111.
2634 909 2702 932 Text.

2491 1213 2500 1222 ²
2514 1212 2581 1234 Text.
2597 1218 2630 1240 ²5-

2490 1305 2498 1313 ·
2513 1304 2580 1325 Text.
2595 1303 2632 1325 26.

2514 1878 2581 1900 Text.
2597 1884 2632 1906 27.

2490 2096 2498 2104 '¹
2513 2094 2580 2116 Text.
2595 2094 2630 2116 28.

2490 2315 2497 2324 ¹
2512 2314 2578 2336 Text.
2593 2320 2629 2342 29.

2488 2842 2496 2850 ’
2511 2840 2580 2862 Text.
2594 2846 2631 2868 30.

2487 3060 2496 3068 ⁶
2510 3059 2578 3080 Text.
2591 3064 2621 3085 3¹·

2484 3583 2492 3591 ·
2501 3581 2692 3609 Cap.1v.Text.32.
