2898 3996
198 374 209 384 '⁸
223 373 294 395 Num.
305 378 326 394 2.

198 898 409 925 *Lect.xv1u,n,7.

192 1372 203 1382 ⁸
218 1371 288 1393 Num.
302 1377 327 1392 2.

193 1534 272 1555 *Lect⁸
280 1539 344 1560 xvm,
354 1539 375 1554 n.
385 1533 406 1554 8.

442 286 516 321 218

441 375 558 412 quam
587 362 747 400 deficiet.
779 364 887 399 Patet
916 362 1018 399 enim
1039 374 1083 398 ex
1111 361 1329 411 praemissis
1350 363 1382 409 *ζ
1402 363 1508 410 quod

441 429 542 453 nunc
570 423 626 452 est
652 416 881 464 principium
916 422 951 451 et
978 414 1086 462 finis,
1120 415 1188 451 sed
1221 427 1300 451 non
1332 422 1507 463 respectu

441 468 632 514 eiusdem3
663 468 731 504 sed
759 468 845 505 finis
873 474 1046 516 respectu
1073 467 1282 516 praeteriti,
1309 474 1345 504 et
1370 467 1506 516 princi-

440 521 547 570 pium
568 528 740 569 respectu
769 520 892 557 futuri.
922 520 1033 557 Unde
1053 519 1106 556 sic
1126 531 1166 556 se
1185 519 1301 557 habet
1325 520 1372 557 de
1392 532 1504 567 nunc,

441 574 536 610 sicut
563 586 603 610 se
631 574 746 610 habet
775 573 822 610 de
852 573 1013 618 circulo,
1047 572 1086 609 in
1115 584 1192 620 quo
1227 584 1440 609 concavum
1470 580 1507 609 et

441 638 658 663 convexum
689 633 775 662 sunt
802 625 905 662 idem
935 625 1117 672 subiecto,
1146 625 1214 662 sed
1243 625 1420 662 differunt
1449 637 1505 662 ra—

439 678 540 715 tione
568 691 638 727 per
656 686 870 727 respectum
899 677 948 715 ad
977 677 1137 714 diversa.
1159 678 1262 714 Nam
1288 690 1504 715 convexum

441 731 565 768 circuli
602 731 805 768 attenditur
845 731 1057 768 secundum
1093 730 1418 779 comparationem
1456 730 1505 767 ad

441 784 635 830 exteriora,
658 795 873 821 concavum
902 791 1030 820 autem
1057 795 1126 832 per
1145 790 1360 832 respectum
1380 782 1428 820 ad
1449 783 1504 820 in-

439 837 586 874 teriora.
626 837 676 874 Et
702 836 792 885 quia
819 835 910 873 nihil
949 843 1004 872 est
1037 835 1207 884 accipere
1246 835 1292 872 de
1330 843 1504 884 tempore

438 890 509 926 nisi
537 902 649 936 nunc,
679 897 720 926 ut
747 902 862 938 supra
891 890 910 910 ²³
940 888 1083 926 dictum
1118 895 1183 934 est,
1203 887 1372 937 sequitur
1399 888 1504 937 quod

438 950 590 991 tempus
609 955 763 990 semper
782 942 827 978 sit
854 942 893 978 in
911 941 1097 990 principio
1118 948 1154 977 et
1173 940 1210 977 in
1230 941 1320 978 fine.
1350 941 1398 977 Et
1416 953 1503 990 pro-

436 1003 521 1044 pter
540 995 614 1031 hoc
633 1002 784 1044 tempus
812 994 963 1031 videtur
983 1006 1065 1030 esse
1085 994 1245 1030 alterurn
1266 1001 1302 1030 et
1321 994 1501 1030 alterum:

438 1048 527 1096 quia
555 1060 656 1084 nunc
685 1060 763 1084 non
797 1055 853 1083 est
885 1046 1114 1096 principium
1149 1053 1185 1082 et
1211 1046 1298 1083 finis
1330 1046 1502 1084 eiusdem

437 1100 639 1148 temporis,
678 1100 747 1137 sed
784 1100 1023 1137 diversorum
1054 1107 1296 1147 temporum;
1334 1099 1502 1147 alioquin

437 1153 613 1202 opposita
641 1152 805 1190 inessent
839 1153 964 1190 eidem
1002 1152 1213 1189 seeundum
1241 1151 1355 1189 idem.
1395 1152 1503 1189 Prin-

438 1206 579 1255 cipium
601 1205 702 1242 enim
723 1213 759 1242 et
776 1205 863 1243 finis
886 1205 1028 1242 habent
1051 1205 1246 1254 oppositas
1265 1204 1450 1242 rationes:
1471 1205 1501 1242 si

438 1271 525 1306 ergo
545 1258 649 1296 idem
670 1265 767 1295 esset
789 1258 1016 1307 principium
1046 1265 1083 1294 et
1100 1257 1186 1294 finis
1210 1264 1384 1305 respectu
1404 1257 1500 1294 eius-

437 1312 539 1357 dem,
561 1310 736 1360 opposita
763 1311 930 1348 inessent
950 1311 1075 1348 eidem
1099 1310 1310 1347 secundum
1339 1309 1455 1347 idem.
1477 1331 1501 1338 -

436 1364 599 1401 Ulterius
616 1364 806 1400 concludit
825 1375 870 1400 ex
890 1363 1108 1412 praemissis
1125 1364 1156 1409 ³²²,
1174 1362 1278 1411 quod
1297 1362 1386 1411 quia
1399 1375 1501 1399 nunc

437 1425 492 1454 est
510 1416 738 1476 principium
759 1424 795 1453 et
809 1416 895 1453 finis
916 1415 1110 1464 temporiS,
1126 1422 1277 1473 tempus
1301 1426 1500 1473 nunquam

436 1470 602 1507 deficiet.
627 1469 716 1517 quia
734 1477 886 1518 tempus
905 1481 984 1505 non
1002 1475 1128 1516 potest
1147 1467 1265 1516 accipi
1285 1467 1364 1503 sine
1385 1479 1499 1514 nunc,

435 1530 477 1559 ut
496 1535 610 1571 supra
626 1523 646 1543 '⁵
662 1522 804 1559 dictum
825 1529 891 1568 est
908 1529 944 1558 et
963 1533 1064 1558 nunc
1086 1527 1141 1557 est
1158 1519 1386 1568 principium
1405 1526 1500 1557 tem-

434 1575 558 1624 poris:
587 1575 690 1611 unde
719 1583 870 1622 tempus
895 1586 1052 1632 semper
1081 1580 1136 1610 est
1159 1573 1197 1609 in
1223 1572 1280 1609 sui
1298 1572 1498 1621 principio.

436 1627 553 1675 Quod
573 1635 700 1664 autem
722 1635 776 1664 est
794 1626 832 1663 in
848 1626 904 1663 sui
924 1625 1108 1675 principio
1134 1637 1224 1662 non
1232 1625 1376 1662 deficit:
1396 1625 1499 1662 unde

435 1689 587 1729 tempus
607 1692 685 1717 non
705 1679 864 1716 deficiet.
887 1680 935 1716 Et
953 1681 1087 1717 eadem
1107 1678 1252 1715 ratione
1271 1686 1396 1727 potest
1414 1691 1501 1727 pro-

436 1733 516 1770 bari
545 1732 650 1781 quod
679 1740 829 1781 tempus
863 1744 942 1769 non
975 1731 1116 1780 incepit
1149 1731 1363 1778 ,secundum
1397 1731 1499 1780 quod

436 1799 537 1823 nunc
566 1793 621 1822 est
648 1785 734 1822 finis
762 1785 955 1834 temporis.

490 1838 567 1875 Sed
595 1839 690 1876 haec
715 1838 808 1875 ratio
827 1837 1000 1886 procedit
1018 1836 1214 1885 supposito
1239 1836 1344 1884 quod
1373 1843 1500 1872 motus

436 1904 588 1940 semper
625 1891 685 1938 sit,
715 1899 757 1928 ut
788 1891 868 1939 ipse
901 1889 999 1927 dicit.
1031 1890 1117 1926 Hoc
1155 1889 1256 1925 enim
1290 1888 1498 1937 supposito,

436 1957 592 1982 necesse
612 1951 668 1981 est
687 1944 811 1980 dicere
835 1943 941 1992 quod
965 1942 1161 1990 quodlibet
1189 1954 1290 1978 nunc
1317 1941 1500 1990 temporis

436 1999 482 2035 sit
517 1997 746 2046 principium
780 2004 816 2033 et
851 1995 949 2033 finis.
982 1995 1021 2032 Si
1049 2002 1177 2032 autem
1215 1994 1360 2031 dicatur
1396 1995 1500 2042 quod

489 2163 514 2196 ζ)
534 2163 632 2195 incepit
650 2166 698 2188 aut
709 2162 863 2196 finieram-a
877 2161 969 2193 incipit
987 2165 1035 2186 aut
1054 2161 1212 2186 terminetur
1224 2161 1288 2193 EpG
1303 2166 1328 2186 et
1342 2161 1389 2191 ab,
1404 2161 1500 2192 incepit

1065 283 1410 321 PHYSICORUM
1437 284 1785 321 ARISTOTELIS
1815 285 1909 323 LlB.
1940 285 1991 322 IV

1563 370 1689 400 motus
1725 362 1864 412 incepit
1892 370 1956 399 aut
1991 362 2142 399 finietur
2169 362 2193 410 ζ,
2223 371 2402 412 sequetur
2427 364 2534 414 quod
2561 364 2626 402 ali-

1562 415 1667 464 quod
1695 427 1796 452 nunc
1825 415 1892 452 erit
1918 414 2147 464 principium
2166 416 2349 464 temporis
2370 425 2405 456 et
2423 428 2502 454 non
2524 417 2623 465 finis,

1562 475 1598 504 et
1629 467 1785 517 aliquod
1813 467 1882 504 erit
1908 467 1995 504 finis
2025 475 2060 504 et
2088 479 2166 504 non
2193 468 2436 517 principium,
2466 469 2561 514 sieut
2589 478 2625 507 et

1560 519 1599 557 in
1623 520 1722 557 linea
1740 519 1885 558 accidit.
1908 520 1947 557 Si
1967 519 2070 557 enim
2091 527 2188 557 esset
2206 520 2306 558 linea
2324 521 2481 569 infinita,
2501 523 2623 571 quod-

1559 572 1649 609 libet
1675 581 1859 622 punctum
1889 573 2075 621 signatum
2104 572 2143 610 in
2177 585 2238 620 ea,
2269 581 2367 611 esset
2396 574 2623 623 principium

1561 632 1597 661 et
1624 625 1722 663 finis.
1762 627 1804 662 In
1836 625 1934 663 linea
1963 633 2091 663 autern
2120 625 2225 662 finita
2260 634 2316 663 est
2352 626 2524 675 accipere
2560 627 2624 664 ali·

1559 678 1664 726 quod
1700 685 1906 727 punctum,
1928 678 2033 727 quod
2067 686 2122 715 est
2139 678 2366 728 principium
2387 686 2533 716 tantum
2560 680 2623 716 vel

1558 730 1645 767 finis
1673 738 1832 767 tantum.
1863 731 1941 768 Sed
1978 731 2026 768 de
2053 732 2127 768 hoc
2155 732 2275 779 magis
2303 731 2512 780 inquiretur
2537 733 2558 753 ²*
2583 726 2624 769 iri

1559 789 1696 819 octavo
1725 783 1757 819 ¹¹⁵.

1613 847 1648 883 7.
1678 835 1827 872 Deinde
1857 847 1944 872 cum
1974 835 2081 873 dicit:
2115 837 2245 884 Ipsum
2273 842 2398 873 autem
2427 837 2503 874 iam
2537 844 2621 884 etc„

1559 887 1723 925 ostendit
1755 887 1848 936 quid
1884 887 2068 936 significet
2103 885 2178 925 hoc
2206 889 2311 938 quod
2340 889 2425 926 dico
2458 891 2559 933 iam‚·
2587 896 2623 927 et

1557 941 1672 977 habet
1704 940 1867 978 eandem
1886 940 2198 989 significationem
2224 954 2340 990 quam
2361 942 2476 979 habet
2502 954 2620 989 nunc,

1558 993 1727 1030 secundo
1755 993 1874 1030 modo
1894 1001 2105 1042 acceptum.
2126 994 2222 1031 Illud
2242 995 2344 1031 enim
2364 994 2497 1032 dicitur
2508 995 2619 1048 iam,

1557 1046 1663 1105 quod
1692 1053 1747 1083 est
1763 1045 2024 1105 propinquum
2051 1046 2241 1095 praesenti
2259 1046 2473 1084 indivisibili
2501 1059 2618 1094 nunc,

1557 1098 1637 1135 sive
1657 1099 1703 1136 sit
1719 1111 1807 1147 pars
1835 1098 1959 1157 futuri,
1980 1099 2060 1136 sive
2089 1098 2136 1135 sit
2156 1100 2176 1120 *
2194 1111 2282 1148 pars
2305 1099 2506 1147 praeteriti.
2526 1100 2620 1137 Pars

1557 1151 1711 1200 quidem
1732 1151 1860 1196 futuri,
1883 1151 1977 1188 sicut
1996 1163 2085 1188 cum
2105 1151 2202 1198 dico,
2224 1151 2374 1199 quando
2399 1151 2494 1189 ibit?
2520 1152 2621 1198 iam,·

1556 1204 1645 1252 quia
1673 1203 1812 1240 scilicet
1841 1204 1860 1225 *
1888 1210 2039 1251 tempus
2076 1203 2114 1240 in
2147 1215 2224 1252 quo
2253 1211 2309 1240 est
2335 1204 2410 1241 hoc
2436 1204 2618 1252 futurum,

1555 1256 1814 1304 propinquum
1840 1263 1905 1292 est.
1927 1256 2020 1292 Pars
2038 1263 2167 1292 autem
2186 1255 2386 1304 praeteriti,
2408 1256 2503 1294 sicut
2531 1269 2619 1295 eum

1556 1308 1762 1367 quaeritur3
1784 1308 1933 1356 quando
1951 1307 2089 1345 vadis?
2117 1309 2166 1345 Et
2183 1308 2434 1357 respondetur
2458 1309 2534 1347 iam
2555 1309 2617 1347 ivi.

1557 1361 1634 1398 Sed
1662 1361 1710 1398 de
1738 1360 1782 1397 iis
1815 1372 1913 1408 quae
1942 1368 2030 1398 sunt
2056 1362 2201 1409 procul,
2231 1373 2310 1398 non
2339 1361 2500 1399 dicimus
2528 1360 2620 1407 iam,-

1556 1413 1651 1450 sicut
1673 1425 1751 1450 non
1777 1412 1936 1450 dicimus
1956 1414 2060 1462 quod
2089 1413 2206 1451 Troia
2234 1414 2310 1451 iam
2339 1414 2385 1451 sit
2413 1414 2617 1463 destructa,
2658 1430 2661 1434 ¹

1556 1466 1645 1515 quia
1671 1466 1747 1502 hoc
1770 1473 1827 1503 est
1844 1466 2008 1503 multum
2027 1474 2220 1504 remotum
2239 1479 2262 1503 a
2287 1467 2476 1515 praesenti
2503 1479 2626 1505 nunc..

1610 1520 1645 1556 8.
1675 1519 1824 1556 Deinde
1845 1528 1933 1555 curn
1954 1518 2061 1556 dicit:
2090 1520 2220 1567 Ipsum
2244 1525 2368 1557 autem
2393 1520 2505 1557 modo
2525 1531 2630 1568 prom

1549 1584 1600 1620 pe
1628 1579 1697 1608 etc.
1711 1600 1720 1618 ,
1751 1572 1905 1620 exponit
1933 1571 2123 1620 quaedam
2151 1572 2223 1610 alia
2250 1572 2299 1609 ad
2326 1580 2479 1621 tempus
2506 1572 2618 1622 perti-

1555 1625 1692 1662 nentia.
1718 1625 1767 1661 Et
1786 1624 1874 1661 dicit
1893 1624 1999 1673 quod
2016 1625 2092 1662 hoc
2110 1626 2215 1674 quod
2242 1625 2327 1663 dico
2355 1625 2479 1672 modo,
2508 1625 2618 1674 signi-

1554 1678 1644 1714 ficat
1662 1677 1767 1726 quod
1785 1676 2031 1726 praeteritum
2059 1684 2115 1715 est
2141 1677 2400 1727 propinquum
2425 1678 2615 1727 praesenti

1554 1743 1666 1767 nunc:
1687 1730 1783 1766 sieut
1801 1729 1831 1766 si
1851 1737 2063 1778 quaeratur,
2093 1731 2242 1779 quando
2260 1731 2363 1768 venit
2386 1731 2469 1768 talis
2486 1731 2532 1768 ¹¹?
2558 1743 2617 1769 re-

1554 1782 1763 1832 spondetur
1781 1783 1904 1828 modo,
1934 1783 1964 1819 si
1983 1790 2135 1832 tempus
2158 1783 2403 1831 praeteritum
2423 1783 2468 1821 sit
2491 1783 2618 1833 proxi-

1554 1848 1662 1872 mum
1690 1834 1879 1884 praesenti
1907 1847 2020 1872 nunc.
2042 1836 2119 1873 Sed
2147 1836 2235 1873 olim
2264 1836 2437 1884 dicimus,
2462 1837 2617 1886 quando

1555 1896 1611 1925 est
1629 1896 1820 1925 remotum
1846 1901 1868 1925 a
1887 1887 2075 1937 praesenti
2103 1900 2206 1925 nunc
2233 1889 2271 1926 in
2299 1889 2513 1938 praeterito.
2542 1890 2617 1927 Re-

1549 1947 1662 1990 pente
1689 1948 1817 1978 autem
1846 1941 1988 1990 aliquid
2006 1941 2088 1978 fieri
2109 1941 2254 1989 dicitur,
2284 1943 2437 1990 quando
2465 1949 2617 1991 tempus

1555 1995 1593 2031 in
1613 2006 1688 2042 quo
1708 1994 1766 2041 fit,
1798 2001 1853 2031 est
1870 1993 2086 2031 insensibile
2105 2002 2260 2043 propter
2280 1993 2517 2043 parvitatem.

1606 2161 1633 2192 η)
1653 2160 1759 2192 quando
1778 2160 1850 2185 venit
1867 2160 1988 2190 1α1ὶ59-
2007 2161 2048 2185 Sic
2067 2160 2154 2193 legunt
2172 2161 2273 2185 codices
2294 2165 2400 2193 excepto
2418 2161 2455 2191 E.
2475 2161 2616 2190 concordes

435 2202 484 2223 aut
502 2199 659 2224 terminetur
678 2199 736 2222 Ρ.-
717 2198 862 2230 -Pergunt
879 2197 1048 2221 PEGHMab:
1066 2197 1185 2229 sequitur
1208 2196 1279 2229 quod
1303 2196 1412 2228 aliquod
1431 2203 1500 2221 nunc
1554 2203 1612 2220 cum
1627 2200 1695 2220 textu
1714 2195 1875 2225 Aristotelis;
1890 2196 1968 2221 Pinna
1985 2203 2048 2220 vero
2061 2203 2120 2220 cum
2133 2195 2220 2220 codice
2238 2195 2260 2220 E
2275 2200 2300 2220 et
2314 2196 2468 2221 editionibus
2485 2196 2525 2222 ab
2538 2195 2617 2222 habet

435 2234 562 2266 temporis
580 2238 619 2259 est
632 2233 796 2266 principium
811 2235 836 2258 et
851 2240 901 2257 non
914 2232 990 2265 finis,
1010 2234 1036 2256 et
1054 2231 1163 2264 aliquod
1176 2235 1216 2256 est
1226 2231 1292 2265 finis
1305 2234 1331 2256 et
1345 2238 1396 2256 non
1416 2236 1464 2255 etc.

1553 2231 1661 2263 quando
1667 2231 1774 2263 sactum
1793 2233 1833 2255 est
1850 2214 1922 2255 hoc?

2649 736 2662 748 ⁶
2676 736 2820 765 disquiremr
2831 744 2863 762 ιε

2651 768 2729 791 (παρη
2742 766 2766 785 et
2779 769 2803 786 a.
2864 770 2872 790 ⁸.

2650 792 2662 804 ⁴
2674 792 2740 815 Lect.
2754 799 2782 816 ιι.
2821 821 2826 826 ,
2862 804 2866 823 J

2646 1161 2705 1183 ‘tle
2717 1166 2765 1183 om.
2780 1167 2808 1189 κ,

2643 1192 2706 1215 pare
2734 1193 2783 1210 om.
2813 1189 2870 1215 θοὴ

2647 1219 2698 1235 exc.
2711 1219 2766 1236 ιοι.

2645 1265 2762 1288 'sctum
2779 1271 2828 1289 on.
2841 1259 2868 1289 ι’

2645 1297 2693 1319 up:
2706 1295 2728 1314 et
2741 1297 2766 1314 a.
