2950 4004
63 2019 76 2031 ⁸
89 2018 152 2040 Lect.
164 2024 189 2040 x.

68 2173 76 2181 ·
92 2170 161 2193 Num.
176 2177 197 2198 7.

66 2434 76 2443 '¹
90 2433 154 2456 Lect.
167 2439 194 2455 11.

70 3216 79 3226 '¹
94 3216 142 3238 dici
153 3223 190 3238 sc.

71 3374 80 3383 ·
91 3374 151 3401 pom·
163 3380 199 3396 zo.

1146 271 1256 308 CAP.
1286 270 1355 317 IV,
1385 271 1535 307 LECT.
1564 271 1632 307 VII

368 351 388 388 ἦ
414 352 455 383 τὸ
483 351 609 395 ἄρτιον.
629 350 730 381 Ὥστε
759 348 894 385 ἀτόπως
922 347 959 380 ἂν
988 348 1230 390 ἀποφαίνοιντο
1257 344 1356 378 οἱλέ-

367 407 483 441 γοντες
510 393 630 435 οὕτως,
656 393 766 436 ὥσπερ
784 395 813 424 οἱ
830 391 1044 437 Πυθαγόρειοί
1070 402 1180 432 φασιν·
1204 389 1275 433 ἅμα
1292 389 1356 434 γάρ

367 437 483 470 οὐσίαν
509 439 642 470 ποιοῦσι
665 438 705 470 τό
725 437 859 479 ἄπειρον
876 439 934 468 καὶ
950 436 1146 480 μερίζουσιν.
1169 432 1259 464 Ἀλλ’
1279 435 1355 469 ἴσως

368 482 457 519 αὕτη
483 482 542 527 μέν
568 484 640 514 ἐστι
664 479 811 513 καθόλου
837 482 857 517 ’ἡ
883 480 1022 524 ζήτησις
1048 479 1190 521 μᾶλλον,
1217 478 1244 508 εὶ
1270 472 1358 508 ἑνδέ-

367 538 470 571 χεται
501 527 542 558 τὸ
569 527 703 570 ἄπειρον
733 526 791 555 καὶ
824 526 856 557 ἐν
886 528 957 561 τοῖς
989 521 1238 566 μαθηματικοῖς
1271 518 1378 551 εἶναι.

365 573 426 603 καὶ
450 569 483 602 ἐν
509 575 578 607 τοῖς
604 573 736 607 νοητοῖς
760 570 818 599 καὶ
837 563 940 611 μηδὲν
958 566 1071 610 ’έχουσι
1091 563 1244 610 μέγεθος·
1263 565 1357 607 ἡμεῖς

368 609 398 645 δ’
427 613 674 667 ἐπισκοποῦμεν
711 615 783 644 πεὶ
816 612 881 644 τῶν
917 610 1085 646 αἰσθητῶν
1117 611 1173 640 καὶ
1207 611 1279 652 περὶ
1315 608 1357 639 ὠν

369 658 556 702 ποιούμεθα
581 670 644 694 την
670 655 825 701 μέθοδον,
849 654 897 698 ἄρ’
920 655 1009 686 ἔστιν
1036 651 1068 685 ἐν
1095 650 1224 693 αὐτοῖς,
1252 651 1272 688 ἦ
1300 650 1358 684 οὐκ.

370 703 442 736 ἔστι
466 703 562 746 σῶμα
589 701 723 744 ἄπειρον
749 701 821 742 περὶ
847 699 911 735 τήν
938 698 1089 738 αὔξησιν.

356 799 503 826 ΒΥΝοΡειε.
528 813 562 818 -
589 805 612 823 1.
637 797 846 832 Argumentum
875 799 902 821 et
929 791 1030 820 divisio
1053 797 1153 819 textus.
1175 806 1194 810 -
1216 797 1243 817 2.
1268 789 1358 824 Quin-

302 847 359 875 que
371 837 497 866 rationes
509 836 548 864 ad
561 835 772 864 ostendendum
794 834 874 870 quod
887 832 1031 860 infinitum
1052 831 1095 859 sit.
1110 831 1141 867 a)
1156 831 1198 857 Ex
1218 836 1358 873 tempore,

302 877 382 914 quod
402 875 559 904 secundum
581 882 767 902 communem
781 873 950 909 opinionem
971 871 1156 908 antiquorum
1166 878 1286 913 ’semper
1306 869 1360 913 fuit

302 922 330 944 et
349 923 462 951 semper
482 914 609 942 futurum
630 919 680 941 est.
702 929 721 933 -
745 913 770 940 3.
794 912 824 949 b)
846 913 887 940 Ex
912 910 1051 939 divisione
1077 909 1307 952 magnitudinum
1329 917 1358 952 in

301 950 453 982 infinitum.
476 970 494 975 -
514 963 542 988 4.
565 953 593 989 c)
621 953 664 980 Ex
691 951 878 988 perpetuitate
904 949 1096 987 generationis
1117 955 1145 976 et
1166 953 1358 991 corruptionis

301 994 460 1022 secundum
484 992 609 1029 plurium
630 991 808 1028 opinionem.
823 1007 842 1012 -
859 991 884 1018 5.
907 991 939 1027 d)
965 991 1007 1017 Ex
1027 987 1174 1032 apparenti
1194 993 1304 1015 ratione
1325 986 1360 1014 fi-

301 1033 362 1068 niti,
384 1033 419 1060 de
440 1032 520 1060 cuius
547 1031 658 1060 ratione
678 1031 789 1059 videtur
816 1039 878 1058 esse
900 1030 980 1066 quod
1000 1037 1113 1065 semper
1140 1027 1302 1055 includatur
1322 1027 1358 1054 ab

301 1072 397 1109 aliquo
419 1072 475 1100 alio
497 1071 527 1099 in
548 1070 701 1099 infinitum.
718 1087 736 1091 —
751 1071 778 1098 6.
793 1070 822 1107 e)
838 1071 880 1097 Ex
894 1067 1122 1106 apprehensione
1140 1066 1300 1110 intellectus
1315 1066 1359 1093 vel

301 1111 528 1148 imaginationis:
550 1110 619 1147 quia
633 1110 790 1138 intellectus
805 1118 918 1145 semper
931 1114 1026 1144 potest
1039 1116 1125 1143 super
1145 1105 1294 1150 quodlibet
1308 1105 1357 1132 da-

300 1157 363 1179 tum
386 1150 500 1179 finitum
521 1150 628 1186 aliquid
649 1150 763 1178 addere.
785 1149 992 1176 Existimabam
1018 1153 1114 1175 autem
1141 1151 1260 1189 antiqul·
1279 1145 1359 1181 quod

300 1199 346 1218 res
373 1190 580 1227 responderent
604 1188 826 1226 apprehensioni
853 1197 952 1216 sensus
976 1193 1004 1215 et
1030 1186 1204 1219 intellectus,
1233 1185 1359 1212 dicentes

302 1238 390 1258 omne
404 1230 484 1266 quod
504 1228 616 1256 videtur
637 1237 698 1256 esse
719 1237 827 1256 verum.
849 1229 886 1255 Et
906 1227 974 1264 quia
990 1225 1181 1262 imaginamur
1196 1231 1274 1252 extra
1294 1233 1357 1251 cae-

300 1269 362 1296 lum
376 1269 516 1305 quasdam
530 1268 724 1296 dimensiones
737 1267 767 1295 in
781 1266 934 1299 infinitum,
949 1266 1061 1294 videtur
1075 1273 1136 1293 esse
1157 1271 1235 1308 extra
1249 1263 1358 1307 caelum

301 1307 426 1345 spatium
439 1308 588 1345 quoddam
603 1307 755 1335 infinitum.
777 1306 876 1334 Posito
890 1311 987 1334 autem
1003 1304 1095 1341 spatio
1116 1303 1238 1338 infinito,
1254 1303 1359 1347 duplici

302 1349 337 1376 de
358 1356 444 1376 causa
471 1347 662 1375 necessarium
687 1346 799 1374 videtur
818 1354 927 1382 ponere
953 1344 1096 1372 infinitum
1118 1352 1222 1379 corpus
1243 1348 1271 1370 et
1295 1341 1358 1369 infi-

301 1387 377 1415 nitos
398 1387 533 1415 mundos.
549 1403 568 1408 -
583 1396 609 1423 7.
625 1387 732 1414 Textus
760 1385 925 1413 subdivisio.
948 1401 967 1405 —
988 1384 1016 1411 8.
1043 1383 1149 1411 Multae
1173 1379 1359 1427 difficultates

301 1426 375 1455 circa
400 1426 558 1461 infinitum,
580 1433 677 1457 utrum
703 1425 753 1460 sit,
775 1431 803 1452 et
830 1423 951 1461 qualiter
978 1423 1022 1450 sit.
1045 1439 1064 1444 -
1085 1432 1111 1458 9.
1134 1423 1231 1449 Prima
1258 1421 1359 1465 divlslp

301 1465 413 1500 infiniti,
433 1465 596 1494 communis
617 1464 752 1493 omnibus
779 1463 915 1500 privative
941 1462 1031 1490 dictis.
1053 1461 1214 1496 Infinitum,
1237 1470 1303 1489 curn
1325 1467 1360 1488 stt

300 1506 378 1534 idem
399 1514 433 1533 ac
454 1505 652 1539 intransibile,
673 1513 732 1532 uno
761 1504 851 1531 modo
874 1503 976 1530 dicitur
1003 1502 1084 1538 quod
1103 1510 1165 1528 non
1190 1507 1246 1545 est·
1259 1506 1359 1544 natum

299 1544 422 1579 transiri,
437 1544 509 1572 sicut
523 1543 661 1572 invisibile
676 1542 778 1570 dicitur
793 1543 872 1579 quod
888 1551 949 1570 non
963 1548 1005 1569 est
1019 1542 1054 1569 de
1075 1549 1177 1577 genere
1196 1539 1359 1584 Visibllium.

301 1584 367 1612 Alio
389 1584 478 1611 modo
501 1583 603 1611 dicitur
623 1582 766 1610 infinitum
782 1582 861 1618 quod
885 1581 1043 1609 secundum
1064 1589 1094 1607 se
1115 1586 1209 1615 potest
1229 1585 1359 1623 transtri,

302 1624 353 1652 sed
374 1623 434 1651 eius
453 1622 589 1650 transitus
610 1630 670 1650 non
690 1627 786 1657 potest
806 1620 903 1656 perfici
924 1629 942 1648 a
962 1619 1059 1654 nobis3
1081 1626 1130 1647 aut
1151 1619 1174 1646 si
1195 1625 1297 1662 pptest3
1315 1627 1360 1646 vix

300 1669 398 1690 tamen
419 1667 447 1689 et
467 1671 534 1689 cum
548 1659 723 1689 difficultate.
738 1660 837 1688 Tertio
852 1660 942 1688 modo
965 1658 1067 1686 dicitur
1086 1658 1202 1694 proprie
1217 1658 1360 1685 infinitum

302 1702 382 1739 quod
402 1707 444 1729 est
464 1695 565 1729 na'tum
585 1699 707 1735 transiri,
722 1700 773 1727 sed
793 1705 890 1728 tamen
911 1708 971 1726 non
992 1698 1077 1726 habet
1097 1697 1248 1725 transitum
1269 1706 1360 1733 usque

477 1791 667 1839 χ’,οεὶῖίε
695 1790 938 1839 opinionibus
967 1789 1209 1838 antiquorum
1236 1788 1282 1825 de
1307 1788 1359 1824 in-

457 1854 481 1890 '2
520 1844 550 1888 ἷξεν
565 1843 683 1892 finito,
703 1843 764 1880 hic
791 1843 919 1891 incipit
937 1842 1126 1891 inquirere
1144 1840 1356 1878 veritatem.

355 1905 362 1917 “
510 1898 614 1942 Et
643 1897 769 1946 primo
803 1895 930 1932 obiicit
962 1895 1010 1932 ad
1042 1901 1243 1943 utramque
1275 1907 1359 1942 par-

367 1963 395 1984 «ὲ
421 1937 546 1989 *siffis
565 1957 663 1996 tem3
693 1950 861 1985 secundo
891 1948 1013 1994 solvit,
1043 1947 1115 1983 ibi:
1150 1947 1259 1989 Quod
1281 1948 1358 1995 qui-

303 2004 386 2040 dem
415 2003 530 2052 igitur
550 2008 634 2039 actu
663 2002 831 2050 corpus*
859 2007 927 2037 etc.
959 2001 1068 2037 Circa
1086 2000 1254 2048 primum
1284 2001 1360 2037 duo

303 2055 406 2092 facit:
434 2055 558 2104 primo
578 2054 685 2103 ponit
704 2053 867 2090 rationes
887 2054 936 2090 ad
956 2053 1235 2090 ostendendum
1255 2054 1360 2102 quod

303 2108 493 2145 infinitum
514 2107 574 2152 sit3
595 2107 762 2143 secundo
784 2106 832 2143 ad
852 2105 1130 2142 ostendendum
1159 2107 1264 2155 quod
1283 2119 1360 2144 non

276 2187 279 2190 -
304 2161 360 2208 sit,
389 2160 458 2196 ibi:
486 2160 617 2196 Habet
641 2164 765 2195 autem
793 2158 1057 2195 dubitationem
1083 2159 1102 2179 Ἐ
1132 2166 1200 2196 etc.

360 2224 394 2250 2.
426 2212 534 2248 Circa
552 2211 720 2260 primurn
737 2211 846 2260 ponit
865 2210 1030 2259 quinque
1055 2210 1229 2248 rationes.
1258 2212 1360 2258 Qua-

305 2277 390 2303 rum
409 2263 532 2314 prima
552 2263 711 2300 sumitur
735 2275 780 2300 ex
803 2270 991 2311 tempore,
1016 2263 1121 2312 quod
1150 2264 1360 2301 secundum

305 2329 552 2354 communem
569 2316 789 2365 opinionem
809 2316 1049 2364 antiquorum
1066 2316 1254 2353 infinitum
1270 2325 1359 2354 erat:

304 2370 406 2407 solus
427 2369 527 2406 enim
555 2370 661 2405 Plato
690 2364 884 2416 generavit
901 2375 1064 2416 tempuS,
1093 2376 1134 2405 ut
1161 2370 1199 2406 in
1225 2377 1360 2407 octavo

304 2422 415 2460 huius
431 2423 451 2444 ἐ·
471 2422 624 2459 dicetur.
653 2421 753 2458 Dicit
781 2433 869 2468 ergo
890 2420 1013 2469 primo
1036 2422 1140 2470 quod
1160 2422 1208 2459 ad
1238 2430 1361 2459 osten-

306 2475 475 2512 dendum
507 2474 697 2511 infinitum
735 2486 833 2521 esse,
870 2486 915 2510 ex
953 2473 1120 2523 quinque
1154 2475 1361 2512 rationibus

305 2527 423 2577 accipi
441 2534 581 2576 potest:
604 2534 640 2563 et
657 2526 781 2576 primo
811 2526 967 2575 quidem
989 2539 1032 2562 ex
1052 2534 1236 2575 tempore,
1258 2528 1362 2577 quod

306 2588 361 2618 est
378 2580 567 2618 infinitum
587 2580 798 2616 secundum
827 2579 908 2616 illos
928 2579 992 2627 qui
1012 2579 1186 2617 dicebant
1210 2587 1361 2629 tempus

305 2645 457 2682 semper
483 2632 596 2669 fuisse
625 2640 661 2668 et
688 2643 839 2680 semper
866 2631 1033 2669 futurum
1064 2645 1156 2670 esse.

361 2686 395 2721 3.
426 2684 602 2721 Secunda
629 2685 722 2721 ratio
743 2683 902 2721 sumitur
918 2684 975 2721 vex
1005 2685 1189 2722 divisione
1218 2685 1360 2733 magni-

305 2737 479 2773 tudinum
508 2736 546 2772 in
574 2736 772 2772 infinitum.
802 2736 952 2772 Infinito
982 2738 1084 2774 enim
1111 2738 1150 2774 in
1178 2739 1361 2786 magnitu-

307 2789 455 2826 dinibus
491 2795 646 2824 utuntur
682 2788 795 2824 etiam
833 2789 1087 2826 mathematici
1117 2790 1156 2826 in
1183 2791 1259 2827 suis
1297 2791 1361 2828 de-

307 2840 661 2878 monstrationibus:
691 2840 795 2889 quod
814 2852 891 2876 non
920 2848 1018 2877 esset
1041 2842 1070 2878 si
1089 2841 1277 2879 infinitum
1306 2850 1361 2879 to-

306 2893 426 2930 taliter
456 2893 646 2930 tolleretur
675 2905 696 2929 a
723 2893 854 2929 rebus:
893 2901 1042 2941 oportet
1075 2894 1183 2942 igitur
1218 2907 1361 2944 ponere

306 2946 506 2983 infinitum.

358 3010 395 3045 4.
426 2998 554 3035 Tertia
583 2997 675 3034 ratio
709 2996 868 3033 sumitur
896 3010 940 3034 ex
967 2999 1212 3047 perpetuitate
1250 3012 1361 3048 gene-

307 3050 459 3087 rationis
488 3058 524 3087 et
552 3049 816 3097 corruptionis,
846 3051 1055 3087 secundum
1089 3051 1252 3099 plurium
1281 3052 1361 3101 opi-

307 3103 474 3139 nionem.
514 3103 553 3139 Si
591 3102 693 3139 enirn
729 3102 889 3139 totaliter
925 3105 1114 3140 tolleretur
1150 3104 1359 3152 infinitum,

307 3167 385 3192 non
413 3163 541 3203 posset
573 3154 645 3191 dici
683 3155 785 3202 quod
819 3156 1009 3202 generatio
1039 3163 1074 3192 et
1103 3157 1290 3205 corruptio
1324 3157 1361 3194 in

306 3207 494 3244 infinitum
516 3208 709 3253 durarent3
738 3207 839 3244 unde
869 3216 1059 3256 oporteret
1078 3209 1201 3246 dicere
1218 3210 1237 3230 ’¹‘
1257 3210 1361 3258 quod

308 3259 536 3309 quandoque
564 3259 724 3296 totaliter
751 3261 940 3306 generatio
969 3269 1144 3308 cessaret,
1175 3263 1279 3309 quod
1308 3270 1362 3299 est

308 3319 436 3348 contra
464 3312 670 3348 multorum
705 3311 934 3360 opinionem.
966 3313 1126 3361 Oportet
1158 3313 1266 3361 igitur
1292 3326 1360 3363 po-

308 3377 399 3401 nere
419 3365 439 3386 *
467 3363 667 3400 infinitum.

365 3419 396 3453 5.
427 3417 570 3463 Quarta
598 3415 691 3453 ratio
729 3417 888 3453 sumitur
917 3428 960 3452 ex
989 3417 1181 3464 apparenti
1218 3418 1360 3454 ratione

305 3469 412 3506 finiti.
441 3469 599 3505 Videtur
627 3468 728 3505 enim
746 3469 914 3517 pluribus
943 3468 1047 3516 quod
1075 3469 1121 3506 de
1150 3468 1292 3506 ratione
1316 3471 1359 3507 fi-

307 3521 372 3558 niti
400 3522 456 3569 sit,
487 3521 590 3570 quod
618 3532 769 3569 semper
801 3521 1010 3559 includatur
1036 3521 1084 3557 ab
1114 3521 1239 3570 aliquo
1268 3522 1358 3559 alio:

307 3574 394 3623 quia
431 3574 606 3611 videmus
644 3573 746 3621 apud
773 3586 844 3611 nos
878 3585 991 3611 omne
1028 3572 1177 3610 finitum
1213 3574 1359 3612 extendi

448 3645 516 3677 Opp.
535 3645 566 3668 D.
581 3644 693 3668 TnonAE
712 3643 743 3667 T.
763 3644 791 3667 11.

2397 286 2462 310 121

1479 355 1515 378 ut
1530 358 1633 379 aerem
1649 355 1702 379 aut
1712 359 1777 388 par.
1788 349 1892 385 Quare
1908 350 2161 382 inconvenienter
2176 352 2285 392 utique
2302 354 2471 384 enunciant

1478 391 1563 422 idem
1595 393 1747 430 dicentes,
1781 393 1861 423 sicut
1891 394 2088 434 Pythagorici
2113 396 2234 426 dicunt:
2259 397 2353 426 simul
2385 397 2470 427 enim

1479 436 1684 466 substantiam
1700 437 1818 467 faciunt
1834 436 1991 468 infinitum
2009 445 2038 469 et
2052 439 2238 479 partiuntur.
2250 440 2268 459 *
2284 440 2345 471 Sed
2361 441 2470 471 fortas-

1479 479 1520 508 sis
1535 480 1611 509 haec
1628 480 1756 520 quidem
1776 487 1821 510 est
1844 481 2024 512 universalis
2042 483 2184 523 quaestio
2203 484 2322 524 magis,
2347 484 2371 514 si
2396 495 2468 514 con-

1479 522 1569 562 tingit
1592 523 1624 552 in
1648 524 1874 554 mathematicis
1898 525 2057 555 infinitum
2081 537 2157 564 esse,
2182 534 2211 557 et
2234 528 2265 557 in
2294 527 2468 568 intelligibi-

1479 566 1581 604 libus,
1616 574 1646 596 et
1679 567 1711 596 in
1742 568 1862 598 nullam
1894 569 2080 599 habentibus
2112 571 2371 610 magnitudinem.
2402 572 2469 602 Nos

1480 617 1586 640 autem
1609 610 1800 641 intendimus
1818 612 1855 642 de
1876 613 2083 651 sensibilibus,
2101 620 2130 644 et
2146 615 2183 644 de
2207 615 2321 655 quibus
2337 615 2469 646 facimus

1480 653 1652 691 scientiam,
1677 661 1784 684 utrum
1807 655 1838 685 in
1861 656 1936 696 ipsis
1961 663 2006 687 est
2029 665 2083 688 aut
2106 667 2170 687 non
2196 666 2240 689 est
2264 669 2378 699 corpus
2401 659 2468 689 infi-

1481 704 1583 727 nitum
1606 697 1638 727 in
1657 706 1872 738 augmentum.

1413 790 1451 817 ad
1472 790 1577 825 finem,
1606 790 1678 819 sicut
1699 791 1722 819 si
1743 799 1816 820 esset
1837 793 1932 829 aliqua
1953 794 2027 821 linea
2048 803 2108 821 non
2129 795 2237 822 habens
2265 795 2428 823 terminum.
2450 813 2470 817 —

1413 829 1478 857 Alia
1498 830 1599 858 divisio
1621 831 1737 866 propria
1757 831 1872 866 infiniti;
1895 841 1998 869 nempe
2020 833 2162 860 infinitum
2180 833 2282 861 dicitur
2300 841 2348 862 aut
2369 844 2469 863 secun-

1414 869 1483 896 dum
1511 869 1738 906 appositionem,
1761 871 1832 898 sicut
1860 871 1888 899 in
1916 873 2060 906 numeris,
2090 879 2138 900 aut
2163 875 2321 901 secundum
2355 874 2471 902 divisio-

1413 917 1489 943 nem,
1512 909 1583 937 sicut
1604 909 1634 936 in
1655 910 1907 946 magnitudinibus,
1927 918 1976 939 aut
1996 918 2119 948 utroque
2141 913 2239 947 modo,
2255 913 2327 940 sicut
2347 913 2376 940 in
2398 920 2469 941 tem-

1413 956 1493 983 pore.
1516 964 1535 969 -
1560 957 1602 976 10.
1624 949 1696 976 Tres
1717 949 1842 977 rationes
1862 951 1899 978 ad
1914 951 2121 978 excludendum
2143 951 2285 981 infinitum
2307 959 2470 988 separatum

1413 996 1431 1014 a
1451 987 1536 1015 rebus
1561 987 1741 1015 sensibilibus
1763 995 1790 1016 et
1810 998 1861 1024 per
1875 998 1904 1017 se
1919 990 2049 1018 existens.
2065 991 2097 1026 α)
2113 990 2257 1019 Infinitum
2279 1000 2329 1027 per
2350 1001 2379 1019 se
2403 993 2469 1019 sub-

1413 1025 1514 1054 sistens
1536 1034 1697 1063 separatum
1719 1037 1736 1055 a
1757 1028 1946 1064 sensibilibus,
1961 1035 2010 1057 aut
2031 1030 2116 1058 habet
2136 1030 2262 1066 aliquam
2283 1031 2470 1067 quantitatem

1414 1065 1580 1093 continuam
1602 1066 1646 1094 vel
1666 1067 1826 1102 discretam,
1848 1074 1897 1095 aut
1917 1077 1986 1096 non.
2009 1069 2038 1096 Si
2059 1079 2120 1097 non
2141 1071 2242 1105 habet,
2264 1070 2407 1098 infinitum
2429 1077 2471 1098 est

1413 1104 1592 1140 indivisibile,
1615 1112 1642 1133 et
1663 1106 1728 1134 ideo
1750 1115 1810 1134 non
1836 1107 1888 1134 erit
1901 1107 2044 1135 infinitum
2065 1109 2118 1136 nisi
2140 1109 2234 1145 primo
2249 1110 2338 1137 modo
2354 1111 2399 1145 (n.
2422 1111 2470 1145 9),

1414 1145 1450 1172 de
1471 1154 1529 1181 quo
1551 1145 1663 1172 infinito
1685 1155 1745 1173 non
1760 1152 1802 1173 est
1815 1155 1950 1182 praesens
1969 1148 2107 1183 quaestio.
2124 1149 2153 1176 Si
2174 1158 2242 1176 vero
2264 1149 2405 1176 infinitum
2427 1158 2470 1177 se-

1413 1190 1546 1220 paratum
1566 1194 1628 1212 non
1656 1190 1698 1212 est
1725 1185 1788 1212 sola
1815 1186 1987 1221 substantia,
2009 1188 2059 1214 sed
2086 1188 2171 1215 habet
2197 1188 2402 1224 quantitatem,
2425 1189 2471 1216 cui

1414 1223 1551 1260 competit
1572 1233 1634 1252 esse
1655 1224 1813 1259 infinitum,
1836 1231 1863 1252 et
1883 1225 1993 1253 ratione
2021 1226 2081 1254 eius
2109 1227 2245 1263 competit
2265 1228 2318 1263 ipsi
2339 1229 2470 1255 substan-

1413 1263 1478 1298 tiae,
1493 1272 1554 1291 non
1575 1262 1627 1291 erit
1641 1262 1794 1299 infinitum,
1809 1264 1981 1300 inquantum
1995 1265 2169 1300 huiusmodi,
2184 1267 2355 1303 principium
2370 1276 2471 1294 eorum

1415 1311 1488 1339 quae
1503 1309 1577 1338 sunt,
1594 1309 1694 1331 contra
1708 1312 1892 1331 communem
1909 1304 2094 1341 antiquorum
2109 1306 2286 1342 opinionem.
2298 1316 2319 1327 —⁴
2335 1316 2378 1333 11.
2395 1306 2424 1342 b)
2441 1306 2470 1333 Si

1415 1342 1583 1378 magnitudo
1605 1349 1633 1370 et
1646 1351 1784 1370 numerus
1798 1352 1858 1371 non
1879 1348 2000 1379 possunt
2014 1345 2147 1380 separari,
2163 1346 2253 1373 multo
2270 1345 2364 1373 minus
2378 1351 2472 1381 potest

1413 1381 1510 1418 passio
1526 1381 1732 1418 magnitudinis
1753 1389 1781 1410 et
1801 1383 1922 1418 numeri,
1937 1383 1954 1411 i.
1971 1393 1995 1411 e.
2018 1384 2170 1419 infinitum,
2189 1394 2240 1421 per
2260 1395 2290 1412 se
2311 1385 2437 1412 existere.
2453 1401 2472 1405 —

1419 1428 1461 1448 12.
1484 1421 1513 1456 c)
1536 1421 1565 1448 Si
1587 1421 1730 1449 infinitum
1752 1428 1817 1449 actu
1834 1429 1876 1450 est
1897 1429 1925 1450 et
1945 1429 1988 1450 est
2003 1424 2160 1452 substantia
2182 1425 2333 1461 quaedam,
2349 1431 2426 1458 tunc,
2449 1424 2472 1452 si

1415 1466 1457 1488 est
1474 1459 1621 1495 divisibile,
1644 1461 1728 1488 debet
1756 1461 1851 1489 omnis
1872 1471 1938 1498 pars
1966 1462 2026 1490 eius
2047 1472 2109 1491 esse
2130 1463 2248 1491 infinita.
2270 1465 2306 1491 Et
2327 1463 2394 1499 quia
2416 1464 2472 1491 hoc

1415 1509 1475 1527 non
1490 1506 1584 1536 potest
1598 1509 1668 1535 esse,
1683 1501 1768 1528 debet
1782 1501 1851 1536 poni
1866 1501 2045 1530 indivisibile.
2068 1503 2125 1530 Sed
2140 1510 2207 1531 tunc
2222 1513 2282 1531 non
2302 1509 2397 1539 potest
2411 1512 2472 1530 esse

1414 1539 1558 1566 infinitum
1582 1539 1612 1566 in
1634 1546 1708 1574 actu,
1733 1540 1800 1576 quia
1820 1540 1963 1568 infinitum
1977 1541 2007 1569 in
2028 1548 2095 1570 actu
2116 1549 2157 1570 est
2173 1549 2322 1579 quantum,
2337 1550 2364 1570 et
2386 1551 2472 1570 omne

1415 1585 1555 1615 quantum
1577 1585 1619 1606 est
1640 1579 1787 1607 divisibile.
1810 1595 1828 1599 —
1855 1580 1897 1607 13.
1914 1582 2022 1608 Verum
2044 1581 2097 1609 ista
2118 1582 2257 1618 quaestio,
2273 1591 2310 1610 an
2330 1581 2473 1609 infinitum

1415 1618 1450 1645 sit
1471 1617 1500 1645 in
1522 1618 1730 1646 mathematicis
1752 1619 1956 1655 quantitatibus
1977 1627 2004 1648 et
2025 1620 2054 1648 in
2075 1622 2160 1649 rebus
2178 1621 2410 1658 intelligibilibuS‚
2432 1627 2474 1648 est

1416 1657 1506 1694 magis
1527 1657 1702 1692 universalis,
1725 1668 1813 1694 quarn
1834 1668 1969 1695 praesens
1990 1660 2197 1696 consideratio,
2220 1671 2294 1698 quae
2315 1667 2357 1688 est
2378 1660 2472 1688 solum

1416 1697 1452 1724 de
1473 1697 1558 1724 rebus
1580 1697 1769 1726 sensibilibus.

1415 1800 1535 1836 usque
1564 1788 1612 1825 ad
1642 1788 1792 1837 aliquid.
1814 1791 2081 1827 Demonstrato
2111 1791 2219 1839 igitur
2248 1792 2371 1840 aliquo
2393 1805 2472 1829 cor-

1414 1853 1521 1888 pore,
1551 1840 1581 1876 si
1609 1840 1699 1877 illud
1728 1841 1772 1877 sit
1799 1841 2000 1889 infinitum,
2030 1844 2190 1879 habetur
2216 1845 2470 1892 propositum;

1416 1893 1445 1929 si
1474 1900 1603 1929 autern
1632 1893 1677 1929 sit
1705 1894 1876 1941 finitum,
1907 1896 2094 1943 oportebit
2122 1897 2227 1943 quod
2255 1897 2474 1933 terminetur

1416 1947 1464 1983 ad
1493 1946 1632 1994 aliquid
1661 1946 1781 1994 aliud,
1813 1947 2010 1985 etiterum
2043 1948 2148 1995 illud,
2178 1949 2208 1985 si
2237 1949 2282 1985 sit
2309 1950 2472 1996 finitum,

1416 1999 1464 2035 ad
1492 1998 1632 2048 aliquid
1661 1999 1772 2035 aliud.
1806 2001 1883 2036 Aut
1911 2013 2000 2048 ergo
2030 2001 2098 2037 erit
2123 2002 2329 2049 procedere
2353 2003 2391 2039 in
2419 2003 2473 2039 in-

1415 2051 1585 2098 finitum,
1615 2059 1679 2088 aut
1707 2052 1928 2088 devenietur
1955 2054 2004 2090 ad
2032 2054 2184 2102 aliquod
2222 2067 2358 2102 corpus
2391 2055 2473 2091 infi-

1415 2104 1547 2150 nitum;
1578 2111 1614 2141 et
1641 2111 1801 2154 utroque
1821 2105 1939 2142 modo
1958 2106 2113 2154 ponitur
2140 2106 2340 2144 infinitum.
2362 2108 2472 2145 Unde

1415 2169 1569 2193 necesse
1600 2164 1654 2193 est
1682 2158 1786 2206 quod
1814 2159 1937 2195 nullus
1966 2159 2011 2195 sit
2039 2159 2220 2196 terminus
2250 2172 2470 2208 corporum,

1416 2209 1445 2245 si
1469 2209 1489 2229 ²¹¹
1518 2221 1670 2258 semper
1707 2218 1854 2259 oportet
1888 2212 1992 2260 quod
2026 2224 2141 2248 omne
2174 2212 2323 2249 finitum
2356 2213 2472 2249 inclu-

1416 2261 1524 2298 datur
1551 2261 1598 2298 ab
1628 2262 1753 2311 aliquo
1782 2264 1911 2300 altero.

1469 2315 1504 2350 6.
1536 2315 1676 2360 Quinta
1704 2315 1797 2351 ratio
1826 2316 1986 2352 sumitur
2013 2317 2061 2353 ab
2091 2318 2391 2366 apprehensione
2417 2318 2471 2354 in-

1415 2367 1581 2403 tellectus
1609 2367 1670 2403 vel
1698 2367 1986 2415 imaginationis.
2009 2370 2118 2407 Unde
2149 2370 2235 2407 dicit
2254 2371 2357 2419 quod
2382 2371 2472 2408 illud

1416 2420 1520 2467 quod
1548 2419 1712 2456 maxime
1731 2420 1817 2457 facit
1845 2433 2091 2459 communem
2116 2424 2389 2460 dubitationem
2417 2424 2470 2461 in-

1417 2472 1619 2508 ducentem
1638 2473 1814 2510 homines
1830 2475 1849 2494 ‘³‘
1869 2473 1917 2511 ad
1941 2476 2166 2522 ponendum
2194 2476 2395 2524 infinitum,
2418 2484 2472 2513 θεῖ

1417 2537 1461 2561 ex
1489 2525 1583 2572 hoc,
1614 2525 1960 2573 quod'intellectus
1989 2539 2185 2575 nunquam
2214 2529 2349 2575 deficit,
2380 2529 2471 2578 quin

1416 2589 1530 2626 super
1549 2578 1741 2626 quodlibet
1759 2579 1908 2615 finitum
1937 2579 2068 2616 datum
2095 2580 2214 2628 possit
2237 2581 2376 2629 aliquid
2404 2582 2469 2618 ad-

1416 2630 1516 2667 dere.
1538 2630 1812 2668 Existimabam
1831 2639 1958 2668 autem
1978 2632 2118 2682 antiqui
2132 2633 2348 2682 philosophi
2367 2635 2470 2682 quod

1415 2695 1474 2719 res
1494 2683 1765 2732 responderent
1792 2685 2082 2732 apprehensioni
2100 2685 2304 2723 intellectus
2334 2693 2370 2723 et
2389 2699 2471 2723 sen-

1415 2748 1496 2772 sus:
1518 2736 1619 2772 unde
1649 2736 1825 2773 dicebant
1852 2737 1957 2785 quod
1976 2750 2090 2774 omne
2119 2738 2222 2786 quod
2240 2739 2399 2786 videtur,
2418 2747 2472 2776 est

1414 2800 1562 2835 verum,
1578 2796 1618 2825 ut
1633 2789 1766 2825 dicitur
1780 2789 1818 2825 in
1834 2790 1884 2826 IV
1897 2791 2111 2839 Metaphys.
2125 2792 2160 2828 *ε
2178 2798 2212 2827 et
2226 2799 2379 2840 propter
2397 2793 2471 2829 hoc

1417 2840 1618 2877 credebant
1654 2842 1758 2889 quod
1787 2842 1899 2879 etiam
1928 2843 1966 2879 in
1994 2844 2105 2880 rebus
2139 2844 2468 2882 essetinfinitum.

1416 2893 1507 2929 Inde
1528 2901 1583 2930 est
1602 2894 1704 2930 enim
1720 2895 1739 2913 ⁴*
1759 2895 1864 2943 quod
1879 2895 2029 2932 videtur
2047 2909 2227 2933 numerus
2248 2909 2329 2933 esse
2347 2897 2471 2934 infini-

1415 2952 1490 2982 tus:
1511 2946 1599 2994 quia
1616 2946 1822 2983 intellectus
1838 2947 1988 2985 cuilibet
2001 2961 2162 2986 numero
2183 2949 2269 2986 dato
2290 2950 2470 2988 unitatem

1415 2998 1605 3046 addendo,
1635 2999 1722 3035 facit
1749 3000 1860 3036 aliam
1889 3001 2066 3049 speciem.
2097 3003 2145 3038 Et
2174 3002 2307 3039 eadem
2328 3003 2470 3040 ratione

1414 3051 1590 3088 videntur
1631 3052 1907 3099 magnitudines
1944 3054 2253 3101 mathematicae,
2294 3068 2390 3104 quae
2433 3056 2470 3092 in

1414 3103 1679 3151 imaginatione
1710 3105 1926 3152 consistunt,
1949 3118 2030 3142 esse
2058 3106 2242 3143 infinitae:
2273 3108 2359 3155 quia
2380 3120 2468 3156 qua-

1414 3156 1503 3192 libet
1530 3157 1787 3204 magnitudine
1816 3158 1912 3204 data,
1940 3170 2145 3206 possumus
2168 3159 2361 3206 imaginari
2389 3172 2468 3196 ma—

1416 3208 1547 3245 iorem.
1578 3210 1626 3246 Et
1654 3210 1788 3246 eadem
1818 3210 1959 3247 ratione
1978 3211 2127 3247 videtur
2155 3223 2235 3247 esse
2255 3219 2356 3247 extra
2386 3223 2467 3247 cae—

1414 3261 1494 3297 lum
1515 3262 1709 3310 quoddam
1729 3263 1891 3310 spatium
1919 3263 2127 3299 infinitum:
2158 3263 2244 3310 quia
2264 3275 2468 3311 possumus

1416 3313 1610 3361 imaginari
1640 3322 1739 3351 extra
1760 3315 1906 3351 caelum
1934 3315 1971 3350 in
2000 3315 2186 3351 infinitum
2208 3315 2391 3362 quasdam
2414 3315 2466 3352 di-

1415 3366 1642 3403 mensiones.
1674 3366 1713 3403 Si
1742 3374 1867 3402 autem
1888 3375 1942 3403 est
1969 3366 2157 3403 infinitum
2177 3367 2339 3415 spatium
2366 3375 2467 3405 extra

1416 3419 1578 3466 caelum,
1612 3431 1764 3455 necesse
1797 3418 1944 3454 videtur
1972 3420 2075 3466 quod
2103 3419 2148 3455 sit
2176 3431 2311 3468 corpus
2345 3420 2466 3457 infini-

1414 3478 1506 3517 tum,
1538 3478 1573 3519 et
1601 3471 1705 3519 quod
1725 3471 1796 3506 sint
1823 3470 1956 3507 mundi
1988 3471 2132 3508 infiniti.
2161 3472 2209 3508 Et
2235 3473 2309 3509 hoc
2329 3472 2466 3522 duplici

1413 3523 1568 3560 ratione.
1598 3523 1724 3559 Prima
1752 3522 1843 3558 ratio
1874 3530 1938 3570 est,
1968 3523 2056 3571 quia
2075 3524 2105 3560 si
2130 3525 2385 3562 consideretur
2411 3532 2467 3562 to-

1414 3582 1494 3612 turn
1523 3575 1685 3624 spatium
1710 3574 1908 3623 infinitum,
1938 3583 2059 3613 totum
2088 3578 2299 3615 secundum
2318 3591 2358 3615 se
2379 3591 2466 3615 con-

2261 3649 2290 3674 16

2497 446 2508 456 ⁸'
2522 445 2590 467 Text.
2605 451 2643 473 39.

2498 2225 2508 2235 ⁴⁸
2516 2223 2557 2245 sed
2562 2224 2605 2245 rab
2613 2228 2633 2245 et
2640 2225 2708 2246 codd.

2499 2257 2547 2272 exc.
2559 2257 2689 2272 nronnonz.
2697 2263 2708 2267 -

2499 2277 2535 2298 Cf.
2549 2280 2604 2298 text.

2500 2489 2508 2497 ·
2522 2487 2634 2509 nominem
2648 2493 2686 2511 εσ,

2497 2805 2507 2815 “
2516 2805 2540 2826 S.
2552 2804 2597 2825 Th.
2612 2805 2663 2826 lect.
2675 2811 2710 2826 xi.

2499 2843 2508 2847 -
2516 2831 2569 2852 Did.
2579 2831 2659 2858 lib.111,
2666 2837 2707 2858 c.5‚

2498 2864 2520 2879 n.
2535 2864 2555 2885 5.

2496 2907 2507 2917 ⁸
2522 2906 2581 2927 enim
2600 2912 2648 2928 om.
2666 2910 2709 2932 Pp?

2497 2937 2518 2954 et
2532 2939 2546 2954 α
2555 2933 2575 2954 b.
