2898 3996
196 727 206 738 ⁸
219 728 307 747 natura
327 731 376 747 om.
394 731 408 746 Ε

197 1308 207 1317 ·
222 1306 293 1327 Num.
309 1305 331 1327 6.

196 1411 207 1420 ·
222 1411 298 1430 movet
311 1409 363 1430 rab.

196 1463 205 1473 “
219 1462 290 1484 Num.
304 1468 355 1489 seq.

202 2248 209 2255 ·
226 2246 287 2267 duae
301 2246 353 2267 add.
368 2251 411 2267 pte

203 2405 294 2425 ‘extra
312 2409 410 2425 nmmos

197 2436 296 2467 Tvxzpc.

209 2456 410 2484 concluditptpo

199 2486 252 2504 eta
263 2483 283 2509 b,
299 2489 346 2504 om.
360 2489 383 2504 Α.

197 2975 206 2983 ·
216 2975 359 2996 alteratione
368 2980 408 2996 co-

198 3001 261 3022 dices
274 3007 324 3022 exc.
338 3007 374 3022 m.

437 327 515 374 264

419 412 421 416 ’
436 405 539 442 6111111
555 404 814 441 consideretur
827 404 980 453 propria
995 411 1127 440 natura
1146 403 1301 440 alicuius
1320 403 1384 451 rei,
1401 415 1498 451 quae

437 458 570 495 dicitur
593 465 725 494 natura
752 456 1002 505 particularis,
1037 455 1279 492 manifestum
1313 463 1368 493 est
1396 455 1499 505 quod

437 510 562 546 omnis
592 509 782 557 corruptio
812 517 847 546 et
877 509 1043 546 defectus
1073 515 1109 545 et
1136 508 1421 546 decrementum
1446 515 1501 545 est

437 570 568 598 contra
586 569 776 598 naturam:
806 561 894 610 quia
911 561 1206 610 uniuscuiusque
1231 568 1363 598 natura
1381 561 1499 598 inten-

438 614 490 651 dit
518 614 848 651 conservationem
879 613 1023 662 proprii
1055 613 1232 659 subiecti;
1272 613 1500 650 contrarium

437 674 564 703 autern
584 665 718 702 accidit
737 679 782 703 ex
803 666 951 703 defectu
970 678 1036 702 seu
1056 665 1244 702 debilitate
1263 673 1429 702 naturae.
1461 665 1500 702 Si

438 726 564 755 autem
594 718 850 755 consideretur
882 726 1016 755 natura
1042 719 1062 739 ’¹²
1089 718 1128 755 in
1160 718 1382 765 universali,
1412 725 1501 754 tunc

438 771 567 808 omnia
591 771 810 808 huiusmodi
837 770 1066 820 proveniunt
1091 783 1136 807 ex
1160 770 1284 819 aliquo
1317 770 1500 820 principio

437 823 596 861 naturali
631 823 855 871 intrinseco,
885 823 978 860 sicut
1016 823 1206 872 corruptio
1247 823 1419 860 animalis
1457 834 1502 858 ex

438 875 698 913 contrarietate
723 875 831 913 calidi
860 883 896 912 et
923 875 1060 923 frigidi;
1091 883 1127 912 et
1160 875 1295 912 eadem
1324 875 1418 912 ratio
1447 882 1503 911 est

437 928 475 965 in
504 928 596 965 aliis.

489 993 527 1028 4.
544 981 692 1018 Deinde
709 993 795 1017 cum
812 979 914 1017 dicit:
939 980 992 1016 At
1002 981 1037 1017 si
1049 986 1103 1017 est
1115 981 1216 1029 quod
1227 980 1402 1018 violentia
1418 987 1500 1027 etc.,

438 1033 549 1070 solvit
579 1033 816 1082 propositam
850 1033 1112 1081 quaestionem
1145 1045 1214 1082 per
1246 1032 1502 1082 interemptio-

437 1098 539 1122 nem.
565 1086 615 1122 Et
634 1085 731 1122 circa
749 1086 824 1122 hoc
844 1085 920 1122 duo
940 1085 1041 1122 facit:
1067 1085 1193 1134 primo
1214 1085 1376 1123 ostendit
1399 1085 1502 1134 quod

437 1138 476 1176 in
495 1138 665 1186 quolibet
682 1150 819 1185 genere
845 1145 971 1174 motus
994 1138 1185 1175 invenitur
1207 1138 1417 1175 secundum
1437 1150 1502 1175 na-

437 1198 561 1226 turam
591 1198 627 1226 et
655 1197 758 1227 extra
786 1198 981 1236 naturam;
1017 1191 1184 1228 secundo
1214 1190 1376 1229 ostendit
1409 1202 1502 1239 quo-

437 1242 555 1279 modo
584 1243 680 1279 haec
710 1243 786 1280 duo
815 1243 853 1279 in
882 1242 1048 1280 motibus
1078 1250 1114 1280 et
1141 1243 1327 1292 quietibus
1357 1250 1502 1279 contra-

434 1295 589 1342 rientur,
611 1295 683 1332 ibi:
717 1295 878 1332 Omnino
906 1295 1053 1343 quidem
1074 1296 1094 1316 *
1116 1303 1184 1333 etc.
1206 1296 1316 1333 Circa
1334 1295 1502 1344 primurn

440 1347 516 1384 duo
541 1347 649 1384 facit:
677 1347 802 1396 primo
832 1348 1059 1385 determinat
1089 1348 1304 1394 veritatem;
1334 1347 1502 1384 secundo

440 1401 643 1437 removet*
658 1400 924 1447 obiectionem,
942 1400 1011 1437 ibi:
1026 1402 1152 1437 Erunt
1169 1401 1284 1450 igitur
1298 1400 1503 1447 corruptio-

441 1465 505 1489 nes
526 1453 546 1474 ’¹‘
565 1460 634 1490 etc.
655 1453 754 1489 Dicit
783 1465 871 1500 ergo
895 1453 1032 1501 prime,
1053 1453 1157 1500 quod
1182 1465 1269 1489 curn
1289 1452 1380 1489 illud
1399 1452 1504 1500 quod

439 1505 482 1542 fit
502 1517 547 1541 ex
565 1505 755 1552 violentia,
781 1506 828 1541 sit
847 1513 949 1542 extra
969 1513 1142 1542 naturam
1163 1505 1272 1553 (quia
1290 1505 1503 1541 violentum

441 1565 497 1594 est
512 1557 616 1594 cuius
630 1557 859 1606 principium
880 1565 935 1594 est
950 1564 1063 1605 extra,
1080 1557 1171 1594 nihil
1188 1557 1404 1594 conferente
1422 1557 1503 1594 vim

438 1622 571 1658 passo;
601 1610 769 1646 naturale
798 1617 925 1646 autem
954 1617 1028 1656 est,
1060 1609 1164 1646 cuius
1191 1609 1421 1658 principium
1450 1616 1505 1646 est

439 1662 572 1709 intra),
607 1662 775 1711 sequitur
802 1662 906 1710 quod
935 1662 1125 1710 corruptio
1153 1662 1320 1699 violenta
1348 1662 1393 1699 sit
1422 1674 1503 1699 cor-

440 1714 603 1763 ruptioni
632 1714 789 1751 naturali
819 1714 1021 1762 contraria,
1057 1714 1151 1751 sicut
1179 1714 1370 1763 corruptio
1401 1722 1504 1751 extra

438 1773 613 1804 naturam
634 1767 667 1803 ei
686 1779 783 1816 quae
811 1773 829 1788 α
854 1775 909 1804 est
933 1767 1144 1804 secundum
1163 1774 1348 1804 naturam.
1369 1768 1419 1804 Et
1436 1779 1505 1816 per

440 1820 603 1857 eandem
632 1819 820 1856 rationem
846 1819 1035 1856 concludit
1059 1819 1162 1868 quod
1182 1819 1372 1868 quaedam
1391 1831 1504 1867 gene-

439 1871 602 1908 rationes
631 1879 716 1909 sunt
734 1872 935 1919 violentae,
958 1879 994 1908 et
1012 1884 1086 1909 non
1109 1873 1273 1919 fatatae‚
1303 1871 1398 1908 idest
1425 1884 1504 1909 non

437 1924 688 1972 procedentes
708 1925 918 1961 secundum
939 1924 1112 1962 ordinem
1131 1924 1355 1961 naturalium
1375 1937 1504 1961 causa-

439 1989 523 2013 rum
542 1977 646 2025 (quia
673 1977 754 2026 ipse
784 1977 879 2014 ordo
905 1989 1104 2014 causarum
1132 1976 1357 2014 naturalium
1377 1978 1504 2024 fatum

440 2029 512 2066 diei
539 2031 701 2078 potest),
727 2029 821 2066 sicut
847 2037 951 2078 patet
979 2042 1066 2066 curn
1095 2029 1227 2078 aliquis
1246 2027 1263 2057 Ρ
1287 2029 1374 2066 facit
1400 2029 1502 2066 nasci

439 2094 544 2119 rosas
564 2090 627 2119 aut
655 2082 801 2131 aliquos
816 2082 955 2119 fructus
982 2094 1051 2131 per
1076 2082 1200 2131 aliqua
1225 2081 1392 2130 artificia,
1413 2089 1505 2119 tem-

438 2134 595 2183 poribus
610 2147 689 2171 non
703 2135 794 2180 suis3
817 2141 852 2171 et
871 2134 1037 2171 similiter
1057 2134 1168 2171 etiam
1192 2134 1317 2183 aliquo
1347 2135 1504 2171 artificio

437 2194 660 2235 procuratur
679 2187 871 2235 generatio
900 2199 1087 2234 ranarum,
1109 2194 1173 2224 aut
1196 2187 1409 2236 aliquorum
1436 2188 1504 2223 hu-

439 2240 602 2277 iusmodi
623 2239 859 2277 naturalium.
876 2240 986 2277 Unde
1007 2252 1093 2276 cum
1112 2240 1183 2276 hae
1205 2240 1224 2260 '³‘
1244 2239 1505 2287 generationes

440 2292 512 2329 sint
529 2293 730 2340 violentae,
746 2305 815 2341 per
834 2305 1071 2341 consequens
1091 2299 1177 2328 sunt
1196 2300 1299 2329 extra
1318 2299 1503 2340 naturam,

439 2345 575 2394 quibus
615 2345 887 2382 contrariantur
914 2345 1176 2392 generationes
1209 2357 1305 2393 quae
1335 2352 1420 2381 sunt
1448 2357 1504 2381 se-

439 2398 607 2435 cundum
628 2400 647 2420 ³¹⁴
667 2406 850 2435 naturam.
871 2419 894 2425 -
916 2397 1022 2434 Idem
1042 2397 1155 2434 etiam
1175 2397 1337 2435 ostendit
1352 2399 1395 2419 '¹⁰¹‘
1415 2410 1504 2434 con-

438 2458 639 2499 sequenter
657 2451 695 2488 in
715 2458 917 2498 augmento
938 2458 975 2487 et
994 2450 1247 2487 decremento.
1280 2451 1376 2487 Sunt
1404 2450 1504 2487 enim

438 2503 627 2552 quaedam
660 2511 861 2551 augmenta
893 2503 1060 2540 violenta
1097 2510 1133 2539 et
1171 2510 1274 2540 extra
1309 2510 1502 2549 naturam;

437 2556 531 2592 sicut
557 2563 661 2604 patet
687 2556 726 2592 in
755 2555 824 2592 illis
857 2555 921 2604 qui
952 2561 966 2582 ⁷
1002 2555 1172 2592 velocius
1201 2555 1328 2592 debito
1358 2555 1406 2592 ad
1435 2567 1503 2604 pu-

436 2609 620 2645 bertatem
656 2609 904 2657 perveniunt,
930 2615 1087 2657 propter
1123 2608 1414 2645 teneritudinem
1440 2608 1503 2644 vel

434 2669 590 2710 propter
624 2661 864 2708 alimentum,
890 2661 987 2698 idest
1017 2668 1172 2710 propter
1198 2661 1285 2707 hoc,
1313 2659 1418 2708 quod
1438 2659 1501 2697 de-

435 2713 557 2751 litiose
569 2721 605 2750 et
620 2713 827 2751 abundanti
843 2713 1019 2750 alimento
1030 2713 1254 2750 nutriuntur.
1267 2713 1374 2749 Idem
1390 2711 1502 2748 etiam

435 2774 592 2816 apparet
619 2766 658 2803 in
678 2773 880 2814 augmento
899 2765 1027 2802 tritici:
1052 2766 1282 2813 quandoque
1308 2764 1408 2801 enim
1428 2765 1500 2801 fru-

435 2827 563 2856 menta
581 2826 764 2867 augentur
782 2818 1037 2855 innaturaliter
1054 2825 1210 2866 propter
1229 2817 1501 2854 abundantiam

436 2873 658 2920 humorum,
690 2878 725 2907 et
752 2883 831 2908 non
864 2870 1185 2918 constringuntur,
1214 2877 1255 2906 ut
1282 2869 1354 2906 sint
1382 2869 1501 2918 spissa

438 2931 473 2960 et
500 2924 631 2970 solida,
660 2935 729 2972 per
758 2923 923 2960 debitam
953 2923 1308 2970 digestionem.-Et
1335 2922 1500 2959 similiter

437 2984 593 3025 apparet
620 2976 658 3012 in
687 2975 967 3012 alterationibus
995 2976 1027 3011 ²¹¹.
1056 2976 1151 3012 Sunt
1180 2975 1279 3011 enim
1312 2974 1500 3022 quaedam

436 3028 674 3065 alterationes
702 3028 912 3075 violentae,
943 3035 979 3064 et
1007 3027 1195 3076 quaedam
1222 3028 1430 3074 naturales,
1460 3034 1501 3063 ut

435 3088 538 3130 patet
570 3080 732 3117 maxime
760 3081 799 3117 in
819 3080 1024 3118 sanatione.
1053 3079 1220 3127 Quidam
1249 3079 1349 3116 enim
1378 3079 1498 3116 dimit-

435 3141 563 3171 tuntur
591 3146 613 3170 a
641 3133 823 3180 febribus,
854 3146 931 3170 non
968 3133 1007 3170 in
1035 3132 1168 3170 criticis
1197 3131 1347 3178 diebus;
1379 3139 1415 3168 et
1442 3131 1500 3168 isti

436 3187 636 3223 alterantur
655 3193 757 3223 extra
776 3193 964 3223 naturam:
994 3185 1053 3222 alii
1071 3197 1164 3222 vero
1194 3184 1231 3221 in
1261 3184 1394 3221 criticis
1423 3183 1499 3221 die-

435 3239 526 3286 bus;
558 3246 593 3276 et
620 3238 678 3275 isti
703 3239 905 3275 alterantur
932 3237 1141 3275 secundum
1169 3245 1352 3274 naturam.

493 3292 524 3328 5.
547 3291 695 3328 Deinde
726 3303 812 3328 cum
845 3291 951 3328 dicit:
980 3292 1106 3327 Erunt
1140 3290 1256 3340 igitur
1292 3290 1498 3338 corruptio-

491 3429 518 3461 α)
537 3429 674 3461 corrupn’o
692 3433 774 3455 extra
793 3432 919 3454 naturam
942 3429 967 3454 ei
984 3436 1092 3462 quae.-
1074 3428 1242 3460 -corruptio
1266 3432 1347 3454 extra
1373 3432 1497 3454 naturam

438 3467 476 3488 est
495 3471 561 3495 quae
579 3465 614 3494 E;
634 3465 756 3489 mendum
776 3465 878 3497 corrigit
892 3472 909 3489 a
928 3465 1052 3497 legendo·
1070 3464 1206 3496 corruptio
1221 3467 1302 3489 extra
1320 3467 1444 3489 naturam
1458 3468 1499 3489 est

438 3499 574 3522 contraria
593 3499 759 3531 corruptioni
776 3507 851 3532 quae,
867 3500 937 3532 quod
957 3500 1114 3532 posteriores
1133 3499 1257 3524 editiones
1277 3499 1443 3524 retinuerunt.

492 3531 516 3564 β)
536 3533 603 3557 sicut
618 3537 695 3565 patet
713 3542 771 3559 cum
790 3535 893 3566 aliquis.
906 3538 1011 3566 -patet
1029 3542 1087 3559 cum
1107 3542 1160 3559 om.
1174 3534 1259 3567 PEpG
1283 3539 1308 3559 et
1326 3535 1401 3559 ab.-
1414 3534 1495 3559 Paulo

1088 324 1435 362 PHYSICORUM
1463 323 1810 361 ARISTOTELIS
1839 323 1933 359 LIB.
1962 323 1996 359 V

1555 415 1619 439 nes
1649 410 1730 449 etc.,
1751 401 1878 439 obiicit
1908 409 2038 438 contra
2063 402 2258 450 praedicta
2278 404 2309 440 ⁴⁵.
2331 404 2430 440 Cum
2451 403 2551 441 enirn
2579 403 2617 441 id

1556 455 1660 503 quod
1689 462 1744 491 est
1773 462 1874 491 extra
1901 462 2087 502 naturam,
2113 455 2358 492 contrarietur
2377 456 2410 492 ei
2430 456 2533 505 quod
2563 464 2618 493 est

1555 507 1766 544 secundum
1779 515 1963 554 naturam,
1980 507 2010 543 si
2030 506 2244 544 inveniatur
2262 508 2449 556 quaedam
2463 521 2617 556 genera-

1555 559 1605 597 tio
1621 559 1831 596 secundum
1845 567 2019 597 naturam
2035 567 2070 596 et
2086 559 2274 608 quaedam
2289 568 2418 597 contra
2432 568 2616 610 naturam,

1556 620 1592 649 et
1612 612 1800 661 corruptio
1821 612 2005 658 similiter;
2031 619 2209 661 sequetur
2232 613 2337 661 quod
2357 613 2616 662 corruptiones

1556 665 1629 701 sint
1662 665 1870 702 contrariae
1899 664 1947 701 ad
1975 664 2139 701 invicem
2169 667 2205 712 ³¹⁸,
2237 672 2273 702 et
2299 677 2378 702 non
2409 665 2618 713 generatio-

1556 717 1615 754 ni:
1649 717 1737 766 quia
1763 729 1883 754 unum
1914 729 1993 754 non
2019 725 2145 766 potest
2173 729 2253 754 esse
2289 717 2439 755 duobus
2473 725 2619 755 contra-

1557 769 1663 806 rium.
1697 771 1746 806 Et
1772 771 1847 806 1106
1879 770 2007 817 solvit,
2038 770 2166 807 dicens
2195 771 2299 820 quod
2326 769 2416 807 nihil
2444 769 2621 819 prohibet

1557 822 1838 869 generationem
1857 822 2088 870 generationi
2117 835 2198 860 esse
2225 823 2462 870 contrariam,
2484 830 2520 860 et
2540 835 2620 860 cor-

1557 874 1772 923 ruptionem
1801 875 2042 923 corruptioni.
2065 875 2127 912 Sic
2156 875 2256 912 enim
2283 887 2419 913 verum
2449 882 2504 912 est
2530 875 2618 922 hoc,

1559 927 1670 963 etiam
1692 928 1712 948 '¹‘
1730 934 1875 964 remota
1895 928 2153 965 contrarietate
2173 928 2255 965 eius
2275 929 2379 977 quod
2403 935 2460 964 est
2487 939 2619 965 secun-

1558 979 1650 1016 dum
1677 987 1850 1016 naturam
1885 987 1920 1016 et
1949 980 2028 1017 eius
2065 981 2169 1029 quod
2204 987 2259 1018 est
2295 988 2398 1018 extra
2425 988 2619 1018 naturam:

1558 1031 1646 1080 quia
1674 1032 1705 1069 si
1733 1039 1788 1069 est
1815 1031 2004 1080 quaedam
2031 1033 2221 1080 generatio
2251 1040 2287 1070 et
2319 1032 2509 1081 corruptio
2539 1033 2619 1070 dul-

1558 1085 1630 1132 cis,
1662 1092 1697 1121 et
1724 1085 1795 1122 alia
1822 1085 1950 1132 tristis,
1980 1092 2129 1133 oportet
2151 1085 2433 1132 generationem
2465 1097 2621 1133 genera-

1557 1137 1650 1174 tioni
1667 1150 1749 1174 esse
1770 1137 2008 1184 contrariam,
2025 1145 2062 1174 et
2081 1137 2363 1186 corruptionem
2377 1138 2617 1186 corruptioni.

1558 1190 1703 1227 Dicitur
1722 1196 1849 1226 autem
1867 1189 2058 1237 generatio
2080 1197 2116 1226 et
2135 1189 2323 1238 corruptio
2349 1189 2482 1236 dulcis,
2502 1201 2620 1239 quan-

1560 1243 1608 1279 do
1637 1243 1656 1263 '¹‘
1684 1254 1728 1278 ex
1755 1241 1880 1278 minus
1908 1241 2025 1278 nobili
2055 1248 2248 1290 corrupto,
2277 1249 2476 1290 generatur
2502 1241 2621 1290 magis

1558 1294 1701 1340 nobile,
1722 1293 1817 1330 sicut
1836 1293 1865 1329 si
1888 1294 1907 1314 *
1922 1305 1967 1330 ex
1987 1306 2073 1330 aere
2094 1301 2271 1343 corrupto
2291 1302 2490 1342 generetur
2507 1294 2620 1343 ignis;

1558 1345 1748 1394 generatio
1787 1352 1913 1382 autem
1942 1353 1978 1382 et
2006 1346 2195 1395 corruptio
2233 1347 2362 1394 tristis,
2393 1347 2547 1396 quando
2577 1360 2622 1384 ex
2648 1360 2663 1376 a

1557 1398 1676 1446 magis
1704 1397 1822 1435 nobili
1842 1405 2030 1446 corrupt0,
2051 1406 2250 1446 generatur
2267 1399 2391 1436 minus
2419 1399 2558 1447 nobile,
2580 1407 2623 1437 ut

1559 1451 1589 1487 si
1609 1463 1654 1487 ex
1673 1450 1758 1509 igne
1777 1457 1976 1509 generetur
1996 1452 2015 1472 '¹‘
2035 1463 2109 1488 aer.
2132 1452 2223 1489 Non
2242 1459 2369 1489 tamen
2392 1452 2571 1500 sequitur,
2591 1452 2623 1489 si

1559 1503 1750 1552 corruptio
1770 1502 1976 1552 opponitur
2005 1504 2256 1553 corruptioni,
2277 1504 2382 1552 quod
2405 1517 2483 1542 non
2502 1517 2622 1554 oppo-

1559 1562 1668 1592 natur
1687 1555 1936 1603 generationi:
1957 1556 2046 1604 quia
2065 1557 2254 1605 corruptio
2279 1557 2484 1616 opponitur
2510 1570 2622 1617 gene-

1559 1608 1693 1645 rationi
1719 1608 1929 1645 secundum
1958 1608 2142 1646 rationem
2161 1609 2218 1646 sui
2247 1610 2410 1658 generis;
2431 1610 2622 1660 corruptio

1559 1669 1686 1698 autern
1716 1660 1966 1710 corruptioni,
1996 1662 2206 1699 secundum
2233 1662 2419 1699 rationem
2445 1663 2622 1712 propriae

1559 1713 1716 1763 speciei:
1747 1713 1841 1750 sicut
1859 1713 2016 1750 avaritia
2045 1714 2290 1752 contrariatur
2317 1714 2473 1763 largitati
2488 1727 2621 1753 secun-

1560 1767 1652 1803 dum
1672 1765 1971 1802 contrarietatem
1989 1766 2069 1803 vitii
2089 1767 2139 1804 ad
2160 1767 2353 1815 virtutem,
2372 1767 2623 1816 prodigalitati

1558 1831 1652 1856 vero
1668 1818 1878 1855 secundum
1891 1819 2068 1867 propriae
2085 1821 2105 1841 ³¹⁸
2120 1820 2258 1868 speciei
2272 1820 2468 1858 rationem.
2486 1822 2535 1858 Et
2547 1821 2623 1858 1106

1560 1871 1735 1920 estquod
1756 1870 1956 1918 concludit,
1972 1871 2076 1920 quod
2096 1872 2287 1921 corruptio
2302 1885 2380 1910 non
2401 1880 2457 1910 est
2476 1881 2622 1910 contra-

1559 1924 1613 1961 ria
1634 1923 1862 1972 corruptioni
1880 1923 2104 1971 simpliciter,
2122 1924 2217 1962 idest
2230 1925 2269 1962 in
2283 1925 2486 1962 universali
2501 1926 2534 1962 *2
2552 1925 2621 1963 sed

1560 1976 1846 2024 corruptionum
1865 1976 1961 2012 haec
1981 1976 2135 2025 quidem
2156 1985 2211 2014 est
2229 1977 2322 2024 talis,
2338 1977 2399 2014 illa
2411 1986 2506 2015 vero
2525 1978 2621 2027 talis,

1559 2029 1655 2066 idest
1667 2029 1833 2066 violenta
1852 2036 1889 2065 et
1909 2035 2009 2066 extra
2023 2037 2207 2078 naturam,
2222 2031 2285 2067 vel
2305 2030 2423 2067 dulcis
2443 2037 2480 2067 et
2497 2030 2619 2069 tristis.

1614 2082 1649 2119 6.
1670 2081 1818 2118 Deinde
1835 2093 1922 2118 cum
1938 2080 2041 2118 dicit:
2062 2082 2222 2119 Omnino
2237 2083 2384 2131 quidem
2404 2083 2521 2132 igitur
2534 2095 2622 2121 con-

1560 2135 1670 2170 trarii
1700 2141 1790 2181 etc.,
1823 2133 1987 2170 ostendit
2014 2135 2209 2183 quomodo
2238 2134 2284 2171 sit
2312 2135 2556 2172 contrarietas
2582 2135 2623 2173 in

1560 2193 1667 2223 motu
1696 2193 1732 2222 et
1760 2185 1883 2234 quiete
1915 2197 1984 2233 per
2020 2186 2059 2223 id
2093 2187 2196 2235 quod
2231 2194 2286 2224 est
2318 2194 2419 2224 extra
2447 2194 2620 2225 naturam

1561 2246 1596 2275 et
1624 2238 1835 2275 secundum
1863 2246 2049 2276 naturam.
2071 2240 2121 2276 Et
2139 2239 2228 2277 dicit
2255 2239 2361 2288 quod
2387 2252 2467 2277 non
2494 2241 2620 2278 solum

1559 2291 1752 2339 generatio
1782 2298 1837 2327 est
1866 2291 2052 2329 contraria
2071 2292 2304 2339 generationi
2331 2300 2367 2330 et
2391 2292 2622 2341 corruptioni

1558 2356 1628 2392 per
1650 2344 1690 2381 id
1718 2343 1824 2392 quod
1853 2351 1908 2385 est
1935 2345 2145 2381 secundum
2167 2351 2342 2382 naturam
2371 2353 2407 2382 et
2435 2352 2537 2382 extra
2555 2356 2621 2382 na-

1559 2403 1701 2443 turam,
1731 2396 1798 2433 sed
1828 2395 1941 2433 etiam
1969 2396 2229 2434 universaliter
2256 2405 2384 2434 motus
2413 2405 2449 2434 et
2476 2397 2621 2447 quietes

1559 2456 1644 2486 sunt
1675 2449 1750 2485 hoc
1785 2448 1904 2486 modo
1943 2449 2128 2486 contrarii.
2169 2449 2272 2487 Sicut
2305 2457 2431 2487 motus
2466 2450 2530 2499 qui
2565 2456 2622 2487 est

1558 2513 1724 2548 sursum,
1765 2508 1819 2538 est
1855 2501 2061 2539 contrarius
2093 2502 2214 2538 motui
2248 2502 2312 2551 qui
2346 2509 2402 2539 est
2439 2502 2619 2540 deorsum

1558 2554 1661 2602 (quia
1681 2565 1830 2590 sursum
1852 2561 1887 2590 et
1907 2554 2086 2591 deorsum
2110 2562 2196 2591 sunt
2215 2555 2496 2592 contrarietates
2516 2554 2616 2602 loci),

1559 2613 1594 2642 et
1626 2613 1784 2654 uterque
1818 2606 1975 2643 istorum
2010 2614 2186 2643 motuum
2216 2615 2272 2644 est
2298 2608 2475 2644 naturalis
2508 2607 2618 2644 alicui

1558 2671 1762 2707 corporum
1780 2659 1815 2706 *;
1836 2659 1932 2707 ignis
1962 2659 2063 2696 enim
2092 2660 2307 2697 naturaliter
2334 2661 2450 2697 fertur
2476 2660 2517 2682 *²¹*
2540 2672 2619 2698 sur·
2644 2669 2656 2680 ⁸

1556 2724 1658 2758 sum,
1688 2718 1786 2748 terra
1821 2723 1915 2748 vero
1954 2712 2144 2749 deorsum.
2171 2713 2220 2749 Et
2251 2713 2388 2750 iterum
2424 2712 2618 2762 utriusque

1554 2765 1693 2801 horum
1713 2771 1888 2801 motuum
1918 2771 1973 2801 est
2000 2764 2171 2814 accipere
2204 2765 2408 2802 contrarias
2442 2765 2618 2803 differen-

1554 2817 1623 2854 tias
1651 2817 1719 2853 has
1747 2818 1786 2864 ³¹⁶,
1816 2816 1955 2854 scilicet
1983 2817 2088 2866 quod
2117 2825 2172 2854 est
2205 2818 2415 2856 secundum
2443 2825 2617 2856 naturam
2644 2828 2654 2838 ·

1555 2877 1591 2906 et
1620 2876 1721 2906 extra
1748 2877 1932 2906 naturam.
1954 2871 2003 2907 Et
2029 2870 2104 2907 hoc
2138 2878 2193 2907 est
2217 2871 2322 2920 quod
2354 2870 2453 2918 dicit,
2473 2877 2511 2908 et
2530 2883 2617 2908 con-

1554 2922 1695 2958 trariae
1732 2922 1918 2970 ipsorum,
1948 2922 2087 2959 scilicet
2122 2923 2142 2944 ¹*
2169 2930 2344 2960 motuum
2384 2923 2616 2961 differentiae
2642 2932 2655 2944 ’

1554 2982 1650 3011 sunt.
1679 2975 1748 3011 Vel
1767 2982 1892 3023 potest
1910 2974 2061 3023 intelligi
2090 2975 2194 3024 quod
2212 2975 2382 3024 ipsorum
2411 2987 2616 3024 corporum

1554 3039 1650 3075 quae
1679 3035 1893 3074 moventur,
1923 3035 2009 3064 sunt
2037 3027 2243 3065 contrariae
2271 3027 2504 3065 differentiae
2533 3040 2616 3065 mo-

1552 3086 1671 3126 tuum,
1692 3079 1830 3116 scilicet
1850 3080 1870 3100 *
1889 3079 2100 3116 secundum
2119 3088 2294 3118 naturam
2323 3088 2359 3117 et
2388 3088 2491 3118 extra
2510 3088 2616 3118 natu-
2642 3090 2653 3100 ·

1554 3143 1652 3168 ram:
1681 3139 1807 3168 motus
1826 3132 1927 3168 enim
1947 3129 1961 3153 ὃ
1985 3144 2134 3169 sursum
2167 3141 2223 3170 est
2256 3132 2411 3180 quidem
2440 3133 2616 3171 naturalis

1553 3184 1640 3232 igni,
1675 3184 1742 3220 sed
1776 3184 1925 3222 moveri
1950 3184 2128 3221 deorsum
2158 3193 2213 3222 est
2240 3185 2274 3222 ei
2303 3193 2406 3223 extra
2428 3193 2614 3224 naturam.

1554 3238 1602 3273 Et
1625 3237 1678 3274 sic
1704 3243 1807 3286 patet
1835 3237 1938 3285 quod
1966 3244 2092 3274 motus
2113 3239 2131 3257 ⁴⁹
2152 3237 2215 3286 qui
2245 3246 2299 3276 est
2319 3239 2530 3276 secundum
2550 3251 2614 3276 na·
2642 3241 2652 3251 ”

1553 3297 1696 3337 turam,
1731 3297 1786 3326 est
1805 3289 2011 3327 contrarius
2041 3289 2074 3326 ei
2109 3291 2173 3339 qui
2201 3297 2256 3328 est
2293 3298 2395 3329 extra
2428 3299 2614 3329 naturam.

1605 3429 1632 3463 γ)
1652 3429 1678 3454 in
1699 3429 1751 3454 illis
1775 3429 1828 3462 qui.
1841 3443 1860 3448 -
1874 3429 1900 3454 in
1920 3429 1960 3455 his
1986 3436 2054 3462 quae
2071 3429 2138 3459 Pab,
2159 3430 2184 3455 i'n
2205 3429 2258 3455 illis
2283 3437 2350 3463 quae
2373 3430 2518 3464 DGHpER.
2531 3444 2550 3450 —
2563 3430 2614 3455 Pm

1551 3465 1763 3494 teneritudinem,
1779 3465 1944 3490 teneritatem
1965 3465 2041 3495 Εὔα,
2062 3465 2237 3490 temeritatem
2257 3465 2322 3490 H-
2334 3465 2385 3490 Pro
2403 3468 2429 3491 et
2446 3465 2611 3495 abundanti,

1549 3503 1575 3524 et
1594 3499 1619 3524 in
1639 3500 1788 3525 abundanti
1807 3500 1883 3525 editio
1902 3507 1919 3525 a
1938 3505 1964 3525 et
1982 3483 2083 3525 codices
2103 3501 2214 3533 exceptis
2233 3500 2361 3526 DFNZn-
2375 3500 2426 3525 Pro
2446 3501 2517 3526 Idem
2532 3500 2612 3525 etiam

1550 3538 1674 3566 apparet,
1694 3535 1765 3567 quod
1783 3538 1896 3567 apparet
1914 3534 2009 3560 habent
2027 3535 2112 3568 PEpG
2131 3540 2156 3560 et
2175 3535 2299 3560 editiones
2317 3535 2368 3566 ab,
2382 3535 2454 3567 quod
2471 3535 2550 3560 etiam
2564 3541 2612 3566 ap—

439 3567 502 3591 ini'ra
521 3575 568 3599 pro
589 3572 766 3599 procuratur,
788 3573 951 3601 procreatur
976 3570 1130 3602 PDFGYpE
1150 3574 1175 3594 et
1193 3577 1210 3594 a
1223 3569 1296 3595 b.1n
1315 3569 1442 3602 aliquibus
1466 3577 1495 3594 ex
1545 3573 1627 3601 paret
1645 3570 1746 3595 codices
1765 3570 1822 3595 No.

439 3602 530 3627 ceteris
549 3603 678 3627 codicibus
703 3612 753 3627 non
779 3604 930 3629 discernitur
954 3610 1039 3629 utrum
1060 3607 1228 3637 procuratur
1246 3604 1356 3630 habeant
1375 3612 1406 3630 nn
1426 3612 1493 3637 pro—

439 3639 554 3666 creatur,
568 3644 678 3669 quorum
699 3639 848 3670 compendia
868 3639 996 3664 simillima
1015 3645 1083 3665 sunt.

1602 3604 1626 3637 δ)
1641 3608 1726 3630 motus
1740 3605 1809 3630 enim
1823 3610 1872 3630 etc.
1884 3608 2001 3630 -motus
2022 3605 2128 3637 quidem
2146 3612 2252 3631 sursum
2266 3608 2306 3630 est
2320 3604 2451 3630 naturalis
2465 3603 2523 3638 igni
2535 3603 2611 3629 codd.

1549 3647 1603 3665 exc.
1617 3639 1767 3672 EFGHRZ;
1787 3647 1834 3672 pro
1854 3639 1918 3672 igni,
1934 3639 2004 3673 ignis
2023 3639 2109 3665 PNab.

2643 415 2654 426 ⁸
2668 415 2739 437 Num.
2754 420 2831 443 praec.

2645 673 2656 684 ⁶
2663 671 2698 693 ad
2703 672 2801 694 invicem
2808 677 2856 699 om,

2646 933 2735 982 ἒξτὲαηι
2744 937 2859 962 ο111.ιροιι

2648 1251 2657 1260 ·
2672 1250 2727 1279 qula
2741 1250 2794 1272 rab.

2648 1302 2660 1313 ⁸
2673 1301 2696 1324 si
2702 1308 2750 1324 om.
2757 1302 2839 1324 mab.
2848 1313 2860 1318 -

2645 1330 2778 1376 εἵη-οων
2793 1334 2860 1355 rouo„

2649 1460 2800 1487 ‘generatur
2807 1465 2861 1481 ruz.

2647 1827 2659 1838 ¹³
2671 1826 2796 1855 propriam
2809 1833 2834 1849 ι».

2648 1938 2663 1985 :¹
2673 1937 2709 1985 αξ.
2720 1937 2772 1959 lect.
2783 1942 2860 1965 praec.
