2950 4004
259 1277 269 1287 ⁸
286 1276 356 1298 Num.
366 1282 387 1304 3.

258 1382 268 1392 ⁸
279 1382 400 1409 physicum
418 1389 444 1408 Q.
460 1394 470 1399 -

258 1409 391 1430 naturalem
400 1415 447 1430 om.
455 1415 470 1430 a

259 1438 281 1456 et
295 1434 364 1456 codd.
379 1442 428 1456 exc.
443 1442 471 1456 ae

257 1466 354 1509 ῑῦίἳιυη.
364 1494 412 1516 seq.

256 2073 277 2121 ἑῐ
281 2072 392 2120 άέγενπητ
399 2072 467 2094 codd.

253 2816 260 2823 ·
278 2813 322 2834 Lcc
352 2818 384 2833 xi.

252 3024 261 3034 ⁶
276 3023 339 3044 Lect.
350 3029 397 3050 seq.

254 3181 262 3190 “
277 3180 348 3201 Num.
359 3180 381 3201 6.

504 303 579 340 174

562 373 702 401 SYNOPS1s
714 388 748 393 —
767 381 791 399 1.
815 372 1026 408 Argumentum
1047 377 1075 398 et
1095 369 1197 398 divisio
1212 376 1312 398 textus.
1324 370 1432 399 -Sicut
1453 371 1491 398 ad
1510 380 1562 399 na-

498 413 622 441 turalem
643 417 751 448 spectat
772 417 892 439 tractare
908 411 943 439 de
965 410 1040 445 loco,
1052 409 1092 438 ita
1106 416 1133 438 et
1148 411 1184 438 de
1197 419 1298 438 vacuo.
1314 411 1387 438 Nam
1403 411 1562 438 secundum

501 461 553 480 eos
574 452 623 489 qui
645 451 740 488 ipsum
761 457 882 487 ponunt,
897 459 1019 478 vacuum
1042 456 1084 477 est
1105 449 1222 486 quidam
1238 449 1318 477 locus
1338 449 1384 477 vel
1403 459 1453 478 vas
1470 450 1564 486 quod-

501 493 578 527 dam,
601 492 680 528 quod
702 490 804 518 dicitur
824 490 952 526 plenum,
975 497 1040 517 curn
1055 489 1130 517 intra
1150 498 1180 517 se
1202 498 1306 525 corpus
1321 489 1440 526 aliquod
1460 490 1562 525 habet;

501 531 540 559 ita
567 537 599 558 ut
621 531 716 563 locus,
746 538 867 558 vacuum
896 536 924 557 et
946 529 1068 566 plenum
1096 528 1212 556 nonnisi
1237 528 1349 557 ratione
1374 528 1515 558 differant.
1543 545 1562 550 -

502 578 529 598 2.
560 571 626 605 Quo
656 569 757 598 ordine
782 568 1033 597 determinandum
1060 567 1096 596 sit
1124 569 1159 596 de
1186 577 1278 596 vacuo
1301 584 1320 588 -
1344 567 1370 596 3.
1399 568 1562 596 Subdivisio

500 616 601 638 textus.
617 627 635 631 -
648 619 677 644 4.
700 608 819 645 Antiqui
840 607 1005 644 philosophi
1026 608 1154 636 volentes
1174 608 1325 636 ostendere
1345 608 1425 644 quod
1446 617 1506 636 non
1527 607 1563 635 sit

500 659 632 684 vacuum,
655 658 715 677 non
736 649 893 685 arguebant
914 653 1015 676 contra
1035 647 1177 675 rationem
1199 656 1300 675 eorum
1322 647 1372 684 qui
1393 647 1488 684 ipsum
1508 656 1562 684 po-

501 690 617 717 nebant.
640 688 838 716 Ostendebant
859 687 936 716 enim
955 687 1074 724 plenum
1095 695 1160 715 aere
1181 696 1242 715 non
1262 695 1324 715 esse
1344 696 1477 722 vacuum,
1494 696 1562 723 pro-

500 729 601 756 bantes
621 737 717 756 aerem
739 736 800 755 esse
813 727 938 764 aliquid3
954 736 1020 755 cum
1041 726 1089 755 alii
1110 735 1161 763 per
1180 735 1304 755 vacuum
1323 726 1513 764 intelligerent
1533 726 1562 754 id

500 767 530 795 in
558 777 617 804 quo
639 776 700 796 non
721 773 763 795 est
783 775 888 804 corpus
909 766 1051 801 sensibile,
1073 775 1162 794 omne
1185 774 1236 794 ens
1265 775 1326 794 esse
1347 774 1452 802 corpus
1473 765 1562 794 sensi-

500 807 557 835 bile
585 806 745 843 opinantes,
767 815 862 835 aerem
883 815 961 841 vero,
983 811 1083 842 utpote
1111 815 1216 842 corpus
1244 805 1391 833 modicum
1420 805 1562 840 sensibile,

500 846 572 874 nihil
593 856 654 874 esse
673 847 829 874 credentes.
845 861 864 866 —
881 846 907 874 5.
923 846 970 873 Ad
989 846 1194 873 destruendum
1216 844 1301 882 igitur
1320 854 1422 873 eorum
1443 844 1562 881 positio-

500 895 577 922 nem,
599 892 714 923 oportet
728 886 879 914 ostendere
893 886 973 922 quod
994 894 1055 913 non
1076 884 1112 913 sit
1133 884 1257 921 spatium
1278 884 1397 921 aliquod
1417 881 1485 913 sine⁵
1500 893 1563 912 cor-

500 935 572 963 pore
595 925 731 954 sensibili,
759 925 959 953 Diversimode
987 925 1064 952 enim
1091 933 1214 952 vacuum
1235 933 1298 952 esse
1319 923 1432 959 dicunt;
1454 924 1498 952 vel
1519 933 1563 952 se-

500 971 632 1002 paratum
653 975 671 994 a
685 965 863 1002 corporibus,
878 965 922 993 vel
943 964 1016 992 inter
1036 964 1114 1000 ipsa,
1135 964 1170 992 ab
1185 963 1307 992 invicem
1322 973 1357 992 ea
1377 963 1562 1001 distinguens,

729 1152 734 1165 s
909 1116 970 1153 hic
1005 1116 1230 1153 determinat
1262 1115 1309 1153 de
1340 1127 1477 1153 vacuo.
1513 1117 1562 1152 Et

736 1171 749 1217 j
765 1169 861 1206 circa
879 1170 954 1207 hoc
974 1169 1051 1206 duo
1070 1169 1171 1206 facit:
1200 1168 1324 1218 primo
1349 1168 1563 1206 manifestat

581 1243 592 1256 .·
706 1218 745 1251 „¹
764 1235 873 1260 suam
910 1222 1184 1268 intentionem3
1225 1221 1394 1259 secundo
1431 1234 1561 1270 prose-

499 1275 624 1324 quitur
646 1275 898 1324 propositum,
927 1275 999 1312 ibi:
1027 1275 1106 1312 Alii
1122 1275 1270 1323 quidem
1298 1275 1414 1324 igitur
1441 1275 1461 1296 *
1491 1282 1559 1312 etc.

500 1328 610 1365 Circa
628 1328 795 1377 primum
817 1329 893 1365 duo
922 1328 1023 1365 facit:
1051 1328 1177 1376 primo
1198 1327 1361 1364 ostendit
1389 1327 1494 1376 quod
1513 1328 1561 1364 ad

497 1381 771 1431 philosophum
793 1382 812 1403 *
830 1382 1041 1418 naturalem
1059 1381 1223 1430 pertinet
1242 1380 1494 1418 determinare
1514 1380 1561 1417 de

497 1447 644 1481 vacuo3
677 1434 845 1471 secundo
880 1433 1042 1471 ostendit
1076 1446 1152 1482 quo
1187 1433 1319 1470 ordine
1355 1432 1402 1470 de
1435 1445 1560 1469 vacuo

500 1487 831 1525 determinandum
864 1486 934 1533 sit,
963 1486 1034 1523 ibi:
1069 1487 1241 1534 Incipere
1276 1491 1401 1522 autem
1438 1485 1457 1506 ’¹‘
1491 1493 1559 1522 etc.

498 1540 598 1577 Dicit
626 1552 715 1587 ergo
747 1539 893 1588 primO,
932 1539 1036 1587 quod
1072 1539 1166 1575 sicut
1203 1538 1252 1575 ad
1288 1538 1560 1587 philosophum

497 1593 707 1629 naturalem
743 1592 903 1640 pertinet
941 1591 1190 1628 determinare
1224 1591 1272 1628 de
1309 1591 1393 1627 loco
1432 1603 1480 1627 an
1518 1591 1564 1628 sit

498 1653 534 1682 et
559 1645 649 1694 quid
678 1645 733 1691 sit,
755 1644 804 1681 ita
824 1652 860 1681 et
879 1644 926 1681 de
954 1657 1100 1681 vacuo:
1125 1644 1214 1693 quia
1241 1656 1310 1692 per
1338 1643 1477 1681 similes
1507 1656 1562 1680 ra-

496 1698 617 1735 tiones
655 1697 769 1746 aliqui
807 1697 1045 1734 crediderunt
1073 1705 1110 1734 et
1143 1696 1442 1734 discrediderunt
1478 1710 1561 1734 esse

495 1751 625 1787 locum
655 1759 690 1787 et
713 1762 892 1788 vacuum.
923 1750 976 1786 Illi
1005 1750 1107 1787 enim
1137 1750 1200 1798 qui
1230 1749 1357 1786 dicunt
1385 1762 1468 1786 esse
1495 1762 1561 1786 va-

497 1816 637 1850 cuum,
675 1810 825 1852 ponunt
861 1803 987 1851 ipsum
1024 1810 1065 1839 ut
1108 1802 1316 1852 quemdam
1353 1803 1481 1839 locum
1526 1810 1562 1839 et

497 1856 693 1905 quoddam
711 1868 797 1892 vas:
828 1856 933 1904 quod
962 1855 1118 1904 quidem
1137 1867 1206 1892 vas
1232 1856 1294 1892 vel
1323 1856 1429 1892 locus
1456 1855 1561 1892 vide-

495 1918 555 1946 tur
593 1921 674 1945 esse
711 1909 889 1958 plenum,
920 1920 1008 1944 curn
1037 1909 1152 1945 habet
1187 1908 1283 1945 intra
1317 1921 1357 1945 se
1395 1909 1560 1958 aliquam

497 1963 641 1999 molem
661 1961 817 1998 alicuius
846 1961 1036 2009 corporis;
1057 1961 1125 1998 sed
1149 1961 1302 2010 quando
1329 1974 1408 1998 non
1435 1962 1559 2009 habet,

497 2015 630 2052 dicitur
649 2027 731 2051 esse
750 2027 934 2051 vacuum:
956 2026 1000 2050 ac
1027 2013 1058 2050 si
1078 2013 1180 2051 idem
1200 2014 1369 2051 subiecto
1395 2014 1441 2051 sit
1460 2014 1562 2052 locus

497 2076 533 2106 et
560 2080 723 2106 vacuum
752 2075 788 2104 et
809 2067 982 2115 plenum,
1008 2067 1076 2104 sed
1105 2066 1279 2104 differant
1303 2068 1323 2089 ⁸⁸
1351 2068 1476 2104 solum
1504 2080 1561 2104 se-

497 2122 666 2159 cundum
695 2121 892 2157 rationem.

551 2187 586 2213 2.
607 2174 755 2211 Deinde
773 2186 859 2210 cum
876 2173 978 2210 dicit:
994 2173 1165 2220 Incipere
1179 2178 1302 2208 autem
1319 2178 1463 2220 oportet
1477 2180 1558 2220 etc„

497 2228 660 2265 ostendit
679 2239 755 2276 quo
786 2226 918 2263 ordine
938 2225 1270 2263 determinandum
1290 2224 1336 2262 sit
1355 2226 1402 2262 de
1421 2237 1557 2262 vacuo.

496 2282 545 2318 Et
565 2280 652 2317 dicit
681 2280 785 2329 quod
813 2287 962 2328 oportet
982 2278 1146 2327 incipere
1175 2275 1231 2314 ab'
1252 2279 1338 2324 hoc,
1359 2278 1464 2326 quod
1491 2291 1560 2327 po-

495 2346 632 2370 namus
661 2333 825 2370 tationes
854 2344 989 2369 eorum
1018 2331 1081 2379 qui
1111 2331 1240 2368 dicunt
1266 2343 1434 2367 vacuum
1455 2344 1558 2377 esse;

495 2394 532 2423 et
559 2386 694 2423 iterum
716 2398 848 2422 eorum
877 2385 942 2434 qui
962 2384 1091 2421 dicunt
1109 2395 1276 2420 vacuum
1301 2395 1378 2420 non
1399 2396 1503 2431 esse;
1525 2392 1560 2421 et

494 2439 631 2476 iterum
661 2451 885 2476 communes
906 2437 1104 2487 opiniones
1133 2438 1179 2474 de
1204 2449 1341 2484 vacuo,
1371 2436 1462 2486 quid
1490 2437 1558 2474 sci-

493 2493 577 2529 licet
605 2492 654 2529 ad
682 2492 867 2529 rationem
894 2491 1006 2528 vacui
1033 2489 1227 2539 pertineat.

549 2546 583 2582 3.
614 2545 763 2582 Deinde
793 2557 880 2581 cum
911 2544 1014 2581 dicit:
1048 2543 1127 2579 Alii
1157 2543 1305 2591 quidem
1339 2542 1455 2592 igitur
1482 2548 1557 2579 ten-

493 2604 610 2636 tantes
637 2604 849 2635 monstrare
878 2605 967 2643 etc.,
1001 2596 1243 2645 prosequitur
1276 2595 1382 2643 quod
1414 2595 1556 2632 dictum

495 2660 560 2689 est.
591 2653 640 2688 Et
663 2651 787 2700 primo
816 2650 1021 2700 praemittit
1040 2661 1085 2685 ea
1105 2661 1202 2697 quae
1231 2655 1319 2684 sunt
1346 2647 1557 2684 necessaria

494 2706 542 2742 ad
576 2705 844 2754 inquirendum
881 2703 1080 2739 veritatem
1119 2701 1165 2738 de
1203 2713 1349 2745 vacuog
1388 2700 1556 2737 secundo

493 2757 622 2807 incipit
648 2757 835 2806 inquirere
863 2755 1074 2800 veritatem,
1105 2753 1176 2790 ibi:
1217 2753 1403 2795 Quoniam
1432 2759 1556 2790 autem

494 2823 568 2848 non
597 2817 651 2847 est
675 2811 695 2831 '³‘
730 2818 798 2846 etc.
833 2809 943 2845 Circa
974 2807 1142 2856 primurn
1177 2806 1253 2843 duo
1286 2805 1393 2842 facit:
1429 2806 1555 2855 primo

492 2864 600 2912 ponit
628 2863 790 2900 rationes
818 2860 1043 2910 ponentium
1073 2867 1109 2895 et
1136 2858 1354 2906 negantium
1380 2871 1461 2895 esse
1489 2871 1555 2895 va-

494 2929 631 2962 cuum;
661 2915 830 2952 secundo
850 2913 957 2962 ponit
985 2924 1233 2949 communem
1262 2911 1482 2960 opinionem
1509 2913 1555 2948 de

492 2981 629 3016 vacuo,
651 2968 854 3005 ostendens
884 2965 974 3015 quid
1003 2965 1048 3001 sit
1077 2965 1123 3002 de
1153 2964 1295 3001 ratione
1323 2964 1452 3010 vacui,
1482 2964 1554 3001 ibi:

492 3022 555 3058 Ad
581 3021 690 3070 quale
718 3027 841 3057 autem
866 3020 885 3040 ²¹³
914 3026 982 3055 etc.
1010 3017 1118 3054 Circa
1146 3017 1312 3066 primum
1342 3016 1418 3054 duo
1449 3017 1554 3053 facit:

492 3075 617 3124 primo
647 3074 753 3122 ponit
781 3073 964 3110 rationem
993 3071 1211 3118 negantium
1247 3082 1328 3106 esse
1365 3082 1553 3116 vacuum;

494 3127 663 3165 secundo
684 3126 847 3164 rationes
867 3124 1151 3170 affirmantium,
1177 3122 1245 3159 ibi:
1270 3123 1335 3159 sed
1358 3123 1554 3171 affirman-

494 3186 545 3217 tes
574 3194 592 3216 e
611 3193 642 3216 c.
663 3180 683 3200 ⁸²

546 3245 583 3281 4.
596 3188 713 3270 tDicit
742 3244 830 3280 ergo
858 3230 1004 3280 primo,
1035 3229 1139 3278 quod
1169 3228 1282 3278 aliqui
1311 3228 1553 3277 antiquorum

548 3366 574 3397 α)
594 3365 630 3390 ad
650 3363 836 3389 destruendum
857 3369 977 3387 vacuum.
990 3376 1009 3380 -
1021 3361 1058 3386 ad
1081 3359 1316 3385 demonstrandum
1341 3365 1450 3384 vacuum
1471 3359 1500 3389 E,
1518 3359 1555 3384 ad

495 3401 730 3425 demonstrandum
750 3406 860 3424 vacuum
887 3405 938 3422 non
957 3404 1012 3423 esse
1031 3397 1064 3427 P3
1084 3396 1115 3421 cf.
1133 3403 1206 3420 num.
1220 3402 1276 3427 seq.
1293 3395 1318 3419 in
1337 3394 1395 3425 fine,
1408 3394 1451 3419 ubi
1465 3394 1520 3426 ipsa
1535 3395 1553 3419 P

493 3435 569 3460 habet
590 3436 723 3460 destruere
742 3442 861 3459 vacuum.

549 3469 574 3503 β)
594 3478 644 3494 non
659 3471 693 3495 sit
707 3469 816 3502 aliquod
829 3469 970 3501 spatium...
984 3475 1038 3493 esse
1054 3474 1173 3492 vacuum.
1183 3480 1202 3485 -
1212 3465 1288 3490 Pinna
1306 3472 1418 3498 sequens
1434 3465 1474 3489 ed.
1489 3464 1553 3495 1545

496 3504 555 3537 legit
575 3506 624 3529 sic:
645 3512 695 3529 non
719 3505 754 3529 sit
779 3504 886 3536 aliquod
911 3510 1006 3535 corpus
1030 3503 1070 3527 vel
1092 3501 1201 3534 aliquod
1225 3501 1339 3532 spatium
1365 3500 1420 3525 sine
1444 3506 1554 3532 corpore

495 3540 617 3568 sensibili,
633 3540 773 3564 secundum
794 3540 864 3571 quod
884 3538 1025 3571 dupliciter·
1042 3537 1126 3569 aliqui
1140 3537 1276 3569 ponebant
1294 3542 1350 3561 esse
1368 3542 1493 3564 vacuum5
1508 3535 1553 3559 sed

496 3575 570 3599 lectio
590 3582 667 3607 quam
687 3583 716 3599 ex
736 3575 865 3599 codicibus
885 3579 909 3598 et
921 3573 964 3598 ab
983 3573 1128 3605 recipimus,
1144 3573 1226 3605 magis
1239 3571 1347 3604 quadrat
1365 3578 1424 3595 cum
1445 3570 1554 3595 decursu

497 3610 723 3642 argumentationis
745 3615 769 3634 ct
789 3609 960 3633 conclusione.
986 3609 1106 3640 Arguitur
1131 3609 1199 3632 enim
1218 3607 1268 3632 sic:
1295 3611 1419 3639 ponentes
1444 3613 1553 3630 vacuum

1125 291 1471 342 PHYSICORUM
1498 292 1846 329 ARISTOTELIS
1877 293 1970 329 LIB.
2001 293 2053 329 IV

1615 371 1659 399 vel
1688 370 1717 398 in
1741 370 1809 407 ipsis
1834 370 2020 407 corporibus,
2050 371 2095 399 vel
2124 372 2210 400 etiam
2233 378 2311 401 extra
2337 379 2431 402 totum
2462 375 2636 405 universum.
2658 392 2678 398 -

1617 411 1645 438 6.
1675 410 1838 438 Subdivisio
1874 417 1975 438 textus.
2001 426 2021 431 -
2043 420 2070 447 7.
2099 411 2182 440 Ratio
2210 412 2381 448 ponentium
2412 423 2534 443 vacuum
2563 425 2677 452 separa-

1616 456 1678 478 tum
1699 448 1763 478 talis
1781 456 1849 478 erat.
1873 450 1903 478 Si
1924 459 1985 478 non
2006 449 2042 478 sit
2062 459 2194 486 vacuum,
2209 460 2270 479 non
2291 458 2386 488 potest
2400 462 2461 482 esse
2482 461 2578 483 motus
2599 455 2676 484 loca-

1616 489 1659 525 lis,
1681 499 1747 518 cum
1771 489 1801 517 in
1825 489 1943 526 plenum
1967 489 2038 517 nihil
2062 497 2227 526 moveatur;
2252 491 2381 529 alioquin
2403 493 2462 521 duo
2487 503 2610 530 corpora
2633 495 2677 523 vel

1616 528 1702 557 etiam
1723 529 1823 564 multa,
1845 535 1963 566 possent
1983 538 2045 558 esse
2066 530 2096 557 in
2117 531 2222 558 eodem
2242 531 2318 566 loco,
2340 537 2368 559 et
2393 532 2549 561 maximum
2571 543 2678 571 corpus

1616 568 1645 596 in
1666 570 1755 605 par‘vo
1769 569 1845 597 loco.
1861 569 1935 597 Cum
1959 578 2027 606 ergo
2052 569 2087 597 sit
2110 576 2215 605 motus,
2233 577 2261 598 et
2283 580 2406 599 vacuum
2429 581 2490 600 esse
2514 580 2636 609 oportet.
2658 590 2677 595 -

1617 609 1644 636 8.
1673 608 1803 636 Melissus
1825 617 1840 636 e
1861 615 1976 644 contra,
1999 618 2032 637 ex
2061 618 2096 637 eo
2125 610 2205 646 quod
2232 619 2292 638 non
2318 610 2354 638 sit
2374 619 2512 647 vacuum,
2540 621 2593 641 nee
2613 622 2678 641 mo-

1616 654 1677 676 tum
1703 647 1764 676 dari
1785 648 1931 676 inferebat.
1948 663 1967 668 —
1986 657 2013 685 9.
2036 649 2094 683 Qui
2119 658 2243 678 vacuum
2269 650 2298 678 in
2320 650 2490 686 corporibus
2519 660 2581 679 esse
2601 652 2678 680 diee-

1615 687 1704 723 bant,
1731 687 1822 715 tribus
1852 687 2011 716 rationibus
2045 689 2234 717 ducebantur:
2263 691 2291 725 a)
2320 690 2388 727 quia
2421 691 2678 720 condensationem

1616 727 1677 755 fieri
1705 727 1918 763 existimabant,
1941 737 1975 756 ac
1995 727 2020 756 si
2045 728 2164 757 densato
2193 738 2329 766 corpore,
2358 736 2452 766 partes
2480 729 2510 758 in
2538 731 2678 767 quasdam

1616 765 1770 794 vacuitates
1790 766 1991 795 subintrarent.
2015 784 2034 789 —
2062 777 2105 796 io.
2135 768 2163 804 b)
2199 768 2274 803 Quia
2294 778 2418 806 corpora
2438 779 2489 806 per
2509 769 2679 798 alimentum

1616 812 1772 842 augentur;
1795 812 1909 842 oportet
1935 806 2021 844 igitur
2047 816 2109 836 esse
2135 808 2290 836 vacuitates
2318 808 2348 836 in
2376 809 2480 846 quibus
2507 809 2678 838 alimentum

1616 845 1784 881 recipiatur;
1806 855 1887 874 secus
1909 846 1968 874 duo
1989 855 2113 884 corpora
2140 854 2235 876 essent
2255 848 2285 876 in
2316 849 2420 876 eodem
2447 849 2514 877 loco
2536 866 2554 870 -
2579 858 2622 877 ιι.
2651 855 2678 884 c)

1617 885 1756 921 Exemplo
1771 885 1844 913 vasis
1865 885 1942 922 pleni
1955 885 2065 922 cinere,
2089 888 2170 924 quod
2189 894 2302 916 tantum
2316 889 2352 916 de
2366 897 2443 925 aqua
2456 888 2564 925 recipit,
2586 897 2678 925 quan-

1616 930 1681 992 {Euml
1693 924 1717 952 si
1730 931 1804 953 esset
1823 934 1956 954 vacuum.
1977 941 1997 947 -
2022 933 2064 954 12.
2083 926 2191 964 Opinio
2206 927 2463 965 Pythagoricorum
2483 928 2520 956 de
2541 937 2642 956 vacuo.
2657 943 2677 948 -

1641 973 1765 1001 pxogus.

1614 1054 1944 1112 philosophorum,
1964 1065 2136 1101 volentes
2164 1072 2375 1102 monstrare
2403 1077 2482 1102 non
2510 1077 2592 1103 esse
2609 1079 2676 1103 va-

1616 1128 1751 1163 cuum,
1790 1116 1828 1153 in
1865 1117 1939 1153 hoc
1974 1124 2248 1166 peccaverunt,
2289 1118 2392 1166 quod
2429 1130 2508 1155 non
2545 1130 2676 1166 argue-

1615 1169 1705 1205 bant
1734 1177 1864 1206 contra
1892 1169 2077 1207 rationem
2096 1169 2356 1218 *ponentium
2385 1182 2466 1207 esse
2495 1183 2675 1209 vacuum.

1615 1222 1707 1258 Non
1735 1221 1841 1258 enirn*
1866 1222 2116 1259 ostendebant
2143 1234 2222 1259 non
2250 1234 2331 1259 esse
2353 1223 2372 1244 ⁵¹²
2395 1235 2579 1270 vacuum,
2609 1223 2677 1261 sed
2703 1234 2714 1244 ·

1615 1274 1845 1311 inducebant
1872 1274 2037 1311 rationes
2065 1287 2152 1311 suas
2181 1275 2230 1311 ad
2264 1275 2544 1313 ostendendum
2573 1277 2690 1325 quod*

1614 1327 1773 1374 plenum
1802 1339 1888 1363 aere
1908 1339 1986 1363 non
2010 1334 2067 1363 est
2093 1339 2272 1374 vacuum,
2301 1335 2344 1364 ut
2369 1335 2474 1377 patet
2500 1329 2548 1366 de
2575 1331 2678 1366 Ana-

1614 1391 1755 1427 xagora
1779 1386 1815 1415 et
1833 1379 1913 1416 aliis
1941 1379 2110 1416 similiter
2141 1381 2507 1429 argumentantibus,
2537 1382 2601 1431 qui
2629 1382 2679 1420 ad

1616 1432 1888 1469 destruendum
1930 1445 2097 1470 vacuum
2135 1439 2152 1454 ⁸‘
2191 1433 2374 1470 volebant
2419 1431 2678 1472 demonstrare

1616 1485 1720 1533 quod
1745 1497 1809 1522 aer
1837 1485 1883 1522 sit
1915 1485 2072 1534 aliquid:
2101 1493 2138 1523 et
2164 1485 2230 1534 ita,
2261 1498 2348 1522 cum
2372 1498 2539 1524 vacuum
2568 1486 2614 1524 sit
2640 1487 2679 1524 in

1615 1550 1692 1587 quo
1712 1537 1802 1575 nihil
1822 1545 1888 1585 est,
1910 1538 2078 1587 sequitur
2105 1538 2211 1588 quod
2237 1539 2395 1588 plenum
2424 1551 2512 1577 aere
2530 1552 2610 1578 non
2634 1540 2680 1577 sit

1614 1603 1794 1628 vacuum.
1817 1591 1934 1638 Quod
1953 1599 2080 1628 autem
2100 1603 2166 1628 aer
2193 1591 2239 1628 sit
2265 1591 2418 1641 aliquid,
2444 1592 2679 1630 demonstra-

1616 1644 1716 1690 bant,
1745 1643 1928 1691 litigantes
1958 1657 2046 1682 cum
2080 1644 2156 1682 suis
2184 1644 2429 1693 adversariis,
2457 1656 2527 1695 per
2557 1653 2678 1692 utres;

1616 1696 1680 1745 qui
1719 1708 1807 1733 cum
1850 1697 1922 1733 sint
1963 1697 2100 1744 inflati,
2138 1705 2299 1746 possunt
2335 1697 2490 1746 aliquod
2525 1698 2679 1747 pondus

1614 1749 1818 1786 sustinere:
1849 1749 1953 1798 quod
1972 1763 2050 1787 non
2070 1758 2179 1797 esset,
2207 1750 2278 1787 nisi
2306 1763 2372 1787 aer
2400 1759 2498 1788 esset
2524 1750 2677 1800 aliquid.

1615 1803 1663 1839 Et
1683 1802 1735 1838 sic
1755 1802 2014 1840 demonstrant
2041 1803 2147 1852 quod
2175 1815 2240 1840 aer
2267 1810 2324 1840 est
2346 1803 2461 1841 fortis.
2493 1804 2542 1840 Et
2564 1803 2678 1840 etiam

1613 1867 1683 1903 per
1701 1856 1776 1891 hoc
1803 1855 1908 1904 quod
1927 1855 2115 1904 accipiunt
2133 1868 2260 1893 aerem
2279 1856 2318 1892 in
2337 1856 2557 1904 clepsydris,
2582 1856 2680 1894 idest

1614 1908 1652 1944 in
1670 1907 1772 1944 vasis
1801 1908 2009 1945 furantibus
2034 1920 2195 1958 aquam:
2224 1909 2263 1946 in
2291 1908 2429 1957 quibus
2458 1921 2546 1946 cum
2567 1915 2677 1946 attra-

1615 1960 1738 1997 ctione
1758 1961 1853 1998 aeris
1882 1960 2076 1998 attrahitur
2103 1973 2214 2010 aqua,
2242 1962 2304 1998 vel
2333 1961 2446 1998 etiam
2474 1960 2679 2010 impeditur

1614 2013 1784 2050 introitus
1813 2026 1951 2063 aquae,
1973 2013 2043 2051 nisi
2072 2021 2180 2051 exeat
2206 2026 2281 2051 aer.
2302 2015 2410 2051 Patet
2436 2013 2546 2062 igitur
2572 2013 2678 2063 quod

1614 2066 1671 2103 isti
1691 2079 1770 2104 non
1790 2066 1970 2104 obiiciunt
1989 2066 2038 2104 ad
2064 2067 2315 2115 positionem:
2337 2067 2426 2116 quia
2453 2079 2589 2105 omnes
2606 2079 2677 2116 po-

1614 2127 1747 2156 nentes
1776 2132 1858 2156 esse
1890 2132 2078 2166 vacuum,
2111 2120 2247 2156 volunt
2279 2121 2360 2156 esse
2392 2131 2560 2156 vacuum
2593 2131 2677 2168 spa-

1613 2171 1729 2219 tium,
1754 2172 1793 2209 in
1822 2185 1898 2220 quo
1914 2173 2060 2209 nullum
2081 2184 2219 2221 corpus
2240 2171 2415 2208 sensibile
2431 2179 2501 2208 est:
2521 2179 2678 2221 propter

1613 2225 1687 2261 hoc
1716 2225 1820 2274 quod
1840 2237 1956 2262 omne
1985 2225 2089 2273 quod
2110 2232 2175 2272 est,
2197 2224 2399 2274 opinantur
2427 2236 2510 2261 esse
2539 2236 2678 2274 corpus

1613 2278 1800 2325 sensibile,
1822 2285 1858 2315 et
1877 2277 1930 2314 sic
1947 2277 2013 2314 ubi
2042 2290 2120 2314 non
2149 2285 2205 2314 est
2233 2289 2370 2326 corpus
2390 2276 2578 2325 sensibile,
2599 2290 2677 2314 cre-

1614 2331 1708 2368 dunt
1727 2331 1747 2351 ²⁸
1766 2331 1857 2367 nihil
1885 2343 1978 2380 esse.
1995 2331 2106 2368 Unde
2127 2342 2215 2367 cum
2235 2343 2300 2367 aer
2318 2330 2364 2367 sit
2388 2342 2526 2378 corpus
2553 2330 2676 2368 modi·
2703 2341 2731 2374 ·,

1614 2396 1702 2420 cum
1731 2383 1925 2431 sensibile,
1956 2383 2158 2432 opinantur
2185 2383 2290 2432 quod
2317 2383 2383 2419 ubi
2416 2395 2494 2419 non
2523 2389 2579 2420 est
2605 2382 2676 2420 nisi

1613 2449 1694 2483 aer,
1724 2436 1770 2473 sit
1796 2448 1974 2474 vacuum.

1670 2490 1702 2526 5.
1732 2489 1792 2525 Ad
1828 2488 2099 2526 destruendum
2132 2488 2241 2536 igitur
2269 2500 2403 2525 eorum
2431 2487 2672 2537 positionem,

1612 2554 1690 2579 non
1718 2541 1855 2579 sufficit
1888 2541 2086 2578 ostendere
2114 2541 2217 2591 quod
2245 2553 2310 2578 aer
2342 2541 2388 2578 sit
2415 2539 2571 2590 aliquid:
2605 2541 2674 2578 sed

1612 2602 1761 2643 oportet
1793 2595 1991 2631 ostendere
2021 2594 2125 2643 quod
2153 2606 2231 2631 non
2258 2593 2304 2631 sit
2331 2593 2486 2642 aliquod
2509 2593 2673 2643 spatium

1611 2647 1691 2684 sine
1730 2659 1889 2695 corpore
1926 2647 2101 2683 sensibili.
2141 2647 2257 2693 Quod
2285 2646 2441 2695 quidem
2479 2646 2675 2695 dupliciter

1612 2700 1725 2748 aliqui
1753 2700 1947 2748 ponebant
1975 2712 2057 2736 esse
2085 2711 2252 2736 vacuum
2271 2697 2306 2735 fi:
2335 2711 2415 2736 uno
2441 2700 2558 2736 modo
2579 2699 2674 2737 sicut

1612 2761 1827 2801 separatum
1848 2765 1870 2789 a
1890 2752 2123 2801 corporibus,
2144 2760 2186 2789 ut
2213 2752 2243 2789 si
2272 2752 2484 2789 diceremus
2507 2752 2673 2802 spatium

1612 2805 1717 2854 quod
1746 2813 1800 2842 est
1828 2805 1923 2842 infra
1952 2805 2202 2842 extremitates
2230 2802 2391 2842 alicuius*
2413 2805 2564 2852 domus,
2590 2817 2672 2845 esse

1611 2871 1796 2904 vacuum;
1826 2858 1899 2895 alio
1920 2858 2038 2895 modo
2059 2858 2154 2895 sicut
2173 2866 2258 2895 actu
2288 2858 2447 2895 existens
2476 2857 2571 2895 inter
2589 2870 2671 2895 cor-

1610 2924 1716 2960 pora,
1738 2911 1842 2960 quod
1866 2911 2056 2958 distinguit
2084 2923 2244 2960 corpora
2272 2911 2320 2948 ab
2349 2911 2514 2948 invicem
2532 2918 2575 2947 ut
2592 2918 2671 2948 non

1611 2964 1683 3001 sint
1702 2964 1890 3011 continua,
1911 2971 1952 3000 ut
1981 2963 2154 3000 dixerunt
2180 2963 2421 3000 Democritus
2450 2970 2487 3000 et
2510 2963 2670 3012 Leucip-

1609 3029 1680 3065 pus
1711 3025 1745 3053 et
1768 3017 1874 3053 multi
1903 3016 2064 3053 aliorum
2093 3016 2319 3053 naturalium
2338 3016 2668 3065 philosophorum.

1611 3069 1917 3117 Imaginabantur
1941 3069 2043 3105 enirn
2062 3069 2167 3117 quod
2186 3069 2216 3106 si
2235 3077 2357 3106 totum
2377 3081 2444 3106 ens
2464 3076 2562 3105 esset
2581 3081 2671 3107 con-

1609 3122 1768 3168 tinuum,
1785 3121 1915 3158 omnia
1934 3129 2058 3158 essent
2076 3134 2213 3158 unum:
2242 3134 2320 3160 non
2340 3121 2442 3159 enirn
2462 3129 2560 3158 esset
2579 3121 2670 3159 assi-

1609 3187 1723 3222 gnare
1752 3187 1867 3223 quare
1896 3174 2016 3222 magis
2054 3174 2368 3222 distinguerentur
2396 3187 2558 3223 corpora
2583 3176 2668 3223 plus

1609 3227 1669 3264 hic
1697 3239 1812 3276 quam
1842 3227 1891 3264 ibi
1911 3232 1936 3264 ⁷.
1967 3227 2077 3264 Unde
2097 3226 2193 3264 inter
2212 3227 2341 3264 omnia
2361 3239 2522 3277 corpora
2541 3227 2668 3265 distin-

1608 3360 1699 3384 volunt
1718 3359 1780 3384 illud
1798 3366 1857 3383 esse
1876 3359 1986 3391 spatium
2011 3359 2066 3384 sine
2084 3366 2192 3391 corpore
2215 3359 2343 3384 sensibili:
2364 3366 2426 3392 ergo
2445 3364 2533 3384 contra
2550 3366 2597 3384 eoa
2615 3366 2668 3383 non

1609 3395 1683 3420 debet
1702 3395 1802 3419 ostendi
1822 3402 1908 3419 aerem
1931 3401 1990 3419 esse
2013 3394 2124 3427 aliquid,
2143 3395 2189 3419 sed
2214 3394 2326 3428 spatium
2345 3395 2401 3419 sine
2419 3402 2528 3428 corpore
2552 3393 2667 3419 sensibili

1610 3438 1660 3455 non
1681 3430 1795 3455 existere.
1815 3429 1956 3462 Dupliciter
1975 3435 2061 3455 autem
2080 3430 2211 3463 ponebant
2229 3430 2340 3463 spatium
2359 3429 2414 3454 aine
2427 3437 2535 3463 corpore
2553 3427 2667 3455 sensibili

1609 3473 1668 3490 esse
1693 3473 1818 3490 vacuum:
1845 3464 1921 3490 debet
1945 3472 2006 3498 crgo
2035 3465 2135 3490 ostendi
2161 3472 2271 3490 vacuum
2299 3465 2370 3490 nullo
2397 3465 2505 3490 istorum
2529 3464 2666 3490 modorum

1609 3508 1675 3525 esse.

1661 3536 1688 3569 γ)
1706 3543 1820 3568 corpora
1835 3535 1898 3567 plus
1920 3535 1962 3561 hic
1977 3542 2056 3568 quam
2071 3534 2116 3560 ibi.
2129 3549 2148 3554 -
2160 3535 2195 3560 Ita
2215 3535 2298 3560 PsXY
2321 3540 2347 3560 et
2365 3534 2396 3564 b,-
2407 3540 2521 3566 corpora
2543 3533 2586 3558 hic
2604 3533 2667 3565 plus

1609 3578 1686 3603 quam
1701 3571 1736 3596 ibi
1754 3571 1804 3601 FB,
1819 3571 1861 3596 hic
1873 3577 1987 3602 corpora
1997 3571 2061 3602 plus
2079 3577 2157 3602 quam
2174 3570 2210 3595 ibi
2227 3570 2255 3602 Z,
2268 3577 2383 3602 corpora
2391 3569 2454 3601 plus
2471 3574 2550 3601 qum
2569 3568 2604 3594 uei
2623 3568 2666 3592 OS

1608 3606 1673 3638 TpX
1689 3612 1712 3631 et
1731 3614 1756 3635 a,
1771 3613 1885 3638 corpora
1902 3606 1982 3637 plura
1997 3605 2059 3637 plus
2078 3605 2120 3630 hic
2139 3612 2217 3637 quam
2233 3605 2268 3630 ibi
2286 3605 2316 3635 L,
2326 3603 2406 3636 prius
2423 3603 2466 3630 hic
2483 3610 2562 3636 quam
2582 3602 2616 3628 ibi
2631 3603 2652 3627 V
2658 3610 2666 3633 ;
