2898 3996
200 453 211 461 ·'
226 451 388 472 conveniuntn
374 456 415 471 nm

202 480 222 487 ··
236 477 299 499 Lect.
314 483 347 503 m,
358 483 381 498 n.
391 482 412 497 2.

300 513 312 529 ν

203 719 211 727 ·
226 719 263 738 est
280 722 327 738 om.
343 716 412 737 codd.

202 749 251 764 exc.
266 749 302 764 m.

202 778 213 788 ⁸
226 776 295 798 Num.
311 782 331 798 2.

201 874 210 882 ¹
217 872 350 897 Leonum,
358 877 380 892 n.
389 876 412 898 9.

200 1188 208 1196 ·
224 1188 247 1207 et
260 1191 307 1207 om.
323 1185 374 1207 rab.

198 1397 207 1405 ·
222 1395 272 1417 a1ta
286 1395 339 1417 add.
354 1395 389 1417 rb.

197 1876 206 1882 '
218 1873 321 1901 sequitur
334 1873 400 1895 nab.

198 2406 208 2415 ⁶
223 2405 312 2427 moveri
325 2405 375 2427 aab.

198 2511 207 2519 '
222 2510 292 2531 aliter
309 2515 358 2531 om.
370 2516 408 2531 Am

198 2542 374 2562 xcuoqnsrvva.

201 3144 209 3151 '
223 3142 292 3163 Num.
307 3148 326 3163 2.
336 3154 345 3158 -
357 3148 411 3164 con-

200 3168 270 3190 cludit
289 3174 337 3190 rcr-

202 3248 211 3255 '
222 3247 274 3267 item
285 3252 389 3268 otonem(

438 262 515 308 448

441 339 534 377 ratio
559 337 768 375 Aristotelis
796 337 857 374 hic
883 335 1055 386 procedit
1083 335 1130 372 de
1158 334 1338 383 potentia,
1359 334 1503 371 ratione

441 404 532 429 suae
551 390 752 428 infinitatis.
771 389 935 427 Finitum
956 396 1083 425 autem
1104 395 1140 424 et
1154 386 1503 424 infinitumconve-

441 445 524 481 nit*
536 443 741 492 quantitati,
763 450 804 479 ut
823 454 936 491 supra
958 441 995 478 in
1014 441 1139 489 primo
1154 441 1194 462 ⁸³*
1208 439 1380 476 habitum
1401 445 1485 476 est

441 497 542 534 unde
559 495 751 555 potentiae
770 507 868 544 quae
892 506 970 530 non
991 501 1046 530 est
1074 494 1112 529 in
1133 492 1404 540 magnitudine,
1425 504 1504 529 non

439 549 591 598 proprie
613 548 793 597 competit
811 546 916 595 quod
936 546 981 582 sit
1000 545 1105 582 finita
1122 546 1184 582 vel
1204 544 1360 581 infinita.
1381 565 1405 572 -
1426 545 1503 582 Sed

440 603 535 639 haec
563 601 759 649 responsio
789 607 844 636 est
872 606 908 635 et
936 605 1066 635 contra
1093 598 1341 634 intentionem
1361 597 1503 634 Aristo-

440 654 533 701 telis,
551 661 587 690 et
606 660 736 690 contra
753 652 964 690 veritatem.
991 651 1133 687 Contra
1159 650 1405 687 intentionem
1423 649 1504 698 qui-

442 707 530 743 dem
563 705 772 742 Aristotelis
807 712 863 741 est
892 705 911 725 '⁵
924 703 1051 766 ,quia
1078 703 1297 740 Aristoteles
1329 702 1367 739 in
1395 715 1504 762 prae-

442 759 588 796 cedenti
617 757 980 796 demonstratione*
998 756 1176 805 probavit
1203 755 1308 804 quod
1336 755 1504 804 potentia

441 823 603 848 movens
634 818 806 859 ternpore
841 809 987 846 infinito
1017 809 1062 845 sit
1090 808 1256 845 infinita:
1291 815 1328 844 et
1357 820 1401 844 ex
1429 809 1504 845 hoc

440 864 535 900 infra
563 864 583 884 *²
613 863 802 900 concludit
835 862 940 911 quod
967 861 1135 910 potentia
1162 873 1326 898 movens
1355 862 1502 898 caelum

440 929 518 953 non
539 924 593 953 est
611 917 779 965 potentia
798 915 836 952 in
855 914 1125 962 magnitudine.
1150 915 1219 950 Est
1239 914 1352 950 etiam
1373 921 1503 951 contra

439 969 659 1006 veritatem:
695 968 782 1017 quia
817 980 905 1004 cum
939 967 1065 1004 omnis
1098 966 1268 1016 potentia
1301 967 1424 1003 activa
1458 967 1504 1003 sit

440 1022 652 1058 secundum
681 1021 846 1069 aliquam
877 1020 1063 1067 formam,
1099 1032 1144 1056 eo
1173 1020 1291 1056 modo
1326 1019 1504 1056 convenit

439 1074 661 1122 magnitudo
680 1073 882 1122 potentiae,
899 1080 936 1109 et
953 1085 1023 1121 per
1043 1084 1280 1120 consequens
1295 1072 1446 1126 finitum
1466 1080 1503 1109 et

438 1126 638 1174 infinitum,
660 1126 755 1163 sicut
783 1125 963 1163 convenit
994 1126 1152 1162 formae.
1183 1125 1347 1162 Formae
1375 1133 1503 1162 autem

440 1179 617 1216 convenit
644 1179 864 1227 magnitudo
895 1186 931 1215 et
948 1179 968 1200 *
985 1191 1054 1228 per
1072 1190 1124 1225 se,
1151 1185 1187 1214 et
1209 1190 1278 1227 per
1305 1178 1502 1215 accidens:

436 1244 506 1280 per
524 1244 564 1268 se
584 1232 751 1281 quidem,
768 1231 979 1268 secundum
998 1230 1271 1280 perfectionem
1290 1230 1406 1278 ipsius
1429 1231 1503 1267 for-

438 1296 542 1331 mae,
563 1285 657 1322 sicut
677 1285 811 1322 dicitur
829 1290 968 1332 magna
996 1284 1133 1321 albedo
1154 1283 1267 1320 etiam
1287 1295 1428 1331 parvae
1448 1283 1502 1319 ni-

437 1337 507 1384 vis,
527 1337 738 1375 secundum
756 1337 1027 1386 perfectionem
1045 1336 1220 1386 propriae
1240 1335 1410 1382 rationis3
1434 1347 1504 1384 per

438 1390 614 1427 accidens
642 1398 770 1427 autem
799 1389 1009 1426 secundum
1038 1389 1142 1437 quod
1175 1388 1300 1437 aliqua
1329 1389 1349 1409 ’¹‘
1376 1388 1502 1425 forma

436 1443 552 1480 habet
580 1443 836 1480 extensionem
865 1442 903 1478 in
923 1442 1108 1488 subiecto,
1139 1441 1233 1477 sicut
1261 1441 1395 1478 dicitur
1421 1453 1502 1478 ma-

437 1507 511 1542 gna
551 1496 688 1533 albedo
732 1502 888 1543 propter
930 1493 1229 1541 magnitudinem
1271 1494 1498 1542 superficiei.

437 1548 544 1584 Haec
571 1555 699 1585 autem
720 1547 887 1584 secunda
906 1547 1126 1594 magnitudo
1155 1559 1234 1583 non
1252 1554 1377 1595 potest
1397 1559 1500 1584 com-

436 1608 564 1649 petere
591 1600 781 1649 potentiae
819 1612 917 1648 quae
945 1612 1024 1636 non
1058 1607 1112 1636 est
1148 1599 1186 1636 in
1220 1599 1499 1647 magnitudine:

436 1653 504 1690 sed
531 1653 654 1701 prima
682 1653 902 1701 magnitudo
932 1652 1098 1689 maxime
1119 1652 1152 1689 ei
1181 1653 1382 1701 competit,
1413 1653 1501 1702 quia

435 1705 624 1754 potentiae
653 1706 938 1752 immateriales,
968 1713 1110 1753 quanto
1139 1713 1226 1742 sunt
1258 1706 1384 1743 minus
1412 1718 1501 1743 con-

436 1766 574 1795 tractae
592 1771 661 1807 per
680 1758 970 1807 applicationem
991 1758 1040 1795 ad
1059 1758 1270 1804 materiam,
1291 1766 1394 1796 tanto
1415 1766 1501 1796 sunt

434 1811 675 1860 perfectiores
718 1819 753 1848 et
797 1811 1100 1848 universaliores.
1143 1811 1332 1848 Velocitas
1374 1819 1501 1848 autem

435 1872 561 1901 motus
598 1877 676 1902 non
705 1864 948 1912 consequitur
978 1865 996 1885 ²³⁴
1026 1862 1326 1912 magnitudinem
1354 1865 1500 1902 virtutis

435 1929 533 1965 quae
554 1924 608 1954 est
627 1929 696 1966 per
714 1917 900 1965 accidens,
915 1929 985 1966 per
1004 1917 1262 1954 extensionem
1291 1917 1339 1954 ad
1358 1918 1502 1966 magni-

434 1970 606 2007 tudinem
635 1970 802 2017 subiecti,
823 1971 891 2008 sed
914 1969 1034 2017 magis
1063 1982 1148 2006 eam
1169 1982 1266 2019 quae
1287 1977 1342 2007 est
1359 1983 1429 2019 per
1447 1983 1499 2017 se,

435 2023 647 2060 secundum
683 2022 878 2071 propriam
915 2022 1206 2071 perfectionem:
1235 2023 1324 2071 quia
1356 2031 1499 2073 quanto

436 2075 588 2124 aliquod
618 2088 685 2113 ens
713 2083 799 2112 actu
828 2083 883 2112 est
918 2074 1139 2124 perfectius,
1169 2083 1272 2112 tanto
1302 2083 1356 2112 est
1383 2077 1498 2113 vehe-

436 2128 599 2165 mentius
628 2128 806 2165 activum.
827 2128 938 2173 Unde
958 2141 1036 2165 non
1055 2135 1180 2176 potest
1207 2128 1280 2165 dici
1302 2130 1407 2177 quod
1429 2141 1499 2178 po-

435 2181 550 2218 tentia
587 2193 684 2230 quae
713 2193 790 2218 non
833 2189 886 2217 est
914 2181 952 2217 in
986 2181 1264 2228 magnitudine,
1295 2181 1383 2229 quia
1419 2194 1498 2218 non

438 2242 492 2271 est
525 2233 669 2271 infinita
706 2233 886 2270 infinitate
923 2233 1190 2281 magnitudinis
1228 2245 1326 2282 quae
1362 2242 1417 2271 est
1454 2246 1498 2271 ex

437 2287 695 2334 magnitudine
715 2286 884 2334 subiecti,
900 2294 1055 2335 propter
1069 2287 1144 2323 hoc
1162 2299 1241 2323 non
1261 2295 1390 2324 causet
1409 2299 1497 2335 aug-

437 2348 610 2377 mentum
637 2339 845 2377 velocitatis
882 2339 919 2376 in
947 2339 1158 2386 infinitum,
1189 2339 1294 2388 quod
1332 2348 1387 2377 est
1414 2353 1497 2377 mo-

436 2405 526 2429 vere
548 2395 567 2414 ’³
586 2393 624 2429 in
652 2405 730 2429 non
757 2400 941 2441 tempore.

489 2446 599 2483 Unde
619 2453 654 2482 et
673 2446 775 2482 idem
797 2446 1085 2482 commentator
1103 2446 1202 2482 hanc
1223 2445 1497 2483 dubitationem

437 2498 540 2535 aliter
567 2499 587 2520 *
617 2498 728 2535 solvit
759 2499 797 2535 in
826 2500 876 2535 XI
911 2499 1149 2547 Melaphys.,
1178 2499 1244 2535 ubi
1277 2499 1365 2536 dicit
1392 2499 1496 2548 quod

437 2563 574 2600 corpus
607 2552 766 2588 caeleste
799 2559 977 2588 movetur
1003 2564 1026 2588 a
1059 2551 1198 2601 duplici
1227 2559 1396 2599 motore,
1427 2552 1496 2588 sci-

435 2604 520 2641 licet
551 2616 573 2641 a
605 2612 775 2642 motorec
807 2604 1003 2651 oniuncto,
1038 2604 1102 2653 qui
1136 2612 1192 2641 est
1223 2604 1350 2641 anima
1383 2604 1496 2652 caeli,

437 2665 471 2694 et
499 2670 521 2694 a
553 2665 701 2694 motore
730 2665 914 2706 separato,
945 2657 1009 2706 qui
1046 2670 1124 2695 non
1162 2664 1340 2694 movetur
1372 2669 1496 2706 neque

435 2722 503 2759 per
534 2723 574 2747 se
620 2723 744 2759 neque
778 2723 847 2759 per
888 2710 1074 2747 accidens.
1110 2711 1158 2746 Et
1191 2709 1279 2758 quia
1321 2709 1380 2746 ille
1413 2722 1498 2746 mo-

435 2771 494 2800 tor
531 2771 723 2812 separatus
761 2771 816 2800 est
852 2763 1020 2800 infinitae
1052 2762 1219 2809 virtutis,
1250 2770 1376 2799 motus
1406 2762 1497 2799 caeli

436 2816 592 2865 acquirit
615 2817 662 2853 ab
684 2829 729 2853 eo
758 2823 981 2865 perpetuam
1006 2815 1265 2852 durationem:
1285 2815 1373 2863 quia
1400 2828 1494 2852 vero

436 2877 562 2906 motor
590 2869 811 2906 coniunctus
841 2876 896 2906 est
918 2869 1047 2906 finitae
1074 2868 1231 2915 virtutis,
1253 2868 1341 2904 ideo
1370 2876 1497 2905 motus

438 2922 528 2958 caeli
558 2922 713 2971 acquirit
741 2922 788 2958 ab
819 2935 864 2958 eo
883 2921 1124 2959 velocitatem
1154 2921 1454 2958 determinatam.
1471 2942 1495 2949 —

438 2974 515 3011 Sed
543 2987 613 3011 nec
641 2975 710 3011 ista
729 2975 924 3023 responsio
954 2974 1145 3011 sufficiens
1174 2981 1239 3011 est.
1267 2974 1366 3010 Cum
1396 2974 1496 3011 enim

436 3034 639 3076 utrumque
667 3027 841 3064 videatur
861 3027 1040 3076 consequi
1063 3026 1272 3076 potentiam
1296 3025 1496 3074 infinitam,

437 3079 574 3117 scilicet
592 3080 697 3129 quod
725 3088 880 3117 moveat
898 3088 1079 3130 tempore
1098 3079 1257 3126 infinito,
1277 3087 1319 3116 ut
1344 3091 1497 3128 praece-

438 3132 531 3170 dens
549 3133 569 3154 ’¹‘
589 3133 859 3170 demonstratio
880 3133 1077 3181 conclusit,
1107 3139 1143 3170 et
1162 3132 1266 3181 quod
1286 3140 1440 3170 moveat
1460 3133 1498 3170 in

438 3198 516 3222 non
544 3193 728 3235 ternpore,
748 3193 789 3223 ut
807 3186 957 3223 videtur
976 3185 1201 3223 concludere
1225 3186 1319 3222 haec
1339 3185 1498 3223 demon-

391 3253 412 3269 z-
439 3238 583 3275 stratio:
605 3237 738 3276 ite'rum
756 3240 775 3258 ‘³‘
791 3246 901 3276 restat
921 3238 1102 3277 dubitatio
1119 3249 1236 3287 quare
1251 3237 1378 3275 anima
1394 3238 1496 3285 caeli,

492 3378 515 3408 ν)
534 3384 616 3409 supra
636 3377 661 3402 in
678 3378 767 3409 primo
786 3377 902 3403 habitum
922 3381 999 3403 est.-
982 3378 1039 3403 -fn
1055 3378 1146 3411 primo
1160 3386 1214 3403 om.
1229 3377 1370 3403 PEGaln—
1382 3378 1432 3403 Pro
1447 3386 1496 3411 po-

440 3411 544 3440 tentiae,
558 3412 627 3444 quod
640 3420 692 3437 om.
707 3412 910 3444 EGa,potent1‘a
923 3413 1095 3445 venet-1545
1112 3421 1199 3438 errore
1211 3412 1403 3447 typographico,
1418 3421 1496 3446 quern

440 3452 523 3471 tamen
543 3448 698 3478 posteriores
717 3446 839 3472 editione's
858 3448 1025 3474 retinuerunt.

494 3479 516 3513 Ε)
538 3482 585 3506 Est
604 3482 682 3506 ctiam
701 3482 785 3507 aliud.
801 3495 819 3501 —
835 3482 883 3507 Est
901 3486 988 3508 autem
1007 3483 1082 3508 aliud
1100 3483 1257 3514 A18Y‚Est
1274 3483 1353 3508 etiam
1374 3482 1440 3508 illud
1458 3484 1495 3514 Β,

443 3515 490 3540 Est
508 3516 587 3540 etiam
607 3517 635 3541 C.
654 3531 671 3535 —
690 3517 739 3541 l’ro
759 3517 847 3546 huius,
867 3517 958 3550 Metap
961 3518 984 3542 h.
1005 3518 1130 3551 FNRpC;
1151 3523 1198 3543 cet.
1222 3526 1276 3543 om.
1293 3532 1312 3537 -
1328 3517 1408 3542 Paulo
1432 3518 1495 3544 infra

441 3557 488 3582 pro
507 3550 624 3583 ‹ffectum
643 3552 776 3583 aequalem
793 3552 1038 3584 proportionaliter,
1054 3553 1188 3585 aequalem
1208 3553 1326 3587 effectum
1341 3553 1495 3586 proportio-

442 3588 532 3609 natum
554 3585 620 3614 Palu
635 3587 868 3618 proportionatum
887 3587 963 3612 habet
982 3588 1057 3613 etiam
1073 3588 1379 3621 1,‚proporrionabiliter
1391 3588 1494 3614 DEGH.

1052 257 1397 294 PHYSICORUM
1424 256 1774 294 ARISTOTELIS
1803 257 1898 294 LIB.
1927 257 2014 294 VIII

1558 346 1656 393 quae
1685 342 1817 371 movet
1844 334 1883 371 in
1915 333 2052 371 virtute
2081 334 2240 371 motoris
2278 335 2439 384 separati
2467 335 2622 384 infiniti,

1558 386 1676 434 magis
1705 387 1753 423 ab
1784 399 1830 423 eo
1854 386 2030 423 sortiatur
2057 394 2098 423 ut
2115 387 2235 436 possit
2262 399 2422 425 movere
2449 396 2623 438 ternpore

1558 439 1717 487 infinito,
1737 452 1854 488 quam
1873 447 1915 476 ut
1941 446 2099 476 moveat
2120 440 2320 477 velocitate
2348 441 2503 488 infinita,
2527 442 2624 479 idest

1557 492 1636 530 in*
1655 505 1732 529 non
1761 500 1946 551 ternpore.

1617 557 1674 582 10.
1704 545 1766 582 Ad
1793 546 1891 581 hanc
1919 544 2030 592 igitur
2057 544 2334 582 dubitationem
2364 546 2384 566 ²³⁵
2414 545 2621 584 dicendum

1559 605 1624 643 est,
1651 597 1755 646 quod
1784 597 1909 634 omnis
1932 597 2100 646 potentia
2120 609 2216 646 quae
2241 610 2320 635 non
2348 606 2404 635 est
2422 598 2461 635 in
2480 600 2623 647 magni-

1557 650 1708 698 tudine,
1737 658 1870 688 movet
1895 662 1966 699 per
1992 650 2244 687 intellectum:
2278 650 2332 687 sic
2366 651 2467 689 enim
2497 651 2623 689 Philo-

1558 703 1702 751 sophus
1720 704 1857 751 probat
1876 703 2023 740 caelum
2048 703 2197 740 moveri
2217 715 2240 740 a
2258 715 2328 740 suo
2351 705 2371 725 ²¹*
2391 711 2553 752 motore,
2583 705 2622 742 in
2650 713 2658 723 ·

1557 756 1609 792 XI
1638 756 1854 805 Metaphys.
1879 756 1900 777 '⁸‘
1918 756 2032 793 Nulla
2051 763 2179 792 autem
2199 757 2368 804 potentia
2391 769 2491 806 quae
2510 765 2566 794 est
2583 757 2622 795 in

1558 809 1836 856 magnitudine,
1865 816 1998 846 movet
2029 809 2137 857 quasi
2164 809 2388 857 intelligens:
2418 811 2622 858 probatum

1558 869 1614 898 est
1633 861 1735 898 enim
1764 861 1803 898 in
1823 862 1871 897 111
1893 861 1938 898 de
1954 862 2096 898 Anima
2117 863 2154 908 *,
2180 862 2285 910 quod
2312 862 2520 900 intellectus
2544 875 2622 900 non

1558 920 1613 951 est
1638 913 1758 951 virtus
1777 913 1932 950 alicuius
1954 914 2134 962 corporis.
2156 915 2264 951 Haec
2283 923 2411 952 autem
2441 923 2496 953 est
2515 916 2622 954 diffe-

1558 966 1676 1004 rentia
1703 966 1798 1003 inter
1834 978 1949 1014 agens
1976 979 2047 1015 per
2073 966 2302 1004 intellectum
2333 976 2370 1005 et
2398 980 2513 1016 agens
2540 981 2620 1006 ma·
2645 991 2647 994 v

1556 1019 1694 1067 teriale,
1716 1019 1805 1068 quia
1823 1019 1921 1056 actio
1945 1019 2087 1067 agentis
2107 1020 2308 1056 materialis
2324 1022 2343 1041 *
2358 1021 2622 1069 proportiona·
2649 1029 2658 1038 ·

1538 1080 1617 1110 .tur
1635 1080 1790 1109 naturae
1810 1072 1971 1119 agentis'3
1991 1079 2093 1109 tanta
2113 1072 2215 1109 enim
2237 1073 2410 1120 procedit
2429 1074 2621 1112 calefactio
2685 1071 2691 1082 '

1557 1133 1719 1173 quantus
1748 1132 1804 1161 est
1831 1125 1952 1161 calor:
1992 1125 2059 1161 sed
2087 1124 2184 1160 actio
2214 1125 2356 1172 agentis
2383 1138 2453 1174 per
2481 1126 2622 1164 intelle-

1558 1185 1672 1224 ctum,
1697 1189 1776 1214 non
1795 1178 2106 1225 proportionatur
2124 1184 2281 1214 naturae
2309 1177 2436 1227 ipsius,
2457 1179 2526 1222 sed
2548 1180 2622 1217 for-

1558 1242 1644 1266 mae
1673 1230 1953 1278 apprehensae;
1982 1242 2062 1266 non
2089 1229 2191 1267 enim
2228 1230 2448 1268 aedificator
2474 1239 2621 1270 tantum

1557 1282 1733 1319 aedificat
1752 1289 1936 1331 quantum
1962 1289 2098 1330 potest,
2126 1283 2192 1320 sed
2212 1291 2397 1331 quantum
2426 1285 2537 1333 exigit
2563 1298 2621 1323 ra-

1557 1335 1608 1371 tio
1637 1335 1783 1372 formae
1822 1342 2039 1384 conceptae.
2071 1335 2133 1372 Sic
2160 1335 2271 1383 igitur
2297 1336 2328 1373 si
2365 1336 2491 1385 aliqua
2524 1345 2623 1376 esset

1555 1387 1672 1424 virtus
1699 1387 1844 1426 infinita
1880 1387 1919 1424 in
1955 1387 2234 1436 magnitudine,
2264 1398 2485 1438 sequeretur
2516 1390 2622 1440 quod

1556 1448 1683 1478 motus
1721 1441 1768 1477 ab
1797 1440 1879 1489 ipsa
1914 1441 2127 1489 procedens
2164 1449 2262 1478 esset
2289 1443 2501 1480 secundum
2533 1455 2621 1493 pro-

1554 1493 1770 1542 portionem
1791 1493 1887 1530 eius:
1909 1501 1945 1530 et
1962 1493 2012 1530 ita
2030 1494 2202 1543 procedit
2221 1494 2492 1533 demonstratio
2511 1509 2621 1546 prae-

1556 1558 1653 1583 sens.
1675 1546 1715 1583 Si
1743 1553 1872 1583 autem
1909 1546 1956 1583 sit
1982 1546 2101 1584 virtus
2129 1547 2274 1584 infinita
2301 1561 2381 1585 non
2410 1549 2448 1586 in
2475 1549 2620 1598 magni—

1555 1599 1703 1646 tudine,
1733 1606 1861 1636 motus
1898 1599 1947 1636 ab
1975 1599 2057 1649 ipsa
2093 1612 2172 1637 non
2198 1601 2371 1649 procedit
2406 1602 2620 1640 secundum

1554 1652 1844 1701 proportionem
1880 1652 2047 1700 virtutis,
2077 1653 2145 1690 sed
2182 1654 2393 1692 secundum
2431 1655 2619 1693 rationem

1555 1706 1700 1742 formae
1729 1705 2006 1754 apprehensae,
2032 1705 2129 1743 idest
2155 1708 2367 1745 secundum
2395 1707 2501 1756 quod
2531 1720 2620 1746 con-

1554 1758 1659 1795 venit
1685 1757 1753 1794 fini
1781 1765 1818 1794 et
1844 1765 2000 1795 naturae
2028 1758 2196 1796 subiecti.

1608 1811 1676 1847 Est
1696 1810 1808 1847 etiam
1833 1810 1934 1847 aliud
1953 1808 1967 1834 t
1985 1811 2270 1859 attendendum,
2291 1813 2397 1862 quod
2420 1813 2515 1851 sicut
2532 1826 2620 1874 pro-

1555 1863 1685 1900 batum
1719 1871 1774 1900 est
1805 1862 1842 1899 in
1877 1870 1982 1900 sexto
2010 1864 2030 1884 '¹‘
2057 1864 2186 1912 huius,
2220 1865 2310 1901 nihil
2339 1874 2519 1904 movetur
2549 1866 2620 1904 nisi

1555 1916 1855 1963 magnitudinem
1883 1917 2044 1954 habens:
2074 1917 2176 1954 unde
2204 1917 2384 1955 velocitas
2408 1927 2536 1956 motus
2563 1927 2621 1957 est

1556 1969 1711 2005 effectus
1746 1976 1919 2017 receptus
1953 1982 1975 2006 a
2007 1977 2188 2013 movente
2226 1971 2265 2007 in
2294 1971 2420 2019 aliquo
2455 1972 2619 2010 habente

1554 2021 1867 2069 magnitudinem.
1888 2022 2134 2059 Manifestum
2161 2031 2216 2060 est
2242 2030 2383 2070 autem,
2404 2025 2510 2072 quod
2528 2025 2620 2063 nihil

1553 2075 1699 2111 habens
1731 2074 2031 2122 magnitudinem
2078 2083 2203 2124 potest
2239 2076 2407 2135 recipere
2440 2077 2619 2116 effectum

1555 2128 1754 2176 aequalem
1772 2127 2103 2187 proportionaliter
2129 2129 2321 2178 potentiae
2341 2142 2440 2178 quae
2463 2142 2544 2168 non
2562 2138 2620 2169 est

1553 2180 1591 2217 in
1610 2180 1888 2228 magnitudine3
1909 2181 1999 2229 quia
2018 2181 2143 2219 omnis
2158 2189 2292 2219 natura
2311 2195 2496 2232 corporea
2514 2195 2619 2221 com-

1551 2240 1706 2282 paratur
1733 2233 1782 2270 ad
1810 2241 1984 2270 naturam
2012 2234 2278 2284 incorpoream
2303 2235 2398 2273 sicut
2420 2237 2618 2285 quoddam

1552 2286 1774 2335 particulare
1803 2286 1852 2323 ad
1871 2287 2088 2324 absolutum
2109 2295 2145 2324 et
2163 2288 2388 2326 universale.
2409 2289 2520 2327 Unde
2538 2301 2618 2328 non

1551 2347 1676 2388 potest
1696 2339 1883 2386 concludi,
1899 2339 1930 2376 si
1950 2339 2069 2377 virtus
2088 2340 2236 2377 infinita
2253 2353 2332 2378 non
2350 2342 2398 2378 sit
2415 2342 2455 2379 in
2473 2342 2618 2391 magni-

1552 2392 1694 2439 tudine,
1716 2392 1820 2440 quod
1840 2404 1886 2428 ex
1906 2403 1950 2429 ea
1971 2401 2224 2442 consequatur
2251 2393 2290 2430 in
2309 2394 2436 2443 aliquo
2457 2407 2617 2444 corpore

1552 2445 1697 2482 infinita
1715 2445 1908 2492 velocitas,
1933 2457 2031 2493 quae
2060 2453 2116 2482 est
2135 2445 2290 2483 effectus
2308 2447 2616 2496 proportionatus

1551 2498 1613 2535 tali
1631 2497 1834 2546 potentiae,
1855 2505 1896 2534 ut
1918 2498 2060 2535 dictum
2082 2506 2146 2535 est.
2178 2499 2256 2536 Sed
2274 2499 2364 2536 nihil
2383 2500 2560 2548 prohibet
2577 2500 2617 2538 in

1551 2551 1675 2599 aliqua
1703 2550 1962 2598 magnitudine
1990 2551 2104 2600 recipi
2135 2551 2313 2589 effectum
2341 2552 2493 2590 virtutis·
2517 2565 2616 2603 quae

1553 2611 1608 2640 est
1626 2604 1664 2640 in
1683 2603 1952 2651 magnitudine,
1979 2604 2068 2652 quia
2097 2616 2210 2641 causa
2235 2605 2545 2654 proportionatur
2559 2607 2616 2644 ef-

1552 2657 1706 2693 fectui0.
1727 2657 1838 2694 Unde
1866 2657 1897 2694 si
1923 2665 2130 2706 poneretur
2152 2657 2258 2705 quod
2277 2658 2402 2707 aliqua
2424 2658 2543 2696 virtus
2561 2659 2616 2697 in-

1551 2709 1657 2746 finita
1678 2717 1776 2746 esset
1802 2709 1840 2746 in
1869 2710 2139 2758 magnitudine,
2159 2718 2379 2760 sequeretur
2397 2712 2502 2760 quod
2527 2704 2617 2750 effe-

1553 2769 1632 2799 ctus
1661 2763 1963 2811 correspondens
1992 2771 2090 2800 esset
2117 2763 2156 2800 in
2183 2764 2454 2812 magnitudine,
2478 2764 2618 2803 scilicet

1550 2815 1731 2852 velocitas
1759 2815 1915 2853 infinita.
1937 2817 1985 2853 Et
2012 2817 2087 2853 hoc
2116 2824 2172 2854 est
2190 2816 2440 2866 impossibile:
2471 2829 2561 2866 ergo
2580 2825 2618 2855 et

1551 2881 1731 2917 primum.

1611 2933 1667 2958 11.
1685 2922 1742 2958 Ex
1761 2921 1819 2958 his
1839 2930 1967 2958 autem
1986 2929 2089 2970 patet
2107 2921 2243 2959 solutio
2265 2921 2396 2964 tertiae
2416 2921 2614 2959 dubitatio-

1552 2974 1620 3011 nis.
1633 2975 1736 3011 Nam
1752 2975 1901 3012 moveri
1915 2982 2090 3023 ternpore
2105 2974 2252 3012 infinito
2267 2987 2347 3012 non
2360 2982 2544 3024 repugnat
2558 2987 2614 3012 ra-

1551 3026 1642 3063 tioni
1658 3026 1924 3074 magnitudinis
1943 3035 2089 3064 motae:
2111 3026 2290 3065 convenit
2303 3027 2407 3064 enim
2428 3027 2615 3076 magnitu—

1553 3079 1629 3116 dini
1649 3079 1828 3127 circulari,
1848 3087 1890 3116 ut
1903 3081 2056 3129 supra·

1551 3132 1749 3170 v'elocitate
1778 3132 1940 3180 infinita,
1964 3132 2061 3170 idest
2087 3132 2127 3170 in
2147 3145 2226 3170 non
2253 3140 2438 3182 tempore,
2469 3142 2615 3172 contra-

1553 3184 1666 3222 riatur
1684 3185 1817 3222 rationi
1838 3185 2119 3233 magnitudinis,
2134 3194 2175 3222 ut
2193 3186 2231 3222 in
2250 3194 2356 3223 sexto
2375 3187 2394 3208 ’ὅ
2410 3186 2613 3235 probatum
2641 3199 2651 3209 ·

1553 3245 1608 3275 est
1626 3244 1655 3275 π.
1672 3238 1782 3276 Unde
1802 3251 1824 3275 a
1843 3239 1967 3288 primo
1990 3246 2170 3276 movente
2191 3238 2358 3276 infinitae
2377 3239 2536 3287 virtutis,
2550 3242 2614 3277 'se-

1604 3379 1629 3411 o)
1645 3379 1869 3412 proper-tibuatur
1892 3378 2003 3413 effectui.
2021 3391 2040 3399 —
2058 3379 2078 3404 Ρ
2097 3384 2122 3404 et
2146 3378 2432 3412 Venet.1545;pr1'or
2455 3381 2495 3404 est
2521 3379 2613 3413 effectu

1550 3414 1609 3438 Mab
1628 3419 1652 3439 et
1671 3413 1852 3446 Venet.1504
1863 3414 2002 3446 potenn'or
2018 3417 2058 3440 est
2076 3413 2168 3448 effectu
2187 3414 2241 3444 EG,
2258 3412 2356 3446 por-{dr
2374 3417 2414 3440 est
2431 3414 2550 3448 effectum
2570 3414 2612 3445 Q,

1544 3447 1693 3482 proporttir·
1711 3453 1750 3475 est
1768 3449 1886 3483 effectum
1908 3449 1942 3479 R,
1958 3449 2051 3481 potior
2068 3452 2108 3474 est
2126 3449 2218 3483 effectu
2237 3449 2391 3483 (qffectum)
2410 3454 2458 3475 cet.

1602 3483 1631 3518 π)
1653 3484 1707 3509 Sed
1726 3484 1842 3510 moveri..
1846 3484 2011 3516 .probatum
2029 3487 2109 3510 est.—
2122 3484 2179 3509 Hoc
2196 3492 2249 3510 om.
2264 3485 2397 3515 editIones,
2412 3491 2466 3517 quo
2483 3484 2551 3509 facto
2569 3491 2613 3509 ιο-

1549 3519 1612 3544 lutio
1631 3519 1795 3545 dubitationis
1808 3524 1848 3544 est
1866 3519 2021 3552 incompleta
2039 3524 2069 3544 ut
2085 3524 2164 3552 patet.
2178 3519 2345 3545 Restimimus
2363 3519 2461 3544 omissa
2485 3526 2515 3544 ex
2527 3517 2610 3543 omni-

1548 3554 1596 3579 bus
1616 3555 1689 3579 codd.
1706 3554 1822 3579 —Statim
1840 3554 1983 3580 secundum
1998 3554 2167 3580 Aristotelem
2190 3562 2243 3579 om.
2263 3554 2401 3585 editiones,
2421 3558 2506 3579 eontra
2518 3559 2612 3578 omnes

1549 3589 1658 3614 codices.

2076 3087 2270 3117 ostensum
2291 3087 2357 3117 est.
2375 3081 2452 3118 Sed
2467 3081 2615 3119 moveri
2641 3090 2651 3100 ·

2650 508 2698 529 'in
2713 514 2761 530 om.
2775 514 2835 531 Αιιτ.
2872 499 2874 501 ¹

2649 556 2801 578 'solvendam
2807 556 2860 580 add.
2871 568 2874 575 «

2649 588 2775 605 ananan.

2646 1874 2733 1897 'Lea
2747 1881 2770 1903 v,
2785 1880 2809 1897 n.
2823 1881 2862 1898 ιο.-
