2950 4004
233 1870 241 1879 ·
257 1875 318 1896 quae
332 1874 422 1896 compe-

232 1898 284 1917 tunt
296 1902 317 1917 ι’.

235 2254 244 2262 ·
260 2253 322 2274 Lect.
340 2259 378 2273 xv.

235 2357 246 2367 ¹*
261 2357 324 2378 Lect.
339 2362 369 2377 ix.

236 2568 244 2575 '
260 2567 330 2588 Num.
345 2573 363 2594 5.

240 2729 247 2736 ·
263 2727 296 2747 ita
312 2732 364 2747 Εωι.

241 2939 248 2946 ·
265 2937 334 2959 Νυιη.
348 2944 371 2963 4.

474 312 544 358 146

601 386 742 419 Πάντων
761 386 819 430 μὲν
839 386 1017 432 πρώτιστα
1034 385 1118 431 χάος
1133 385 1261 432 γένετ’,
1281 385 1392 430 αὐτὰρ
1412 387 1532 420 ἔπειτα

604 433 673 475 γαῖ’
703 430 931 475 εὐρύστερνος·

535 476 577 511 ὠς
602 473 677 508 δέον
705 476 837 517 πρῶτον
868 473 1017 518 ὑπάρξαι
1048 473 1160 519 χώραν
1186 478 1256 511 τοῖς
1291 473 1383 515 οὖσι,
1409 469 1469 506 διαὶ
1492 474 1533 507 τὸ

535 522 698 569 νομίζειν,
725 518 833 562 ὥσπερ
861 521 889 550 οἱ
914 520 1048 559 πολλοί,
1076 517 1195 551 πάντα
1221 515 1305 550 εἶναί
1332 530 1396 550 που
1420 520 1477 550 καὶ
1501 519 1532 551 ἐν

535 574 643 606 τοπῳ.
678 564 715 594 Εἰ
740 559 770 594 δ’
801 561 874 595 ἐστὶ
899 564 1054 603 τοιοῦτο,
1081 561 1267 607 Occuparet-ri
1292 574 1343 600 τις
1372 563 1410 595 ἂν
1435 565 1486 600 εἴη
1512 564 1532 599 ’ἡ

536 610 598 640 τοῦ
623 607 732 640 τόπου
767 602 907 652 δύναμις
939 609 996 638 καὶ
1030 606 1180 651 προτέρα.
1214 606 1367 639 πάντων·
1400 606 1438 639 οὗ
1468 607 1532 653 γάρ

538 651 613 684 ἄνευ
647 653 713 683 τῶν
747 652 855 683 ἄλλων
887 646 981 682 οὐδέν
1016 649 1128 692 ἐστιν,
1164 649 1268 683 ἐκεῖνο
1297 646 1327 680 δ’
1358 651 1435 683 ἄνευ
1465 652 1531 683 τῶν

539 694 665 736 ἄλλων,
695 695 824 742 ἀνάγκη
852 696 984 738 πρῶτον
1015 692 1114 727 εἶναι·
1143 693 1179 727 οὗ
1203 696 1268 741 γάρ
1295 693 1489 728 ἀπόλλυται
1516 696 1532 727 ὁ

536 740 656 781 τόπος,
683 741 749 772 τῶν
775 738 807 771 ἐν
835 737 929 781 αὐτῷ
958 738 1190 783 φθειρομένων.

523 855 672 883 Simonis.
689 871 723 875 -—
749 864 772 882 1.
795 856 1005 891 Argumentum
1026 861 1054 882 et
1075 853 1178 883 divisio
1200 853 1263 883 libri
1290 861 1318 882 et
1338 860 1439 882 textus.
1454 871 1473 876 -
1487 855 1533 882 Ad

469 894 629 922 naturalem
654 894 777 930 pertinet
803 894 993 922 determinare
1024 895 1059 922 de
1087 894 1162 923 loco.
1178 911 1197 915 -
1213 902 1239 922 2.
1261 895 1419 922 Probatur:
1442 895 1470 929 a)
1495 903 1534 922 ex

465 939 552 972 parte
575 934 665 971 ipsius
685 934 749 962 loci.
770 944 792 961 1.
808 935 850 962 Ea
871 943 945 970 quae
966 940 1032 961 sunt
1054 933 1220 962 communia
1241 933 1376 962 omnibus
1397 933 1533 962 naturali-

470 975 539 1008 bus,
562 973 704 1010 pertinent
721 973 844 1001 maxime
865 974 902 1001 ad
924 973 1186 1001 considerationem
1207 973 1359 1008 naturalis3
1382 974 1432 1001 sed
1453 973 1534 1001 locus

470 1019 513 1041 est
533 1013 708 1040 huiusmodi.
725 1013 834 1040 Omnes
857 1013 933 1040 enim
949 1013 1105 1049 opinantur
1126 1012 1225 1041 omnia
1244 1022 1318 1050 quae
1332 1019 1408 1048 sunt,
1423 1013 1453 1041 in
1467 1013 1533 1041 loco

471 1062 541 1080 esse.
558 1069 576 1073 —
591 1054 649 1080 Nec
670 1052 798 1088 sequitur
820 1053 916 1080 locum
938 1052 1079 1088 pertinere
1101 1052 1191 1090 magis
1213 1053 1250 1080 ad
1271 1051 1533 1088 considerationem

471 1092 657 1128 metaphysici
682 1101 768 1128 quam
791 1091 915 1128 physici;
938 1091 983 1119 hic
1009 1092 1086 1120 enim
1114 1091 1242 1129 arguitur
1262 1092 1298 1120 ab
1321 1091 1459 1128 opinione
1480 1101 1533 1128 po-

470 1131 601 1159 nentium
623 1131 722 1168 omnia
737 1131 813 1159 entia
834 1140 895 1159 esse
915 1131 1068 1166 sensibilia,
1083 1137 1111 1159 et
1125 1131 1284 1160 naturalem
1301 1131 1449 1160 scientiam
1471 1140 1534 1159 esse

469 1170 683 1207 philosophiam
705 1170 828 1206 primam
851 1171 987 1198 omnibus
1013 1171 1126 1199 entibus
1153 1180 1349 1199 communem.
1364 1187 1381 1192 -
1397 1171 1422 1199 3.
1439 1178 1466 1199 2.
1487 1172 1534 1198 Ad

470 1210 630 1238 naturalem
645 1210 766 1246 pertinet
788 1210 970 1239 considerare
985 1211 1020 1238 de
1038 1217 1129 1238 motu.
1145 1211 1220 1239 Inter
1241 1219 1344 1239 omnes
1358 1216 1455 1238 autem
1470 1219 1534 1238 rno—

469 1256 516 1277 tus
538 1256 565 1277 et
586 1249 710 1277 maxime
738 1249 902 1278 communis
924 1256 951 1278 et
972 1249 1062 1287 magis
1083 1249 1217 1286 proprius
1244 1256 1287 1278 est
1307 1256 1404 1278 motus
1432 1259 1534 1278 secun-

471 1289 541 1317 dum
563 1289 674 1322 locum,
697 1289 746 1325 qui
767 1298 827 1317 non
848 1295 943 1325 potest
964 1289 1100 1326 cognosci
1121 1289 1176 1317 nisi
1199 1295 1390 1326 cognoscatur
1410 1289 1499 1317 locus.
1515 1305 1534 1310 -

470 1338 498 1363 4.
515 1329 542 1363 b)
564 1329 614 1356 Ex
624 1334 710 1366 parte
726 1334 833 1356 nostra.
856 1329 1114 1357 Determinandum
1137 1335 1179 1357 est
1193 1330 1229 1357 de
1250 1329 1283 1356 iis
1305 1329 1340 1356 de
1361 1329 1466 1365 quibus
1481 1329 1534 1356 du-

470 1367 571 1395 bitatio
594 1374 643 1395 est.
666 1368 772 1395 Multae
793 1374 889 1396 autem
915 1368 1108 1396 dubitationes
1134 1375 1200 1396 sunt
1226 1369 1261 1396 de
1290 1368 1363 1403 loco,
1386 1368 1456 1404 quid
1485 1367 1533 1403 sit,

470 1414 530 1435 tam
559 1416 592 1435 ex
613 1414 692 1443 parte
714 1407 802 1443 ipsius
824 1407 878 1436 loci
901 1417 989 1444 quam
1011 1417 1044 1435 ex
1065 1414 1145 1444 parte
1166 1407 1327 1435 hominum.
1344 1424 1363 1428 -
1379 1408 1404 1435 5.
1426 1408 1534 1435 Textus

471 1446 638 1475 subdivisio.
650 1448 693 1474 De
707 1447 772 1475 loco
787 1456 839 1483 per
853 1447 968 1475 modum
984 1447 1198 1484 disputativum.
1210 1463 1229 1468 -
1239 1448 1265 1474 6.
1278 1447 1314 1474 Et
1327 1446 1422 1482 primo
1437 1453 1534 1474 osten-

472 1485 549 1514 ditur
562 1487 659 1514 locum
674 1495 745 1521 esse,
762 1487 874 1514 duabus
888 1486 1047 1514 rationibus
1062 1486 1185 1522 acceptis
1200 1495 1217 1514 a
1231 1486 1348 1514 veritate
1362 1486 1412 1514 rei.
1427 1487 1455 1521 a)
1471 1487 1535 1522 Ipsa

471 1526 673 1554 transmutatio
696 1535 851 1562 corporum
871 1527 1028 1554 secundum
1051 1526 1147 1553 locum
1170 1525 1332 1553 manifestat
1353 1526 1433 1561 quod
1453 1525 1534 1553 locus

472 1565 517 1592 sit.
540 1566 664 1601 Oportet
684 1566 761 1593 enim
779 1574 840 1593 esse
861 1565 969 1601 aliquid
989 1565 1039 1592 ubi
1061 1574 1185 1601 corpora
1206 1565 1260 1593 sibi
1275 1565 1438 1599 succedant,
1454 1565 1535 1601 quod

472 1604 507 1632 sit
528 1604 605 1632 aliud
627 1606 662 1632 ab
684 1604 718 1632 iis
740 1614 813 1641 quae
839 1611 905 1632 sunt
926 1604 956 1632 in
977 1605 1042 1632 loco
1064 1611 1091 1632 et
1119 1610 1347 1632 transmutantur
1374 1605 1534 1632 secundum

471 1644 576 1672 locum.
593 1661 612 1665 -
626 1646 702 1680 Ergo
729 1654 751 1671 1.
775 1644 854 1672 locus
876 1650 918 1671 est
938 1644 1062 1680 aliquid,
1084 1650 1112 1671 et
1133 1651 1160 1672 2.
1181 1650 1223 1672 est
1244 1644 1392 1680 quoddam
1407 1650 1535 1680 recepta-

814 1815 852 1852 in
870 1815 978 1852 tertio
999 1815 1046 1851 de
1065 1823 1174 1851 motu
1193 1822 1230 1851 et
1247 1814 1412 1861 infinito,
1433 1814 1538 1862 quod

744 1911 752 1917 .
815 1868 1025 1916 competit*
1041 1867 1161 1904 motui
1177 1867 1388 1914 intrinsece,
1405 1879 1537 1903 secun—

815 1921 907 1957 dum
929 1921 1032 1969 quod
1053 1927 1108 1957 est
1127 1920 1174 1957 de
1189 1931 1327 1967 genere
1343 1919 1538 1956 continuo-

684 2018 686 2020 Υ
705 1966 713 2008 s
738 1971 753 1989 '³⁸
766 1979 770 1985 “
785 1964 803 1999 ⁸1⁹
816 1985 912 2020 rum,
930 1985 1031 2010 nunc
1050 1972 1089 2009 in
1108 1981 1242 2022 quarto
1263 1972 1359 2009 libro
1380 1972 1538 2009 intendit

729 2040 749 2042 *⁷
783 2008 1067 2063 “determinare
1083 2027 1128 2063 de
1149 2026 1192 2062 iis
1212 2037 1309 2074 quae
1330 2026 1538 2063 adveniunt

475 2082 596 2119 motui
618 2080 835 2117 extrinsece.
866 2080 914 2116 Et
936 2079 1061 2128 primo
1082 2079 1128 2115 de
1148 2078 1192 2115 iis
1211 2091 1310 2127 quae
1330 2078 1538 2116 adveniunt

475 2135 596 2172 motui
617 2133 824 2170 extrinsece
839 2133 947 2180 quasi
966 2144 1166 2168 mensurae
1183 2131 1350 2177 rnobilis;
1366 2131 1536 2168 secundo

476 2189 523 2225 de
552 2195 739 2235 ternpore,
770 2185 874 2234 quod
894 2193 949 2221 est
973 2196 1152 2221 mensura
1171 2184 1288 2233 ipsius
1307 2191 1446 2231 motus,
1468 2184 1536 2220 ibi:

481 2241 717 2288 Consequens
735 2244 859 2275 autem
879 2238 983 2274 dictis
1001 2238 1021 2258 '³‘
1046 2244 1112 2273 etc.
1144 2237 1253 2273 Circa
1271 2236 1439 2285 primurn
1461 2237 1536 2273 duo

476 2294 577 2330 facit:
606 2293 731 2341 primo
762 2291 986 2328 determinat
1015 2291 1062 2327 de
1085 2291 1187 2335 loco,
1217 2289 1385 2326 secundo
1407 2289 1453 2326 de
1473 2302 1538 2326 va-

478 2359 562 2392 cuo,
582 2346 652 2382 ibi:
681 2344 824 2381 Eodem
852 2349 977 2380 autem
1006 2344 1116 2380 modo
1140 2343 1396 2390 accipiendum
1418 2343 1437 2363 a
1466 2350 1536 2379 etc.

478 2399 589 2436 Circa
615 2397 784 2447 primurn
821 2396 899 2433 duo
933 2396 1039 2432 facit:
1074 2395 1200 2444 primo
1235 2395 1397 2432 ostendit
1433 2395 1537 2444 quod

479 2451 808 2489 determinandum
838 2457 893 2485 est
920 2461 942 2485 a
972 2448 1128 2485 naturali
1158 2448 1204 2484 de
1232 2449 1339 2494 loco3
1369 2448 1538 2485 secundo

476 2504 718 2554 prosequitur
735 2502 974 2551 propositum
993 2507 1022 2548 α,
1039 2501 1105 2537 ibi:
1130 2501 1239 2543 Quod
1257 2501 1403 2549 quidem
1424 2502 1540 2551 igitur

477 2559 579 2594 locus
597 2557 671 2593 site
684 2563 751 2592 etc.
771 2555 880 2591 Circa
898 2554 1065 2603 primum
1087 2554 1163 2591 duo
1184 2553 1280 2590 facit.
1301 2553 1432 2590 Primo
1450 2567 1539 2603 pro-

477 2610 584 2660 ponit
602 2609 707 2658 quod
726 2608 898 2645 intendit:
921 2615 956 2644 et
975 2607 1064 2644 dicit
1083 2607 1187 2655 quod
1207 2606 1302 2643 sicut
1320 2607 1368 2643 ad
1391 2614 1538 2643 natura-

477 2665 553 2700 lem
572 2663 733 2712 pertinet
752 2661 1002 2698 determinare
1023 2660 1069 2697 de
1090 2659 1248 2706 infinito,
1265 2660 1295 2696 si
1315 2666 1370 2696 est
1383 2660 1444 2696 vel
1460 2672 1539 2696 non

479 2725 544 2763 est,
567 2724 602 2752 et
630 2715 827 2764 quomodo
857 2714 913 2760 sit,
937 2721 972 2750 et
1000 2713 1090 2762 quid
1119 2713 1175 2760 sit,
1197 2712 1366 2749 similiter
1386 2713 1405 2733 ²³⁴
1426 2712 1539 2749 etiarn

480 2778 514 2806 et
547 2769 593 2806 de
627 2770 723 2805 loco.
756 2768 932 2804 Secundo
970 2766 1041 2802 ibi:
1079 2767 1130 2802 Et
1164 2777 1208 2802 ea
1246 2777 1409 2813 namque
1445 2777 1541 2814 quae

478 2828 565 2859 sunt
583 2830 664 2868 etc.,
685 2821 823 2870 probat
851 2819 956 2868 quod
981 2819 1139 2856 dixerat:
1171 2826 1206 2855 et
1225 2817 1350 2867 primo
1372 2830 1416 2854 ex
1435 2826 1541 2867 parte

479 2875 594 2924 ipsius
622 2875 711 2919 loci;
743 2873 909 2910 secundo
940 2885 984 2909 ex
1013 2878 1117 2920 parte
1147 2879 1286 2918 nostra,
1315 2871 1384 2908 ibi:
1413 2872 1544 2908 Habet

479 2934 603 2964 autem
632 2927 767 2964 multas
795 2926 1038 2963 dubitationes
1060 2926 1079 2946 ³⁸
1108 2932 1176 2961 etc.

535 2992 569 3017 2.
602 2980 711 3016 Circa
739 2980 907 3028 primurn
926 2978 1034 3027 ponit
1053 2978 1147 3015 duas
1168 2976 1348 3014 rationes:
1378 2989 1540 3025 quarum

481 3033 605 3082 prima
624 3033 706 3069 talis
727 3040 792 3069 est.
822 3033 879 3068 Ea
900 3043 996 3080 quae
1018 3038 1103 3068 sunt
1123 3030 1343 3067 communia
1363 3029 1542 3067 omnibus

482 3085 733 3131 naturalibus,
767 3085 955 3134 pertinent
988 3084 1154 3121 maxime
1188 3083 1237 3120 ad
1275 3083 1542 3121 consideratio-

483 3151 571 3176 nem
600 3137 793 3182 naturalis;
823 3138 890 3175 sed
923 3139 1029 3174 locus
1058 3145 1113 3174 est
1140 3136 1377 3174 huiusmodi:
1408 3146 1543 3174 omnes

483 3192 585 3228 enim
606 3191 859 3228 communiter
887 3190 1089 3239 opinantur
1108 3189 1239 3226 omnia
1259 3202 1303 3226 ea
1323 3202 1420 3237 quae
1445 3196 1542 3235 sunt,

538 3356 565 3389 α)
582 3357 752 3388 prosequitur
762 3357 938 3388 propositum.
948 3370 966 3377 -·
978 3357 1120 3389 exequitur
1130 3356 1297 3388 propositum
1312 3356 1393 3386 HMN,
1405 3355 1543 3388 prosequi-

486 3394 530 3415 tur
548 3392 601 3415 sive
620 3392 780 3416 determinat
799 3392 830 3416 de
850 3398 879 3416 eo
899 3392 954 3422 RS;
970 3391 1137 3423 propositum
1157 3399 1209 3415 om.
1229 3391 1283 3415 EG.

540 3425 565 3458 β)
579 3426 646 3450 sicut
660 3427 828 3451 chimaera.-
841 3427 908 3452 sicut
921 3426 1080 3452 chimaerica
1094 3426 1125 3456 D,
1136 3433 1180 3451 seu
1195 3425 1353 3451 chimaern‘ca
1367 3426 1420 3451 P.-
1429 3426 1544 3458 Sequen-

486 3461 519 3484 tia
539 3461 625 3491 legunt
644 3462 717 3486 codd.
737 3467 760 3486 et
779 3462 817 3486 ab
836 3461 884 3486 hoc
900 3462 992 3486 modo:
1011 3463 1242 3494 Argumentantur
1256 3467 1321 3493 ergo
1335 3461 1459 3493 quodid,
1474 3462 1545 3493 quod

488 3495 514 3519 in
535 3495 605 3519 nullo
623 3496 679 3520 Ioco
698 3499 752 3523 est.
780 3504 830 3521 non
850 3497 893 3521 sit.
913 3497 966 3521 Sed
985 3497 1008 3521 si
1027 3504 1081 3521 esse
1100 3502 1147 3521 etc.
1174 3496 1280 3520 Videtur
1299 3496 1368 3528 quod
1388 3495 1451 3520 haec
1470 3496 1545 3521 lectio

489 3529 562 3553 codd.
578 3535 602 3553 et
621 3530 662 3554 ab
681 3531 772 3555 clarius
797 3531 911 3555 exhibeat
930 3537 1109 3564 argumentum
1135 3531 1316 3564 sophisticum.
1340 3538 1393 3563 quo
1411 3538 1457 3563 per
1476 3531 1546 3556 {alla-

490 3565 553 3588 cinm
568 3565 746 3595 consequentis
761 3566 871 3598 arguitur
886 3566 958 3598 quasi
978 3566 1039 3591 lmec
1052 3566 1201 3598 propositio,
1216 3565 1287 3598 quod
1301 3573 1352 3590 non
1368 3568 1414 3595 est,
1435 3565 1460 3590 in
1475 3566 1546 3591 nullo

490 3598 545 3623 Ioco
564 3601 610 3627 est,
630 3600 709 3630 possit
729 3601 840 3624 converti
860 3601 892 3624 ita
911 3606 938 3625 ut
956 3608 1015 3625 vera
1031 3601 1063 3625 sit
1082 3602 1156 3626 etiam
1181 3602 1235 3630 ista,
1257 3607 1320 3633 ergo
1339 3600 1410 3633 quod
1429 3601 1454 3625 in
1475 3601 1546 3626 nullo

490 3633 545 3658 loco
564 3636 616 3661 est,
638 3641 688 3658 non
703 3637 750 3658 est.
765 3635 910 3659 Secundum
928 3635 1062 3660 lectionem
1077 3637 1178 3668 pinnam
1193 3641 1372 3669 argumentum
1392 3635 1468 3661 habet
1482 3635 1546 3661 hanc

1111 310 1457 347 PHYSICORUM
1483 311 1831 348 ARISTOTELIS
1862 313 1955 349 LIB.
1985 313 2036 350 IV

1655 391 1750 422 chaos
1770 391 1887 422 factum
1903 398 1959 430 est,
1983 397 2094 431 postea
2106 400 2182 423 vero
2201 398 2282 423 terra
2295 392 2375 431 lata3
2391 399 2543 434 tanquam
2565 392 2646 424 indi—

1654 442 1739 475 geret
1749 434 1895 475 ‘primum
1915 444 1980 465 esse
1999 436 2233 476 receptaculum
2251 434 2288 467 iis
2311 446 2392 477 quae
2408 443 2504 468 sunt:
2518 434 2647 477 prop'ter

1654 478 1687 508 id
1719 479 1807 520 quod
1831 478 1951 519 opinati
1978 485 2068 517 sunt,
2093 479 2368 519 quemadmodum
2394 480 2507 520 multi,
2538 481 2647 511 omnia

1655 522 1769 553 alicubi
1793 529 1823 553 et
1844 523 1877 553 in
1900 523 1972 553 loco
1998 533 2073 553 esse.
2090 523 2108 542 *
2123 523 2155 554 Si
2178 530 2285 554 autem
2303 524 2489 555 huiusmodi
2508 531 2562 563 est,
2588 524 2647 555 mi-

1654 566 1757 596 rabilis
1787 567 1944 607 quaedam
1974 566 2083 607 utique
2115 567 2171 598 erit
2203 567 2344 607 potentia
2372 567 2454 606 loci,
2484 574 2516 598 et
2545 567 2648 608 prima

1655 610 1812 641 omnium.
1837 610 1910 641 Sine
1934 621 2000 651 quo
2024 621 2161 652 namque
2185 611 2321 641 aliorum
2344 611 2470 642 nullum
2493 618 2549 650 est,
2568 611 2648 642 illud

1654 660 1761 684 autem
1784 654 1850 684 sine
1873 654 1951 692 aliis,
1976 664 2100 685 necesse
2125 662 2171 686 est
2193 654 2334 695 primum
2363 661 2443 686 esse:
2467 665 2534 686 non
2561 654 2647 686 enim

1654 697 1794 737 perditur
1815 698 1916 737 locus,
1935 698 1972 728 iis
1996 708 2077 739 quae
2101 705 2174 730 sunt
2196 699 2229 729 in
2251 709 2289 729 eo
2313 698 2479 739 corruptis.

1588 855 1695 890 culum,
1717 855 1838 883 alterum
1853 857 1890 884 ab
1904 862 2027 893 utroque
2047 857 2225 892 locatorum,
2250 863 2278 885 et
2294 857 2320 885 3.
2339 863 2381 886 est
2395 857 2534 886 terminus
2551 863 2648 886 motus

1588 894 1686 922 localis
1707 903 1724 922 a
1739 904 1798 931 quo
1812 901 1840 923 et
1854 895 1883 923 in
1898 904 2023 932 quem.-
2039 905 2065 933 7.
2081 897 2108 931 b)
2130 897 2226 925 Motus
2240 897 2369 934 gravium
2384 903 2412 925 et
2425 897 2530 925 levium
2545 898 2650 934 probat

1588 943 1649 961 non
1669 934 1764 962 solum
1780 935 1860 971 quod
1881 935 1961 963 locus
1981 935 2018 963 sit
2037 935 2155 972 aliquid,
2177 936 2228 964 sed
2249 942 2276 964 et
2290 937 2371 973 quod
2384 937 2488 964 habeat
2502 937 2650 973 quandam

1587 973 1744 1009 potentiam
1768 980 1796 1001 et
1815 973 1949 1002 virtutem
1971 975 2159 1003 conservandi
2174 975 2314 1011 locatum;
2337 975 2405 1012 quia
2417 977 2649 1013 unumquodque

1587 1012 1703 1041 illorum
1723 1013 1811 1041 fertur
1825 1013 1854 1041 in
1869 1023 1953 1042 suum
1968 1014 2117 1051 proprium
2134 1015 2230 1044 locum
2246 1015 2363 1051 quando
2378 1024 2438 1043 non
2452 1015 2617 1052 impeditur.
2630 1032 2650 1037 --

1588 1052 1710 1080 Sursum
1731 1058 1759 1080 et
1784 1053 1937 1088 deorsum,
1959 1060 2025 1081 ante
2047 1060 2074 1082 et
2095 1060 2181 1089 retro,
2203 1055 2384 1082 dextrorsum
2405 1061 2433 1082 et
2454 1054 2649 1083 sinistrorsum

1588 1098 1654 1119 sunt
1675 1098 1769 1128 partes
1790 1098 1818 1120 et
1845 1092 1953 1128 species
1974 1093 2038 1121 loci.
2068 1094 2129 1121 Hae
2157 1099 2254 1122 autem
2275 1102 2323 1121 sex
2344 1093 2494 1122 distantiae
2515 1094 2650 1122 determi-

1588 1138 1693 1159 nantur
1714 1131 1743 1159 in
1770 1131 1904 1160 universo
1932 1141 1992 1160 non
2021 1132 2116 1160 solum
2141 1133 2236 1169 quoad
2264 1141 2330 1166 nos,
2359 1133 2410 1160 sed
2437 1139 2466 1160 et
2493 1133 2650 1161 secundum

1589 1176 1732 1198 naturam.
1756 1172 1963 1208 Quaecumque
1988 1180 2057 1200 vero
2079 1172 2239 1200 secundum
2267 1180 2297 1199 se
2318 1172 2426 1199 habent
2446 1171 2651 1200 determinatas

1587 1209 1756 1246 positiones,
1777 1219 1894 1238 necesse
1915 1217 1958 1238 est
1978 1211 2059 1247 quod
2082 1211 2208 1239 habeant
2227 1210 2371 1247 potentias
2392 1210 2496 1248 quibus
2517 1212 2653 1239 determi-

1588 1256 1701 1277 nentur.
1730 1251 1807 1286 Ergo
1828 1250 1910 1277 locus
1931 1255 1988 1285 est,
2010 1256 2038 1278 et
2058 1250 2144 1278 habet
2165 1250 2312 1287 quandam
2333 1250 2502 1286 potentiam.
2517 1267 2536 1272 —
2551 1251 2578 1279 8.
2600 1251 2651 1279 Se-

1589 1289 1685 1316 cundo
1707 1288 1868 1316 ostenditur
1893 1289 1991 1316 locum
2013 1298 2091 1324 esse,
2119 1298 2153 1317 ex
2180 1289 2367 1325 opinionibus
2397 1289 2529 1318 aliorum.
2558 1292 2586 1326 a)
2608 1291 2651 1319 Ex

1589 1328 1727 1364 opinione
1748 1327 1919 1364 ponentium
1937 1337 2070 1363 vacuum,
2093 1337 2159 1356 cum
2181 1337 2304 1356 vacuum
2323 1329 2394 1357 nihil
2407 1329 2486 1357 aliud
2506 1329 2542 1357 sit
2562 1338 2651 1366 quam

1588 1367 1669 1395 locus
1690 1367 1816 1403 privatus
1844 1376 1975 1403 corpore.
1998 1384 2018 1388 -
2036 1377 2062 1404 9.
2085 1368 2112 1403 b)
2135 1369 2176 1396 Ex
2198 1367 2335 1404 opinione
2363 1368 2498 1403 Hesiodi,
2527 1369 2577 1406 qui
2597 1378 2652 1406 po-

1588 1406 1643 1434 suit
1663 1406 1759 1443 primo
1781 1407 1869 1434 chaos
1890 1413 1921 1434 ut
1942 1407 2153 1443 receptaculum
2175 1416 2345 1444 corporum,
2373 1414 2401 1436 et
2423 1415 2522 1445 postea
2545 1414 2653 1437 terram

1587 1446 1625 1474 ad
1641 1445 1837 1482 recipiendum
1859 1445 1972 1474 diversa
1992 1454 2131 1483 corpora,
2153 1446 2235 1484 quasi
2255 1446 2351 1483 primo
2373 1454 2518 1484 oporteret
2532 1455 2593 1476 esse
2608 1456 2652 1476 re-

1588 1485 1736 1521 ceptacula
1756 1494 1853 1513 rerum
1880 1494 1968 1522 quam
1990 1495 2034 1514 res
2055 1485 2141 1522 ipsas.
2170 1484 2212 1514 Ex
2234 1495 2292 1523 quo
2317 1486 2446 1524 sequitur
2470 1487 2550 1524 quod
2570 1486 2653 1516 locus
2683 1504 2694 1514 .

1588 1534 1649 1552 non
1671 1525 1765 1552 solum
1787 1524 1831 1560 sit,
1854 1525 1904 1552 sed
1926 1526 2007 1562 quod
2027 1525 2132 1554 habeat
2153 1525 2313 1554 mirabilem
2333 1526 2502 1563 potentiam,
2520 1534 2595 1564 quae
2615 1526 2652 1555 sit

1588 1564 1682 1600 prima
1698 1563 1830 1592 omnium
1851 1564 1971 1592 entium.
1997 1565 2086 1600 Quod
2105 1564 2183 1594 enim
2197 1572 2293 1602 potest
2313 1574 2375 1594 esse
2395 1565 2458 1594 sine
2471 1566 2533 1594 aliis
2547 1571 2576 1595 e't
2591 1565 2658 1594 sine'

1589 1613 1648 1648 quo
1669 1603 1726 1632 alia
1746 1613 1808 1632 esse
1829 1613 1890 1632 non
1917 1611 2055 1641 possunt,
2082 1604 2194 1635 videtur
2215 1614 2277 1633 esse
2297 1604 2424 1642 primum
2451 1605 2525 1634 inter
2553 1605 2655 1634 omnia

1589 1650 1675 1671 entia.
2504 1649 2507 1651 ’

1591 1761 1629 1798 in
1658 1763 1784 1810 aliquo
1813 1762 1899 1798 loco
1929 1774 2022 1799 esse.
2053 1763 2102 1800 Et
2121 1762 2170 1800 ad
2188 1763 2263 1799 hoc
2280 1763 2524 1812 probandum
2543 1770 2654 1802 utun-

1591 1822 1650 1851 tur
1678 1814 1882 1863 sophistico
1907 1823 2132 1863 argumento
2160 1829 2183 1852 a
2209 1816 2400 1864 positione
2419 1829 2655 1866 consequen-

1591 1868 1647 1904 tis.
1678 1869 2001 1915 Argumentantur
2021 1868 2124 1905 enim
2149 1868 2213 1905 sie.
2245 1869 2361 1915 Quod
2380 1881 2459 1906 non
2479 1875 2546 1916 est,
2567 1881 2654 1908 nus-

1591 1933 1708 1968 quam
1734 1928 1799 1968 est,
1826 1921 1922 1957 idest
1939 1921 1978 1957 in
1997 1922 2100 1958 nullo
2129 1922 2214 1958 loco
2244 1928 2300 1958 est
2321 1923 2356 1958 *z
2377 1933 2456 1959 non
2476 1921 2578 1959 enim
2598 1931 2655 1961 est

1593 1974 1682 2010 dare
1710 1973 1775 2009 ubi
1810 1973 1856 2010 sit
1891 1975 2131 2022 tragelaphus
2164 1981 2229 2010 aut
2256 1974 2411 2022 sphinx,
2441 1986 2539 2023 quae
2568 1984 2655 2014 sunt

1591 2026 1781 2074 quaedam
1809 2026 1938 2063 fictitia
1965 2026 2061 2064 sicut
2088 2027 2279 2064 chimaera
2301 2026 2330 2064 β.
2360 2030 2666 2075 Argumentatur·

1593 2091 1680 2126 ergo
1709 2079 1814 2127 quod
1843 2079 1873 2115 si
1892 2079 1930 2116 id
1951 2079 2057 2127 quod
2084 2079 2123 2116 in
2150 2080 2254 2117 nullo
2282 2081 2368 2117 loco
2398 2087 2464 2127 est,
2484 2082 2653 2129 nonfisit3

1592 2144 1681 2179 ergo
1711 2144 1827 2168 omne
1857 2132 1960 2180 quod
1990 2140 2056 2180 est,
2087 2140 2143 2169 est
2169 2132 2208 2170 in
2235 2135 2333 2170 loco.
2353 2153 2378 2160 -
2408 2133 2485 2170 Sed
2513 2133 2544 2170 si
2571 2145 2654 2171 esse
2709 2161 2712 2165 ·

1591 2184 1629 2220 in
1648 2185 1733 2220 loco
1763 2184 1941 2221 convenit
1969 2185 2147 2222 omnibus
2176 2186 2344 2232 entibus,
2373 2185 2523 2223 videtur
2550 2186 2656 2236 quod

1591 2238 1696 2273 locus
1724 2236 1844 2284 magis
1877 2237 2062 2286 pertineat
2089 2237 2138 2274 acl
2167 2237 2510 2276 considerationem
2538 2247 2656 2277 meta-

1590 2289 1737 2338 physici
1766 2302 1883 2338 quarn
1910 2289 2067 2338 physici.
2099 2291 2148 2328 Et
2167 2291 2371 2328 dicendum
2393 2291 2571 2340 estquod
2595 2292 2658 2330 hic

1591 2350 1874 2390 argumentatur
1892 2343 1939 2381 ab
1959 2342 2140 2391 opinione
2163 2344 2387 2392 ponentium
2407 2344 2537 2382 omnia
2556 2345 2656 2382 entia

1593 2408 1673 2432 esse
1696 2395 1896 2442 sensibilia,
1925 2403 2080 2444 propter
2107 2397 2182 2432 hoc
2214 2397 2319 2445 quod
2346 2396 2656 2444 imaginationem

1593 2459 1797 2496 corporum
1825 2448 2090 2485 transcendere
2127 2461 2206 2486 non
2233 2456 2412 2499 possunt:
2452 2457 2488 2486 et
2523 2454 2656 2487 secun'-

1593 2501 1685 2538 dum
1710 2501 1780 2537 hos
1809 2501 1985 2538 naturalis
2008 2501 2163 2538 scientia
2183 2510 2238 2539 est
2261 2501 2502 2551 philosophia
2519 2502 2655 2551 prima,

1594 2553 1809 2590 communis
1830 2554 2008 2591 omnibus
2030 2554 2197 2603 entibus,
2227 2563 2268 2592 ut
2291 2554 2424 2592 dicitur
2442 2554 2480 2592 in
2500 2555 2552 2593 IV
2569 2556 2656 2593 Me-

1593 2608 1738 2656 taphys.
1760 2607 1779 2627 '³‘

1650 2660 1682 2696 3.
1714 2659 1932 2696 Secundam
1962 2659 2146 2696 rationem
2174 2659 2282 2708 ponit
2308 2660 2377 2698 ibi:
2405 2662 2457 2698 Et
2481 2661 2528 2697 de
2554 2666 2656 2698 motu

1594 2712 1660 2760 qui
1694 2713 1902 2749 communis
1938 2713 2107 2749 maxime
2142 2718 2197 2749 est
2228 2714 2314 2750 etc.‘:
2344 2726 2442 2763 quae
2479 2713 2561 2751 talis
2589 2721 2655 2751 est.

1594 2765 1656 2802 Ad
1674 2765 1945 2814 philosophum
1965 2766 2176 2802 naturalem
2195 2766 2358 2814 pertinet
2377 2766 2617 2805 considerare
2637 2768 2656 2787 ‘⁸

1597 2818 1642 2855 de
1672 2825 1800 2864 motu3
1831 2818 1897 2855 sed
1931 2826 2057 2855 motus
2090 2818 2154 2867 qui
2184 2826 2239 2856 est
2270 2819 2482 2857 secundum
2515 2820 2657 2868 locum,

1597 2883 1711 2920 quem
1732 2871 1892 2908 dicimus
1911 2871 1983 2907 loci
2007 2871 2272 2919 mutationem,
2293 2879 2350 2909 est
2368 2872 2534 2909 maxime
2553 2884 2658 2910 com-

1596 2923 1722 2960 munis
1754 2924 1851 2961 inter
1883 2936 2019 2961 omnes
2047 2931 2195 2961 motus:
2225 2925 2415 2973 quaedam
2444 2924 2559 2972 enim,
2588 2924 2658 2962 sci-

1596 2977 1680 3013 licet
1708 2989 1869 3026 corpora
1889 2977 2076 3023 caelestia,
2112 2985 2316 3015 moventur
2342 2979 2417 3014 hoc
2444 2978 2551 3014 m'otu
2578 2984 2658 3015 tan-

1597 3037 1698 3077 tum,
1730 3042 1817 3066 cum
1845 3038 1974 3066 tamen
2009 3029 2097 3066 nihil
2136 3037 2336 3067 moveatur
2372 3029 2453 3067 aliis
2490 3029 2658 3067 motibus

1598 3082 1688 3132 quin
1725 3090 1927 3120 moveatur
1962 3082 2036 3119 hoc
2073 3091 2192 3120 motu.
2228 3083 2405 3120 Similiter
2447 3083 2559 3120 etiam
2597 3083 2660 3120 hic

1598 3143 1725 3173 motus
1745 3143 1800 3172 est
1823 3135 1942 3183 magis
1969 3135 2164 3184 proprius:
2195 3135 2284 3185 quia
2311 3137 2373 3173 hic
2401 3137 2504 3174 solus
2532 3143 2659 3174 motus

1598 3195 1652 3226 est
1678 3200 1770 3227 vere
1799 3188 2000 3225 continuus
2029 3195 2064 3224 et
2091 3189 2295 3237 perfectus,
2329 3196 2372 3225 ut
2402 3188 2441 3226 in
2474 3196 2610 3226 octavo
2639 3182 2660 3210 '¹⁵

1599 3356 1717 3386 formam,
1728 3355 1800 3388 quod
1810 3363 1860 3380 non
1875 3359 1922 3386 est,
1933 3355 1959 3381 in
1971 3356 2042 3381 nullo
2056 3355 2112 3381 Ioco
2122 3358 2161 3381 est
2165 3362 2174 3384 ‚·
2188 3363 2252 3389 ergo
2261 3355 2285 3381 si
2295 3355 2323 3381 td
2335 3356 2406 3388 quod
2416 3356 2442 3381 ἰη
2456 3356 2529 3381 nullo
2543 3356 2599 3381 loco
2611 3359 2659 3386 est,

1600 3399 1650 3416 non
1670 3391 1713 3420 sit,
1727 3398 1803 3416 omne
1817 3391 1887 3424 quod
1905 3394 1952 3421 est,
1970 3391 2047 3416 estin
2062 3392 2132 3416 loco:
2147 3391 2191 3416 ubi
2206 3396 2310 3424 propter
2324 3390 2433 3416 formam
2447 3391 2667 3422 conditionalem„

1600 3427 1649 3451 sub
1660 3434 1711 3459 qua
1722 3426 1824 3459 ponitur
1839 3433 2011 3459 consequens,
2027 3434 2077 3451 non
2091 3426 2176 3451 statim
2191 3431 2296 3459 apparet
2310 3426 2407 3451 fallacia
2417 3434 2468 3459 qun
2477 3431 2658 3459 argumentum

1600 3461 1686 3494 ipsum
1702 3462 1808 3487 laborat.
1822 3462 1943 3487 Attamen
1961 3462 2102 3486 retinemus
2121 3461 2258 3487 lectionem
2277 3462 2305 3491 P,
2321 3461 2382 3494 quia
2395 3462 2462 3487 ium
2474 3461 2658 3494 expositionem

1601 3505 1622 3521 s.
1637 3496 1767 3527 Thomae,
1787 3497 1871 3529 primo
1889 3497 2057 3530 praemittitur
2076 3497 2244 3529 sophisticum
2263 3501 2443 3530 argumentum
2466 3496 2591 3528 anonam
2614 3495 2658 3520 de-

1600 3532 1659 3556 inde
1684 3539 1714 3557 ex
1738 3531 1787 3557 hoc
1810 3532 1950 3564 sophistico
1969 3532 2078 3557 aliorum
2100 3537 2253 3564 argumento
2271 3531 2422 3557 Aristoteles
2439 3533 2660 3564 argumentatum·

1601 3567 1711 3599 denique
1730 3572 1817 3592 movet
1835 3575 1857 3592 s.
1870 3567 1986 3592 Thomas
2005 3571 2031 3592 et
2049 3566 2125 3592 solvit
2143 3566 2325 3592 obtectionem.
2348 3566 2403 3591 Sed
2419 3565 2444 3591 .τί
2459 3572 2515 3591 esse
2533 3570 2582 3591 etc.
2600 3565 2658 3591 Non

1601 3606 1640 3626 est
1659 3609 1720 3634 ergo
1745 3602 1785 3626 hic
1808 3602 1913 3626 intentio
1937 3601 2089 3626 ostendendi
2113 3600 2252 3631 fallaciam,
2277 3601 2323 3626 sed
2343 3600 2511 3626 concludendi
2529 3600 2600 3632 quod
2626 3600 2657 3625 nd

1601 3637 1742 3661 naturalem
1761 3637 1885 3669 pertineat
1904 3637 2073 3661 determinare
2092 3636 2123 3661 de
2143 3637 2207 3661 loco.
2227 3635 2266 3662 cf.
2282 3636 2339 3661 lect.
2352 3642 2381 3661 m
2399 3635 2425 3660 in
2444 3634 2495 3660 fine
2512 3643 2537 3660 n.
2555 3635 2577 3660 3.

2672 530 2682 541 ⁴·
2697 529 2764 552 Text.
2781 535 2803 557 7.

2679 1935 2692 1948 ⁴
2706 1937 2743 1958 eet
2755 1941 2803 1958 om.
2823 1934 2895 1958 codd.
2924 1951 2925 1954 η

2780 2036 2795 2070 β

2683 2617 2853 2671 bafia&
2862 2617 2909 2666 ἐἷ’

2684 2676 2719 2698 ιιι,
2734 2675 2775 2693 nn.
2788 2675 2809 2699 3,
2823 2676 2849 2697 4.

2683 2776 2696 2787 ⁸
2725 2774 2867 2798 eterfflre
2892 2768 2905 2787 ἰ

2684 2807 2722 2824 m.

2687 3197 2696 3206 '
2709 3194 2772 3217 Lect-
2786 3201 2816 3217 xv
2830 3197 2906 3231 ⁸⁶⁹2,
2936 3177 2944 3233 ’,ἐ
