2982 4022
490 307 542 352 46
1134 305 1479 342 PHYSICORUM
1505 306 1853 343 ARISTOTELIS
1883 307 1977 344 LlB.
2008 309 2022 343 I

493 384 597 433 quod
621 384 910 433 quodammodo
937 383 1141 421 dicendum
1166 391 1221 420 est
1249 395 1331 420 esse
1355 383 1432 420 duo
1451 383 1552 432 prin-

493 437 606 485 cipia,
643 437 780 473 scilicet
810 449 880 485 per
911 449 972 482 se;
1011 443 1047 473 et
1084 435 1373 485 quodammodo
1406 435 1492 482 tria,
1522 435 1552 472 si

494 496 755 526 coassumatur
781 489 1007 538 principium
1040 501 1109 538 per
1134 488 1308 525 accidens
1337 500 1424 524 cum
1452 488 1552 537 prin-

493 541 598 590 cipiis
616 554 685 590 per
703 554 755 578 se.
777 543 826 578 Et
845 541 1135 590 quodammodo
1156 548 1242 578 sunt
1260 540 1444 589 principia
1463 553 1552 577 con-

491 594 625 641 traria,
659 601 700 630 ut
736 594 766 630 si
799 593 932 643 aliquis
968 593 1125 642 accipiat
1160 593 1349 630 musicum
1393 600 1430 630 et
1474 605 1552 630 non

492 647 694 693 musicum,
713 647 732 668 ²¹²
753 647 916 684 calidum
942 653 976 682 et
994 646 1182 693 frigidum,
1204 658 1418 683 consonans
1443 654 1480 683 et
1497 646 1552 683 in-

494 711 722 745 consonans3
753 706 788 735 et
816 698 1105 747 quodammodo
1137 699 1320 747 principia
1356 711 1435 735 non
1467 706 1553 735 sunt

349 753 362 781 ἵ
493 751 698 798 contraria,
728 751 866 788 scilicet
894 751 924 788 si
952 751 1183 800 accipiantur
1213 752 1293 788 sine
1322 751 1513 798 subiecto;
1538 751 1553 778 ζ

493 805 581 853 quia
601 804 786 841 contraria
805 817 883 841 non
901 811 1062 852 possunt
1087 804 1164 853 pati
1192 804 1241 841 ad
1268 804 1449 851 invicem,
1483 804 1553 841 nisi

1605 391 1715 421 vetur
1733 384 1780 422 de
1805 385 1892 421 albo
1912 384 1950 421 in
1969 385 2130 432 nigrum,
2152 386 2403 434 corrumpitur
2421 387 2550 423 album
2570 394 2606 423 et
2620 387 2664 424 fit

1606 436 1765 484 nigrum.
1802 437 1864 474 Sic
1891 437 2000 484 igitur
2026 437 2065 474 in
2091 438 2110 458 *
2138 437 2243 474 omni
2270 438 2478 476 mutatione
2505 439 2663 476 naturali
2689 448 2805 496 2350&
2819 454 2899 496 ng·-

1607 489 1806 538 requiritur
1833 489 2045 526 subiectum
2079 497 2115 526 et
2146 490 2270 526 forma
2297 498 2334 527 et
2363 491 2536 539 privatio.
2571 493 2663 529 Non
2807 489 2814 496 ’
2858 491 2865 497 ’

1607 543 1735 578 autem
1763 542 1856 578 ratio
1884 549 2011 579 motus
2038 543 2204 580 salvatur
2231 542 2269 579 in
2293 543 2399 580 omni
2423 544 2663 591 generatione

1608 601 1644 630 et
1681 594 1941 643 corruptione,
1977 594 2071 632 sicut
2096 596 2116 617 *
2148 602 2251 644 patet
2282 595 2320 632 in
2354 596 2594 644 generatione
2628 603 2666 634 et
2689 605 2902 654 '552²‘·;‚·m‘⁰''g,‘;

1607 647 1847 696 corruptione
1889 648 2191 685 substantiarum.
2231 648 2341 686 Unde
2378 648 2590 686 subiectum
2626 657 2664 686 et
2686 637 2862 687 ganimi-⁴¹

1606 700 1730 736 forma
1758 707 1795 736 et
1820 700 1981 749 privatio
2010 702 2202 738 salvantur
2231 701 2271 738 in
2303 701 2409 738 omni
2434 701 2661 748 mutatione3

1607 765 1686 789 non
1717 759 1846 789 autem
1874 753 2086 790 subiectum
2114 762 2150 790 et
2177 753 2254 790 duo
2284 754 2481 791 contraria.
2653 767 2656 770 ’

1662 806 1696 842 8.
1719 806 1825 842 Haec
1844 806 1956 842 etiam
1977 809 1995 826 ⁴¹·
2025 806 2215 855 oppositio
2228 806 2417 844 invenitur
2435 807 2473 844 in
2493 807 2664 844 substan·
2691 815 2700 824 ·

251 660 262 690 f
286 662 309 681 el
331 660 385 681 add.
413 660 464 685 rab,

252 689 307 707 nem
323 690 374 708 ante
382 692 465 707 conso-

252 718 322 734 nans.

2727 817 2804 837 autem
2827 821 2885 838 nxz
2894 831 2902 842 ‚

2691 842 2750 863 enlm
2764 847 2817 864 tou.

251 1024 262 1035 ⁸
278 1023 342 1044 idest
354 1029 421 1044 neon.

255 1235 263 1243 ·
279 1233 342 1254 Lect.
359 1232 463 1263 praeced.

254 1265 395 1307 iiiic7tussrciqeit
405 1260 466 1306 xxi

251 1395 262 1405 ⁸
268 1394 406 1421 disputativi
411 1393 463 1415 edd.

251 1421 285 1442 ab
298 1424 319 1441 et
334 1420 402 1442 codd.
413 1426 462 1441 exe.

251 1453 322 1468 nei-m.

256 1870 262 1876 ¹
279 1866 402 1888 subiicitur
422 1872 465 1887 bro

252 1900 333 1921 nuzps.

254 1921 276 1931 '⁸
292 1920 362 1940 etiam
373 1925 421 1940 om.
431 1925 467 1940 Αει

254 1952 402 1971 κιοαετνχγ.

255 2140 265 2150 “
271 2138 466 2160 considerandum

276 2178 291 2186 1.

253 2196 264 2206 ⁸
279 2196 342 2217 Lect.
356 2202 378 2217 11.

254 2242 264 2253 ⁶
285 2244 308 2263 et
327 2249 374 2263 om.
397 2242 465 2264 codd.

255 2275 305 2289 exc.
320 2275 409 2290 ILMNST.

255 2665 265 2674 ⁸
285 2663 432 2684 inveniuntur
452 2669 466 2684 n

255 2696 322 2717 cape.

256 2822 265 2831 '
281 2821 344 2849 quod
356 2827 437 2842 nnnrz.

256 2873 269 2884 ’⁶
283 2879 332 2894 cum
347 2879 397 2900 epo.

491 858 566 893 hoc
585 858 754 894 solvatur
771 869 841 905 per
867 857 953 903 hoc,
979 857 1083 905 quod
1103 857 1295 894 contrariis
1328 857 1554 906 supponitur

491 909 644 959 aliquod
672 910 896 956 subiectum,
922 909 1066 946 ratione
1094 910 1201 947 euius
1230 911 1278 948 ad
1303 910 1468 947 invicem
1486 923 1552 959 pa-

490 962 641 999 tiuntur.
663 963 712 999 Et
739 963 791 999 sic
825 963 1013 999 concludit
1037 962 1141 1011 quod
1158 962 1342 1011 principia
1365 975 1443 1000 non
1467 973 1554 1001 sunt

490 1017 599 1063 plura
613 1016 902 1062 contrariorum,
918 1015 1014 1053 idest
1029 1015 1233 1063 contrariis,
1245 1017 1320 1053 hoc
1339 1024 1395 1053 est
1405 1018 1424 1036 ⁴²*
1435 1029 1552 1065 quam

492 1069 693 1114 contraria;
714 1068 782 1105 sed
797 1075 883 1104 sunt
898 1068 974 1105 duo
990 1075 1135 1106 tantum
1149 1081 1219 1117 per
1237 1081 1289 1106 se.
1312 1069 1389 1106 Sed
1408 1081 1479 1106 nec
1497 1077 1553 1106 to-

491 1121 611 1157 taliter
631 1121 720 1167 duo,
741 1121 829 1169 quia
855 1133 978 1158 unum
999 1134 1134 1158 eorum
1162 1122 1375 1159 secundum
1395 1134 1478 1159 esse
1497 1130 1554 1159 est

493 1174 670 1210 alterum:
692 1173 905 1210 subiectum
927 1173 1027 1211 enim
1056 1175 1268 1212 secundum
1293 1174 1478 1215 rationem
1498 1183 1554 1212 est

493 1226 582 1273 duo,
603 1226 698 1262 sicut
717 1226 935 1263 dictumest
953 1227 983 1274 ³²²,
1013 1234 1049 1263 et
1077 1227 1130 1264 sic
1157 1235 1244 1264 sunt
1262 1227 1330 1264 tria
1348 1228 1551 1277 principia:

492 1279 581 1328 quia
607 1279 727 1316 homo
749 1286 785 1315 et
803 1291 882 1316 non
901 1279 1080 1327 musicus,
1102 1287 1138 1316 et
1157 1293 1234 1317 aes.
1251 1287 1286 1317 et
1308 1280 1552 1328 infiguratum

492 1331 670 1368 differunt
684 1331 896 1368 secundum
913 1332 1110 1369 rationem.
1127 1333 1189 1370 Sic
1209 1333 1319 1381 igitur
1332 1341 1435 1382 patet
1449 1334 1554 1383 quod

489 1384 636 1433 priores
663 1397 858 1422 sermones
878 1385 1054 1433 disputati
1071 1386 1091 1406 '¹‘
1110 1385 1158 1422 ad
1176 1394 1376 1435 utramque
1394 1394 1553 1435 partem,

491 1438 642 1476 fuerunt
669 1439 880 1475 seeundum
901 1438 1041 1486 aliquid
1068 1438 1161 1485 veri,
1183 1439 1251 1475 sed
1275 1451 1353 1476 non
1381 1439 1552 1476 totaliter.

546 1491 582 1527 6.
603 1490 751 1527 Deinde
780 1503 868 1527 cum
889 1490 996 1527 dicit:
1030 1491 1128 1532 Quot
1154 1491 1302 1539 quidem
1322 1492 1438 1540 igitur
1465 1499 1552 1539 etc.,

493 1543 656 1580 ostendit
683 1543 881 1592 quomodo
910 1551 996 1580 sunt
1024 1543 1101 1580 duo
1129 1543 1314 1580 contraria
1342 1545 1554 1581 necessaria

493 1602 530 1631 et
561 1596 759 1644 quomodo
792 1608 881 1632 non.
916 1596 964 1631 Et
996 1596 1084 1632 dicit
1117 1596 1359 1633 manifestum
1398 1609 1480 1634 esse
1509 1609 1554 1634 ex

494 1648 600 1685 dictis
619 1656 712 1696 quot
731 1656 817 1684 sunt
843 1647 1026 1696 principia
1055 1648 1152 1684 circa
1180 1649 1463 1696 generationem
1489 1663 1554 1687 na-

492 1700 679 1747 turalium,
697 1708 733 1737 et
752 1700 950 1749 quomodo
970 1700 1045 1737 sint
1061 1708 1125 1738 tot.
1148 1701 1356 1739 Ostensum
1376 1710 1432 1740 est
1451 1703 1552 1740 enim

494 1754 598 1802 quod
613 1760 762 1802 oportet
776 1754 852 1790 duo
870 1765 950 1790 esse
968 1753 1164 1800 contraria,
1182 1767 1346 1803 quorum
1361 1768 1483 1792 unum
1500 1764 1555 1793 est

492 1806 719 1855 principium
739 1818 808 1854 per
823 1818 862 1842 se
879 1813 914 1842 et
928 1806 1086 1843 alterum
1101 1819 1170 1854 per
1189 1807 1381 1855 accidens;
1399 1816 1434 1845 et
1449 1809 1553 1857 quod

494 1859 635 1907 aliquid
663 1859 880 1896 subiiciatur
900 1860 919 1880 ‘¹‘
940 1859 1145 1906 contrariis,
1171 1861 1275 1908 quod
1295 1869 1350 1897 est
1376 1861 1489 1898 etiam
1511 1864 1553 1884 ²³*

492 1911 720 1961 principium
739 1924 808 1960 per
827 1924 879 1948 se.
902 1911 979 1948 Sed
999 1912 1126 1961 aliquo
1147 1915 1265 1951 modo
1286 1914 1444 1951 alterum
1465 1927 1554 1952 con-

493 1965 694 2001 trariorum
719 1977 797 2001 non
826 1971 882 2001 est
909 1965 1165 2002 necessarium
1186 1966 1234 2003 ad
1253 1967 1552 2014 generationem:

494 2018 631 2054 sufficit
668 2018 770 2054 enim
808 2018 967 2054 alterum
1006 2019 1280 2056 contrariorum
1322 2021 1554 2070 quandoque

493 2071 616 2107 facere
645 2070 894 2107 mutationem
924 2071 1093 2108 absentia
1121 2084 1190 2108 sua
1218 2079 1254 2109 et
1279 2074 1504 2121 praesentia.

547 2136 583 2172 7.
604 2123 665 2160 Ad
695 2123 800 2160 cuius
830 2123 1059 2160 evidentiam
1088 2125 1285 2162 sciendum
1306 2127 1326 2147 *
1355 2134 1410 2163 θεῖ
1437 2127 1553 2175 quod,

494 2176 588 2213 sieut
615 2176 653 2213 in
682 2177 812 2225 quinto
842 2176 953 2213 huius
971 2177 990 2197 '¹‘
1018 2177 1177 2224 dicetur,
1207 2185 1281 2215 tres
1305 2187 1392 2216 sunt
1410 2180 1554 2228 species

493 2230 723 2276 mutationis,
740 2230 879 2266 scilicet
901 2230 1093 2277 generatio
1114 2238 1150 2267 et
1166 2232 1185 2252 *ἶ*
1207 2232 1397 2280 corruptio
1418 2240 1454 2269 et
1472 2245 1555 2269 mo-

492 2290 563 2319 tus.
594 2283 771 2329 Quorum
800 2283 895 2319 haec
924 2290 978 2319 est
1002 2283 1221 2330 differentia,
1243 2284 1331 2332 quia
1354 2293 1481 2322 motus
1501 2294 1557 2323 est

494 2336 541 2373 de
570 2348 648 2372 uno
684 2336 872 2372 affirmato
905 2336 944 2373 in
973 2336 1072 2373 aliud
1101 2337 1349 2384 affirmatum,
1385 2338 1480 2375 sicut
1508 2339 1555 2375 de

493 2390 580 2425 albo
601 2389 639 2425 in
659 2388 825 2436 nigrum;
855 2389 1047 2436 generatio
1068 2397 1194 2426 autern
1216 2398 1271 2427 est
1291 2390 1337 2427 de
1362 2399 1497 2439 negato
1517 2392 1556 2428 in

494 2442 742 2488 affirmatum,
772 2441 867 2478 sicut
896 2442 942 2479 de
971 2455 1049 2479 non
1077 2443 1163 2479 albo
1192 2443 1230 2479 in
1259 2444 1401 2491 album,
1425 2446 1488 2482 vel
1508 2446 1555 2482 de

493 2507 571 2531 non
599 2495 755 2531 homine
794 2495 832 2531 in
865 2495 1085 2542 hominem;
1121 2498 1311 2545 corruptio
1341 2505 1468 2534 autem
1501 2504 1557 2534 est

495 2547 542 2584 de
572 2548 759 2584 affirmato
788 2547 826 2584 in
862 2556 1060 2596 negatum,
1091 2549 1186 2585 sicut
1214 2550 1261 2586 de
1290 2550 1376 2586 albo
1410 2550 1448 2587 in
1477 2562 1556 2586 non

494 2601 635 2647 album,
655 2601 717 2637 vel
738 2601 785 2637 de
804 2601 960 2638 homine
980 2601 1018 2638 in
1038 2614 1116 2638 non
1135 2602 1344 2639 hominem.
1366 2602 1429 2639 Sic
1447 2602 1556 2650 igitur

493 2661 596 2702 patet
624 2653 728 2702 quod
755 2654 794 2690 in
821 2661 929 2691 motu
959 2655 1200 2701 requiruntur
1219 2656 1239 2676 ³³²
1268 2655 1344 2692 duo
1370 2655 1556 2691 contraria

496 2714 532 2743 et
549 2719 669 2743 unum
690 2707 914 2744 subiectum.
946 2707 1022 2744 Sed
1046 2707 1084 2743 in
1103 2707 1344 2754 generatione
1374 2714 1410 2743 et
1429 2719 1555 2743 corru-

494 2759 623 2808 ptione
643 2760 842 2808 requiritur
859 2760 1071 2807 praesentia
1094 2760 1205 2796 unius
1229 2759 1403 2796 contrarii
1432 2767 1468 2796 et
1491 2760 1556 2796 ab·

496 2812 613 2849 sentia
634 2812 725 2858 eius,
742 2825 839 2860 quae
861 2813 880 2833 ’²'
901 2820 955 2848 est
972 2812 1146 2861 privatio.
1163 2833 1187 2840 -
1203 2812 1407 2850 Generatio
1428 2820 1555 2849 autem

497 2873 533 2902 et
552 2865 741 2913 corruptio
762 2866 953 2902 salvantur
972 2865 1010 2901 in
1035 2866 1054 2884 ⁴*
1079 2873 1206 2902 motu:
1236 2878 1326 2902 nam
1350 2866 1454 2914 quod
1474 2878 1556 2902 mo-

496 2998 566 3030 cipia
586 3001 615 3023 ut
632 2999 657 3023 si
673 2998 770 3029 aliquis
783 3001 830 3022 etc.
849 2996 1054 3027 AIKOQTVXY
1068 3003 1121 3020 om.
1140 2996 1163 3020 si
1181 2998 1364 3020 coassumatur
1378 2995 1552 3028 principium,

497 3038 522 3057 et
542 3033 577 3058 Et
595 3039 653 3065 post
668 3040 719 3065 per
737 3040 772 3057 se.
793 3033 842 3056 Pro
861 3039 920 3057 cum
936 3031 1084 3063 principiis,
1104 3034 1130 3056 et
1145 3031 1306 3063 principium
1326 3031 1356 3055 D.

549 3065 575 3102 ζ)
594 3069 692 3094 scilicet
704 3068 729 3092 si
742 3067 907 3099 accipiantur
916 3067 972 3091 sine
985 3066 1108 3091 subiecto.
1121 3080 1139 3085 —-
1152 3067 1222 3090 Haec
1235 3066 1320 3090 omnia
1339 3074 1392 3091 om.
1412 3066 1485 3090 codd.
1501 3073 1554 3090 exc.

497 3103 558 3127 Rsz
579 3109 603 3128 et
621 3104 650 3133 L,
670 3104 713 3135 qui
731 3108 818 3127 tamen
838 3110 884 3134 pro
902 3102 1000 3127 scilicet
1015 3101 1091 3126 habet
1110 3102 1179 3133 quia,
1198 3102 1318 3126 omittens
1338 3106 1427 3133 postea
1446 3101 1554 3125 eandem

497 3140 646 3171 particulam
665 3143 723 3163 ante
741 3138 886 3163 contraria.
902 3138 920 3161 P
935 3145 988 3161 om.
1002 3137 1107 3161 scilicet.
1123 3137 1220 3161 Deinde
1236 3137 1319 3161 PRSZ
1332 3136 1394 3168 quia
1408 3136 1453 3161 sic.
1466 3150 1485 3155 -
1499 3136 1555 3160 Sta-

497 3174 542 3198 tim
562 3174 639 3199 nisi...
659 3174 768 3198 invicem
787 3181 839 3197 om.
854 3173 890 3203 N;
910 3180 956 3205 pro
970 3172 1041 3204 quod
1059 3172 1209 3200 contrariis,
1229 3172 1291 3204 quia
1310 3171 1454 3196 contrariis
1472 3171 1516 3195 Pb.

548 3209 576 3241 η)
591 3209 775 3234 inanimato.·-
788 3209 850 3233 Post
868 3208 916 3232 hoc
929 3208 1036 3232 verbum
1057 3208 1152 3231 addunt
1171 3207 1334 3231 BDFLRSZ:
1356 3206 1472 3231 Intendit
1490 3213 1555 3238 ergo

497 3245 584 3270 dicere
603 3245 673 3277 quod
691 3244 798 3277 quando
818 3244 928 3268 dicimus
951 3242 1111 3276 generaliter
1136 3242 1207 3274 quod
1225 3242 1279 3267 tria
1297 3245 1359 3267 sunt
1378 3242 1404 3266 in
1423 3241 1496 3265 omni
1506 3242 1554 3274 sa-

496 3281 590 3308 ctione.
605 3280 628 3305 si
641 3280 749 3304 velimus
767 3286 798 3304 ea
817 3279 963 3308 nominare,
977 3278 1098 3303 debemus
1112 3285 1143 3302 ea
1158 3278 1199 3309 (ea
1213 3285 1265 3302 om.
1278 3278 1329 3309 LS)
1345 3277 1482 3301 nominare
1495 3275 1554 3301 sub-

497 3315 590 3340 iectum
609 3315 664 3340 sive
683 3315 836 3344 materiam,
850 3314 970 3347 sormam
989 3317 1015 3338 et
1036 3313 1228 3345 privationem,
1252 3316 1277 3337 et
1296 3320 1347 3337 non
1367 3311 1509 3336 subiectum
1529 3314 1555 3335 et

497 3351 549 3375 duo
568 3350 716 3379 contraria,
736 3350 797 3382 quia
816 3350 864 3374 hoc
883 3357 934 3374 non
949 3351 1015 3374 esset
1034 3356 1124 3373 verum
1144 3347 1169 3372 in
1189 3348 1360 3380 generatione
1378 3346 1554 3374 substantiae,

498 3386 541 3410 ubi
560 3394 611 3410 non
631 3389 669 3410 est
687 3385 873 3410 contrarietas.

550 3419 574 3452 0)
588 3424 613 3445 et
631 3421 667 3445 sic
682 3421 747 3445 illud
761 3423 799 3445 est
813 3420 940 3453 aliquid...
952 3419 1000 3444 hoc
1014 3419 1126 3445 dicimus
1135 3425 1189 3444 esse
1203 3418 1342 3443 materiam
1351 3417 1498 3449 primam.-
1507 3415 1554 3440 Ed.

497 3463 514 3479 a
529 3456 602 3486 legit:
617 3459 640 3480 et
651 3456 688 3480 sic
698 3456 764 3480 illud
776 3459 815 3480 est
829 3455 930 3488 aliquid
939 3458 1050 3487 praeter
1058 3455 1177 3488 sormam
1192 3460 1276 3486 aquae
1286 3455 1312 3477 et
1316 3455 1428 3484 praeter
1432 3452 1554 3484 sormam

498 3490 568 3514 aeris
587 3497 613 3514 se
632 3491 708 3514 habet
726 3491 763 3514 ad
782 3491 851 3522 ipsas
870 3490 1031 3515 substantias
1050 3495 1110 3520 etc.;
1130 3489 1225 3513 omittit
1248 3495 1342 3520 nempe
1359 3487 1428 3512 sicut
1451 3486 1553 3519 lignum

499 3529 538 3549 est
556 3525 696 3556 aliquid...
714 3526 791 3554 Quod
810 3526 893 3558 igitur
911 3526 956 3551 sic.
975 3526 1058 3550 Pom.
1075 3525 1173 3555 eadem,
1193 3529 1218 3548 et
1237 3524 1268 3548 ad
1287 3522 1465 3554 corrigendum
1485 3520 1554 3560 defe-

500 3565 569 3584 ctum
589 3567 682 3583 sensus
702 3561 752 3584 duo
770 3561 847 3585 verba
866 3561 956 3585 adiecit
968 3560 1016 3585 hoc
1031 3561 1121 3585 modo:
1141 3563 1166 3584 et
1184 3559 1222 3584 sic
1241 3558 1318 3586 illud,
1343 3556 1431 3589 quod
1449 3558 1488 3581 est
1505 3556 1554 3580 ali-

499 3595 589 3626 quid...
604 3597 636 3619 et
654 3595 702 3619 hoc
716 3595 826 3619 dicimus
841 3596 979 3620 materiam
994 3596 1126 3627 primam;
1144 3594 1206 3619 haec
1221 3593 1295 3618 lectio
1311 3597 1386 3625 prout
1404 3591 1468 3616 iacet
1486 3591 1553 3615 bona

500 3635 553 3660 est;
574 3630 618 3653 sed
638 3630 697 3661 quia
717 3630 802 3654 nullus
822 3630 901 3654 codex
921 3638 977 3654 enm
997 3630 1080 3659 habet,
1100 3635 1125 3654 et
1143 3629 1218 3654 lectio
1238 3636 1268 3653 ex
1281 3629 1296 3653 b
1311 3632 1336 3652 et
1355 3626 1476 3652 omnibus
1500 3625 1552 3650 fere

1606 857 1675 904 tiis,
1697 870 1794 907 quae
1815 865 1870 895 θεῖ
1886 858 2055 908 primum
2075 871 2205 907 genus,
2225 872 2304 896 non
2323 867 2450 902 autem
2474 859 2663 909 oppositio

1607 911 1894 948 contrarietatis:
1924 923 2015 948 nam
2038 912 2183 948 formae
2202 913 2463 950 substantiales
2481 925 2559 950 non
2579 920 2665 950 sunt

1608 963 1826 1011 contrariae,
1846 964 1932 1000 licet
1951 964 2182 1002 differentiae
2209 965 2247 1002 in
2274 977 2411 1013 genere
2435 965 2664 1003 substantiae

1608 1016 1815 1053 contrariae
1849 1016 1940 1064 sint,
1983 1017 2192 1054 secundum
2230 1018 2335 1066 quod
2370 1031 2449 1055 una
2485 1018 2665 1067 accipitur

1609 1081 1695 1106 cum
1722 1069 1933 1118 privatione
1962 1069 2133 1118 alterius,
2163 1070 2258 1107 sicut
2283 1078 2386 1119 patet
2420 1071 2466 1108 de
2495 1071 2662 1108 animato

1608 1130 1644 1159 et
1670 1122 1877 1159 inanimato
1891 1127 1917 1158 η.

1661 1187 1696 1222 9.
1712 1174 1860 1212 Deinde
1876 1186 1964 1211 cum
1980 1174 2084 1211 dicit:
2100 1175 2270 1212 Subiecta
2289 1181 2414 1212 autem
2428 1181 2564 1212 natura
2580 1183 2663 1223 etc.,

1607 1227 1820 1264 manifestat
1836 1228 2044 1276 praemissa
2058 1229 2078 1249 *
2091 1227 2285 1276 principia.
2301 1228 2351 1264 Et
2370 1228 2457 1265 dicit
2476 1229 2580 1277 quod
2599 1241 2664 1265 na-

1607 1287 1690 1317 tura
1717 1292 1815 1329 quae
1842 1280 1966 1329 primo
1996 1280 2188 1316 subiicitur
2219 1280 2434 1327 mutationi,
2462 1281 2559 1318 idest
2585 1293 2665 1318 ma-

1607 1332 1700 1369 teria
1726 1333 1868 1381 prima,
1897 1344 1976 1368 non
2002 1339 2128 1380 potest
2155 1331 2239 1369 sciri
2265 1345 2335 1381 per
2361 1332 2546 1382 seipsam,
2577 1346 2664 1371 cum

1608 1397 1724 1422 omne
1761 1385 1866 1434 quod
1894 1385 2151 1432 cognoscitur,
2186 1393 2434 1432 cognoscatur
2459 1399 2528 1435 per
2555 1399 2665 1424 suam

1607 1438 1788 1483 formam3
1806 1437 1964 1474 materia
1982 1444 2110 1474 autern
2123 1436 2247 1486 prima
2267 1438 2524 1476 consideratur
2542 1439 2665 1476 subie-

1609 1498 1667 1526 cta
1701 1489 1806 1526 omni
1842 1490 2002 1526 formae.
2039 1490 2116 1527 Sed
2148 1490 2262 1527 scitur
2299 1486 2502 1528 secundum
2535 1492 2666 1528 analo-

1606 1542 1729 1592 giam,
1767 1542 1864 1579 idest
1895 1542 2107 1579 secundum
2142 1543 2443 1591 proportionem.
2473 1543 2536 1580 Sic
2564 1544 2666 1581 enim

1609 1595 1876 1643 cognoscimus
1895 1596 2000 1644 quod
2018 1595 2161 1643 lignum
2182 1603 2237 1632 est
2255 1595 2395 1644 aliquid
2417 1604 2566 1646 praeter
2593 1597 2667 1634 for-

1608 1660 1714 1685 mam
1733 1648 1878 1685 scamni
1897 1656 1933 1684 et
1951 1648 2046 1695 lecti,
2067 1648 2156 1696 quia
2176 1649 2407 1698 quandoque
2427 1657 2483 1687 est
2500 1651 2570 1687 sub
2588 1662 2667 1687 una

1607 1703 1741 1749 torma,
1762 1701 1993 1750 quandoque
2017 1701 2088 1738 sub
2108 1701 2189 1738 alia.
2220 1702 2320 1738 Cum
2339 1702 2448 1750 igitur
2465 1702 2666 1740 videamus

1606 1754 1682 1790 hoc
1709 1754 1815 1802 quod
1844 1762 1899 1791 est
1921 1766 1985 1790 aer
2013 1754 2243 1803 quandoque
2271 1755 2354 1791 fieri
2381 1763 2666 1805 aquam,'opor-

1607 1813 1659 1842 tet
1686 1806 1810 1843 dicere
1831 1807 1936 1855 quod
1960 1806 2100 1854 aliquid
2121 1807 2280 1844 existens
2308 1808 2378 1844 sub
2407 1809 2531 1845 forma
2559 1809 2666 1856 aeris,

1608 1859 1838 1908 quandoque
1867 1859 1912 1895 sit
1928 1860 1948 1880 '²‘
1974 1861 2044 1896 sub
2064 1860 2187 1896 forma
2207 1872 2345 1909 aquae:
2367 1868 2403 1897 et
2421 1861 2474 1898 sic
2501 1861 2595 1899 illud
2613 1869 2668 1899 est

1608 1912 1747 1960 aliquid
1774 1920 1922 1961 praeter
1949 1913 2112 1949 formam
2132 1925 2253 1961 aquae
2283 1921 2318 1949 et
2334 1921 2484 1962 praeter
2502 1915 2667 1952 formam

1608 1965 1724 2012 aeris,
1759 1965 1854 2002 sicut
1881 1965 2025 2012 lignum
2059 1972 2115 2002 est
2147 1965 2289 2014 aliquid
2321 1973 2471 2015 praeter
2502 1969 2665 2006 formam

1608 2017 1754 2054 scamni
1783 2025 1819 2054 et
1844 2025 1995 2066 praeter
2022 2018 2187 2055 formam
2214 2018 2309 2055 lecti.
2340 2019 2454 2066 Quod
2483 2020 2592 2068 igitur
2615 2020 2668 2057 sic

1609 2083 1649 2107 se
1676 2071 1791 2107 habet
1814 2071 1863 2107 ad
1890 2071 1990 2119 ipsas
2018 2071 2244 2108 substantias
2271 2073 2475 2120 naturales,
2505 2073 2600 2110 sicut
2627 2085 2668 2110 se

1607 2124 1722 2160 habet
1753 2135 1817 2160 aes
1846 2123 1895 2160 ad
1927 2131 2088 2160 statuam
2118 2131 2154 2160 et
2181 2124 2323 2171 lignum
2356 2125 2406 2162 ad
2433 2126 2592 2168 lectum,
2631 2133 2669 2163 et
2711 2137 2714 2141 ·

1609 2176 1805 2224 quodlibet
1833 2176 2025 2213 materiale
2054 2183 2091 2212 et
2117 2176 2279 2213 informe
2308 2177 2356 2213 ad
2384 2178 2565 2227 formam,
2593 2180 2669 2216 hoc

1611 2229 1771 2265 dicimus
1799 2241 1881 2266 esse
1909 2229 2107 2265 materiam
2130 2229 2294 2278 primam
2313 2227 2337 2267 ⁰.
2368 2231 2453 2267 Hoc
2480 2231 2590 2279 igitur
2613 2238 2670 2269 est

1609 2294 1729 2318 unum
1757 2282 1986 2330 principium
2018 2289 2194 2318 naturae:
2224 2284 2329 2330 quod
2360 2295 2439 2320 non
2466 2284 2519 2320 sic
2546 2296 2668 2321 unum

1610 2343 1666 2371 est
1691 2335 1787 2371 sicut
1811 2337 1881 2371 hoc
1908 2334 2059 2382 aliquid,
2084 2335 2159 2371 hoc
2187 2342 2242 2372 est
2269 2334 2363 2372 sicut
2391 2336 2546 2385 aliquod
2573 2337 2669 2374 indi-

1608 2388 1770 2425 viduum
1799 2388 2110 2434 demonstratum,
2131 2387 2180 2424 ita
2207 2387 2312 2436 quod
2338 2389 2476 2426 habeat
2503 2390 2668 2427 formam

1610 2448 1646 2477 et
1672 2440 1855 2477 unitatem
1882 2440 1921 2476 in
1949 2447 2055 2485 actu3
2084 2440 2152 2476 sed
2181 2440 2315 2477 dicitur
2343 2454 2408 2478 ens
2431 2443 2452 2463 *
2483 2449 2519 2478 θῖ
2545 2454 2667 2479 unum

1609 2493 1832 2541 inquantum
1867 2500 1922 2529 est
1949 2493 1987 2529 in
2006 2492 2027 2513 ²*
2054 2492 2223 2540 potentia
2256 2493 2306 2530 ad
2338 2494 2514 2531 formam.
2552 2494 2668 2532 Aliud

1609 2553 1738 2582 autem
1771 2545 1998 2594 principium
2031 2552 2087 2581 est
2120 2545 2213 2581 ratio
2246 2546 2308 2582 vel
2341 2547 2483 2584 forma:
2516 2547 2667 2584 tertium

1609 2606 1736 2635 autem
1752 2600 1771 2618 ⁴⁶
1791 2606 1847 2635 est
1865 2598 2038 2647 privatio,
2059 2610 2156 2647 quae
2177 2599 2422 2636 contrariatur
2441 2600 2597 2637 formae.
2618 2601 2668 2637 Et

1610 2653 1806 2700 quomodo
1839 2652 1908 2688 ista
1932 2652 1952 2672 ³²
1979 2650 2162 2699 principia
2194 2651 2266 2687 sint
2294 2651 2371 2688 duo
2401 2659 2436 2689 et
2469 2653 2666 2701 quomodo

1609 2705 1688 2751 tria,
1711 2705 1852 2741 dictum
1882 2711 1937 2740 est
1962 2703 2067 2752 prius
2083 2705 2113 2740 ²⁴.
2598 2738 2613 2751 ,

1669 2762 1724 2794 1o.
1754 2757 1902 2794 Deinde
1938 2769 2026 2793 cum
2069 2756 2179 2793 dicit:
2212 2757 2382 2793 Primum
2410 2757 2557 2805 quidem
2599 2759 2668 2808 igi-

1609 2816 1670 2846 tur
1679 2811 1698 2831 ³³
1713 2817 1795 2857 etc.,
1817 2810 1973 2847 resumit
1989 2821 2086 2857 quae
2101 2809 2199 2846 dicta
2213 2817 2310 2856 sunt,
2333 2817 2368 2846 et
2387 2810 2550 2847 ostendit
2569 2823 2668 2860 quae

1610 2871 1750 2900 restant
1777 2859 1948 2900 dicenda.
1970 2862 2069 2899 Dicit
2088 2874 2177 2909 ergo
2198 2862 2302 2911 quod
2321 2862 2425 2911 prius
2450 2863 2592 2901 dictum
2612 2872 2668 2901 est

1609 2994 1739 3018 codicibus
1758 2994 1891 3025 adoptata,
1910 2993 2011 3025 plenius
2030 2997 2056 3017 et
2074 2992 2166 3017 clarius
2185 2992 2303 3025 exprimit
2324 2993 2450 3017 intentum
2469 2992 2633 3025 s.'1‘homae,
2652 3001 2667 3019 n

1609 3030 1686 3054 Piana
1706 3029 1878 3053 recedendum
1892 3035 1951 3052 esse
1967 3027 2104 3052 credimus.
2118 3027 2140 3052 N
2161 3028 2234 3059 legit:
2248 3030 2275 3052 et
2292 3027 2330 3052 sic
2344 3027 2410 3052 illud
2422 3030 2462 3052 est
2481 3027 2531 3060 (est
2544 3029 2666 3063 expung.)

1608 3064 1680 3097 quod
1689 3067 1727 3088 est
1737 3067 1848 3095 praeter
1855 3063 1974 3096 sormam
1990 3067 2037 3087 etc.
2051 3068 2078 3087 ut
2091 3070 2108 3086 a
2113 3070 2122 3092 ‚·
2135 3062 2167 3093 C,
2178 3066 2204 3087 et
2215 3062 2279 3087 illud
2292 3065 2331 3087 est
2335 3065 2447 3094 praeter
2448 3063 2570 3096 sormam
2582 3070 2668 3096 aquae

1608 3103 1635 3124 et
1652 3099 1773 3124 similiter
1791 3098 1892 3131 lignum
1912 3101 1951 3122 est
1963 3097 2065 3130 aliquid
2073 3100 2185 3129 praeter
2189 3099 2311 3130 sormam
2326 3097 2427 3122 scamni
2440 3102 2487 3122 etc.
2501 3102 2530 3122 ut
2543 3097 2569 3122 in
2581 3103 2666 3130 textu;

1609 3135 1647 3165 Ο,
1668 3132 1783 3167 (omissis
1802 3136 1828 3158 et
1845 3134 1883 3158 sic
1902 3133 1993 3157 illud...
2007 3133 2076 3157 sicut
2093 3133 2195 3165 lignum
2213 3135 2253 3157 est
2265 3132 2378 3164 aliquid)
2391 3135 2418 3157 et
2426 3136 2537 3164 praeter
2543 3134 2666 3166 sormam

1608 3169 1709 3194 scamni
1727 3174 1783 3197 etc.;
1803 3169 1826 3193 G
1839 3168 1933 3192 omittit
1951 3168 2013 3200 quia
2032 3167 2188 3199 quandoque
2205 3167 2265 3199 (lin.
2280 3168 2367 3199 quinta
2382 3168 2507 3200 anteced.)
2520 3173 2567 3193 etc.
2582 3176 2667 3201 usque

1609 3206 1639 3229 ad
1661 3204 1739 3234 Quod
1757 3204 1841 3237 igitur
1859 3203 1896 3228 sic
1915 3210 1942 3228 se
1960 3203 2035 3227 habet
2055 3203 2197 3232 exclusive;
2218 3202 2257 3227 LS
2276 3207 2335 3234 post
2352 3202 2514 3227 substantias
2531 3204 2667 3229 naturales

1609 3244 1731 3272 pergunt:
1750 3239 1788 3263 sic
1806 3246 1833 3263 se
1851 3238 1928 3263 habet
1941 3245 1986 3262 aes
2004 3238 2040 3262 ad
2058 3241 2173 3262 statuam
2194 3235 2243 3270 (sic
2254 3237 2403 3270 formatam
2419 3238 2476 3262 add.
2491 3237 2524 3270 L)
2543 3242 2570 3263 et
2583 3238 2620 3264 sic
2633 3238 2666 3263 Ii-

1607 3282 1690 3308 gnum
1708 3274 1746 3298 ad
1763 3274 1884 3298 lectum...
1898 3276 1924 3298 et
1938 3273 1986 3298 hoc
2000 3272 2111 3297 dicimus
2125 3272 2263 3297 materiam
2279 3273 2404 3304 primam,
2419 3280 2485 3305 quae
2495 3280 2601 3298 sensum
2614 3281 2666 3298 non

1608 3309 1710 3334 habent.
1723 3323 1743 3328 —
1759 3309 1862 3341 aliquid
1885 3313 1945 3340 post
1962 3308 2030 3332 sicut
2049 3308 2150 3340 lignum
2170 3311 2222 3336 est,
2243 3308 2361 3332 addimus
2380 3315 2410 3332 ex
2435 3308 2450 3332 b
2469 3313 2494 3332 et
2513 3308 2604 3338 CZsB;
2623 3315 2665 3334 ce—

1607 3345 1654 3369 teri
1669 3344 1790 3368 omittunt
1803 3343 1852 3368 hoc
1866 3343 1983 3373 verbum,
1997 3343 2067 3375 quod
2081 3350 2132 3367 non
2146 3342 2320 3367 necessarium
2335 3347 2382 3372 est,
2400 3343 2446 3367 sed
2461 3348 2566 3375 propter
2578 3343 2664 3368 analo-

1608 3380 1675 3412 giam
1695 3387 1753 3403 cum
1767 3378 1976 3411 praecedentibus
1991 3378 2015 3402 in
2029 3383 2125 3402 textum
2144 3377 2220 3410 recipi
2235 3383 2326 3409 potest.
2338 3391 2356 3396 -
2371 3378 2469 3408 Statim,
2484 3378 2526 3408 ibi,
2541 3378 2600 3403 Hoc
2613 3377 2664 3411 ign·-

1609 3418 1653 3438 tur
1667 3418 1705 3439 est
1719 3422 1799 3438 unum
1810 3413 1972 3446 principium
1989 3416 2101 3438 naturae
2115 3418 2170 3441 etc.,
2180 3412 2406 3443 ACIKOQTVXY
2420 3420 2473 3438 om.
2489 3420 2568 3438 unum
2582 3418 2607 3438 et
2616 3419 2663 3437 na-

1608 3453 1685 3474 turae
1691 3457 1700 3479 ,·
1714 3454 1772 3482 post
1781 3449 1852 3482 quod
1861 3449 1918 3473 add.
1929 3451 2015 3473 tamen
2028 3447 2220 3473 BDEGH.-sic
2230 3455 2310 3472 unum
2323 3451 2363 3473 est
2371 3447 2438 3473 sicut
2448 3447 2496 3473 hoc
2503 3447 2606 3480 aliquid
2615 3451 2663 3472 etc-

1608 3485 1748 3510 retinemus
1768 3491 1826 3509 cum
1846 3483 1996 3513 BMNRST;
2015 3483 2083 3508 sicut
2101 3490 2180 3507 unum
2199 3485 2225 3507 et
2242 3483 2310 3508 sicut
2328 3483 2376 3508 hoc
2393 3482 2496 3515 aliquid
2513 3486 2560 3507 etc.
2583 3481 2662 3507 Aen(

1608 3520 1740 3549 LOVXY,
1760 3519 1797 3544 sic
1817 3527 1896 3544 unum
1916 3522 1941 3543 et
1960 3519 2027 3543 sicut
2045 3518 2093 3543 hoc
2116 3518 2218 3551 aliquid
2236 3522 2284 3542 etc.
2303 3517 2337 3547 F,
2356 3517 2394 3543 sic
2413 3525 2492 3542 unum
2510 3519 2536 3542 et
2553 3516 2591 3542 sic
2614 3516 2663 3541 hoc

1607 3555 1709 3587 aliquid
1728 3560 1775 3579 etc.
1795 3555 1831 3585 Q.
1850 3554 1888 3579 sic
1907 3561 1986 3578 unum
2005 3556 2032 3578 et
2048 3553 2086 3578 sic
2104 3559 2149 3578 ens
2167 3553 2234 3578 sicut
2252 3553 2362 3585 aliquod
2375 3552 2539 3577 individuum
2554 3551 2662 3576 demon-

1606 3593 1720 3615 stratum
1741 3589 1821 3620 DGH,
1839 3589 1907 3614 sicut
1927 3596 2006 3613 unum
2025 3591 2051 3612 et
2068 3587 2136 3613 sicut
2153 3594 2198 3612 ens
2218 3585 2316 3620 (marg.
2335 3588 2394 3612 add.
2411 3590 2438 3612 et
2460 3587 2528 3612 sicut
2550 3586 2598 3611 hoc
2612 3586 2663 3611 ali-

1607 3625 1671 3658 quid
1689 3625 1737 3650 hoc
1755 3625 1804 3657 est)
1822 3624 1891 3649 sicut
1908 3623 2017 3656 aliquod
2036 3622 2200 3647 individuum
2220 3622 2428 3648 demonstratum
2447 3621 2476 3646 E.

2691 1238 2829 1266 ‘praediun
2834 1244 2902 1261 omn.

2735 1869 2746 1889 t
2757 1867 2845 1896 amnt,
2856 1873 2907 1890 om.

2695 2449 2704 2459 ⁸
2711 2454 2766 2470 ene
2774 2448 2827 2471 ndd.
2837 2454 2905 2471 nm

2693 2496 2705 2508 ⁸
2724 2496 2748 2518 ιἰι
2767 2502 2816 2518 om.
2832 2496 2869 2518 ab
2883 2499 2907 2518 et

2695 2522 2906 2544 codd.exe.msn.

2692 2605 2703 2617 '⁸
2712 2606 2790 2627 autem
2797 2611 2845 2628 om.
2853 2611 2908 2628 nte.

2693 2659 2702 2667 ·
2717 2657 2777 2679 haec
2789 2663 2839 2680 m.

2695 2711 2704 2720 ·
2712 2709 2783 2732 Num.
2791 2715 2811 2738 5.
2819 2721 2830 2727 -
2834 2709 2905 2738 prin

2695 2742 2743 2759 om.
2756 2742 2825 2758 utcu.

2694 2823 2704 2835 ·
2728 2823 2799 2845 erm
2821 2819 2898 2852 {giam

2695 2849 2780 2872 dictum
2789 2851 2828 2871 eet
2835 2849 2909 2872 codd·
