2898 3996
56 922 67 933 '
79 920 150 943 Num.
165 925 214 947 neq.

30 1019 36 1041 'z
53 1020 64 1032 ·
77 1019 148 1043 Num.
163 1024 195 1040 ιο.

12 1243 37 1254 ,-
51 1225 148 1260 31³³!
168 1231 192 1252 in
217 1230 262 1251 hoc

12 1670 25 1676 ,
37 1651 66 1676 ζ’
74 1659 122 1683 per
126 1655 219 1683 partem
228 1654 263 1676 pb.

1132 300 1242 336 CAP.
1274 299 1339 345 IV,
1370 298 1520 339 LECT.
1549 298 1599 334 vi

288 385 423 434 quibus
461 391 516 420 est
543 390 690 428 motus;
729 381 796 419 sed
828 380 1068 430 quorundam
1096 378 1250 427 quidem
1278 388 1346 425 per

289 451 340 485 se,
356 436 597 486 quorundam
618 447 710 472 vero
730 447 799 484 per
823 434 1015 471 accidens:
1045 444 1112 481 per
1130 443 1171 467 se
1190 430 1344 487 quidem

289 490 463 527 omnium
490 501 623 525 eorum
652 499 748 536 quae
776 487 962 535 pertinent
989 484 1036 521 ad
1056 495 1173 531 genus
1202 489 1344 530 quanti-

288 542 390 589 tatis,
420 549 461 578 ut
481 549 535 578 est
553 541 590 578 in
610 547 717 577 motu
736 539 862 586 locali,
892 545 928 575 et
952 537 1063 573 etiarn
1082 537 1121 572 in
1140 541 1343 582 augmento

291 603 326 632 et
345 595 604 639 decrement03
633 605 703 641 per
722 592 894 628 accidens
913 601 1005 627 vero
1025 589 1064 625 in
1083 588 1126 624 iis
1146 599 1242 636 quae
1262 598 1345 634 per-

289 648 406 685 tinent
434 647 481 684 ad
510 646 742 696 qualitatem,
771 651 811 680 ut
837 644 886 679 in=
904 648 1012 678 motu
1040 639 1276 677 alterationis.

345 701 379 737 8.
414 699 561 736 Deinde
600 709 687 734 cum
724 695 830 733 dicit:
867 694 1085 742 Accipiatur
1120 693 1218 728 enim
1255 697 1344 728 tem—

285 765 359 801 pus
379 760 461 799 etc„
480 750 690 788 manifestat
707 748 811 796 quod
831 747 984 783 dixerat.
1011 747 1060 782 Et
1081 745 1205 793 primo
1227 756 1344 792 quan-

291 814 373 842 tum
401 805 449 841 ad
477 804 550 840 hoc
578 802 681 850 quod
708 808 858 848 tempus
888 806 923 835 et
950 805 1077 835 motus
1106 797 1216 834 simul
1251 797 1343 834 divi-

293 858 450 902 duntur3
488 854 654 892 secundo
683 852 784 901 quod
813 859 939 888 motus
968 858 1004 887 et
1031 851 1157 899 ipsum
1194 849 1343 887 moveri

292 909 402 946 simul
421 907 649 952 dividuntur,
670 903 740 941 ibi:
769 905 913 941 Eodem
941 909 1065 940 autem
1089 903 1199 940 modo
1262 910 1343 948 etc.;

290 960 397 998 tertio
426 958 587 995 ostendit
627 957 728 994 idem
758 957 804 994 de
833 964 941 993 motu
975 964 1012 992 et
1039 969 1085 992 eo
1114 955 1153 992 in
1181 967 1257 1003 quo
1292 963 1346 991 est

290 1019 434 1059 motus,
463 1011 534 1048 ibi:
564 1011 740 1047 Similiter
757 1015 881 1046 autem
909 1008 1222 1045 demonstrabitur
1238 1009 1257 1028 ³²
1274 1015 1343 1044 etc.

291 1065 400 1101 Circa
418 1063 585 1112 primum
605 1063 682 1100 duo
708 1062 811 1099 facit:
839 1061 963 1110 primo
984 1061 1146 1098 ostendit
1174 1061 1278 1108 quod
1297 1060 1345 1096 ad

292 1117 518 1154 divisionem
555 1115 736 1164 temporis
774 1114 950 1152 dividitur
987 1121 1138 1159 motus;
1177 1113 1344 1149 secundo

291 1171 395 1218 quod
423 1182 443 1206 e
473 1180 657 1206 converso
686 1167 734 1205 ad
762 1167 988 1204 divisionem
1014 1174 1140 1203 motus
1169 1165 1347 1203 dividitur

290 1229 451 1270 tempus,
481 1221 553 1258 ibi:
584 1220 899 1257 Similiter‘autem
928 1225 963 1256 et
987 1220 1021 1256 si
1041 1224 1161 1256 motus
1183 1220 1201 1239 ³²
1223 1226 1291 1255 etc.

343 1274 442 1311 Dicit
461 1286 549 1322 ergo
568 1273 705 1323 primo.
734 1274 902 1310 Ponatur
921 1272 1024 1321 quod
1043 1279 1193 1320 tempus
1212 1271 1250 1308 in
1269 1283 1345 1319 quo

291 1326 431 1375 aliquid
459 1334 636 1364 movetur
662 1326 708 1363 sit
733 1327 780 1373 A,
809 1332 847 1362 et
873 1332 1000 1362 motus
1031 1324 1096 1373 qui
1125 1331 1180 1361 est
1206 1323 1244 1360 in
1272 1324 1346 1360 hoc

290 1387 462 1428 tempore
491 1379 537 1416 sit
565 1380 607 1416 B.
646 1378 891 1416 Manifestum
929 1385 984 1414 est
1021 1385 1146 1414 autem
1185 1377 1288 1424 quod
1318 1376 1348 1412 si

292 1432 431 1481 aliquid
458 1439 635 1468 movetur
657 1443 725 1480 per
752 1438 871 1467 totam
891 1430 1189 1478 magnitudinem
1209 1429 1246 1465 in
1266 1436 1345 1465 toto

291 1492 482 1533 tempore,
516 1484 620 1532 quod
652 1484 691 1520 in
723 1483 925 1520 medietate
958 1482 1139 1531 temporis
1171 1489 1349 1519 movetur

291 1550 360 1586 per
378 1538 567 1574 minorem
587 1536 897 1584 magnitudinem.
919 1535 1025 1572 Idem
1046 1543 1101 1572 est
1120 1542 1248 1571 autem
1265 1547 1347 1571 mo-

290 1589 371 1628 veri
399 1597 477 1626 toto
507 1597 631 1636 motu,
658 1597 693 1626 et
719 1601 788 1638 per
814 1597 934 1626 totam
962 1588 1282 1635 magnitudinem;
1313 1594 1349 1622 et

290 1649 395 1691 parte
415 1642 435 1663 *
455 1649 581 1678 motus
610 1649 645 1678 et
671 1654 740 1690 per
767 1649 914 1690 partem
942 1640 1219 1688 magnitudinis.
1240 1640 1350 1677 Unde

292 1694 532 1731 manifestum
568 1701 623 1731 est
650 1694 755 1743 quod
774 1694 804 1731 si
827 1694 865 1731 in
884 1701 963 1731 toto
982 1701 1154 1741 tempore
1174 1699 1352 1730 movetur

291 1754 371 1784 toto
392 1754 511 1795 motu,
532 1747 635 1796 quod
654 1747 693 1784 in
717 1754 822 1795 parte
842 1746 1021 1795 temporis
1049 1745 1264 1783 movebitur
1282 1745 1351 1781 mi-

292 1799 375 1837 nori
395 1807 522 1836 motu:
553 1807 588 1836 et
611 1800 747 1836 iterum
777 1799 897 1837 diviso
926 1798 1121 1847 tempore,
1140 1798 1352 1835 invenietur

292 1852 418 1889 minor
442 1859 584 1898 motus;
615 1859 650 1888 et
677 1852 730 1888 sic
755 1863 915 1900 semper.
944 1852 1003 1888 Ex
1021 1863 1098 1900 quo
1117 1857 1220 1899 patet
1248 1850 1351 1899 quod

293 1905 504 1942 secundum
524 1904 749 1942 divisionem
769 1903 950 1952 temporis
970 1903 1147 1941 dividitur
1165 1911 1302 1940 motus.

336 1957 485 1994 Deinde
496 1969 584 1994 curn
596 1957 698 1994 dicit:
711 1957 887 1993 Similiter
896 1963 1032 2002 autem,
1045 1962 1080 1992 et
1092 1957 1126 1992 si
1133 1961 1254 1992 motus
1266 1963 1348 2002 etc.,

293 2010 455 2047 ostendit
477 2010 580 2058 quod
599 2016 607 2030 ‘
627 2022 648 2046 e
669 2022 872 2056 converso,
894 2010 924 2046 si
943 2017 1070 2046 motus
1094 2008 1288 2056 dividitur,
1315 2016 1351 2045 et

292 2070 442 2112 tempus
453 2062 641 2099 dividitur.
653 2062 753 2109 Quia
763 2062 793 2099 si
802 2074 870 2111 per
883 2069 1004 2099 toturn
1015 2068 1163 2099 motum
1174 2068 1351 2098 movetur

292 2115 331 2153 in
362 2122 440 2152 toto
473 2122 662 2164 tempore,
691 2127 759 2163 per
790 2114 960 2152 medium
980 2122 1107 2151 motus
1134 2114 1351 2151 movebitur

293 2168 332 2205 in
351 2167 479 2204 medio
498 2174 686 2216 tempore,
708 2175 743 2204 et
762 2179 912 2215 semper
931 2166 1057 2204 minor
1081 2166 1148 2203 erit
1166 2174 1292 2203 motus
1311 2167 1350 2203 in

294 2220 431 2257 minori
447 2227 630 2268 tempore,
643 2219 674 2256 si
688 2220 734 2256 sit
748 2220 888 2256 mobile
903 2219 1006 2256 idem
1018 2220 1080 2256 vel
1095 2231 1215 2268 aeque
1225 2219 1355 2256 velox.'

347 2285 382 2320 9.
413 2272 560 2310 Deinde
580 2284 667 2308 curn
688 2272 794 2309 dicit:
823 2272 966 2308 Eodem
986 2278 1110 2308 autem
1131 2272 1241 2308 modo
1267 2279 1348 2318 etc.,

294 2325 457 2362 ostendit
484 2325 588 2373 quod
607 2332 733 2362 rnotus
758 2332 794 2361 et
817 2324 964 2362 moveri
984 2325 1095 2361 simul
1120 2323 1348 2361 dividuntur.

293 2379 343 2415 Et
362 2377 459 2414 circa
473 2378 547 2414 hoc
567 2378 643 2414 duo
662 2377 764 2414 facit:
784 2377 907 2426 primo
929 2377 1091 2414 ostendit
1105 2377 1208 2425 quod
1223 2376 1349 2425 ipsum

293 2430 442 2468 moveri
478 2430 655 2468 dividitur
691 2430 902 2467 secundum
939 2429 1164 2467 divisionem
1203 2437 1349 2476 motus;

295 2484 462 2520 secundo
483 2484 587 2532 quod
615 2490 742 2519 motus
762 2482 939 2519 dividitur
962 2482 1173 2519 secundum
1198 2482 1350 2519 divisio-

294 2548 383 2573 nem
426 2535 504 2572 eius
541 2535 646 2584 q'uod
679 2542 733 2572 est
765 2535 928 2582 moveri,
957 2535 1028 2572 ibi:
1061 2536 1130 2571 Est
1158 2540 1282 2571 autem
1319 2541 1353 2571 et

175 2593 199 2616 ³¹¹
222 2593 268 2615 ¹¹00
288 2594 488 2637 ponentem
508 2590 526 2607 ‘³
548 2596 615 2625 etc.

347 2641 446 2678 Dicit
465 2652 552 2688 ergo
580 2640 716 2690 primo,
737 2640 842 2690 quod
870 2640 1007 2677 eodem
1031 2639 1149 2677 modo
1172 2641 1354 2688 probatur

295 2694 398 2742 quod
425 2693 551 2742 ipsum
580 2692 727 2730 moveri
756 2693 932 2730 dividitur
959 2693 1168 2729 secundum
1201 2693 1352 2730 divisio-

295 2758 385 2782 nem
412 2744 594 2793 temporis
613 2753 650 2781 et
668 2752 813 2782 motus:
844 2753 880 2782 et
898 2745 1024 2794 ipsum
1043 2745 1190 2782 moveri
1210 2746 1256 2782 sit
1275 2746 1305 2782 C
1325 2752 1350 2782 ²².

296 2798 540 2835 Manifestum
561 2805 615 2834 θεῖ
634 2805 760 2834 autern
789 2798 892 2846 quod
915 2810 993 2834 non
1011 2805 1158 2834 tantum
1177 2805 1354 2835 movetur

296 2850 437 2900 aliquid
456 2851 665 2888 secundum
684 2857 830 2899 partem
858 2857 996 2897 motus,
1017 2858 1202 2899 quantum
1222 2863 1353 2887 secun-

297 2903 389 2940 dum
416 2909 539 2940 totum
567 2909 727 2939 motum.
766 2902 1009 2940 Manifestum
1043 2910 1097 2939 est
1129 2914 1218 2950 ergo
1252 2904 1354 2952 quod

296 2955 507 2993 secundum
535 2955 705 2992 medium
733 2962 902 3003 motum,
938 2967 1026 3004 pars
1055 2955 1135 2992 eius
1167 2956 1271 3003 quod
1299 2963 1355 2993 est

296 3008 464 3055 moveri,
499 3008 567 3045 erit
593 3007 719 3044 minor
744 3015 823 3044 toto
852 3007 934 3056 ipso
963 3007 1126 3055 moveri,
1163 3015 1199 3044 et
1229 3008 1354 3045 adhuc

297 3060 423 3097 minor
442 3061 653 3097 secundum
681 3060 890 3098 medietatis
913 3061 1100 3106 medium;
1131 3068 1167 3097 et
1185 3060 1238 3097 sic
1257 3073 1352 3098 sem-

296 3124 365 3161 per
391 3113 627 3160 procedetur.
657 3113 758 3160 Ergo
779 3113 872 3150 sicut
890 3119 1039 3162 tempus
1059 3120 1095 3150 et
1111 3121 1237 3150 motus
1257 3126 1353 3150 sern-

298 3175 366 3213 per
384 3164 611 3212 dividuntur,
638 3165 688 3202 ita
708 3172 743 3202 et
761 3165 885 3214 ipsum
912 3165 1070 3203 moveri.

352 3267 370 3301 ι)
390 3268 504 3293 ostendit
521 3268 592 3300 quod
610 3269 747 3294 etc.-Pro
760 3269 882 3298 ostendit,
901 3269 966 3294 dicit
984 3269 1057 3294 Plab.
1071 3270 1129 3294 Lin.
1141 3278 1197 3302 seq.
1214 3270 1283 3300 Quia
1297 3278 1349 3294 om.

299 3302 350 3331 Plu
368 3310 415 3335 pro
433 3305 488 3328 toto
507 3306 630 3335 tempore,
642 3304 716 3328 omni
728 3306 844 3336 tempore
859 3304 933 3328 codd.
947 3311 1000 3328 exc.
1010 3303 1031 3328 N
1046 3308 1071 3328 et
1084 3304 1123 3329 ab
1128 3311 1137 3333 ‚·
1150 3311 1203 3336 per
1220 3310 1279 3329 ante
1297 3312 1350 3330 me-

300 3338 374 3362 dium
385 3345 438 3362 om.
449 3337 481 3367 Ρ;
494 3345 542 3370 pro
551 3341 644 3368 motus,
655 3339 725 3370 quod
739 3346 791 3362 om.
802 3339 856 3369 EG,
867 3341 966 3362 motum
980 3338 1011 3370 Ζ;
1025 3345 1072 3370 pro
1085 3338 1108 3363 si
1121 3339 1157 3364 sit
1169 3343 1216 3364 etc.
1226 3339 1248 3364 N
1261 3339 1350 3364 habet:

303 3373 383 3397 Tenet
396 3375 484 3397 autem
500 3372 550 3397 ista
563 3373 633 3397 ratio
642 3376 668 3398 et
677 3373 847 3404 praecedens,
858 3373 881 3397 si
892 3373 928 3397 sit
942 3373 1010 3397 idem
1023 3373 1116 3398 mobile
1129 3377 1155 3398 et
1169 3381 1250 3405 aeque
1263 3375 1351 3399 velox.

353 3406 379 3439 κ)
398 3410 424 3432 et
441 3407 527 3439 ipsum
541 3407 641 3432 moveri
658 3407 694 3432 sit
710 3408 763 3432 C.—
775 3407 843 3432 sicut
857 3407 942 3439 ipsum
956 3410 1042 3432 motus
1055 3408 1086 3438 R,
1096 3408 1134 3433 sic
1146 3409 1212 3438 NsC,
1227 3412 1253 3433 et
1266 3409 1351 3441 ipsum

300 3442 400 3467 moveri
417 3441 456 3467 sic
473 3442 542 3474 (sit)
561 3442 618 3466 edd.
636 3442 675 3466 ab
695 3446 720 3466 et
738 3446 785 3466 cet.
805 3449 857 3466 exc.
876 3442 967 3466 BZsHl
986 3447 1011 3466 et
1028 3442 1052 3466 X
1070 3442 1114 3474 qui
1132 3442 1191 3468 hab.
1206 3443 1252 3469 lac.
1265 3444 1352 3468 Lectio

301 3485 379 3510 quam
397 3476 536 3501 retinemus
556 3484 615 3501 cum
633 3476 755 3507 PBZsHI,
774 3475 892 3501 convenit
910 3476 996 3501 textui.

353 3511 381 3544 λ)
401 3512 455 3536 DC
469 3515 496 3536 et
517 3511 598 3536 CE.-
612 3511 666 3536 DC
680 3514 706 3536 et
727 3511 775 3536 CF
788 3511 817 3536 P.
828 3525 847 3530 -
864 3510 970 3535 Inferius
988 3519 1037 3543 pro
1055 3511 1226 3543 respondent,
1245 3519 1353 3544 respon-

301 3547 395 3572 derent
411 3546 676 3577 AIKLOTYa.·-1bi,
695 3546 757 3578 quia
774 3546 798 3571 si
815 3546 924 3578 aliquid,
944 3546 1006 3578 quia
1024 3546 1048 3571 si
1064 3547 1140 3571 aliud
1153 3547 1228 3572 codd.
1242 3554 1296 3572 exc.
1310 3547 1353 3572 BE

301 3581 446 3614 FGNTpH.
459 3595 480 3601 -
497 3582 548 3606 Pro
567 3581 608 3616 hic
626 3581 823 3614 argumentari,
848 3581 886 3606 sic
904 3581 1090 3614 argumentari
1107 3582 1182 3611 BsH.
1207 3582 1254 3607 hoc
1271 3589 1354 3615 argu-

302 3620 417 3642 mentum
436 3617 506 3646 EsF.
525 3616 574 3642 h'oc
591 3616 777 3649 argumentari
795 3621 842 3641 cet.
861 3623 913 3641 exc.
932 3616 962 3641 N.

2382 310 2451 345 291

1453 376 1601 413 Deinde
1619 389 1704 413 cum
1725 376 1826 414 dicit:
1855 378 1923 413 Est
1954 382 2077 412 autem
2098 382 2131 412 et
2153 382 2352 423 ponentem
2374 384 2456 423 eto,

1399 430 1535 477 probat
1564 429 1667 477 quod
1697 442 1717 465 e
1746 441 1931 466 converso
1960 436 2085 465 motus
2117 428 2293 465 dividitur
2326 441 2457 465 secun-

1401 483 1492 518 dum
1513 481 1738 518 divisionem
1759 482 1841 529 *eius
1862 482 1965 530 quod
1990 489 2044 517 est
2066 481 2225 518 moveri.
2257 481 2338 518 Sint
2357 481 2458 517 enim

1401 533 1497 570 duae
1530 541 1656 582 partes
1683 542 1809 570 motus
1837 535 1906 571 DC
1932 542 1967 570 et
1987 535 2052 570 CE
2073 537 2101 581 ²,
2132 535 2339 571 secundum
2368 546 2457 582 qua-

1399 599 1484 622 rum
1502 594 1702 635 utramque
1723 587 2069 635 aliquidlmovetur.
2100 588 2148 623 Et
2168 587 2219 623 sic
2240 586 2270 623 si
2288 586 2455 635 partibus

1400 639 1479 675 eius
1507 639 1612 688 quod
1641 646 1695 675 est
1722 640 1869 675 moveri
1903 639 2134 688 respondent
2161 647 2284 688 partes
2312 646 2455 685 motus,

1400 699 1548 740 oportet
1575 692 1697 728 dicere
1727 693 1830 740 quod
1858 693 1923 729 toti
1953 692 2180 741 respondeat
2198 699 2338 728 totum:
2370 691 2458 740 quia

1401 744 1430 780 si
1450 744 1589 792 aliquid
1607 745 1691 793 plus
1713 753 1808 781 esset
1827 745 1863 781 in
1883 758 1960 781 uno
1982 757 2096 793 quam
2117 745 2155 780 in
2175 745 2303 792 altero,
2317 745 2383 781 erit
2397 744 2458 780 hic

1401 797 1650 844 argumentari
1672 798 1718 834 de
1739 798 1885 834 moveri
1915 799 1962 835 ad
1990 805 2152 844 motum,
2184 797 2277 834 sicut
2305 810 2418 846 supra
2438 798 2457 818 '⁴⁵

1401 850 1647 897 argumentati
1686 862 1814 886 sumus
1832 879 1840 895 ,
1883 851 2036 899 quando
2080 850 2311 886 ostendimus
2355 850 2458 898 quod

1399 910 1524 939 motus
1562 903 1674 939 totius
1713 911 1766 939 est
1804 903 1996 944 divisibilis
2033 903 2071 939 in
2107 910 2233 939 motus
2270 903 2457 951 partium,

1400 955 1448 991 ita
1486 956 1589 1003 quod
1626 968 1696 992 nec
1735 957 1754 976 't'
1791 963 1914 1004 potest
1951 955 2113 992 deficere
2154 967 2224 991 nec
2267 956 2457 992 excellere.

1402 1007 1577 1044 Similiter
1613 1008 1724 1044 etiam
1752 1015 1788 1044 et
1813 1016 1938 1056 partes
1967 1008 2045 1045 eius
2074 1008 2176 1056 quod
2214 1014 2268 1044 est
2299 1008 2457 1055 moveri,

1401 1071 1479 1096 non
1497 1070 1656 1108 possunt
1676 1061 1856 1097 excedere
1875 1068 2000 1109 partes
2019 1069 2145 1097 motus
2178 1072 2248 1097 nec
2276 1061 2456 1098 deficere:

1401 1112 1489 1160 quia
1518 1112 1619 1148 enim
1646 1125 1801 1149 necesse
1826 1121 1880 1149 est
1904 1113 2072 1161 accipere
2091 1113 2301 1150 secundum
2319 1121 2459 1149 utram-

1402 1177 1474 1213 que
1493 1172 1640 1213 partem
1667 1173 1793 1201 motus
1822 1166 1896 1202 hoc
1924 1167 2027 1214 quod
2048 1174 2103 1202 est
2120 1166 2279 1213 moveri,
2306 1178 2459 1202 necesse

1402 1224 1457 1254 est
1485 1217 1588 1266 quod
1608 1224 1729 1254 totum
1747 1218 1895 1255 moveri
1915 1218 1959 1254 sit
1979 1219 2216 1266 continuum,
2239 1231 2460 1267 correspon-

1403 1270 1496 1306 dens
1524 1270 1591 1306 toti
1609 1270 1740 1306 motui.
1771 1271 1819 1306 Et
1838 1270 1888 1306 ita
1908 1283 2056 1318 semper
2074 1278 2092 1298 fl*
2111 1278 2235 1319 partes
2260 1271 2338 1308 eius
2358 1273 2461 1320 quod

1403 1330 1458 1359 est
1483 1323 1642 1370 moveri,
1664 1323 1895 1371 respondent
1914 1323 2082 1371 partibus
2110 1331 2248 1371 motus,
2279 1331 2314 1360 et
2341 1331 2461 1360 totum

1401 1375 1485 1422 toti;
1515 1383 1551 1412 et
1579 1375 1632 1412 sic
1658 1388 1778 1412 unum
1797 1376 1977 1413 dividitur
1996 1376 2206 1412 secundum
2234 1376 2401 1412 alterurn.

1461 1440 1518 1464 io.
1541 1427 1688 1467 Deinde
1714 1441 1801 1465 cum
1831 1429 1935 1465 dicit:
1965 1429 2141 1464 Similiter
2168 1434 2292 1465 autem
2312 1429 2463 1465 demon-

1401 1481 1580 1518 strabitur
1608 1488 1700 1528 etc.,
1730 1481 1893 1518 ostendit
1930 1482 2031 1518 idem
2067 1481 2113 1518 de
2144 1493 2188 1517 eo
2227 1481 2265 1517 in
2303 1494 2378 1529 quo
2409 1489 2464 1517 est

1404 1541 1542 1570 motus.
1571 1535 1620 1570 Et
1648 1533 1735 1570 dicit
1762 1535 1866 1582 quod
1895 1535 2031 1571 eodem
2061 1534 2179 1570 modo
2215 1534 2464 1571 demonstrari

1403 1594 1546 1635 potest,
1586 1587 1693 1634 quod
1717 1587 1910 1634 longitudo
1939 1587 1978 1623 in
2007 1599 2082 1635 qua
2113 1595 2290 1623 movetur
2324 1587 2464 1635 aliquid

1404 1640 1615 1676 secundum
1644 1640 1792 1687 locum,
1825 1639 1869 1676 sit
1898 1639 2090 1676 divisibilis
2123 1640 2334 1676 secundum
2370 1639 2464 1677 divi-

1406 1691 1553 1728 sionem
1582 1692 1775 1740 temporis,
1798 1699 1833 1728 et
1861 1699 1999 1738 motus,
2022 1699 2058 1728 et
2084 1692 2200 1741 ipsius
2229 1693 2388 1729 moveri.
2416 1693 2465 1729 Et

1405 1744 1510 1792 quod
1539 1744 1698 1781 dicimus
1728 1745 1774 1781 de
1803 1745 2033 1792 longitudine
2062 1745 2100 1781 in
2128 1752 2236 1782 motu
2264 1746 2383 1792 locali,
2410 1752 2465 1781 est

1407 1796 1519 1833 etiarn
1547 1796 1830 1844 intelligendum
1851 1798 1897 1834 de
1927 1797 2033 1834 omni
2062 1810 2107 1834 eo
2137 1798 2174 1834 in
2193 1811 2270 1846 quo
2300 1805 2355 1834 est
2382 1810 2464 1834 mo-

1405 1856 1481 1886 tus:
1511 1849 1582 1886 nisi
1610 1850 1714 1897 quod
1742 1850 1931 1898 quaedam
1960 1857 2046 1886 sunt
2084 1850 2281 1888 divisibilia
2308 1863 2377 1899 per
2405 1863 2464 1887 ac-

1407 1901 1552 1949 cidens,
1581 1902 1676 1939 sieut
1712 1903 1905 1951 qualitates
1934 1903 1971 1939 in
2004 1910 2112 1940 motu
2149 1903 2395 1950 alterationis,
2425 1911 2466 1939 ut

1406 1955 1548 1992 dictum
1569 1963 1623 1992 est
1637 1956 1666 1991 *.
1688 1976 1711 1982 -
1732 1957 1781 1992 Εῖ
1798 1955 1885 1993 inde
1907 1963 1961 1992 est
1980 1956 2085 2004 quod
2105 1957 2233 1994 omnia
2252 1957 2321 1993 ista
2340 1956 2392 1992 sic
2412 1956 2464 1993 di-

1404 2008 1601 2054 viduntur3
1623 2008 1712 2057 quia
1738 2008 1829 2045 illud
1858 2009 1963 2057 quod
1990 2016 2156 2045 mutatur
2184 2017 2238 2046 est
2267 2009 2462 2056 divisibile,

1404 2068 1446 2097 ut
1465 2067 1658 2097 ostensum
1680 2069 1735 2097 est
1753 2073 1866 2110 supra
1880 2063 1910 2098 ³⁸.
1932 2062 2042 2099 Unde
2061 2074 2138 2098 uno
2161 2063 2300 2099 horum
2330 2062 2463 2109 diviso,

1406 2121 1554 2162 oportet
1582 2114 1686 2162 quod
1715 2115 1843 2151 omnia
1872 2114 2097 2151 dividantur.
2128 2123 2133 2127 ·

1466 2179 1478 2203 1
1492 2178 1522 2203 1.
1543 2166 1691 2203 Deinde
1708 2179 1795 2204 cum
1811 2167 1915 2204 dicit:
1934 2169 1986 2204 Et
1997 2168 2033 2204 in
2060 2168 2137 2215 ipso
2141 2168 2256 2215 finita
2285 2179 2362 2204 esse
2382 2174 2463 2215 etc.,

1407 2219 1569 2255 ostendit
1597 2219 1701 2268 quod
1725 2220 1819 2256 sicut
1839 2233 1879 2256 se
1900 2227 2182 2269 consequuntur
2200 2220 2407 2269 praemissa
2426 2220 2464 2257 in

1407 2271 1656 2308 divisibilitate
1671 2278 1694 2318 ⁹,
1711 2272 1761 2309 ita
1780 2285 1820 2309 se
1841 2281 2122 2322 consequuntur
2140 2273 2178 2310 in
2196 2274 2271 2309 hoc
2290 2273 2395 2322 quod
2411 2281 2465 2310 est

1406 2336 1486 2360 esse
1515 2324 1620 2360 finita
1646 2325 1709 2361 vel
1736 2325 1896 2362 infinita:
1925 2326 1975 2362 ita
2004 2327 2108 2374 quod
2127 2326 2157 2362 si
2175 2338 2297 2362 unum
2324 2327 2464 2362 horum

1405 2376 1515 2414 fuerit
1542 2377 1704 2425 finitum,
1726 2378 1855 2414 omnia
1874 2386 1983 2415 erunt
2001 2378 2126 2424 finita3
2153 2386 2189 2415 et
2208 2378 2238 2415 si
2262 2379 2462 2426 infinitum,

1406 2429 1611 2466 similiter*.

1466 2494 1522 2519 12.
1543 2482 1691 2518 Deinde
1721 2494 1808 2519 curn
1837 2483 1944 2520 dicit:
1975 2484 2148 2519 Secutum
2185 2489 2309 2520 autem
2343 2484 2465 2521 maxi-

1406 2547 1466 2571 me
1495 2541 1576 2581 ete.7
1598 2535 1759 2572 ostendit
1778 2535 1816 2572 in
1845 2548 1920 2584 quo
1939 2535 2238 2584 praemissorum
2256 2537 2390 2585 'primo
2410 2536 2464 2573 in-

1405 2587 1579 2624 veniatur
1609 2587 1839 2624 divisibilitas
1860 2596 1896 2625 et
1919 2589 2070 2625 finitum
2095 2601 2163 2625 seu
2190 2589 2390 2626 infinitum.
2417 2590 2466 2625 Et

1407 2639 1495 2677 dicit
1522 2640 1627 2688 quod
1654 2640 1819 2677 maxime
1848 2642 1895 2678 ab
1923 2641 2005 2690 ipso
2039 2641 2143 2690 quod
2171 2649 2346 2689 mutatur,
2375 2654 2464 2678 con-

1407 2693 1574 2742 sequitur
1590 2693 1637 2729 de
1657 2693 1836 2730 omnibus
1851 2694 1930 2730 aliis
1948 2694 2053 2742 quod
2068 2694 2292 2742 dividantur,
2310 2702 2346 2731 et
2359 2694 2464 2744 quod

1407 2745 1480 2782 sint
1498 2745 1604 2782 finita
1622 2747 1683 2783 vel
1701 2746 1863 2783 infinita:
1884 2747 1973 2795 quia
1995 2747 2084 2784 illud
2100 2747 2204 2795 quod
2224 2755 2279 2784 est
2296 2747 2464 2796 primum

1407 2798 1622 2835 naturaliter
1649 2799 1686 2835 in
1715 2806 1833 2847 motu,
1856 2807 1910 2836 est
1928 2800 2052 2848 ipsum
2077 2800 2218 2844 mobile
2232 2801 2263 2846 *,
2286 2808 2321 2837 θῖ
2340 2799 2464 2836 statim

1408 2851 1478 2899 ipsi
1507 2863 1552 2887 ex
1580 2852 1657 2887 sua'
1675 2859 1808 2888 natura
1844 2852 1941 2889 inest
1975 2865 2056 2889 esse
2086 2853 2289 2900 divisibile,
2320 2860 2356 2889 et
2384 2865 2464 2889 esse

1408 2903 1558 2940 finitum
1585 2904 1647 2940 vel
1675 2904 1880 2951 infinitum3
1912 2913 1946 2942 et
1969 2906 2021 2942 sic
2050 2918 2094 2942 ex
2122 2906 2204 2954 ipso
2225 2906 2273 2942 ad
2302 2905 2372 2942 alia
2401 2905 2464 2942 de-

1409 2955 1551 2994 rivatur
1565 2956 1796 2994 divisibilitas
1805 2958 1867 2995 vel
1886 2958 2048 2995 finitum.
2064 2979 2088 2986 -
2110 2958 2319 3005 Quomodo
2336 2965 2463 2995 autem

1409 3009 1535 3057 ipsum
1572 3010 1714 3046 mobile
1751 3010 1796 3046 sit
1829 3010 2030 3058 divisibile,
2065 3019 2100 3048 et
2135 3023 2204 3060 per
2240 3011 2365 3060 ipsum
2395 3010 2465 3047 alia

1411 3061 1635 3109 dividantur,
1658 3070 1853 3099 ostensum
1883 3070 1937 3100 est
1968 3064 2072 3112 prius
2093 3064 2124 3100 ²².
2161 3064 2238 3100 Sed
2265 3063 2462 3112 quomodo

1410 3114 1522 3151 etiam
1551 3115 1625 3151 hoc
1653 3114 1706 3151 sic
1725 3128 1764 3152 se
1784 3116 1898 3152 habet
1922 3116 1968 3153 de
1988 3116 2146 3163 infinito,
2177 3116 2394 3153 ostendetur
2412 3116 2465 3152 in-

1408 3167 1521 3204 ferius
1549 3167 1587 3204 in
1614 3168 1689 3204 hoc
1718 3167 1855 3205 eodem
1884 3176 1987 3205 sexto
2017 3169 2111 3205 libro
2133 3169 2163 3204 ⁹³.

1457 3270 1486 3305 μ.)
1501 3271 1538 3295 Et
1555 3271 1594 3296 ita
1611 3278 1722 3303 semper.
1735 3284 1754 3291 ·-
1768 3272 1804 3296 Et
1822 3271 1861 3296 ita
1878 3271 2022 3296 secundum
2040 3270 2327 3303 ABCDKMOTYZpIV
2342 3275 2367 3294 et
2384 3277 2413 3299 α,
2430 3271 2465 3295 Et

1405 3306 1443 3331 ita
1461 3306 1719 3336 EFGHLQRSXsIV
1738 3310 1764 3330 et
1782 3306 1810 3333 b,
1831 3306 1867 3330 Et
1885 3306 1923 3330 ita
1941 3305 2082 3330 secundum
2097 3305 2168 3337 quod
2186 3305 2281 3329 N.—In
2295 3304 2345 3329 fine
2359 3313 2406 3338 pro
2425 3306 2463 3330 al-

1405 3343 1499 3370 terum,
1519 3341 1601 3365 alium
1620 3341 1675 3365 EG.

1457 3374 1481 3409 ν)
1501 3382 1528 3400 se
1541 3379 1737 3408 consequuntur
1745 3376 1896 3407 praemissa
1911 3374 1936 3398 in
1952 3374 2165 3399 divisibilitate.-
2174 3381 2202 3399 se
2215 3382 2268 3399 orn.
2282 3374 2334 3399 Pab
2349 3379 2374 3400 et
2388 3376 2463 3400 codd.

1406 3417 1458 3435 exc.
1478 3410 1709 3442 FLNQRSTsBG3
1734 3410 1828 3442 proin
1847 3409 2041 3438 divisibilitate,
2068 3409 2264 3434 indivisibiliter
2288 3410 2328 3435 ed.
2347 3417 2377 3439 a,
2397 3411 2463 3436 divi-

1405 3445 1557 3470 sibilitatem
1576 3446 1596 3470 P
1615 3450 1702 3470 secuta
1726 3445 1766 3469 ed.
1784 3445 1875 3469 Venet.
1904 3443 1978 3475 1545.
1991 3457 2010 3462 —
2034 3444 2084 3468 Pro
2109 3444 2226 3476 sequenti
2251 3449 2463 3477 consequuntur,

1405 3483 1551 3512 sequuntur
1569 3480 1681 3505 1².—Pro
1699 3480 1802 3508 horum,
1822 3479 1932 3503 istorum
1948 3478 2078 3503 Pb.—-Pro
2092 3479 2182 3503 omnia
2195 3482 2274 3504 erunt
2285 3480 2375 3512 finita,
2391 3481 2463 3513 quod

1406 3514 1547 3539 retinemus
1571 3523 1630 3539 cum
1654 3515 1762 3543 PLSab,
1787 3514 1876 3538 omnia
1893 3514 1974 3546 finita
1998 3514 2052 3538 sint
2075 3514 2110 3544 Β,
2136 3517 2162 3539 et
2184 3514 2259 3539 aliud
2277 3515 2333 3546 EF,
2358 3518 2384 3540 et
2402 3516 2464 3540 reli-

1407 3555 1459 3581 qua
1478 3549 1514 3580 Q,
1533 3552 1559 3574 et
1577 3550 1704 3581 reliquum
1724 3548 1798 3578 TsH,
1817 3551 1844 3573 et
1861 3549 1951 3573 omnia
1970 3548 2042 3580 sGZ‚
2061 3551 2087 3573 et
2104 3548 2159 3573 alia
2177 3549 2215 3580 sl,
2234 3557 2287 3574 om.
2307 3555 2353 3575 cet.
2373 3558 2426 3575 exc.
2441 3551 2463 3575 N

1407 3583 1451 3616 qui
1470 3584 1660 3616 transponendo
1679 3583 1768 3608 habet:
1786 3583 1875 3616 suerit
1893 3583 2033 3616 infinitum,
2048 3587 2074 3608 et
2088 3584 2189 3617 reliqua
2207 3588 2286 3610 erunt
2304 3585 2419 3619 infinitas
2438 3589 2464 3610 et

1407 3618 1430 3643 si
1441 3619 1530 3651 suerit
1540 3619 1659 3651 finitum,
1678 3618 1807 3643 similiter.

2486 802 2493 809 ·
2509 800 2579 821 Num.
2595 806 2615 828 5.

2487 963 2495 970 ·
2512 967 2558 982 non
2572 961 2607 982 Pb.

2493 1959 2501 1967 ¹
2521 1957 2592 1979 Num.
2613 1964 2634 1985 7.

2493 2064 2501 2071 ·
2517 2062 2580 2083 Lect.
2596 2068 2670 2090 praec.

2492 2094 2516 2110 n.
2531 2095 2564 2110 ιο.

2491 2441 2502 2452 “
2517 2440 2552 2462 cf.
2568 2441 2620 2462 lect.
2632 2446 2663 2462 ix.

2492 2806 2501 2814 ·
2507 2805 2581 2832 ipsum
2587 2804 2650 2832 quod
2655 2810 2704 2826 mu-

2492 2833 2557 2852 tatur
2571 2838 2623 2852 ussa
2633 2847 2638 2857 ‚
2653 2836 2702 2852 mo-

2493 2857 2536 2879 bile
2544 2863 2591 2878 om.
2599 2861 2643 2879 cet.
2651 2863 2702 2878 exc.

2493 2890 2517 2905 N.

2493 3074 2501 3081 ·
2508 3071 2591 3092 Num.2
2599 3074 2621 3092 ct
2627 3077 2704 3098 seqq3-

2492 3099 2543 3119 lect.
2555 3103 2630 3124 praec.
2639 3103 2661 3118 n.
2671 3104 2703 3119 10.

2492 3176 2501 3185 ⁶
2517 3175 2580 3197 Lect.
2595 3181 2627 3197 xx.
