2898 3996
792 370 965 410 ostquam
1003 361 1255 408 Philosophus
1287 359 1326 396 in
1358 371 1510 408 praece-

737 439 739 441 ·
764 414 891 452 denti
919 414 1014 450 libro
1039 412 1201 471 ostendit
1224 412 1328 460 quod
1355 424 1509 448 11000330

722 524 730 531 “
755 536 773 563 χ
791 531 897 555 mum
925 525 1092 563 motum,
1128 523 1163 552 et
1190 516 1357 575 primurn
1386 523 1508 552 moto-

720 562 775 619 “J'’
791 570 939 615 10111;111
953 570 1027 606 hoc
1042 546 1135 605 lib⁷ro
1151 568 1330 605 intendit
1322 567 1507 615 inquirere

690 647 699 651 «
789 599 906 670 0113113
934 622 979 658 311
992 621 1136 670 Ρ11111113
1161 628 1298 667 1110101,
1315 627 1351 656 01
1364 619 1508 668 primus

451 685 587 723 11101113,
610 684 645 712 01
671 677 837 724 primum
866 674 1017 710 mobile.
1039 674 1087 710 Et
1115 672 1322 710 dividitur
1314 685 1353 709 111
1378 679 1502 720 Ρ31103

450 731 562 766 duas:
587 729 626 765 in
648 729 770 777 prima
788 726 990 776 praemittit
1016 726 1211 784 quoddam
1237 725 1342 773 quod
1361 732 1415 760 est
1442 736 1506 760 ne—

451 781 653 818 cessarium
682 781 731 817 ad
759 787 980 838 sequentem
1004 778 1341 825 investigationem,
1369 776 1507 813 scilicet

449 841 597 870 motum
619 845 699 869 esse
729 832 1021 889 sempiternum;
1039 830 1076 867 in
1091 830 1257 866 secunda
1270 828 1443 877 procedit
1457 829 1505 866 ad

449 885 774 932 investigationem
802 883 995 932 propositi,
1025 882 1093 919 ibi:
1121 882 1351 930 Principium
1379 886 1503 917 autem

211 946 220 956 ·
235 945 298 966 Lect·
313 950 336 965 v·
450 938 750 974 considerationis
760 938 779 958 '⁴²
791 945 858 973 etc.
872 936 980 972 Circa
995 934 1162 983 primum
1178 934 1247 970 tria
1262 934 1362 970 facit:
1379 933 1503 981 primo

449 998 580 1027 movet
608 989 896 1034 dubitationem3
922 987 1089 1024 secundo
1119 986 1280 1024 ostendit
1306 986 1503 1023 veritatem

449 1043 657 1079 secundum
686 1054 794 1078 suam
823 1040 1059 1089 opinionem,
1089 1039 1155 1076 ibi:
1184 1039 1410 1087 Incipiemus
1437 1050 1503 1075 au-

212 1109 221 1117 *
236 1106 297 1127 Lect·
314 1112 364 1133 seq·
448 1101 519 1131 tem
532 1095 700 1142 primum
720 1095 739 1114 ²¹²·
754 1102 840 1139 etc.;
861 1092 967 1130 tertio
989 1091 1100 1128 solvit
1120 1104 1164 1128 ea
1183 1104 1281 1140 quae
1300 1091 1338 1128 in
1358 1098 1503 1128 contra-

212 1160 220 1169 ·
236 1159 299 1180 Lect.
314 1164 345 1179 w-
448 1147 546 1183 rium
558 1146 669 1183 obiici
683 1153 851 1194 possunt,
873 1145 941 1182 ibi:
967 1145 1167 1181 Contraria
1185 1150 1310 1181 autem
1325 1144 1381 1181 his
1398 1145 1417 1164 ’³‘
1433 1151 1501 1181 etc.

449 1199 558 1235 Circa
584 1198 751 1247 primum
780 1198 848 1235 tria
875 1197 975 1234 facit:
1004 1197 1129 1245 primo
1153 1196 1331 1246 proponit
1359 1196 1502 1233 dubita-

447 1251 605 1296 tionem;
635 1251 802 1288 secundo
839 1250 945 1299 ponit
983 1249 1180 1298 opiniones
1217 1249 1267 1286 ad
1303 1257 1502 1297 utramque

211 1316 220 1324 ·
234 1313 304 1335 Num·
319 1320 342 1339 4·
445 1311 604 1352 partem,
624 1303 690 1340 ibi:
711 1304 785 1340 Sed
802 1304 932 1352 quanti
948 1303 1095 1350 quidem
1112 1303 1131 1323 *
1147 1309 1232 1347 etc.;
1253 1301 1362 1338 tertio
1378 1309 1502 1338 osten-

447 1356 498 1393 dit
525 1355 719 1392 utilitatem
747 1356 858 1393 huius
887 1354 1208 1402 considerationis,
1229 1354 1295 1390 ibi:
1330 1354 1502 1391 Conside-

210 1420 218 1427 ·
234 1417 303 1439 Num-
319 1417 341 1438 6·
445 1409 606 1445 randum
635 1409 750 1457 igitur
776 1409 821 1445 de
847 1409 918 1444 hoc
946 1409 965 1429 ‘²²
994 1415 1062 1445 etc.
1094 1407 1203 1444 Circa
1229 1406 1396 1456 primurn
1425 1408 1502 1444 duo

446 1461 546 1498 facit:
575 1461 699 1509 primo
719 1461 896 1509 proponit
924 1460 1199 1497 dubitationem
1229 1459 1275 1496 de
1295 1471 1371 1508 qua
1398 1459 1503 1496 inve-

446 1514 579 1561 stigare
608 1514 783 1559 intendit;
813 1513 980 1550 secundo
1004 1512 1208 1561 respondet
1226 1512 1358 1549 tacitae
1388 1524 1502 1560 quae-

210 1576 219 1584 ·
234 1574 303 1595 Num·
318 1579 338 1601 3-
447 1566 569 1612 stioni,
590 1565 655 1602 ibi:
679 1567 770 1602 Esse
798 1566 944 1614 quidem
965 1566 1080 1614 igitur
1100 1567 1119 1587 *²
1140 1573 1208 1601 etc.

501 1630 535 1655 2.
558 1617 666 1654 Circa
683 1619 852 1666 primum
872 1618 1070 1654 sciendum
1100 1625 1165 1665 est,
1187 1617 1291 1665 quod
1309 1618 1502 1654 Averroes

448 1670 534 1707 dicit
561 1670 665 1718 quod
692 1671 909 1707 Aristoteles
947 1671 985 1707 in
1021 1671 1095 1706 hoc
1133 1670 1296 1718 capitulo
1333 1682 1410 1707 non
1447 1670 1501 1706 in-

307 1736 324 1752 α
446 1723 563 1759 tendit
594 1722 780 1771 inquirere
808 1723 847 1759 in
874 1723 1076 1760 universali
1107 1730 1235 1759 utrum
1268 1730 1395 1760 motus
1422 1723 1468 1759 sit
1485 1729 1502 1743 ¹²

446 1775 716 1824 sempiternus,
755 1776 822 1812 sed
851 1776 897 1812 de
929 1776 1054 1824 primo
1091 1782 1210 1811 motu.
1251 1775 1327 1811 Sed
1360 1775 1390 1812 si
1419 1775 1502 1824 quis

447 1828 658 1864 consideret
678 1836 713 1864 et
730 1829 848 1864 verba
868 1835 904 1864 et
922 1840 1144 1876 processum
1164 1827 1407 1875 Philosophi,
1428 1828 1503 1863 hoc

447 1888 502 1917 est
538 1880 695 1917 omnino
735 1881 883 1917 falsum.
921 1878 1048 1917 Verba
1085 1879 1187 1916 enirn
1225 1880 1244 1900 *
1281 1879 1501 1928 Philosophi

445 1933 703 1970 universaliter
719 1933 766 1970 de
781 1941 889 1969 motu
907 1933 1124 1981 loquuntur,
1145 1931 1234 1981 quia
1253 1931 1356 1968 dicit:
1378 1938 1502 1968 utrum

432 1987 566 2033 factus
592 1986 640 2022 sit
665 1986 866 2045 aliquando
894 1991 1026 2031 motus,
1052 1996 1137 2021 cum
1166 1996 1240 2021 non
1269 1990 1362 2021 esset
1384 1985 1501 2032 prius,

446 2043 480 2074 et
507 2039 758 2086 corrumpitur
785 2038 917 2074 iterum
945 2038 998 2074 sic
1025 2037 1125 2085 quod
1150 2038 1295 2073 moveri
1330 2037 1421 2074 nihil
1445 2037 1501 2074 sit.

205 2096 418 2149 ἑοηιξξέξῶᾞζκκ
447 2091 504 2126 Ex
528 2102 605 2138 quo
634 2090 869 2127 111311110310ξς
890 2097 1045 2138 3ΡΡ3101
1068 2089 1172 2137 quod
1191 2101 1269 2126 non
1297 2090 1344 2126 de
1375 2089 1500 2137 aliquo

446 2150 554 2179 motu
570 2142 816 2179 determinato
832 2142 986 2190 quaerit,
999 2142 1065 2179 sed
1079 2141 1354 2178 universaliter:
1375 2149 1502 2178 utrum

447 2195 649 2243 aliquando
671 2195 760 2232 nihil
784 2195 892 2232 fuerit
917 2203 1042 2231 motus
1058 2194 1089 2230 *.
1113 2195 1171 2230 Ex
1189 2194 1272 2242 ipso
1293 2194 1405 2230 etiam
1421 2194 1502 2230 Ari-

447 2247 586 2284 stotelis
613 2259 793 2296 processu
821 2255 976 2296 apparet
994 2248 1068 2283 1100
1093 2259 1174 2283 0330
1194 2247 1341 2283 falsum.
1372 2247 1501 2283 Primo

447 2300 602 2348 quidem
623 2300 710 2348 quia
730 2299 963 2336 consuetudo
992 2312 1060 2335 sua
1081 2306 1146 2346 est,
1167 2311 1319 2347 semper
1347 2298 1395 2335 ad
1414 2311 1500 2348 pro-

446 2353 611 2401 positum
628 2359 672 2389 ex
686 2352 846 2400 propriis
867 2351 1130 2399 argumentari;
1151 2351 1181 2388 si
1197 2351 1280 2399 quis
1299 2359 1426 2388 autem
1446 2364 1502 2388 se-

447 2413 602 2454 quentes
622 2405 783 2441 rationes
805 2405 1014 2441 consideret
1042 2416 1135 2452 quas
1163 2403 1315 2450 inducit,
1344 2404 1383 2440 in
1401 2405 1503 2441 nulla

447 2470 577 2494 earum
607 2458 765 2494 sumitur
792 2457 930 2506 aliquid
954 2469 1023 2505 pro
1049 2456 1193 2502 medio,
1220 2457 1323 2504 quod
1350 2456 1502 2505 proprie

447 2510 495 2547 ad
522 2510 689 2558 primum
719 2517 866 2546 motum
894 2510 1088 2558 pertineat,
1119 2509 1186 2546 sed
1214 2509 1264 2546 ad
1292 2517 1440 2545 motum
1465 2509 1502 2545 in

447 2562 654 2599 communi.
685 2563 793 2599 Unde
815 2575 859 2598 ex
878 2563 952 2598 hoc
971 2562 1057 2598 satis
1081 2569 1238 2610 apparet
1261 2562 1364 2610 quod
1384 2562 1502 2598 inten-

447 2615 499 2651 dit
520 2615 580 2651 hic
604 2614 789 2663 inquirere
810 2615 856 2651 de
876 2614 1169 2663 sempiternitate
1194 2622 1320 2651 motus
1340 2614 1378 2651 in
1398 2626 1501 2650 com-

447 2667 564 2704 muni.
596 2667 772 2704 Secundo
793 2667 891 2716 quia,
913 2667 942 2704 si
962 2667 1038 2703 iarn
1058 2667 1262 2715 probatum
1283 2674 1380 2703 esset
1398 2666 1502 2715 quod

447 2728 502 2756 est
529 2720 661 2768 aliquis
680 2728 805 2757 motus
829 2732 928 2756 unus
946 2721 1008 2756 vel
1027 2720 1154 2768 plures
1174 2719 1402 2767 sempiterni,
1428 2720 1500 2755 fru-

447 2780 520 2809 stra
549 2773 751 2822 inquireret
779 2773 931 2809 inferius
952 2774 982 2818 ⁴²,
1003 2779 1130 2808 utrum
1165 2772 1291 2819 aliqua
1319 2784 1501 2808 movean-

447 2833 506 2861 tur
565 2838 730 2874 semper;
762 2838 846 2862 cum
876 2826 948 2861 hoc
969 2825 1044 2861 iarn
1074 2832 1172 2861 esset
1193 2825 1407 2873 probatum.
1439 2824 1501 2860 Ri-

448 2878 613 2914 diculum
638 2886 692 2914 est
712 2877 823 2914 etiam
845 2877 967 2914 dicere
988 2877 1092 2925 quod
1111 2877 1330 2913 Aristoteles
1349 2876 1501 2914 inferius

448 2930 595 2966 reiteret
615 2943 722 2966 suam
749 2930 1090 2967 considerationem
1120 2942 1141 2966 a
1168 2929 1365 2978 principio,
1395 2929 1501 2978 quasi

449 2982 587 3031 aliquid
624 2982 829 3029 omisisset,
862 2990 902 3019 ut
932 2983 1221 3019 Commentator
1256 2982 1373 3030 fingit.
1412 2983 1502 3019 Erat

450 3035 550 3071 enim
577 3035 685 3084 copia
717 3035 903 3071 Aristoteli
933 3035 1141 3082 corrigendi
1167 3035 1305 3072 librum
1334 3047 1446 3071 suum
1469 3036 1499 3082 ²²,

450 3096 485 3123 et
504 3087 703 3136 supplendi
727 3087 764 3124 in
787 3089 871 3124 loco
892 3087 1017 3124 debito
1038 3088 1142 3136 quod
1163 3088 1283 3124 fuerat
1303 3087 1499 3134 omissum,

448 3147 488 3176 ut
516 3153 593 3177 non
622 3140 829 3176 inordinate
857 3140 1088 3188 procederet.
1120 3140 1159 3176 Si
1180 3140 1282 3176 enim
1309 3141 1383 3177 hoc
1403 3140 1501 3188 capi-

449 3193 568 3229 tulum
599 3200 806 3241 exponatur
842 3193 1051 3229 secundum
1079 3192 1260 3241 praedicti
1295 3193 1501 3229 Commen-

209 1890 217 1898 ·
233 1888 323 1916 quidem
337 1888 405 1909 codd.

209 2202 218 2210 ⁶
239 2202 324 2222 motum
351 2200 418 2221 codd.

209 2231 231 2248 ct
245 2233 260 2247 a
269 2227 288 2247 b.

213 2833 222 2840 ⁶
238 2831 299 2852 Lcci.
315 2838 366 2859 sqq.

211 2885 219 2893 '¹
234 2886 354 2905 moventur
363 2890 384 2905 P.

212 3043 220 3050 ”
236 3041 308 3062 libros
318 3047 372 3062 suos
385 3049 407 3063 o.

504 3305 531 3338 α)
551 3305 683 3337 inquirere
702 3305 727 3329 in
747 3305 889 3330 universali
914 3309 1002 3330 utrum
1022 3308 1108 3330 motus
1126 3305 1196 3330 sit.-
1209 3305 1343 3337 inquirere
1358 3306 1383 3330 in
1399 3306 1503 3331 univer-

450 3340 500 3364 sali
514 3340 545 3364 de
565 3343 643 3369 motu,
660 3343 746 3364 utrum
761 3340 795 3364 sit
808 3340 892 3370 PQso
912 3345 936 3364 et
950 3340 972 3370 b,
988 3341 1138 3373 corrigendo
1158 3340 1293 3365 lectionem
1307 3339 1502 3373 KMVXYpACl

451 3375 474 3399 O
485 3380 509 3399 ct
518 3381 535 3398 a
545 3376 587 3406 qui
598 3374 718 3399 omittunt
731 3378 824 3403 motus,·
839 3375 1023 3400 universaliter
1033 3375 1166 3407 inquirere
1179 3378 1266 3399 utrum
1282 3374 1317 3399 sit
1326 3379 1412 3400 motus
1424 3375 1501 3401 DFG.

504 3407 529 3442 β)
549 3409 646 3442 sufficit
662 3410 687 3433 in
704 3410 751 3434 Ιιοε
763 3410 877 3441 capitulo
887 3410 1004 3442 probare
1019 3410 1044 3435 in
1059 3410 1199 3435 communi.
1211 3410 1292 3434 -Pro
1305 3410 1410 3443 sufficit,
1425 3410 1502 3444 suffe-

451 3443 487 3467 cit
501 3444 612 3467 ΛΒΟΗΙ
616 3443 853 3475 MNQSVXZ(Y?);
872 3453 918 3476 pro
937 3445 1060 3477 capitulo,
1076 3452 1138 3470 casu
1158 3445 1190 3475 H,
1203 3451 1235 3469 ea
1248 3444 1375 3477 (corrupte
1389 3453 1435 3477 pro
1449 3444 1500 3479 ca.)

454 3477 486 3506 }>;
506 3478 531 3501 in
551 3479 682 3502 communi
700 3487 752 3503 om.
763 3479 885 3503 editiones
904 3484 929 3503 et
948 3480 965 3504 1.

504 3512 531 3545 γ)
552 3516 638 3537 utrum
654 3521 704 3544 per
727 3514 775 3538 hoc
794 3519 842 3538 etc.
856 3514 1010 3539 -Notamus
1030 3514 1156 3539 variantes
1181 3514 1310 3539 recitando
1334 3519 1446 3539 nostrum
1467 3515 1502 3539 le—

454 3546 591 3571 ctionem«
605 3553 689 3571 utrum
710 3556 755 3580 per
769 3547 817 3572 hoc
836 3549 905 3580 quod
924 3549 1010 3574 omnin
1029 3557 1133 3582 semper
1147 3554 1310 3579 moveantur,
1330 3549 1370 3574 vel
1389 3557 1435 3581 per
1453 3549 1502 3575 hoc

454 3582 522 3613 quod
541 3583 625 3606 omnia
644 3583 895 3614 (semper-..omnia
913 3591 965 3608 om.
980 3584 1040 3616 ab)
1059 3585 1215 3617 quandoque
1235 3589 1386 3609 moveantur
1404 3589 1429 3609 et
1447 3584 1502 3617 (vel

1059 282 1399 319 PHYSICORUM
1428 281 1775 318 ARISTOTELIS
1804 282 1897 318 LIB.

1926 282 2012 319 VIII

1563 358 1690 395 tatoris
1717 359 1964 396 intentionem
1994 361 2034 406 *,
2064 361 2193 397 omnia
2229 361 2423 410 sequentia
2460 362 2654 399 confusa·
2643 378 2867 422 ammone-...3

1565 417 1600 446 et
1627 410 1838 448 inordinata
1865 413 2118 482 apparebunt.
2143 413 2227 449 Nec
2255 421 2311 450 est
2342 414 2499 452 mirum:
2529 414 2616 463 quia

1562 475 1640 498 uno
1660 462 1939 500 inconvenienti
1958 464 2131 512 posito··,
2152 465 2223 501 alia
2241 474 2458 514 sequuntur.
2479 467 2616 504 Adhuc

1563 521 1690 551 autem
1728 516 1960 553 manifestius
1988 517 2062 553 hoc
2098 525 2254 566 3ΡΡ3101
2283 530 2352 566 per
2378 519 2473 566 hoc,
2510 519 2616 567 quod

1561 566 1779 604 Aristoteles
1794 568 1980 605 inferius·
1996 569 2182 617 inquirere
2198 569 2396 607 intendens
2416 571 2462 608 de
2477 572 2615 620 sempi-

1561 619 1730 656 ternitate
1757 621 1870 679 primi
1898 628 2036 668 motus,
2057 622 2171 658 utitur
2189 634 2235 658 eo
2255 622 2361 670 quod
2378 623 2439 660 hic
2459 623 2616 660 demon-

1561 678 1707 719 stratur,
1728 685 1834 721 011331
1843 686 2055 722 .Ρ111101Ρ1ο;
2081 673 2185 723 quod
2203 675 2307 711 nullo
2327 676 2444 712 modo
2465 676 2613 723 faceret,

1561 723 1591 759 si
1618 724 1679 760 hic
1702 726 1899 773 probasset
1925 726 2093 774 primum
2122 733 2271 763 motum
2300 739 2381 763 esse
2406 734 2614 766 aeternum.

1614 777 1724 813 Ratio
1741 785 1867 814 autern
1884 790 1928 822 ex,
1943 790 2019 826 qua
2032 780 2222 815 Averroes
2242 787 2369 816 motus
2383 779 2467 827 fuit,
2494 780 2615 817 omni-

1560 839 1610 863 no
1639 829 1772 866 frivola
1801 837 1866 867 est.
1895 830 1994 867 Dicit
2022 831 2123 868 enim
2153 831 2258 880 quod
2285 831 2315 868 si
2340 831 2483 869 dicatur
2511 833 2614 881 quod
2842 867 2855 879 ‚

1559 880 1777 927 Aristoteles
1796 883 1857 919 hic
1875 882 2057 920 intendit
2049 883 2236 932 inquirere
2256 884 2303 921 de
2323 884 2614 933 sempiternitate
2812 895 2820 940 χ
2847 912 2853 929 2„

1559 941 1685 970 motus
1713 933 1752 970 in
1776 935 1991 982 communi,
2026 943 2203 984 sequetur
2223 938 2334 995 ‘quod
2362 937 2612 974 consideratio
2834 942 2839 944 '

1557 985 1767 1022 Aristotelis
1785 987 1846 1024 hic
1866 986 1911 1023 sit
1939 964 2139 1034 diininuta;
2168 988 2257 1037 quia
2275 1001 2353 1026 non
2372 997 2527 1038 apparet
2543 1002 2614 1038 per

1557 1037 1595 1074 id
1623 1039 1728 1086 quod
1750 1039 1812 1076 hic
1832 1039 2112 1076 determinatur
2130 1041 2335 1099 quomodo
2364 1049 2490 1079 motus
2513 1054 2611 1079 sem-

1557 1102 1627 1138 per
1647 1091 1792 1139 possint
1815 1085 2024 1128 continuari
2052 1092 2100 1128 ad
2128 1092 2304 1130 invicem.
2327 1093 2403 1130 Sed
2421 1094 2496 1130 hoc
2522 1094 2611 1131 nihil

1559 1150 1630 1179 est:
1660 1143 1748 1202 quia
1774 1144 1964 1180 Aristoteli
1991 1144 2129 1181 sufficit
2154 1145 2194 1181 in
2225 1146 2299 1182 hoc
2327 1145 2488 1194 capitulo
2524 1158 2611 1195 pro-

1557 1195 1647 1232 bare
1676 1196 1715 1232 in
1743 1196 1940 1234 communi
1959 1194 1977 1225 fi
2004 1197 2108 1255 quod
2144 1204 2271 1234 motus
2303 1209 2454 1247 semper
2481 1198 2610 1245 fuerit;
2739 1200 2755 1235 β

1557 1247 1715 1295 qualiter
1751 1256 1877 1286 31110111
1905 1249 2178 1308 sempiternitas
2203 1257 2329 1287 motus
2362 1251 2609 1299 continuetur,

1556 1307 1684 1337 utrum
1703 1313 1772 1349 per
1795 1302 1868 1338 11οο
1887 1306 1902 1328 ⁷
1921 1301 2025 1349 quod
2051 1301 2179 1339 omnia
2198 1314 2349 1351 semper
2371 1311 2610 1352 moveantur,
2735 1320 2751 1344 γ

1556 1353 1617 1389 vel
1632 1365 1701 1401 per
1714 1354 1789 1390 hoc
1808 1354 1913 1402 quod
1937 1354 2066 1391 omnia
2086 1356 2316 1404 quandoque
2335 1362 2563 1393 moveantur
2577 1363 2613 1393 et

1557 1406 1787 1454 quandoque
1811 1406 2016 1454 quiescant,
2035 1407 2098 1444 vel
2116 1419 2184 1455 per
2205 1407 2280 1444 hoc
2299 1408 2403 1456 quod
2422 1408 2612 1457 quaedam

1557 1471 1709 1507 semper
1727 1465 1941 1506 moventur,
1962 1459 2152 1508 quaedam
2170 1471 2264 1497 vero
2284 1461 2516 1520 quandoque
2529 1473 2612 1498 mo·

1556 1519 1694 1548 ventur
1726 1519 1762 1548 et
1794 1511 2024 1570 quandoque
2062 1511 2279 1561 quiescunt,
2317 1513 2440 1551 statim
2477 1513 2612 1550 imme-

1557 1564 1694 1601 diate*
1704 1564 1883 1623 inquiret.

1611 1617 1673 1653 Sic
1703 1617 1813 1664 igitur
1845 1615 2055 1653 secundum
2086 1618 2186 1654 hanc
2217 1617 2464 1655 intentionem
2497 1630 2612 1667 expo-

1558 1669 1729 1706 nendum
1767 1677 1822 1706 est
1847 1681 2027 1718 praesens
2066 1669 2288 1718 capitulum,
2318 1670 2422 1719 quod
2455 1670 2613 1708 intendit

1556 1722 1617 1758 hic
1636 1721 1822 1770 inquirere
1843 1723 1890 1759 de
1910 1729 2018 1758 motu
2032 1721 2070 1759 in
2086 1723 2292 1760 communi.
2315 1722 2472 1770 Quaerit
2486 1723 2506 1744 *
2522 1735 2611 1772 ergo
2638 1735 2648 1746 ·
2834 1752 2851 1768 „.

1557 1776 1767 1811 secundum
1799 1775 1895 1821 hoc,
1928 1781 2056 1811 utrum
2094 1783 2220 1812 motus
2248 1775 2287 1816 in
2320 1775 2516 1812 communi
2547 1776 2612 1813 ali·
2843 1793 2860 1814 s,

1557 1826 1710 1875 quando
1739 1838 1820 1863 esse
1848 1826 2047 1875 inceperit,
2081 1827 2131 1863 ita
2159 1828 2264 1876 quod
2290 1828 2394 1876 prius
2421 1827 2512 1865 nihil
2543 1840 2611 1867 un-

1557 1891 1673 1927 quam
1709 1886 1858 1916 motum
1896 1879 2022 1925 fuerit;
2053 1886 2088 1916 et
2115 1880 2347 1928 quandoque
2380 1880 2435 1917 sic
2462 1880 2613 1918 deficiat

1557 1931 1660 1980 quod
1688 1931 1779 1968 nihil
1814 1931 2063 1980 postmodum
2091 1940 2309 1969 moveatur:
2339 1940 2404 1970 aut
2423 1945 2444 1969 e
2464 1941 2610 1970 contra·

1557 1984 1611 2020 rio
1642 1985 1682 2030 ²¹⁴,
1711 1996 1835 2032 neque
1862 1996 2032 2032 unquam
2061 1984 2256 2033 inceperit,
2289 1997 2414 2034 neque
2440 1997 2612 2035 unquam

1558 2036 1723 2083 deficiet;
1744 2037 1812 2074 sed
1831 2048 1983 2085 semper
2002 2044 2090 2083 erat,
2116 2045 2152 2074 et
2170 2049 2322 2086 semper
2341 2038 2418 2075 erit.
2439 2039 2488 2074 Et
2505 2038 2614 2087 ponit

1558 2090 1774 2138 exemplum
1802 2089 1842 2125 in
1870 2089 2105 2136 animalibus,
2134 2097 2290 2138 propter
2306 2091 2381 2127 hoc
2408 2090 2514 2139 quod
2532 2090 2612 2139 qui-

1558 2142 1646 2178 dam
1686 2141 1860 2178 dixerunt
1895 2141 2084 2178 mundum
2122 2155 2202 2179 esse
2239 2142 2436 2191 quoddam
2473 2143 2612 2181 animal

1557 2205 1752 2241 magnum.
1781 2193 1966 2230 Videmus
1994 2193 2096 2230 enirn
2124 2195 2229 2243 quod
2262 2195 2439 2233 animalia
2464 2195 2611 2243 vivunt,

1557 2246 1741 2295 quamdiu
1768 2253 1924 2295 apparet
1951 2246 1990 2282 in
2018 2246 2070 2283 eis
2099 2247 2232 2296 aliquis
2259 2256 2403 2285 motus:
2443 2256 2611 2286 cessante

1556 2306 1684 2335 autern
1714 2299 1819 2336 omni
1847 2306 1965 2346 motu,
1997 2298 2172 2336 dicuntur
2200 2300 2375 2338 animalia
2401 2301 2512 2338 mori.
2549 2301 2633 2339 Sic'

1556 2351 1665 2399 igitur
1693 2358 1729 2387 et
1750 2351 1825 2388 *in
1852 2359 1930 2388 tota
1956 2351 2198 2389 universitate
2226 2353 2454 2390 naturalium
2477 2365 2612 2403 corpo-

1557 2416 1642 2440 rum
1661 2410 1788 2440 motus
1808 2404 2065 2441 consideratur
2082 2412 2124 2441 ut
2142 2405 2221 2442 vita
2240 2407 2443 2453 quaedam.
2463 2407 2503 2444 Si
2521 2418 2611 2455 ergo

1556 2464 1684 2493 motus
1708 2468 1859 2505 semper
1886 2457 1952 2493 fuit
1981 2464 2016 2493 et
2034 2469 2186 2505 semper
2213 2458 2292 2506 erit,
2321 2458 2390 2497 ista
2408 2458 2516 2507 quasi
2534 2458 2612 2497 vita

1556 2509 1784 2546 naturalium
1822 2521 2024 2558 corporum
2063 2509 2130 2546 erit
2165 2510 2389 2548 immortalis
2420 2518 2456 2548 et
2482 2511 2503 2532 '⁸
2531 2511 2611 2549 sine
2637 2518 2648 2528 '

1557 2562 1776 2598 cessatione.

1611 2615 1645 2651 3.
1667 2614 1814 2651 Deinde
1843 2626 1930 2651 cum
1959 2613 2063 2651 dicit:
2091 2615 2184 2651 Esse
2205 2615 2352 2664 quidem
2381 2616 2497 2665 igitur
2524 2623 2610 2663 etc.,

1556 2667 1760 2715 respondet
1795 2667 1927 2703 tacitae
1964 2667 2186 2715 quaestioni.
2221 2669 2264 2705 In
2300 2668 2612 2717 praecedentibus

1557 2719 1658 2756 enim
1686 2719 1788 2756 libris
1807 2719 2024 2756 Aristoteles
2048 2720 2195 2757 locutus
2218 2721 2339 2758 fuerat
2366 2721 2414 2758 de
2442 2728 2550 2758 motu
2572 2721 2611 2759 in

1557 2772 1768 2819 communi,
1798 2784 1876 2809 non
1905 2772 2129 2820 applicando
2158 2773 2207 2810 ad
2239 2786 2316 2810 res:
2346 2785 2448 2811 nunc
2484 2780 2611 2811 autern

1555 2824 1746 2872 inquirens
1766 2837 1814 2862 an
1834 2832 1960 2862 motus
1989 2837 2139 2874 semper
2162 2825 2286 2874 fuerit,
2316 2826 2478 2875 applicat
2505 2839 2609 2864 com-

1556 2889 1714 2914 munem
1753 2877 2092 2915 considerationem
2136 2886 2262 2916 motus
2299 2879 2348 2916 ad
2385 2891 2466 2916 esse
2507 2879 2611 2928 quod

1555 2930 1670 2966 habet
1696 2930 1734 2967 in
1762 2931 1885 2967 rebus.
1917 2931 2050 2967 Posset
2078 2943 2166 2978 ergo
2196 2931 2326 2980 aliquis
2350 2930 2484 2978 dicere,
2505 2931 2610 2981 quod

1555 2982 1592 3019 in
1618 2983 1690 3019 hac
1719 2982 2015 3020 consideratione
2042 2983 2144 3031 prius
2168 2991 2247 3021 erat
2274 2983 2534 3033 quaerendum
2563 2984 2610 3022 de

1555 3042 1674 3081 motu,
1696 3047 1744 3071 an
1764 3036 1902 3072 habeat
1927 3047 2007 3072 esse
2026 3035 2065 3072 in
2084 3037 2208 3082 rebus,
2230 3048 2345 3086 quam
2373 3044 2574 3085 quaeratur
2590 3038 2610 3059 ¹⁸

1555 3099 1604 3124 an
1631 3087 1676 3124 sit
1713 3087 1979 3136 sempiternus:
2009 3095 2044 3124 et
2080 3089 2301 3138 praecipue,
2332 3100 2419 3128 cum
2456 3089 2610 3138 quidam
2636 3099 2675 3116 π·

1555 3140 1771 3187 negaverint
1791 3152 1873 3177 esse
1892 3148 2052 3179 motum.
2073 3141 2133 3177 Ad
2151 3142 2225 3178 hoc
2244 3141 2458 3190 respondet,
2484 3142 2610 3180 dicens

1555 3193 1659 3240 quod
1689 3204 1822 3232 omnes
1859 3193 1934 3241 qui,
1958 3193 2070 3230 locuti
2098 3201 2184 3230 sunt
2221 3193 2268 3231 de
2301 3202 2434 3231 natura
2469 3207 2608 3243 rerum,

2643 476 2724 499 'dato
2739 483 2761 500 ο.

2642 581 2728 608 ‘Lect-
2744 587 2795 606 xm.

2638 1998 2648 2008 '
2662 2002 2776 2020 emeno
2827 2024 2830 2026 v

2637 2029 2706 2049 unqu.

2638 2365 2735 2387 ἘῙΟΙΙΙ-
2773 2375 2783 2381 ¹⁴
2821 2375 2825 2379 '

2827 3919 2831 3922 ,
2823 3681 2832 3709 ⁵„-
2812 3618 2827 3643 ⁸2„
2807 3441 2830 3597 -.‘‚⁷'·*⁷⁴'⁴“'
2804 3163 2830 3416 ⁴‘„i·'¹‘=-.'J',¹·',.‘''
2811 3095 2833 3143 kf:
2812 2899 2830 2923 η’
2814 2732 2833 2856 *‹.'*.·‹w2³.-=
2826 2692 2829 2694 ξ
2819 2600 2833 2651 .'<,
2831 2391 2834 2415 ,.
2830 2299 2832 2301 v

1557 3306 1615 3331 edd.
1630 3306 1671 3331 ab
1691 3310 1716 3331 et
1735 3306 1808 3331 codd.
1821 3313 1874 3331 exc.
1889 3306 1949 3337 DR;
1964 3313 2016 3338 per
2033 3306 2081 3331 hoc
2099 3306 2170 3338 quod
2183 3306 2273 3331 omnia
2286 3306 2443 3348 quandoque
2455 3310 2611 3332 moveantur

1556 3344 1582 3366 et
1600 3349 1652 3365 om.
1672 3341 1846 3373 Venet.1504
1865 3346 1890 3366 et
1907 3349 1982 3374 seqq.
2001 3341 2141 3374 editiones)
2161 3342 2316 3374 quandoque
2340 3342 2486 3375 quiescunt,
2504 3342 2545 3368 vel
2564 3349 2611 3375 per

1556 3375 1605 3400 hoc
1624 3376 1694 3409 quod
1718 3377 1845 3409 quaedam
1870 3383 1973 3409 semper
1991 3381 2127 3401 moventur
2145 3375 2316 3410 (moveantur
2333 3376 2384 3411 D),
2403 3377 2529 3418 quaedam
2547 3384 2610 3402 vero

1557 3412 1712 3443 quandoque
1731 3416 1868 3436 moventur
1886 3409 2054 3444 (moveantur
2072 3410 2152 3445 ΒΗΝ)
2166 3416 2191 3436 et
2204 3412 2360 3445 quandoque
2374 3411 2509 3453 quiescunt
2522 3412 2611 3444 (quie-

1556 3450 1632 3471 scant
1646 3446 1927 3478 ABCIKLQSVXab),
1942 3446 2028 3471 statim
2042 3447 2187 3471 immediate
2200 3446 2310 3480 inquiret
2322 3446 2450 3480 (inquirit
2465 3446 2592 3479 Fruar).
2595 3456 2608 3470 ι

1556 3481 1596 3504 Ad
1616 3481 1807 3513 intelligentiam
1836 3481 1950 3506 lectionis
1970 3481 1989 3506 P
2008 3481 2149 3506 notandum
2172 3486 2212 3506 est
2229 3483 2300 3515 quod
2318 3482 2417 3507 omisso
2435 3481 2609 3507 homoteleuto

1555 3522 1658 3547 semper
1703 3516 1799 3545 omnia,
1814 3517 1839 3540 in
1853 3517 1891 3541 ab
1901 3516 2006 3541 resultat
2020 3516 2101 3541 lectio:
2116 3520 2204 3542 utrum
2215 3524 2267 3549 per
2279 3517 2328 3542 hoe
2340 3516 2411 3549 quod
2423 3516 2513 3542 omnia
2525 3523 2609 3549 quan·

1556 3550 1640 3583 doque
1659 3554 1816 3575 moveantur
1834 3551 1874 3576 vel
1895 3550 2052 3583 quandoque
2075 3551 2224 3583 quiescant5
2242 3551 2290 3576 hoc
2309 3551 2416 3577 correxit
2434 3552 2524 3576 Vener.
2541 3550 2608 3582 1504

1555 3585 1632 3617 priori
1651 3586 1807 3618 quandoque
1825 3585 2003 3610 substituendo
2021 3592 2131 3618 semper.
