2898 3996
191 1509 200 1518 ·
218 1508 288 1530 Num.
305 1514 325 1536 3.

191 1566 203 1577 ⁴
217 1566 288 1588 Num.
303 1572 327 1592 4.

196 1779 203 1785 ·
219 1782 287 1797 unum
299 1777 350 1798 rab.

191 2415 202 2425 ⁴
217 2414 278 2436 Lect.
294 2421 309 2441 ι,
320 2420 343 2436 n.
358 2415 380 2436 6.

189 2678 200 2688 ¹·
230 2677 278 2699 uod
291 2685 317 2703 κ,

249 2708 270 2725 et
290 2708 333 2726 cet.
351 2711 377 2726 ex

190 2736 304 2756 urunqsz.

335 2679 375 2706 qui
387 2685 400 2700 P

379 2711 399 2726 c.

189 2835 198 2843 ·
223 2835 320 2862 signata
351 2841 388 2857 om
393 2851 398 2857 .

188 2947 196 2954 ·
212 2945 283 2966 Num.
296 2951 370 2973 praec.

188 2993 196 3001 ·
215 2993 305 3015 Eleatis
324 3000 370 3015 om.

188 3019 257 3041 codd.
272 3024 293 3042 et
307 3026 322 3041 a
331 3020 351 3041 ὑ.

432 296 508 345 278

431 378 514 408 titate
535 377 632 414 finito,
663 377 806 406 infinitum
827 383 925 405 tamen
946 376 1086 404 divisione
1113 381 1222 412 potest,
1251 384 1318 403 cum
1345 381 1373 403 et
1399 374 1495 411 ipsum

434 426 548 455 tempus
570 418 610 446 sic
631 417 666 446 sit
687 417 840 445 infinitum.
862 418 914 444 Est
934 422 1030 444 tamen
1052 416 1122 444 haec
1146 415 1252 443 solutio
1277 415 1314 443 ad
1335 414 1494 449 hominem,

435 468 496 487 non
519 459 556 487 ad
580 458 737 486 veritatem.
763 473 782 478 —
797 466 826 491 4.
851 456 1015 484 Resumitur
1038 455 1229 492 propositum.
1252 453 1415 482 Subdivisio
1436 461 1495 482 tex-

434 505 489 526 tus.
505 515 524 519 -
541 498 565 526 5.
582 498 723 525 Probatur
744 496 823 532 quod
843 501 957 531 tempus
971 504 1032 523 non
1052 500 1147 531 potest
1161 503 1223 522 esse
1237 493 1381 522 infinit-um
1395 493 1418 521 si
1433 502 1494 521 ma-

434 537 554 575 gnitudo
570 536 605 564 sit
619 536 707 564 finita.
729 537 756 570 a)
779 537 855 563 Dato
870 535 950 571 quod
971 533 1078 562 mobile
1095 539 1272 570 pertranseat
1286 533 1409 569 spatium
1430 532 1494 560 fini-

433 583 496 605 tum
518 576 547 604 in
562 582 690 612 ternpore
711 574 833 609 infinito,
848 580 957 610 partem
973 573 1101 601 eiusdem
1116 573 1248 601 conficiet
1262 573 1291 600 in
1306 579 1385 608 parte
1399 572 1496 609 aliqua

435 616 516 645 finita
536 615 619 643 huius
640 614 787 651 temporis.
802 615 885 641 'Pars
912 619 1009 641 autem
1030 612 1078 640 illa
1103 611 1308 649 magnitudinis
1337 611 1449 647 finitae,
1471 611 1495 639 si

434 655 580 683 multoties
602 660 740 688 sumatur,
769 652 946 681 mensurabit
966 652 1010 680 vel
1031 652 1146 680 excedet
1166 658 1276 687 totum3
1305 651 1345 679 sic
1366 650 1443 678 enim
1465 659 1494 678 se

434 696 520 723 habet
541 694 653 722 finitum
675 693 770 721 minus
799 693 835 727 ad
856 691 969 720 finitum
998 691 1108 720 maius:
1131 700 1199 728 ergo
1221 697 1249 719 et
1269 700 1335 727 pars
1355 690 1495 727 temporis

434 734 515 762 finita
542 733 719 761 mensurabit
739 732 783 760 vel
811 732 927 760 excedet
952 737 1061 765 totum,
1090 740 1155 759 curn
1183 730 1311 758 similiter
1332 729 1495 757 dividantur

434 781 547 810 tempus
569 779 596 801 et
616 772 794 809 magnitudo.
810 771 871 799 Erit
886 770 982 807 itaque
996 777 1091 798 totum
1112 776 1225 806 tempus
1247 769 1368 797 finitum.
1385 785 1403 790 —
1418 770 1445 797 6.
1467 769 1494 804 b)

433 813 598 849 Accipiatur
612 811 781 849 magnitudo
802 810 883 839 finita
897 819 971 847 quae
985 809 1067 838 finito
1081 816 1211 846 tempore
1232 815 1393 837 transeatur
1414 808 1495 844 (tales

434 852 511 880 enirn
533 852 594 880 dari
615 850 836 888 conspicimus)=
865 849 1032 877 huiusmodi
1060 848 1192 877 metietur
1213 849 1290 876 illam
1312 847 1422 876 finitam
1449 847 1495 875 cui

433 892 609 929 respondere
629 889 802 927 supponitur
821 896 934 926 tempus
955 888 1108 917 infinitum.
1130 889 1209 916 Idem
1224 897 1292 916 vero
1312 887 1419 916 mobile
1433 896 1495 915 ma-

432 931 611 969 gnitudinem
633 930 783 967 aequalem
804 927 994 966 magnitudini
1015 934 1157 964 acceptae,
1179 934 1309 964 tempore
1330 926 1442 963 aequali
1462 927 1494 955 fi-

433 971 494 999 nito
509 970 705 1007 pertransibit:
728 969 852 1005 ideoque
869 974 963 996 totum
978 974 1091 1004 tempus
1106 967 1294 995 constituetur
1309 975 1343 994 ex
1356 965 1495 1003 tempori-

433 1011 487 1039 bus
508 1010 594 1038 finitis
609 1009 691 1037 toties
706 1008 839 1045 acceptis,
855 1007 967 1045 quoties
983 1006 1193 1044 magnitudines
1208 1005 1341 1043 aequales
1355 1005 1496 1042 accipien-

433 1056 479 1078 tur
499 1051 536 1078 ad
557 1049 787 1078 constituendam
808 1054 899 1075 totam
921 1046 1148 1084 magnitudinem
1163 1047 1198 1074 de
1220 1055 1278 1083 qua
1299 1051 1341 1074 est
1355 1045 1494 1083 quaestio.

432 1089 494 1117 Erit
514 1099 582 1127 ergo
602 1096 716 1125 tempus
731 1087 852 1115 finitum.
864 1103 883 1108 —
894 1096 921 1124 7.
933 1087 965 1114 ln
979 1095 1038 1124 quo
1058 1087 1129 1115 haec
1149 1086 1222 1115 ratio
1237 1085 1349 1114 differat
1361 1094 1379 1114 a
1393 1084 1494 1122 prima.

634 1337 677 1381 5⁶¹³<
694 1347 862 1385 similiter
892 1346 1135 1384 inveniuntur
1162 1346 1201 1383 in
1238 1345 1494 1394 magnitudine

434 1410 471 1439 et
498 1409 682 1451 tempore.
703 1401 752 1438 Et
781 1400 878 1437 circa
905 1400 980 1436 hoc
1007 1400 1076 1436 tria
1104 1399 1206 1436 facit:
1234 1399 1358 1448 primo
1387 1397 1495 1447 ponit

431 1455 691 1504 propositum3
719 1453 887 1490 secundo
909 1465 953 1489 ex
980 1453 1055 1489 hoc
1075 1451 1187 1489 solvit
1206 1451 1492 1499 dubitationem,

431 1508 500 1544 ibi:
522 1507 627 1545 Unde
641 1514 676 1544 et
694 1507 855 1543 Zenonis
873 1506 968 1542 ratio
984 1506 1003 1526 ’·’”’
1019 1513 1104 1550 etc.;
1125 1505 1232 1541 tertio
1251 1505 1389 1553 probat
1405 1517 1493 1553 pro-

430 1560 610 1610 positum,
631 1560 699 1597 ibi:
728 1559 863 1606 Neque
882 1559 957 1594 iam
986 1558 1171 1605 infinitum
1232 1565 1300 1594 etc.-

487 1606 521 1650 2'.
543 1613 642 1650 Dicit
665 1623 753 1660 ergo
777 1612 913 1659 primo,
940 1610 1044 1659 quod
1071 1610 1100 1647 si
1124 1608 1397 1659 quddcumque
1423 1610 1491 1647 ho-

432 1678 517 1703 rum
552 1666 736 1711 duorum,
768 1663 906 1700 scilicet
937 1663 1119 1712 temporis
1149 1671 1184 1700 et
1211 1662 1490 1711 magnitudinis,

433 1718 478 1756 sit
496 1718 696 1765 infinitum,
714 1724 750 1754 et
769 1717 927 1753 alterum
949 1724 1004 1753 est
1022 1716 1228 1762 infinitum3
1251 1724 1286 1753 et
1306 1728 1351 1753 eo
1371 1715 1491 1753 modo

432 1784 508 1821 quo
531 1772 690 1809 alterum
765 1777 819 1806 est
846 1769 1036 1806 infinitum
1070 1777 1106 1806 et
1133 1769 1303 1806 alterum.
1338 1770 1387 1806 Et
1417 1769 1492 1806 hoc

432 1824 585 1874 exponit
608 1823 869 1871 distinguendo
890 1822 987 1859 duos
1015 1822 1154 1859 modos
1182 1821 1332 1867 infiniti;
1362 1821 1492 1859 dicens

432 1878 536 1926 quod
564 1877 594 1914 si
622 1885 774 1925 tempus
803 1883 858 1912 est
884 1875 1073 1912 infinitum
1101 1875 1140 1911 in
1167 1874 1318 1921 ultimis,
1349 1881 1384 1911 et
1411 1887 1491 1911 ma-

432 1929 587 1978 gnitudo
609 1937 664 1967 est
682 1929 827 1966 infinita
845 1929 883 1965 in
901 1928 1052 1964 ultimis.
1083 1927 1229 1964 Dicitur
1248 1935 1375 1964 autern
1396 1934 1490 1964 tem-

430 1995 503 2032 pus
533 1990 568 2019 et
600 1981 820 2031 magnitudo
840 1987 857 2002 α
886 1993 967 2017 esse
995 1980 1140 2017 infinita
1158 1980 1197 2018 in
1215 1980 1373 2027 ultimis,
1404 1980 1491 2029 quia

431 2035 570 2073 scilicet
583 2035 722 2072 ultimis
743 2042 860 2080 caret;
881 2033 976 2070 sicut
993 2033 1023 2070 si
1043 2033 1337 2081 imaginaremur
1351 2033 1489 2070 lineam

431 2101 510 2125 non
538 2087 729 2125 terminari
757 2087 805 2124 ad
833 2086 956 2135 aliqua
983 2094 1134 2135 puncta,
1154 2087 1216 2123 vel
1242 2094 1393 2135 tempus
1412 2099 1490 2123 non

430 2141 622 2178 terminari
660 2140 709 2177 ad
741 2139 894 2189 aliquod
926 2139 1093 2188 primum
1130 2146 1194 2175 aut
1224 2140 1402 2176 ultimum
1435 2139 1488 2175 in-

431 2201 544 2231 stans,
578 2195 628 2231 Et
654 2193 684 2230 si
721 2200 872 2241 tempus
910 2191 954 2228 sit
991 2191 1178 2228 infinitum
1208 2192 1414 2239 divisione,
1454 2199 1489 2228 et

430 2247 624 2295 longitudo
663 2245 731 2283 erit
764 2245 948 2283 divisione
986 2244 1141 2281 infinita.
1176 2245 1225 2281 Et
1253 2253 1308 2282 est
1338 2245 1399 2281 hic
1432 2257 1487 2281 se-

431 2301 578 2337 cundus
615 2299 754 2335 modus
790 2297 950 2335 infiniti:
991 2297 1124 2334 dicitur
1162 2298 1262 2334 enim
1303 2297 1487 2335 divisione

430 2352 636 2399 infinitum,
661 2351 766 2400 quod
789 2351 827 2387 in
852 2350 1039 2387 infinitum
1069 2349 1186 2388 dividi
1213 2358 1352 2399 potest;
1382 2350 1488 2398 quod

431 2413 486 2442 est
514 2405 560 2442 de
588 2405 732 2441 ratione
770 2403 952 2450 continui,
982 2411 1024 2440 ut
1057 2403 1197 2440 dictum
1236 2411 1291 2440 est
1320 2405 1350 2440 ²³⁴.
1381 2404 1430 2440 Et
1458 2404 1505 2440 si.

429 2465 580 2506 tempus
601 2465 698 2494 esset
716 2465 876 2506 utroque
895 2456 1013 2493 modo
1034 2455 1235 2504 infinitum,
1266 2464 1302 2493 et
1328 2457 1487 2505 longitu-

430 2511 480 2548 do
500 2519 597 2548 esset
620 2518 781 2559 utroque
810 2509 929 2547 modo
958 2509 1113 2546 infinita.
1145 2510 1194 2546 Et
1218 2509 1488 2547 convenienter

427 2564 485 2601 isti
515 2564 590 2601 duo
620 2563 726 2600 modi
757 2562 890 2599 infiniti
920 2570 1263 2611 contraponuntur:
1293 2563 1382 2612 quia
1413 2563 1487 2611 pri-

428 2629 514 2654 mus
534 2617 672 2654 modus
700 2615 833 2653 infiniti
859 2615 1038 2665 accipitur
1062 2627 1107 2652 ex
1133 2622 1240 2664 parte
1264 2616 1486 2652 ultimorum

427 2669 709 2707 indivisibilium
738 2681 835 2718 quae
855 2670 874 2689 '¹‘
891 2669 1105 2717 privantur;
1140 2668 1329 2719 secundus
1359 2675 1486 2705 autem

427 2722 566 2759 modus
595 2722 774 2771 accipitur
801 2721 1012 2758 secundum
1031 2720 1271 2759 indivisibilia
1307 2733 1405 2770 quae
1439 2721 1486 2758 si-

427 2783 586 2823 gnantur
605 2775 643 2812 in
671 2774 816 2821 medi0;
838 2774 1016 2811 dividitur
1036 2773 1136 2811 enim
1156 2774 1255 2810 linea
1274 2773 1485 2811 secundum

425 2836 566 2877 puncta
593 2828 688 2865 infra
712 2828 850 2865 lineam
879 2827 1022 2875 signata
1041 2827 1071 2863 ’ἦ

482 2882 515 2918 3.
537 2881 684 2918 Deinde
705 2893 792 2918 cum
821 2879 925 2918 dicit:
951 2879 1056 2917 Unde
1083 2884 1119 2915 et
1141 2879 1303 2916 Zenonis
1330 2887 1411 2929 etc„
1442 2891 1486 2916 ex

425 2934 642 2983 praemissis
662 2935 681 2955 ’ἃ
702 2940 876 2971 removet
893 2932 1167 2970 dubitationem
1182 2931 1348 2968 Zenonis
1376 2932 1485 2969 Elea-

425 2987 470 3023 tis
491 2989 521 3034 ²²,
543 2987 607 3036 qui
633 2987 788 3024 volebat
812 2987 975 3035 probare
995 2985 1100 3034 quod
1128 2984 1218 3022 nihil
1241 2991 1419 3022 movetur
1439 2985 1485 3022 de

426 3052 503 3076 uno
523 3040 608 3076 loco
637 3041 686 3077 ad
714 3039 840 3086 alium,
860 3046 952 3088 puta
980 3038 1027 3076 de
1054 3040 1090 3075 A
1118 3037 1156 3075 in
1174 3038 1217 3074 B.
1240 3037 1485 3074 Manifestum

427 3100 482 3129 est
500 3092 601 3129 enim
630 3092 734 3141 quod
762 3092 856 3128 inter
883 3095 917 3129 A
939 3098 974 3128 et
1000 3093 1031 3128 B
1061 3098 1147 3128 sunt
1173 3090 1319 3127 infinita
1346 3097 1486 3139 puncta

425 3145 563 3193 media,
585 3157 672 3182 cum
693 3145 914 3182 continuum
943 3144 989 3181 sit
1008 3143 1192 3182 divisibile
1220 3143 1259 3180 in
1281 3142 1483 3180 infinitum.

426 3197 466 3235 Si
487 3210 574 3246 ergo
603 3205 780 3235 movetur
799 3197 939 3247 aliquid
959 3197 1005 3234 de
1034 3197 1068 3233 A
1083 3196 1122 3233 in
1149 3197 1193 3243 B,
1214 3202 1363 3244 oportet
1381 3196 1484 3245 quod

425 3258 657 3299 pertranseat
676 3250 831 3298 infinita,
853 3258 889 3287 et
917 3249 1020 3299 quod
1039 3256 1167 3297 tangat
1180 3249 1484 3298 unumquodque

426 3302 677 3349 infinitorum;
707 3303 811 3352 quod
830 3316 909 3340 non
938 3311 992 3340 est
1009 3301 1188 3352 possibile
1216 3301 1298 3339 fieri
1326 3301 1364 3339 in
1391 3308 1485 3338 tem-

480 3450 507 3481 α)
528 3450 634 3475 D1‘citur
652 3454 741 3476 autem
761 3455 862 3483 tempus
880 3455 906 3477 et
925 3452 1090 3486 magnitudo.
1108 3465 1126 3470 —
1163 3452 1214 3476 Pro
1233 3450 1339 3481 dicitur,
1359 3451 1485 3476 dicuntur

427 3488 560 3543 gtnpogga
578 3493 625 3517 pro
643 3490 724 3516 caret,
749 3490 841 3512 carent
859 3488 881 3512 D
887 3494 894 3518 ς
915 3495 961 3520 pro
986 3491 1024 3518 et,
1050 3487 1090 3513 vel
1112 3486 1332 3512 BFGMNRVXZ.
1350 3500 1368 3505 -
1386 3487 1485 3512 scilicet

482 3551 507 3585 β)
526 3554 639 3579 secundo
657 3555 728 3587 quod
746 3562 759 3580 e
771 3563 896 3581 converso
917 3562 965 3582 etc.
977 3570 996 3577 —-
1009 3557 1125 3583 secundo
1143 3564 1202 3583 cum
1222 3556 1302 3582 dicit.-
1321 3556 1422 3582 Eadem
1436 3564 1483 3582 au-

670 1196 678 1208 ⁸
694 1197 870 1238 ostquam
899 1187 1062 1226 ostendit
1089 1188 1193 1237 quod
1212 1187 1433 1235 magnitudo
1463 1195 1498 1224 et

1056 297 1402 335 PHYSICORUM
1429 271 1777 334 ARISTOTELIS
1806 297 1901 334 LIB.
1930 297 1980 334 VI

1548 374 1707 403 Necessitas
1729 374 1806 403 illam
1828 374 1991 403 inducendi.
2008 391 2026 396 —
2040 375 2067 403 8.
2084 376 2172 410 Quod
2187 384 2202 403 e
2216 385 2355 404 converso
2375 376 2526 414 longitudo
2548 386 2609 405 non

1547 414 1639 451 possit
1660 423 1721 443 esse
1738 414 1848 442 infinita
1862 414 1885 442 si
1899 421 2013 451 tempus
2034 414 2147 442 finitum
2162 415 2206 449 sit,
2222 415 2307 443 simili
2324 415 2435 444 ratione
2455 417 2607 453 probatur:

1548 454 1702 490 accipietur
1715 463 1819 490 nempe
1834 453 1942 490 aliquid
1956 453 2143 491 longitudinis
2157 454 2284 482 infinitae
2299 456 2379 492 quod
2393 455 2446 483 erit
2459 455 2580 484 finitum.
2590 472 2608 477 -

1549 503 1576 530 9.
1599 495 1642 522 De
1670 493 1810 522 divisione
1837 493 1976 521 continui.
2004 493 2122 521 Nullum
2150 493 2319 522 continuum
2352 501 2395 522 est
2422 494 2607 524 indivisibile:

1548 539 1610 561 tum
1634 533 1702 570 quia
1722 532 1899 570 impossibile
1919 539 1961 561 est
1975 532 2145 561 continuum
2166 542 2199 562 ex
2220 533 2440 562 indivisibilibus
2460 535 2609 571 componi,

1549 573 1629 609 quod
1649 579 1747 601 tamen
1768 582 1801 601 ex
1822 572 1966 601 continuis
1987 572 2126 609 componi
2146 579 2256 610 potest;
2276 579 2339 600 tum
2360 573 2430 610 quia
2443 581 2610 610 sequeretur

1549 613 1629 649 quod
1656 611 1827 640 indivisibile
1855 612 2036 640 divideretur.
2058 628 2077 634 ·-
2103 621 2146 640 10.
2175 611 2343 643 Ostenditur
2367 613 2423 641 hoc
2450 614 2609 642 secundum

1549 651 1754 680 inconveniens
1781 651 1873 688 sequi.
1896 669 1916 673 -
1935 651 2004 680 Tria
2031 651 2258 688 praesupposita.
2281 668 2299 673 -
2321 651 2466 680 Probatio.
2495 652 2537 680 Sit
2557 652 2609 681 ali-

1549 690 1619 727 quid
1638 691 1765 720 velocius
1791 691 1881 720 altero
1909 692 2068 720 secundum
2096 692 2170 720 hanc
2191 691 2423 728 proportionem,
2444 691 2484 720 ita
2504 691 2610 721 scilicet

1549 731 1628 766 quod
1652 730 1778 759 velocius
1798 737 1976 767 pertranseat
2002 741 2090 759 unam
2114 731 2340 768 magnitudinem
2363 731 2554 768 compositam
2575 740 2609 760 ex

1547 769 1638 797 tribus
1666 770 1892 806 indivisibilibus,
1914 771 1985 798 dum
2008 771 2117 799 tardius
2138 780 2190 808 per
2217 770 2444 808 magnitudinem
2467 771 2555 798 fertur
2575 780 2609 799 ex

1548 809 1663 838 duobus
1684 809 1903 846 impartibilibus
1923 810 2124 847 compositam.
2147 812 2178 838 In
2199 810 2253 839 tria
2273 819 2342 848 ergo
2363 809 2546 838 indivisibilia
2565 809 2608 839 di-

1547 847 1659 876 videtur
1685 854 1799 886 tempus
1828 849 1857 877 in
1885 859 1944 886 quo
1966 850 2092 879 velocius
2116 859 2231 878 cursum
2260 859 2346 878 suum
2376 850 2523 878 conficiet:
2551 856 2608 878 tar-

1548 887 1622 916 diori
1643 894 1740 916 autem
1761 888 1791 917 in
1815 890 1918 918 eodem
1933 895 2064 926 ternpore
2084 899 2136 926 per
2157 891 2228 918 duas
2249 889 2460 928 magnitudines
2481 889 2608 918 indivisi-

1547 927 1618 955 biles
1642 927 1754 964 delato,
1777 937 1867 957 unam
1888 937 1987 957 earum
2009 929 2039 957 in
2059 938 2119 958 uno
2141 935 2271 967 ternpore
2292 929 2455 957 indivisibili
2476 935 2504 957 et
2524 929 2609 957 dimi-

1547 966 1596 995 dio
1617 967 1808 1003 pertransibit.
1830 966 1980 996 Dividetur
2000 977 2068 1006 ergo
2090 968 2259 997 indivisibile
2279 968 2426 1005 temporis.
2448 969 2484 997 Et
2505 969 2609 997 eodem

1550 1007 1640 1035 modo
1668 1014 1802 1043 sequetur
1825 1007 2051 1044 magnitudinem
2080 1008 2281 1036 indivisibilem
2310 1007 2411 1043 dividi,
2436 1007 2460 1036 si
2483 1007 2609 1045 ponatur

1549 1045 1658 1091 tardius
1678 1055 1730 1083 per
1749 1047 1804 1075 tria
1827 1046 2010 1076 indivisibilia
2030 1048 2113 1085 spatii
2133 1047 2163 1076 in
2183 1048 2274 1076 tribus
2297 1047 2516 1077 indivisibilibus
2536 1054 2608 1076 tern—

1549 1093 1628 1122 poris
1648 1095 1767 1115 moveri.

1551 1199 1645 1236 pore
1672 1187 1791 1225 finito.
1813 1189 1914 1236 Ergo
1934 1188 1972 1225 in
1991 1189 2093 1226 nullo
2122 1195 2294 1238 tempore
2319 1196 2609 1238 quantumcum-

1551 1252 1625 1288 que
1653 1253 1806 1288 magno,
1827 1241 2040 1278 dummodo
2065 1241 2111 1278 sit
2137 1241 2300 1288 finitum,
2319 1241 2459 1291 aliquid
2485 1247 2611 1290 potest

1550 1293 1698 1329 moveri
1733 1305 1803 1341 per
1839 1301 2191 1343 quantumcumque
2232 1306 2396 1343 parvum
2432 1294 2608 1343 spatium.

1548 1344 1648 1381 Dicit
1675 1357 1763 1393 ergo
1793 1346 2047 1395 Philosophus
2076 1347 2179 1396 quod
2198 1346 2267 1384 ista
2286 1346 2378 1384 ratio
2399 1346 2570 1396 procedit
2589 1348 2610 1368 ²⁸

1549 1409 1594 1434 ex
1614 1398 1705 1434 falsa
1725 1398 2015 1446 existimatione;
2036 1400 2126 1448 quia
2139 1401 2160 1421 ⁶²
2177 1399 2370 1448 longitudo
2392 1407 2428 1436 et
2445 1407 2608 1449 tempus,

1549 1457 1585 1487 et
1604 1451 1875 1500 quodcumque
1896 1451 2130 1500 continuum,
2152 1452 2348 1502 dupliciter
2367 1452 2500 1490 dicitur
2527 1465 2609 1490 esse

1547 1502 1749 1551 infinitum,
1770 1512 1811 1541 ut
1829 1504 1972 1542 dictum
1993 1513 2048 1542 est
2069 1506 2104 1551 *;
2124 1505 2264 1543 seilicet
2281 1506 2494 1544 secundum
2517 1505 2610 1544 divi-

1547 1555 1695 1593 sionem
1725 1565 1761 1594 et
1788 1557 1826 1594 in
1848 1558 2001 1595 ultimis.
2023 1557 2063 1595 Si
2090 1558 2200 1606 igitur
2219 1565 2343 1596 essent
2370 1558 2506 1608 aliqua,
2540 1557 2610 1595 sci-

1546 1608 1632 1646 licet
1658 1610 1802 1647 mobile
1827 1618 1863 1647 et
1890 1611 2066 1660 spatium,
2085 1611 2231 1649 infinita
2250 1612 2463 1649 secundum
2491 1623 2610 1661 quan-

1545 1661 1699 1710 titatem,
1730 1663 1834 1711 quod
1864 1671 1919 1701 est
1946 1676 2027 1701 esse
2054 1664 2244 1702 infinitum
2271 1665 2310 1702 in
2337 1664 2496 1712 ultimis3
2531 1677 2611 1706 non

1547 1715 1777 1763 contingeret
1798 1716 1903 1765 quod
1921 1729 1962 1753 se
1981 1717 2148 1755 invicem
2166 1725 2361 1766 tangerent
2378 1717 2417 1755 in
2435 1724 2609 1767 tempore

1545 1767 1664 1805 finito.
1687 1768 1726 1805 Si
1745 1781 1838 1806 vero
1867 1769 1940 1806 sint
1966 1769 2112 1808 infinita
2131 1772 2343 1808 secundum
2369 1770 2608 1818 divisionem,

1545 1821 1620 1857 hoc
1639 1821 1833 1869 contingit;
1854 1822 1942 1870 quia
1962 1822 2075 1860 etiam
2093 1831 2244 1872 tempus
2264 1823 2370 1872 quod
2389 1831 2445 1861 est
2457 1823 2608 1862 finitum

1546 1874 1757 1911 secundum
1787 1875 2045 1923 quantitatem,
2076 1884 2132 1913 est
2159 1876 2212 1913 sic
2239 1876 2441 1924 infinitum,
2470 1876 2610 1926 scilicet

1545 1927 1757 1964 secundum
1787 1927 2026 1965 divisionem.
2047 1928 2158 1966 Unde
2187 1929 2356 1978 sequitur
2392 1930 2498 1978 quod
2524 1929 2608 1967 infi-

1545 1979 1666 2017 nitum
1694 1987 1915 2029 transeatur,
1936 1993 2015 2018 non
2042 1981 2198 2030 quidem
2227 1981 2266 2018 in
2293 1989 2466 2030 tempore
2486 1981 2605 2029 finito,

1545 2032 1612 2070 sed
1640 2033 1678 2070 in
1706 2041 1878 2082 tempore
1907 2033 2072 2080 infinito;
2095 2041 2132 2071 et
2158 2035 2263 2084 quod
2294 2034 2440 2072 infinita
2467 2042 2607 2084 puncta

1544 2086 1810 2134 magnitudinis
1838 2094 2073 2124 transeantur
2091 2087 2130 2124 in
2155 2087 2310 2125 infinitis
2330 2100 2431 2125 nunc
2458 2096 2608 2140 temp03

1543 2138 1603 2185 ris,
1625 2151 1704 2175 non
1732 2146 1860 2176 autem
1880 2139 1918 2176 in
1937 2152 2039 2176 nunc
2057 2141 2077 2161 '¹⁸'
2095 2140 2220 2177 finitis.
2246 2141 2315 2177 Est
2333 2147 2461 2177 autem
2487 2140 2606 2178 scien·
2634 2152 2644 2162 ·

1542 2191 1634 2228 dum
1663 2192 1769 2239 quod
1796 2192 1891 2228 haec
1911 2192 2047 2229 solutio
2077 2200 2132 2230 est
2161 2193 2209 2230 ad
2228 2193 2442 2241 hominem,
2464 2200 2500 2230 et
2526 2205 2607 2231 non
2664 2195 2671 2201 '

1542 2244 1590 2280 ad
1617 2244 1832 2291 veritatem,
1862 2245 1957 2282 sicut
1983 2245 2079 2282 infra
2106 2245 2326 2284 Aristoteles
2354 2245 2608 2284 manifestabit

1540 2295 1578 2334 in
1607 2304 1743 2334 octavo
1773 2297 1805 2334 *.
2588 2342 2590 2345 f

1585 2361 1630 2403 ⁶4.
1652 2349 1801 2387 Deinde
1822 2363 1910 2388 cum
1930 2350 2034 2388 dicit:
2063 2351 2200 2400 Neque
2217 2352 2294 2389 iam
2315 2352 2501 2400 infinitum
2521 2346 2609 2401 ete,
2647 2371 2651 2374 ·

1540 2404 1677 2452 probat
1692 2403 1796 2452 quod
1816 2405 1961 2453 supra*
1978 2404 2116 2452 posuit.
2134 2405 2183 2441 Et
2195 2404 2322 2454 primo
2342 2404 2499 2442 resumit
2516 2417 2605 2455 pro-

1539 2456 1724 2505 positum3
1753 2457 1922 2494 secundo
1954 2457 2112 2506 probat,
2141 2457 2208 2494 ibi:
2238 2457 2293 2494 Sit
2319 2458 2417 2495 enim
2455 2458 2604 2508 magni—

1541 2509 1627 2546 tudo
1647 2510 1667 2530 *
1687 2516 1754 2546 etc.
1775 2509 1876 2546 Dicit
1895 2522 1983 2557 ergo
2011 2509 2136 2559 primo
2156 2510 2263 2559 quod
2290 2511 2437 2548 nullum
2460 2511 2604 2548 mobile

1539 2569 1664 2610 potest
1690 2562 1844 2599 transire
1874 2562 2065 2599 infinitum
2093 2563 2256 2611 spatium
2284 2563 2324 2600 in
2358 2571 2531 2612 tempore
2558 2564 2603 2601 fi-
2642 2581 2651 2589 ·

1540 2615 1630 2662 nito,
1650 2627 1774 2663 neque
1802 2615 1953 2652 finitum
1982 2615 2146 2664 spatium
2174 2615 2212 2652 in
2231 2623 2404 2665 tempore
2432 2616 2600 2664 infinito;

1541 2667 1607 2705 sed
1636 2675 1795 2716 oportet,
1830 2668 1860 2704 si
1888 2675 2040 2718 tempus
2069 2676 2123 2706 est
2150 2664 2359 2717 infinitum,
2390 2669 2496 2719 quod
2522 2681 2603 2707 ma-

1540 2720 1694 2768 gnitudo
1724 2721 1770 2757 sit
1796 2721 1953 2768 infinita,
1976 2729 2011 2758 et
2039 2734 2060 2758 e
2089 2734 2287 2760 conversa

1593 2773 1741 2811 Deinde
1771 2786 1858 2811 cum
1896 2774 1998 2811 dicit:
2037 2775 2093 2811 Sit
2118 2775 2216 2812 enim
2253 2775 2474 2826 magnitudo
2511 2782 2603 2824 etc.,·

1539 2827 1676 2875 probat
1701 2827 1952 2876 propositum.
1973 2828 2022 2864 Et
2048 2827 2174 2876 primo
2203 2827 2309 2876 quod
2345 2835 2496 2877 tempus
2522 2840 2602 2866 non

1539 2886 1664 2928 potest
1692 2892 1772 2916 esse
1801 2879 2004 2928 infinitum,
2025 2880 2056 2917 si
2079 2880 2300 2928 magnitudo
2321 2880 2366 2918 sit
2391 2881 2514 2927 finita3
2543 2893 2601 2918 se-

1541 2933 1666 2970 cundo
1692 2933 1797 2982 quod
1818 2945 1837 2969 e
1858 2945 2044 2970 converso
2063 2931 2092 2980 Ρ,
2112 2933 2142 2970 si
2163 2933 2358 2982 longitudo
2378 2933 2424 2970 sit
2442 2933 2598 2982 infinita,

1540 2992 1690 3034 tempus
1709 2997 1787 3022 non
1804 2993 1929 3034 potest
1949 2997 2029 3022 esse
2049 2985 2211 3034 finitum,
2233 2986 2300 3023 ibi:
2314 2986 2459 3023 Eadem
2474 2991 2599 3023 autem

1539 3038 1803 3075 demonstratio
1823 3044 1877 3075 est
1903 3039 1923 3060 *²
1953 3046 2020 3075 etc.

1597 3091 1629 3128 5.
1651 3090 1823 3127 Primum
1843 3098 1971 3128 autem
1988 3092 2007 3113 ⁸*
2023 3091 2186 3129 ostendit
2205 3091 2353 3129 duabus
2372 3090 2598 3129 rationibus:

1539 3155 1702 3191 quarum
1743 3143 1868 3192 prima
1909 3143 1990 3181 talis
2037 3151 2103 3181 est.
2143 3145 2199 3181 Sit
2234 3143 2456 3192 magnitudo
2493 3144 2600 3182 finita

1541 3207 1638 3244 quae
1667 3203 1722 3233 est
1749 3196 1837 3244 ΑΒ,
1873 3203 1909 3234 et
1937 3196 1982 3234 sit
2009 3204 2161 3246 tempus
2189 3197 2378 3234 infinitum
2411 3197 2516 3246 quod
2545 3205 2600 3235 est

1541 3249 1576 3286 G
1594 3253 1620 3286 ⁷.
1650 3248 1865 3298 Accipiatur
1902 3257 2030 3287 autem
2057 3250 2078 3271 ²*
2100 3249 2212 3287 huius
2249 3250 2383 3288 infiniti
2417 3250 2598 3301 temporis

1541 3301 1666 3351 aliqua
1692 3312 1779 3351 pars
1812 3302 1918 3340 finita
1946 3315 2043 3352 quae
2073 3302 2118 3340 sit
2141 3303 2226 3341 GD.
2253 3302 2353 3351 Quia
2380 3303 2490 3352 igitur
2514 3315 2598 3341 mo-

1591 3452 1618 3486 γ)
1637 3452 1708 3484 quod
1725 3455 1764 3478 est
1785 3453 1817 3478 G.
1831 3466 1848 3471 -
1861 3451 1932 3485 quod
1950 3456 1990 3478 est
2010 3452 2059 3478 CD
2077 3452 2162 3478 Pinna.
2173 3453 2269 3478 —Item
2288 3458 2348 3486 post
2360 3460 2440 3478 unam
2453 3452 2547 3478 lineam
2564 3452 2597 3477 ad

1538 3486 1724 3519 designandum
1743 3493 1846 3520 tempus
1866 3486 1992 3513 infinitum
2007 3488 2084 3513 utitur
2102 3488 2174 3521 siglis
2193 3489 2247 3518 (ΣΙ),
2266 3489 2312 3514 sed
2333 3488 2357 3514 in
2376 3487 2428 3513 fine
2441 3487 2541 3513 numeri
2555 3487 2596 3513 bis

1537 3522 1574 3552 G,
1593 3530 1653 3547 curn
1673 3522 1814 3547 codicibus.
1834 3523 1936 3548 Partem
1959 3523 2084 3556 temporis
2103 3522 2191 3548 infiniti
2211 3522 2280 3558 (GD)
2300 3523 2383 3557 prima
2402 3523 2457 3548 vice
2481 3522 2596 3548 nominat

1537 3557 1589 3587 (ΣΙ),
1610 3558 1722 3583 secunda
1740 3558 1796 3583 vice
1814 3557 1870 3588 HD,
1884 3558 1957 3583 tertia
1975 3562 2001 3583 et
2019 3562 2109 3591 quarta
2122 3559 2177 3584 vice
2196 3559 2248 3590 BD;
2265 3565 2324 3591 part
2344 3557 2525 3591 magnitudinis
2540 3556 2595 3582 fini-

429 3591 489 3617 rem,
510 3588 607 3619 probat
625 3595 639 3613 e
657 3597 790 3615 converso.
811 3591 929 3616 Primum
948 3596 1037 3618 autem
1057 3593 1087 3617 N.
1101 3606 1120 3611 -
1134 3593 1184 3618 Pro
1203 3595 1304 3624 tempus
1324 3599 1375 3617 non
1396 3595 1484 3625 potest
1536 3597 1577 3617 tae
1596 3592 1659 3628 (ΒΕ)
1680 3593 1720 3618 bis
1739 3593 1808 3618 audit
1827 3593 1878 3624 ΒΕ,
1897 3598 1987 3625 postea
2002 3593 2053 3618 BC.
2065 3606 2085 3612 -
2098 3593 2176 3619 Num.
2195 3601 2252 3627 seq.
2270 3601 2317 3626 pro
2335 3594 2379 3618 BE
2392 3599 2496 3626 semper
2513 3592 2565 3618 Bc.
2577 3605 2596 3611 -

427 3629 483 3648 esse
494 3622 613 3655 finitum,
633 3626 658 3648 et
677 3627 777 3656 tempus
795 3629 897 3657 oportet
915 3634 970 3652 csse
989 3626 1121 3660 infinitum
1140 3627 1194 3653 EG.

1537 3627 1614 3653 Num.
1633 3635 1648 3660 7
1668 3636 1716 3661 pro
1734 3628 1777 3653 ΒΕ
1796 3628 1879 3661 prima
1897 3633 1923 3653 et
1940 3633 2031 3661 quam
2048 3629 2104 3654 vice
2122 3628 2173 3661 BC,
2193 3628 2225 3654 de
2243 3633 2329 3654 cetero
2346 3628 2400 3653 ΒΚ.

2636 1354 2646 1363 ·
2654 1352 2851 1384 procedebaeeo-
2889 1343 2891 1346 ¹

2637 1379 2701 1401 dicen
2716 1385 2766 1402 exc.
2780 1385 2816 1402 nn.

2637 1410 2647 1419 ·
2661 1411 2684 1431 et
2704 1409 2759 1432 add.
2778 1409 2849 1432 codd.
2892 1397 2894 1429 s

2637 1441 2688 1458 exc.
2702 1441 2726 1459 n.

2636 1515 2648 1526 ⁸
2662 1515 2734 1538 Num.
2745 1520 2822 1543 praec.

2714 2158 2775 2176 m

2633 2316 2644 2329 ⁸
2657 2315 2721 2339 Leet.
2735 2321 2793 2340 xm.

2633 2413 2643 2423 ·
2657 2412 2728 2436 Num.
2737 2418 2759 2436 a.

2633 2515 2643 2523 ·
2668 2512 2731 2536 narn
2752 2507 2776 2536 in
2799 2498 2862 2539 nne?

2631 2545 2696 2562 num·

2627 3049 2637 3058 '
2650 3048 2721 3072 Num.
2736 3049 2759 3073 8.

2626 3102 2729 3124 'aum
2743 3108 2793 3126 om.
2810 3107 2854 3126 ν.
2887 3083 2891 3111 ³⁴

2626 3134 2758 3152 οικκινκι.
2854 3146 2858 3148 Ἴ
2888 3139 2890 3142 v

2625 3285 2637 3298 ⁸
2651 3259 2792 3308 auen-‘on-
2806 3290 2841 3309 ι
2853 3273 2854 3276 ¹
2887 3285 2890 3286 ⁷

2625 3317 2682 3340 xpo.
