2950 4004
60 3616 67 3625 Ξ

31 3720 48 3753 i}

23 3756 53 3807 Ξῖζἑ

36 3807 54 3844 ἒ.

27 3851 72 3899 2

1080 320 1190 356 CAP.
1219 319 1323 366 V111,
1354 320 1502 358 LECT.
1533 322 1602 357 ΧΠ
2355 324 2422 360 185

262 401 415 447 Quanto
436 411 524 447 ergo
544 411 609 435 aer
637 405 692 435 est
719 398 888 435 subtilior
907 410 1005 446 aqua
1026 405 1062 434 et
1079 397 1205 434 minus
1224 397 1315 445 spis-

261 465 341 499 sus,
370 459 474 489 tanto
502 451 646 488 mobile
677 451 783 500 quod
810 458 866 487 est
891 452 938 498 A,
968 450 1074 487 citius
1102 449 1318 486 movebitur

259 517 328 554 per
356 504 520 553 spatium
548 505 600 551 D,
629 516 746 552 quarn
773 515 842 551 per
869 502 1032 551 spatium
1060 503 1102 538 B.
1134 502 1243 547 Quae
1263 509 1319 537 est

262 569 352 605 ergo
371 556 566 606 proportio
592 556 688 593 aeris
717 556 765 592 ad
792 567 932 603 aquam
960 554 999 591 in
1026 553 1236 599 subtilitate,
1259 565 1318 589 ea-

263 610 352 647 dem
380 616 436 646 est
462 609 657 657 proportio
684 607 893 644 velocitatis
921 606 971 643 ad
997 605 1253 643 velocitatem:
1284 612 1320 641 et

263 669 404 711 quanto
426 669 481 698 est
499 661 623 698 maior
648 660 840 705 velocitas,
868 666 970 695 tanto
1000 666 1056 694 est
1079 658 1205 694 minus
1226 665 1321 693 tern-

262 728 354 764 pus3
375 714 463 763 quia
480 713 649 751 velocior
667 719 793 749 motus
813 711 957 758 dicitur,
973 710 1037 758 qui
1059 717 1114 746 est
1132 710 1170 746 in
1185 709 1322 746 minori

263 775 436 816 ternpore
450 778 518 815 per
536 765 692 814 aequale
711 763 886 812 spatium,
901 770 942 799 ut
956 762 994 799 ln
1009 770 1113 799 sexto
1130 764 1150 783 ’Ξῖ
1166 762 1320 799 dicetur.

264 820 390 866 Unde,
420 819 450 856 si
478 830 542 855 aer
569 825 624 854 est
650 817 689 853 in
718 817 833 864 duplo
862 815 1032 852 subtilior
1060 827 1176 863 quarn
1204 827 1321 863 aqua,

266 878 443 922 sequetur
461 870 565 919 quod
583 877 733 917 tempus
752 868 791 905 in
810 881 887 916 quo
907 869 942 904 A
959 869 978 889 *
997 875 1173 904 movetur
1191 879 1259 915 per
1277 868 1321 913 B,

267 925 371 974 quod
404 930 459 960 est
485 923 643 971 plenum
671 933 789 970 aqua,
819 921 865 957 sit
893 921 1052 969 duplum
1080 928 1250 968 ternpore
1284 919 1323 955 in

266 989 342 1025 quo
370 974 567 1024 pertransit
585 976 619 1011 D
640 981 668 1020 ⁶⁶,
690 973 796 1022 quod
824 980 879 1010 est
906 974 1063 1021 plenum
1087 985 1189 1009 aere:
1220 971 1324 1008 etita

265 1037 416 1078 tempus
445 1028 493 1074 C,
522 1027 561 1064 in
580 1039 656 1076 quo
676 1026 875 1074 pertransit
899 1025 1062 1074 spatium
1089 1026 1137 1071 B,
1168 1024 1236 1061 erit
1256 1024 1323 1060 du-

265 1082 372 1131 plum
390 1089 564 1128 ternpore
585 1079 689 1128 quod
709 1086 764 1115 est
791 1079 841 1125 E,
870 1078 908 1114 in
927 1090 1003 1126 quo
1023 1077 1222 1126 pertransit
1241 1089 1324 1125 spa-

266 1134 361 1171 tium
390 1135 438 1170 D.
467 1133 517 1169 Et
544 1132 597 1168 sic
623 1131 832 1180 poterimus
859 1130 1121 1167 universaliter
1141 1129 1322 1178 accipere,

268 1186 373 1235 quod
408 1186 448 1222 in
479 1191 722 1233 quacumque
758 1183 1004 1232 proportione
1031 1182 1223 1228 medium,
1256 1194 1326 1230 per

269 1238 373 1288 quod
401 1237 541 1286 aliquid
567 1237 694 1284 fertur,
716 1243 771 1273 est
797 1235 967 1272 subtilius
996 1241 1031 1271 et
1058 1235 1183 1271 minus
1205 1234 1325 1283 impe-

269 1291 429 1328 ditivum
457 1297 494 1326 et
521 1289 663 1326 facilius
701 1288 904 1335 divisibile,
934 1288 973 1324 in
1001 1288 1136 1325 eadem
1167 1299 1327 1336 propor-

269 1343 371 1380 tione
400 1342 469 1379 erit
495 1349 622 1379 motus
648 1340 828 1379 velocior.

321 1407 358 1442 4.
374 1394 522 1432 Deinde
537 1406 626 1431 cum
642 1394 746 1431 dicit:
769 1394 936 1431 Vacuum
951 1398 1074 1429 autem
1085 1392 1227 1429 nullam
1244 1399 1326 1439 etc.,

269 1447 482 1485 manifestat
500 1446 706 1484 secundam
725 1445 1046 1495 propositionem:
1068 1452 1104 1481 et
1119 1445 1205 1482 dicit
1223 1445 1328 1493 quod

269 1512 436 1538 vacuum
457 1512 535 1536 non
555 1499 747 1536 exceditur
760 1511 782 1535 a
794 1499 908 1546 pleno
933 1497 1143 1534 secundum
1163 1497 1327 1546 aliquam

269 1553 568 1602 proportionem.
602 1553 651 1588 Et
679 1552 754 1587 hoc
779 1551 917 1599 probat
933 1562 1002 1598 per
1019 1551 1106 1596 hoc,
1127 1550 1232 1598 quod
1260 1562 1327 1586 nu-

270 1617 398 1643 merus
426 1617 504 1642 non
532 1603 678 1640 excedit
701 1603 791 1640 nihil
816 1603 1028 1640 secundum
1056 1603 1221 1651 aliquam
1241 1615 1328 1651 pro-

269 1657 497 1707 portionem,
518 1656 587 1693 sed
614 1657 739 1692 solum
758 1655 959 1692 attenditur
980 1655 1175 1704 proportio
1205 1655 1329 1703 aliqua

270 1709 420 1747 numeri
440 1709 490 1746 ad
517 1721 732 1756 numerum,
751 1709 813 1744 vel
837 1708 885 1745 ad
903 1708 1104 1744 unitatem:
1125 1708 1219 1744 sicut
1238 1720 1329 1756 qua-

270 1770 357 1799 tuor
392 1762 576 1799 excedunt
601 1760 619 1789 β
646 1761 715 1798 tria
743 1761 781 1797 in
813 1773 907 1808 uno,
938 1768 975 1797 et
1006 1761 1130 1797 adhuc
1161 1760 1201 1797 in
1231 1760 1328 1808 pluri

272 1814 459 1852 excedunt
495 1814 592 1860 duo,
624 1821 660 1850 et
686 1814 811 1850 adhuc
846 1813 885 1850 in
916 1813 1013 1862 pluri
1048 1825 1181 1850 unum.
1217 1813 1327 1850 Unde

272 1867 405 1905 dicitur
431 1867 554 1904 maior
580 1866 776 1915 proportio
805 1873 967 1914 quatuor
985 1867 1034 1904 ad
1057 1879 1189 1913 unum,
1211 1878 1328 1915 quarn

272 1920 321 1957 ad
339 1921 416 1957 duo
436 1920 499 1957 vel
518 1919 597 1956 tria.
625 1919 701 1955 Sed
729 1926 891 1967 quatuor
918 1931 996 1955 non
1025 1919 1211 1956 excedunt
1238 1919 1328 1955 nihil

273 1972 483 2009 secundum
509 1970 681 2022 {aliquam
718 1971 1016 2020 proportionem.
1051 1973 1100 2008 Et
1135 1973 1209 2008 hoc
1240 1972 1327 2008 ideo

273 2025 361 2073 quia
387 2037 543 2074 necesse
572 2031 627 2061 est
655 2024 759 2072 quod
787 2036 902 2060 omne
923 2024 1108 2061 excedens
1142 2024 1330 2062 dividatur

271 2077 311 2115 in
341 2077 380 2114 id
408 2077 512 2126 quod
545 2076 754 2123 exceditur,
789 2084 825 2113 et
851 2076 891 2113 in
922 2077 1196 2122 excedentiam,
1233 2077 1330 2114 idest

272 2130 311 2166 in
338 2129 378 2166 id
413 2129 452 2166 in
479 2141 555 2177 quo
590 2129 754 2166 excedit:
783 2129 878 2166 sicut
905 2137 1066 2177 quatuor
1093 2129 1271 2166 dividitur
1290 2130 1329 2166 in

272 2182 353 2229 tria,
382 2189 419 2218 et
436 2182 476 2219 in
493 2194 613 2218 unum
633 2181 671 2218 in
690 2194 766 2230 quo
787 2181 933 2218 excedit
951 2181 1030 2218 tria.
1061 2181 1101 2218 Si
1120 2193 1208 2229 ergo
1238 2194 1338 2229 qua-¹

273 2242 360 2272 tuor
387 2234 573 2271 excedunt
600 2233 702 2280 nihil,
727 2241 905 2282 sequetur
923 2234 1028 2281 quod
1056 2242 1218 2282 quatuor
1237 2234 1329 2272 divi-

274 2287 410 2324 dantur
428 2287 466 2324 in
494 2286 636 2335 aliquot
655 2293 691 2323 et
708 2286 816 2323 nihil:
838 2287 942 2334 quod
962 2294 1017 2323 est
1044 2286 1327 2324 inconveniens.

273 2339 385 2377 Unde
413 2340 527 2377 etiam
555 2351 633 2376 non
659 2346 784 2387 potest
803 2339 896 2386 dici,
917 2339 1021 2388 quod
1049 2339 1147 2376 linea
1175 2340 1331 2377 excedat

273 2400 470 2441 punctum,
499 2392 570 2429 nisi
598 2399 891 2440 componeretur
919 2403 963 2428 ex
981 2392 1142 2440 punctis,
1173 2400 1208 2428 et
1237 2393 1329 2429 divi-

276 2444 426 2482 deretur
452 2445 491 2482 in
515 2457 571 2482 ea.
601 2445 649 2481 Et
672 2444 839 2481 similiter
858 2456 935 2481 non
963 2452 1087 2493 potest
1119 2444 1190 2481 dici
1226 2445 1330 2493 quod

273 2510 441 2535 vacuum
477 2498 616 2534 habeat
652 2497 818 2545 aliquam
851 2497 1138 2545 proportionem
1173 2498 1221 2534 ad
1252 2499 1330 2546 ple-

274 2563 389 2588 num:
422 2550 511 2600 quia
536 2562 704 2587 vacuum
729 2562 807 2586 non
831 2549 929 2586 cadit
956 2549 994 2586 in
1014 2550 1329 2598 compositionem

272 2603 386 2652 pleni.

332 2657 363 2693 5.
393 2655 541 2692 Deinde
571 2667 658 2691 cum
684 2654 789 2691 dicit:
819 2655 926 2704 Ergo
947 2667 1064 2703 neque
1082 2661 1224 2692 motum
1244 2662 1326 2703 etc.,

273 2707 381 2756 ponit
418 2707 722 2753 conclusionem,
761 2707 990 2744 concludens
1027 2708 1131 2756 quod
1164 2721 1242 2744 non
1276 2715 1331 2744 est

272 2759 452 2809 possibile
481 2772 563 2796 esse
591 2759 878 2808 proportionem
907 2759 1002 2796 inter
1027 2767 1176 2796 motum
1205 2760 1269 2808 qui
1288 2761 1330 2796 fit

271 2825 341 2861 per
358 2824 538 2858 vacuum,
568 2819 604 2848 et
630 2819 779 2848 motum
807 2811 872 2860 qui
894 2812 938 2848 fit
964 2824 1033 2860 per
1059 2813 1233 2860 plenum3
1263 2813 1330 2849 sed

274 2865 304 2901 si
333 2865 487 2913 aliquod
515 2876 653 2912 corpus
681 2865 796 2900 fertur
822 2876 891 2912 per
918 2865 1186 2913 quodcumque
1215 2865 1328 2902 subti-

272 2917 459 2955 lissimum
487 2917 526 2953 in
544 2924 647 2954 tanto
675 2916 795 2965 spatio
822 2916 959 2965 talique
988 2924 1172 2966 tempore,
1201 2924 1328 2954 motus

327 3036 356 3072 α)
369 3038 405 3063 sit
418 3038 526 3070 duplum
546 3041 662 3070 tempore
681 3037 707 3062 in
722 3045 773 3070 quo
781 3038 932 3070 pertransit
947 3038 981 3063 D.
995 3053 1014 3058 -
1026 3038 1068 3063 Sic
1082 3039 1191 3071 legimus
1211 3047 1270 3063 cum
1284 3039 1329 3063 DE

272 3073 497 3104 FGHMNRsBC1;
518 3073 538 3097 Ρ
556 3073 592 3098 sit
611 3073 719 3104 dupIum
744 3076 845 3105 tempus
869 3073 895 3097 in
921 3073 992 3106 quod
1010 3074 1160 3105 pertransit
1179 3074 1219 3103 D,
1239 3075 1286 3099 sed
1305 3079 1334 3098 et

274 3109 328 3141 ipsa
347 3108 424 3140 paulo
442 3107 548 3132 inferius
567 3108 643 3132 habet
661 3108 769 3139 duplum
789 3111 918 3140 tempore5
937 3116 984 3141 pro
1003 3115 1061 3140 quo,
1081 3108 1152 3140 quod
1170 3113 1217 3133 cet.
1236 3114 1261 3133 et
1279 3117 1296 3134 a
1307 3109 1330 3134 b.

329 3141 354 3176 β)
373 3142 442 3167 sicut
459 3146 574 3175 quatuor
592 3143 725 3167 excedunt
743 3148 791 3168 etc.
809 3157 828 3162 —
846 3143 914 3168 sicut
937 3147 1052 3175 quatuor
1071 3144 1205 3168 excellunt
1229 3144 1283 3169 tria
1302 3145 1328 3169 in

276 3185 336 3206 uno,
352 3178 378 3202 in
389 3178 472 3209 plura
483 3181 571 3202 autem
590 3178 651 3207 duo,
666 3180 692 3202 et
705 3178 792 3202 adhuc
805 3178 830 3202 in
840 3178 915 3210 pluri
930 3186 1009 3203 unum
1021 3181 1048 3203 et
1060 3179 1097 3203 ad
1110 3178 1148 3211 (et
1161 3179 1198 3203 ad
1210 3179 1331 3212 expungit

275 3211 369 3246 aman.)
390 3213 424 3236 al.
444 3213 495 3237 l'ra
507 3216 533 3237 et
544 3212 631 3237 adhuc
645 3212 670 3236 in
683 3213 758 3244 pluri
775 3213 909 3237 excedunt
921 3213 982 3240 duo,
995 3216 1021 3237 et
1034 3213 1121 3238 adhuc
1136 3213 1162 3238 in
1172 3214 1248 3245 pluri
1266 3221 1330 3246 qua-

275 3250 345 3272 tuor.
364 3247 438 3272 Unde
456 3247 482 3272 S.
501 3247 551 3271 Pro
569 3247 703 3272 excedunt
721 3252 778 3272 ante
797 3248 863 3276 tria,
884 3247 990 3272 excellit
1007 3248 1110 3278 ABQY,
1130 3249 1264 3273 excellunt
1282 3254 1330 3273 cet.

276 3287 301 3307 et
319 3283 377 3310 alm
395 3289 442 3314 pro
461 3282 594 3307 excedunt
612 3287 669 3307 ante
688 3282 748 3311 duo,
768 3282 875 3307 excedit
892 3282 921 3312 Z,
939 3283 1073 3307 excellunt
1085 3283 1286 3313 BEFGHMNR;
1305 3287 1331 3308 et

275 3322 335 3349 post
353 3317 406 3341 duo
419 3324 472 3341 om.
488 3316 556 3346 Palm
574 3324 621 3350 pro
635 3324 723 3347 unum,
738 3320 853 3348 quatuor
865 3316 1107 3348 ANQVXYpClKO
1123 3317 1171 3348 (uu
1185 3325 1233 3349 pro
1248 3319 1331 3349 un).—

276 3352 382 3376 inferius
401 3351 427 3375 in
446 3351 495 3375 hoc
514 3358 623 3375 numero
643 3358 690 3383 pro
713 3351 858 3380 excedunt,
876 3351 1013 3379 excedens,
1034 3351 1181 3381 exceditur,
1200 3353 1330 3377 exceden-

276 3387 350 3415 tiam,
364 3386 478 3416 excedit,
497 3386 618 3415 excedat,
633 3385 734 3410 codices
747 3386 900 3410 unanimiter
918 3393 977 3410 cum
995 3393 1012 3410 a
1025 3386 1040 3410 b
1059 3390 1084 3410 et
1094 3391 1179 3410 venet.
1198 3386 1261 3417 1545
1282 3394 1330 3412 ex—

276 3422 380 3452 cellunt,
399 3421 537 3449 excellens,
556 3420 704 3448 excellitm,
724 3420 914 3448 excellentiam,
934 3420 1047 3449 excellit,
1067 3421 1190 3445 excellat.

329 3456 356 3490 γ)
382 3456 412 3480 Si
434 3456 503 3480 enim
527 3455 677 3480 dicatur...
696 3461 748 3485 per
762 3455 886 3485 plenum,
908 3457 1028 3486 ponatur
1050 3461 1123 3487 ergo.
1141 3469 1162 3474 -
1179 3455 1220 3479 Sic
1243 3455 1331 3487 legunt

277 3499 294 3516 a
308 3492 337 3520 b,
357 3491 416 3515 edit.
436 3491 526 3515 Venet.
548 3489 611 3520 1545
628 3495 653 3514 et
671 3489 771 3514 codices
791 3496 844 3514 exc.
858 3490 891 3518 F;
910 3490 929 3513 P
949 3489 1138 3521 interpolando:
1158 3489 1188 3513 Si
1206 3490 1274 3514 enim
1289 3490 1330 3514 di-

277 3529 399 3552 catur...
415 3532 465 3557 per
479 3526 596 3557 plenum,
616 3527 761 3556 sequuntur
779 3525 862 3548 multa
877 3523 1101 3553 inconvenientias
1115 3527 1235 3555 ponatur
1252 3531 1316 3556 ergo
1322 3531 1331 3552 ,⁰

278 3562 370 3586 eodem
389 3561 467 3585 modo
486 3560 555 3584 addit
573 3560 605 3583 F:
625 3562 766 3591 sequentur
788 3559 867 3590 plura
887 3559 1109 3587 inconvenientia,-
1128 3559 1174 3582 sed
1193 3566 1244 3582 non
1262 3566 1329 3591 opus

279 3601 319 3621 est
343 3596 436 3620 addere
462 3595 524 3619 haec
550 3594 643 3624 verba,
669 3601 735 3626 quae
760 3601 819 3618 cum
837 3594 961 3626 particula
979 3600 1042 3626 ergo
1062 3600 1114 3617 non
1138 3593 1172 3617 ita
1196 3593 1262 3617 bene
1286 3601 1330 3618 co-

279 3630 391 3655 haerent.

422 3683 490 3714 Opp.
510 3682 540 3706 D.
555 3681 667 3706 ΤΗΟΜΛΕ
686 3681 717 3705 Τ.
733 3681 752 3705 ΙΙ

1372 397 1436 445 qui
1456 406 1510 435 est
1536 411 1605 447 per
1631 412 1798 436 vacuum
1828 402 2066 438 transcendet
2093 413 2250 437 omnem
2268 413 2427 450 propor-

1371 450 1515 487 tionem
1549 451 1686 488 datam.

1426 503 1461 538 6.
1491 503 1637 540 Deinde
1660 517 1746 540 cum
1767 505 1873 541 dicit:
1903 506 1958 542 Sit
1974 506 2072 542 enim
2100 507 2138 542 Z
2154 517 2316 542 vacuum
2341 513 2427 553 etc.,

1374 554 1461 602 quia
1479 556 1710 603 praedictam
1727 558 1746 578 ’³'
1763 557 2045 594 conclusionem
2061 558 2250 594 ostensive
2267 570 2311 593 ex
2330 557 2429 606 prin-

1375 606 1479 654 cipiis
1498 608 1699 655 suppositis
1715 604 1931 656 deduxerat,
1948 623 1996 646 ne
2011 622 2086 658 qua
2101 612 2121 631 '¹⁸
2138 610 2317 646 dubitatio
2334 610 2428 647 oria·
2455 615 2463 623 '

1374 666 1434 694 tur
1453 659 1498 695 de
1517 660 1707 708 principiis
1726 662 1942 708 praemissis
1960 663 1991 708 ³¹³,
2007 670 2048 698 ut
2067 662 2200 699 certior
2215 662 2260 699 sit
2277 675 2429 710 proces-

1375 723 1449 757 sus,
1470 712 1605 759 probat
1633 713 1794 750 eandem
1819 715 2099 751 conclusionem
2129 715 2351 752 deducendo
2381 715 2430 752 ad

1375 763 1617 812 impossibile.
1649 765 1688 801 Si
1708 765 1808 802 enim
1837 766 1980 803 dicatur
1998 767 2103 815 quod
2131 775 2258 803 motus
2283 767 2347 815 qui
2376 775 2430 805 est

1375 828 1444 864 per
1470 829 1648 863 vacuum,
1678 818 1791 854 habet
1819 819 1983 867 aliquam
2009 819 2296 868 proportionem
2325 821 2429 857 velo-

1378 869 1494 905 citatis
1522 870 1570 906 ad
1598 877 1746 906 motum
1784 871 1847 918 qui
1876 879 1931 908 est
1966 884 2034 919 per
2064 872 2239 920 plenum,
2268 879 2432 920 ponatur

1379 934 1466 969 ergo
1485 927 1499 948 ⁷
1519 922 1623 969 quod
1643 923 1805 970 spatium
1824 935 1990 960 vacuum
2011 924 2055 960 sit
2083 925 2125 972 Z,
2147 924 2248 972 quod
2278 924 2431 972 quidem

1378 974 1423 1009 sit
1456 974 1611 1022 aequale
1649 975 1857 1011 secundum
1895 976 2213 1023 magnitudinem,
2248 977 2367 1025 spatio
2400 978 2431 1012 B

1379 1026 1484 1073 quod
1512 1034 1568 1062 est
1585 1027 1741 1074 plenum
1761 1040 1878 1075 aqua,
1910 1036 1945 1064 et
1964 1028 2083 1077 spatio
2103 1030 2137 1065 D
2158 1029 2263 1077 quod
2283 1036 2337 1065 est
2354 1029 2432 1076 ple-

1379 1090 1471 1114 num
1492 1090 1590 1114 aere.
1613 1078 1652 1114 Si
1667 1087 1794 1115 autem
1815 1079 1923 1116 detur
1942 1081 2045 1128 quod
2064 1088 2189 1117 motus
2210 1081 2273 1129 qui
2292 1089 2347 1117 est
2366 1093 2433 1129 per

1379 1131 1426 1177 Z,
1446 1130 1585 1166 habeat
1610 1131 1774 1179 aliquam
1793 1133 2077 1180 proportionem
2102 1134 2311 1170 secundum
2329 1134 2433 1169 velo-

1381 1183 1530 1219 citatem
1562 1183 1610 1219 ad
1645 1191 1771 1219 motus
1799 1184 1862 1231 qui
1891 1192 1976 1220 sunt
1993 1197 2061 1232 per
2088 1187 2118 1221 B
2140 1193 2175 1221 et
2201 1186 2255 1232 D,
2285 1193 2433 1233 oportet

1381 1235 1505 1272 dicere
1524 1235 1628 1283 quod
1649 1243 1774 1271 motus
1802 1236 1865 1283 qui
1894 1244 1948 1272 est
1978 1249 2047 1284 per
2073 1238 2122 1284 Z,
2156 1237 2258 1285 quod
2287 1245 2342 1274 est
2367 1249 2433 1274 va-

1382 1300 1513 1334 cuum,
1549 1287 1594 1324 sit
1627 1287 1665 1324 in
1693 1288 1817 1336 aliquo
1848 1288 2093 1325 determinato
2128 1297 2317 1337 ternpore:
2347 1289 2434 1337 quia

1380 1340 1596 1378 velocitates
1639 1340 1913 1387 distinguuntur
1959 1341 2168 1377 secundum
2214 1341 2434 1389 quantitates

1381 1401 1611 1442 temporum,
1630 1400 1671 1429 ut
1690 1405 1803 1440 supra
1823 1394 1842 1414 '¹‘
1863 1393 2004 1429 dictum
2025 1401 2088 1429 est.
2111 1394 2149 1429 Si
2179 1406 2267 1441 ergo
2294 1394 2436 1430 dicatur

1383 1445 1487 1495 quod
1520 1445 1662 1482 mobile
1695 1445 1799 1494 quod
1829 1452 1883 1482 est
1909 1447 1963 1490 A,
1993 1452 2155 1482 transeat
2182 1458 2250 1494 per
2273 1446 2435 1494 spatium

1381 1511 1549 1536 vacuum
1569 1498 1675 1546 quod
1694 1506 1749 1534 est
1775 1499 1823 1544 Z,
1854 1498 1891 1534 in
1910 1498 2036 1546 aliquo
2065 1506 2254 1546 tempore3
2276 1498 2320 1534 sit
2347 1498 2436 1534 illud

1382 1559 1532 1600 tempus
1561 1552 1587 1597 I,
1617 1551 1722 1599 quod
1750 1558 1898 1599 oportet
1926 1563 2007 1588 esse
2042 1550 2166 1587 minus
2194 1563 2310 1599 quam
2343 1558 2436 1586 tem-

1382 1617 1453 1653 pus
1481 1605 1532 1650 E,
1567 1603 1605 1640 in
1638 1616 1714 1652 quo
1742 1603 1940 1652 pertransit
1976 1603 2138 1652 spatium
2166 1605 2217 1649 D,
2246 1603 2349 1652 quod
2384 1610 2438 1639 est

1382 1657 1537 1705 plenum
1566 1668 1673 1702 aere,
1713 1664 1748 1692 et
1781 1656 1833 1692 sic
1864 1657 1958 1692 haec
1987 1656 2055 1692 erit
2080 1656 2275 1705 proportio
2311 1663 2437 1692 motus

1383 1722 1451 1758 per
1477 1721 1644 1746 vacuum
1682 1708 1730 1745 ad
1767 1716 1915 1745 motum
1942 1721 2011 1757 per
2046 1710 2222 1757 plenum,
2252 1721 2350 1757 quae
2383 1715 2437 1744 est

1382 1761 1576 1811 proportio
1605 1761 1786 1809 temporis
1814 1762 1846 1797 E
1875 1761 1923 1797 ad
1951 1769 2101 1809 tempus
2130 1763 2156 1798 I.
2179 1761 2255 1797 Sed
2283 1772 2436 1797 necesse

1384 1815 1451 1851 erit
1468 1826 1612 1863 ponere
1632 1814 1735 1862 quod
1754 1814 1792 1850 in
1820 1821 1922 1850 tanto
1942 1821 2113 1862 tempore
2134 1821 2315 1862 quantum
2335 1820 2390 1849 est
2409 1814 2436 1859 Ι,

1358 1867 1524 1904 ,mobile
1552 1867 1657 1915 quod
1689 1874 1745 1903 est
1779 1868 1834 1913 A,
1864 1874 2095 1915 pertranseat
2127 1866 2320 1914 quoddam
2355 1877 2438 1913 spa-

1382 1921 1476 1957 tium
1508 1921 1665 1968 plenum
1698 1919 1879 1956 subtiliori
1916 1931 2075 1967 corpore
2104 1919 2215 1966 ipsius
2251 1920 2309 1963 D,
2343 1918 2439 1954 idest

1383 1973 1465 2022 ipso
1490 1974 1524 2009 D
1555 1970 1578 2008 ἃ.
1600 1973 1649 2008 Et
1675 1972 1750 2008 hoc
1773 1972 1928 2019 quidem
1958 1971 2155 2018 continget,
2180 1971 2210 2007 si
2229 1970 2439 2007 inveniatur

1383 2025 1536 2073 aliquod
1565 2037 1702 2073 corpus
1740 2024 1844 2073 quod
1873 2026 1892 2045 ²³²
1922 2024 2069 2061 differat
2095 2024 2134 2059 in
2166 2023 2363 2060 subtilitate
2391 2024 2437 2059 ab

1383 2091 1482 2125 aere,
1503 2090 1579 2126 quo
1601 2078 1620 2099 ⁵³
1639 2078 1851 2125 ponebatur
1878 2077 2035 2125 plenum
2054 2076 2216 2124 spatium
2235 2077 2286 2122 D,
2308 2088 2438 2112 secun-

1384 2132 1476 2168 dum
1504 2131 1606 2167 illam
1633 2129 1921 2178 proportionem
1950 2140 2065 2177 quam
2093 2129 2207 2165 habet
2229 2136 2378 2177 tempus
2406 2129 2438 2164 E

1383 2183 1432 2220 ad
1459 2190 1610 2231 tempus
1639 2184 1672 2228 I;
1700 2190 1742 2219 ut
1773 2189 1864 2230 puta
1893 2183 1912 2203 *
1941 2182 1971 2218 si
1999 2181 2142 2218 dicatur
2177 2181 2266 2217 illud
2303 2193 2439 2228 corpus

1385 2247 1466 2272 esse
1489 2235 1594 2283 ignis,
1615 2247 1692 2283 quo
1713 2242 1876 2283 ponatur
1902 2235 2059 2283 plenum
2079 2233 2241 2282 spatium
2269 2234 2314 2280 Z,
2335 2233 2440 2281 quod

1382 2288 1485 2336 prius
1512 2288 1725 2336 ponebatur
1757 2299 1924 2324 vacuum
1951 2293 1982 2323 ¹:
2012 2286 2100 2335 quia
2137 2286 2167 2322 si
2200 2298 2336 2334 corpus
2364 2297 2439 2333 quo

1382 2340 1534 2388 ponitur
1569 2341 1726 2388 plenum
1764 2339 1927 2387 spatium
1965 2340 2015 2386 Z,
2047 2346 2102 2375 est
2133 2346 2235 2375 tanto
2273 2338 2440 2375 subtilius

1385 2405 1543 2441 corpore
1564 2405 1640 2441 quo
1660 2392 1813 2440 ponitur
1830 2393 1986 2440 plenum
2006 2392 2169 2440 spatium
2188 2393 2236 2438 D,
2258 2398 2440 2439 quantum

1384 2453 1533 2494 tempus
1553 2446 1586 2481 E
1607 2445 1763 2481 excedat
1780 2452 1931 2493 tempus
1950 2445 1970 2465 '¹‘
1989 2445 2020 2491 I,
2042 2451 2218 2492 sequetur
2236 2443 2339 2491 quod
2359 2456 2440 2480 mo-

1384 2498 1457 2534 bile
1477 2498 1581 2546 quod
1610 2505 1666 2534 est
1692 2499 1743 2543 A,
1773 2497 1803 2533 si
1822 2498 1960 2534 feratur
1985 2509 2054 2545 per
2082 2498 2130 2544 Z,
2160 2496 2264 2546 quod
2285 2503 2338 2532 est
2357 2508 2440 2544 spa-

1383 2551 1478 2587 tium
1496 2551 1653 2599 plenum
1672 2550 1913 2586 subtilissimo
1934 2561 2104 2598 corpore,
2127 2556 2162 2586 et
2179 2561 2247 2597 per
2265 2550 2316 2595 D,
2337 2549 2441 2596 quod

1385 2611 1439 2640 est
1458 2603 1621 2651 spatium
1648 2603 1804 2651 plenum
1833 2615 1931 2650 aere,
1960 2602 2129 2638 transibit
2152 2614 2220 2650 per
2247 2602 2276 2638 Z
2310 2613 2330 2637 θ
2350 2612 2440 2637 con-

1383 2668 1496 2692 verso
1515 2656 1554 2692 in
1573 2655 1706 2692 maiori
1725 2655 1924 2692 velocitate
1943 2654 1982 2691 in
2000 2662 2103 2691 tanto
2123 2662 2306 2702 tempore,
2322 2665 2440 2702 quan-

1383 2716 1464 2745 tum
1494 2716 1548 2745 est
1576 2709 1590 2744 Ι
1620 2708 1644 2744 ζ.
1680 2706 1718 2744 Si
1748 2720 1835 2755 ergo
1870 2708 2014 2744 nullum
2053 2719 2188 2755 corpus
2226 2707 2271 2743 sit
2297 2706 2334 2742 in
2363 2717 2438 2753 quo

1384 2768 1439 2797 est
1466 2762 1514 2807 Z,
1545 2760 1613 2797 sed
1640 2768 1802 2809 ponatur
1830 2761 1904 2796 hoc
1938 2759 2100 2809 spatium
2137 2771 2316 2804 vacuum,
2347 2758 2440 2794 sicut

1384 2821 1420 2849 et
1446 2813 1593 2861 primo;
1627 2813 1752 2850 adhuc
1789 2812 1942 2850 debebit
1972 2812 2140 2849 velocius
2174 2810 2332 2847 moveri.
2364 2809 2440 2846 Sed

1383 2866 1457 2902 hoc
1485 2873 1540 2902 est
1577 2872 1706 2902 contra
1734 2865 1773 2902 id
1809 2865 1913 2913 quod
1949 2865 2016 2901 fuit
2053 2864 2230 2913 positum.
2259 2862 2439 2898 ’Positum

1384 2918 1485 2954 enim
1524 2925 1602 2954 erat
1638 2917 1743 2965 quod
1780 2925 1906 2954 motus
1943 2917 2065 2954 fieret‘
2084 2929 2153 2965 per
2189 2915 2350 2964 spatium
2387 2915 2438 2960 Z,

1436 3038 1461 3073 ὃ)
1481 3039 1562 3071 ipsius
1582 3039 1616 3069 D,
1632 3039 1700 3063 idest
1718 3039 1773 3070 ipso
1789 3039 1823 3062 D.
1836 3052 1855 3057 —
1869 3038 1950 3069 ipsius
1971 3038 1997 3062 D
2015 3037 2082 3062 idest
2100 3045 2151 3061 om.
2171 3037 2204 3065 P,
2228 3036 2274 3061 sed
2294 3036 2324 3060 cf.
2344 3040 2440 3060 textum

1382 3075 1547 3099 translatum:
1567 3074 1648 3106 ipsius
1671 3074 1697 3098 D
1715 3075 1738 3098 Α
1758 3073 1882 3098 transibit
1899 3073 2026 3101 subtilius,
2048 3077 2074 3096 et
2092 3072 2147 3096 Lib.
2167 3072 2176 3095 1
2196 3072 2253 3095 lect.
2267 3078 2311 3095 xm
2324 3078 2394 3094 num.
2411 3069 2440 3094 5:

1379 3110 1462 3141 plura
1480 3109 1686 3139 contrariorum,
1706 3108 1773 3133 idest
1786 3108 1937 3136 contrariis,
1951 3107 1999 3132 hoc
2017 3110 2056 3132 est
2074 3114 2151 3139 quam
2167 3106 2314 3130 contraria.
2328 3106 2368 3129 LS
2386 3112 2439 3129 om.

1383 3144 1451 3169 idest
1469 3144 1479 3168 i
1497 3151 1526 3169 so
1547 3144 1581 3168 D.

1436 3179 1457 3211 ε)
1473 3152 1588 3210 §ratium
1602 3179 1630 3207 Z,
1641 3178 1712 3210 quod
1721 3178 1800 3210 prius
1809 3178 1961 3209 ponebatur
1973 3184 2092 3202 vacuum.
2101 3190 2119 3194 -
2129 3175 2178 3199 Pro
2189 3175 2214 3198 Z
2224 3179 2341 3206 corrupte
2351 3173 2397 3198 sed
2406 3173 2438 3202 Y,

1382 3213 1524 3238 secundum
1539 3214 1579 3237 ed.
1594 3220 1611 3237 a
1625 3218 1650 3237 et
1663 3218 1710 3237 cet.
1724 3221 1775 3237 exc.
1790 3211 2043 3236 DEFGHLMNSZsI
2058 3215 2082 3234 et
2097 3210 2145 3234 OR
2158 3210 2200 3241 qui
2215 3208 2274 3233 hab.
2286 3209 2332 3232 lac.
2350 3208 2438 3239 Margo

1383 3249 1404 3272 E
1423 3249 1491 3272 addit
1508 3248 1664 3277 secundum,
1685 3248 1718 3271 ita
1736 3253 1765 3272 ut
1783 3248 1850 3278 legat
1869 3254 1926 3270 cum
1947 3247 1995 3271 Pb:
2019 3245 2135 3276 spatium
2154 3244 2188 3272 Z,
2207 3243 2348 3267 secundum
2368 3242 2438 3273 quod

1378 3283 1457 3315 prius
1471 3283 1621 3314 ponebatur
1639 3289 1760 3306 vacuum.

1435 3317 1460 3350 ζ)
1481 3318 1506 3342 in
1527 3321 1602 3342 tanto
1621 3321 1745 3348 tempore,
1760 3318 1886 3348 quantum
1901 3318 1940 3339 est
1961 3315 1979 3339 Ι.
1993 3328 2012 3332 -
2025 3314 2065 3338 Sic
2084 3311 2303 3343 CEMQTpBFG;
2321 3318 2372 3335 non
2386 3311 2437 3335 dis-

1384 3353 1496 3377 sentiunt
1514 3359 1530 3376 a
1541 3353 1555 3377 b
1575 3357 1600 3376 et
1617 3352 1670 3376 fere
1689 3359 1779 3375 omnes
1799 3350 1839 3374 alii
1855 3350 1936 3378 codd„
1951 3349 1976 3373 in
1993 3351 2067 3373 tanto
2081 3350 2196 3378 tempore
2212 3346 2238 3370 in
2257 3349 2384 3378 quantum
2399 3348 2439 3370 est

1385 3387 1410 3415 I,·
1429 3388 1464 3411 sB
1483 3395 1529 3418 pro
1548 3389 1691 3418 quantum,
1713 3388 1823 3417 quantae
1843 3384 1868 3408 in
1888 3387 1963 3408 tanto
1982 3386 2098 3413 tempore
2117 3381 2142 3405 in
2161 3383 2287 3413 quantum
2309 3381 2325 3405 Ι
2338 3387 2437 3412 exupe-

1384 3424 1428 3445 rat
1446 3422 1530 3453 ipsum
1551 3422 1577 3445 E
1588 3421 1641 3450 sG,·
1661 3421 1685 3444 in
1706 3422 1780 3444 tanto
1799 3422 1916 3449 tempore
1934 3420 2061 3449 quantum
2082 3419 2182 3447 tempus
2197 3416 2213 3439 I
2223 3415 2309 3439 minus
2320 3418 2360 3439 est
2374 3418 2439 3440 tem-

1379 3463 1447 3487 pore
1466 3456 1493 3480 E
1505 3457 1536 3484 R,·
1549 3456 1568 3480 P
1584 3461 1609 3480 et
1623 3456 1663 3479 ed.
1676 3459 1761 3478 venet.
1780 3453 1859 3483 1545:
1879 3453 1904 3476 in
1920 3455 1995 3476 tanto
2015 3455 2130 3482 tempore
2145 3451 2170 3474 in
2186 3453 2284 3482 quanto
2300 3453 2340 3474 est
2352 3450 2437 3474 minus

1384 3491 1415 3518 E,
1435 3491 1506 3522 quod
1524 3490 1623 3514 videtur
1642 3488 1832 3520 intelligendum
1851 3488 1992 3511 secundum
2007 3493 2114 3510 sensum
2133 3485 2246 3509 lectionis
2267 3485 2298 3509 R.
2312 3485 2384 3508 Patet
2402 3486 2438 3509 le·-

1383 3525 1495 3556 gendum
1515 3532 1574 3549 esse
1593 3525 1618 3548 in
1639 3527 1713 3547 tanto
1732 3526 1848 3553 tempore
1868 3524 1993 3552 quantum
2006 3523 2045 3545 est
2058 3521 2078 3548 I,
2092 3525 2148 3544 rum
2166 3519 2226 3552 quia
2242 3527 2379 3552 processus
2399 3527 2438 3544 ar-

1383 3559 1581 3591 gumentationis
1596 3558 1701 3590 requirit
1713 3557 1754 3581 hic
1769 3556 1960 3580 conclusionem
1975 3556 2057 3585 istam,
2068 3562 2161 3587 nempe
2171 3554 2240 3587 quod
2251 3556 2275 3579 A
2285 3562 2332 3587 per
2343 3561 2438 3586 corpus

1383 3594 1579 3618 subtilissimum
1593 3597 1704 3617 transcat
1718 3592 1743 3615 in
1754 3592 1845 3615 eodem
1858 3595 1975 3623 tempore
1988 3598 2016 3615 ac
2030 3598 2076 3622 per
2084 3597 2202 3618 vacuum,
2213 3594 2268 3613 tum
2283 3589 2342 3621 quia
2356 3593 2438 3613 textus

1383 3627 1459 3652 habet
1477 3626 1501 3652 ἐν
1521 3626 1636 3660 τοσούτῳ
1658 3623 1717 3651 ὅσον
1737 3622 1766 3650 τὸ
1786 3627 1818 3650 H.

2229 3683 2262 3706 24

2455 563 2465 573 ⁸
2481 563 2550 584 Num.
2565 569 2642 591 praec.

2484 615 2564 643 aliqua
2585 622 2669 638 nenvrr

2455 647 2484 662 cu

2455 673 2465 683 ⁵
2481 657 2515 694 (Ξῖ.
2531 678 2553 694 n.
2568 678 2588 693 2.

2460 1402 2471 1413 ⁸
2485 1401 2554 1423 Num.
2568 1407 2589 1429 3.

2560 1976 2575 2000 ὃ

2464 2036 2475 2047 ⁸
2489 2038 2576 2057 tantum
2590 2036 2644 2057 add.

2465 2061 2532 2083 codd.

2463 2089 2474 2099 ⁸
2489 2094 2549 2115 quae
2562 2095 2583 2109 r.

2465 2193 2476 2203 ⁸
2490 2194 2567 2219 utpote
2581 2192 2648 2213 codd.

2567 2302 2578 2318 ε

2466 2451 2477 2462 ⁸
2490 2452 2577 2497 {empus
2588 2455 2635 2471 om.
2650 2455 2664 2470 i>

2467 2483 2482 2498 a
2505 2492 2510 2498 .
