<?xml version="1.0" encoding="UTF-8"?>
<!DOCTYPE html PUBLIC "-//W3C//DTD XHTML 1.0 Transitional//EN"
    "http://www.w3.org/TR/xhtml1/DTD/xhtml1-transitional.dtd">
<html xmlns="http://www.w3.org/1999/xhtml" xml:lang="en" lang="en">
 <head>
  <title>
</title>
<meta http-equiv="Content-Type" content="text/html;charset=utf-8" />
  <meta name='ocr-system' content='tesseract 3.04.00' />
  <meta name='ocr-capabilities' content='ocr_page ocr_carea ocr_par ocr_line ocrx_word'/>
</head>
<body>
  <div class='ocr_page' id='page_1' title='image "./operaomniaiussui02thom/operaomniaiussui02thom_0432.png"; bbox 0 0 2898 3996; ppageno 0'>
   <div class='ocr_carea' id='block_1_1' title="bbox 201 499 412 551">
    <p class='ocr_par' dir='ltr' id='par_1_1' title="bbox 201 499 412 551">
     <span class='ocr_line' id='line_1_1' title="bbox 201 499 412 523; baseline 0 -4"><span class='ocrx_word' id='word_1_1' title='bbox 201 501 211 509; x_wconf 79' lang='grc'><em>·</em></span> <span class='ocrx_word' id='word_1_2' title='bbox 227 499 307 520; x_wconf 78' lang='lat' dir='ltr'><em>habuit</em></span> <span class='ocrx_word' id='word_1_3' title='bbox 319 504 412 523; x_wconf 68' lang='lat' dir='ltr'>Luoosx</span> 
     </span>
     <span class='ocr_line' id='line_1_2' title="bbox 202 525 411 551; baseline -0.005 -5"><span class='ocrx_word' id='word_1_4' title='bbox 202 531 217 546; x_wconf 89' lang='lat' dir='ltr'>a</span> <span class='ocrx_word' id='word_1_5' title='bbox 226 525 245 551; x_wconf 79' lang='lat' dir='ltr'>b,</span> <span class='ocrx_word' id='word_1_6' title='bbox 256 525 362 546; x_wconf 72' lang='lat' dir='ltr'>habuerit</span> <span class='ocrx_word' id='word_1_7' title='bbox 369 528 411 546; x_wconf 82' lang='lat' dir='ltr'>cet.</span> 
     </span>
    </p>
   </div>
   <div class='ocr_carea' id='block_1_2' title="bbox 199 968 409 993">
    <p class='ocr_par' dir='ltr' id='par_1_2' title="bbox 199 968 409 993">
     <span class='ocr_line' id='line_1_3' title="bbox 199 968 409 993; baseline -0.005 -4"><span class='ocrx_word' id='word_1_8' title='bbox 199 969 209 978; x_wconf 80' lang='lat'>&#39;¹</span> <span class='ocrx_word' id='word_1_9' title='bbox 228 968 290 989; x_wconf 86' lang='lat' dir='ltr'>Lect.</span> <span class='ocrx_word' id='word_1_10' title='bbox 304 973 326 993; x_wconf 80' lang='lat' dir='ltr'>v,</span> <span class='ocrx_word' id='word_1_11' title='bbox 347 973 370 989; x_wconf 88' lang='lat' dir='ltr'>n.</span> <span class='ocrx_word' id='word_1_12' title='bbox 386 973 409 988; x_wconf 86' lang='grc' dir='ltr'>ιο</span> 
     </span>
    </p>
   </div>
   <div class='ocr_carea' id='block_1_3' title="bbox 198 1000 410 1072">
    <p class='ocr_par' dir='ltr' id='par_1_3' title="bbox 198 1000 410 1072">
     <span class='ocr_line' id='line_1_4' title="bbox 198 1000 263 1030; baseline 0 -9"><span class='ocrx_word' id='word_1_13' title='bbox 198 1000 263 1030; x_wconf 60' lang='grc' dir='ltr'>ξὸῆῆ·</span> 
     </span>
     <span class='ocr_line' id='line_1_5' title="bbox 222 1022 410 1041; baseline -0.005 0"><span class='ocrx_word' id='word_1_14' title='bbox 222 1022 257 1041; x_wconf 75' lang='lat' dir='ltr'>est</span> <span class='ocrx_word' id='word_1_15' title='bbox 279 1025 410 1041; x_wconf 56' lang='lat' dir='ltr'>neonem-sc</span> 
     </span>
     <span class='ocr_line' id='line_1_6' title="bbox 198 1050 407 1072; baseline -0.005 -5"><span class='ocrx_word' id='word_1_16' title='bbox 198 1053 238 1072; x_wconf 63' lang='grc' dir='ltr'>να,</span> <span class='ocrx_word' id='word_1_17' title='bbox 247 1052 294 1067; x_wconf 91' lang='lat' dir='ltr'>om.</span> <span class='ocrx_word' id='word_1_18' title='bbox 302 1050 345 1067; x_wconf 87' lang='lat' dir='ltr'>cet.</span> <span class='ocrx_word' id='word_1_19' title='bbox 353 1050 374 1067; x_wconf 83' lang='lat' dir='ltr'>et</span> <span class='ocrx_word' id='word_1_20' title='bbox 385 1052 407 1066; x_wconf 88' lang='lat' dir='ltr'>a.</span> 
     </span>
    </p>
   </div>
   <div class='ocr_carea' id='block_1_4' title="bbox 197 1177 359 1198">
    <p class='ocr_par' dir='ltr' id='par_1_4' title="bbox 197 1177 359 1198">
     <span class='ocr_line' id='line_1_7' title="bbox 197 1177 359 1198; baseline 0 0"><span class='ocrx_word' id='word_1_21' title='bbox 197 1180 206 1187; x_wconf 89' lang='grc'><em>·</em></span> <span class='ocrx_word' id='word_1_22' title='bbox 221 1177 309 1198; x_wconf 73' lang='lat' dir='ltr'>duabus</span> <span class='ocrx_word' id='word_1_23' title='bbox 322 1183 359 1198; x_wconf 69' lang='lat' dir='ltr'>zo.</span> 
     </span>
    </p>
   </div>
   <div class='ocr_carea' id='block_1_5' title="bbox 293 1277 308 1311">
    <p class='ocr_par' dir='ltr' id='par_1_5' title="bbox 293 1277 308 1311">
     <span class='ocr_line' id='line_1_8' title="bbox 293 1277 308 1311; baseline 0 0"><span class='ocrx_word' id='word_1_24' title='bbox 293 1277 308 1311; x_wconf 78' lang='grc' dir='ltr'>β</span> 
     </span>
    </p>
   </div>
   <div class='ocr_carea' id='block_1_6' title="bbox 196 1648 326 1670">
    <p class='ocr_par' dir='ltr' id='par_1_6' title="bbox 196 1648 326 1670">
     <span class='ocr_line' id='line_1_9' title="bbox 196 1648 326 1670; baseline -0.008 0"><span class='ocrx_word' id='word_1_25' title='bbox 196 1651 203 1658; x_wconf 93' lang='grc'>·</span> <span class='ocrx_word' id='word_1_26' title='bbox 219 1648 289 1670; x_wconf 86' lang='lat' dir='ltr'>Num.</span> <span class='ocrx_word' id='word_1_27' title='bbox 304 1654 326 1669; x_wconf 84' lang='lat'>2.</span> 
     </span>
    </p>
   </div>
   <div class='ocr_carea' id='block_1_7' title="bbox 194 2020 350 2047">
    <p class='ocr_par' dir='ltr' id='par_1_7' title="bbox 194 2020 350 2047">
     <span class='ocr_line' id='line_1_10' title="bbox 194 2020 350 2047; baseline 0 -6"><span class='ocrx_word' id='word_1_28' title='bbox 194 2022 203 2029; x_wconf 88' lang='grc'><em>·</em></span> <span class='ocrx_word' id='word_1_29' title='bbox 218 2020 286 2041; x_wconf 88' lang='lat' dir='ltr'>Num.</span> <span class='ocrx_word' id='word_1_30' title='bbox 302 2026 350 2047; x_wconf 83' lang='lat' dir='ltr'>seq.</span> 
     </span>
    </p>
   </div>
   <div class='ocr_carea' id='block_1_8' title="bbox 196 2073 322 2094">
    <p class='ocr_par' dir='ltr' id='par_1_8' title="bbox 196 2073 322 2094">
     <span class='ocr_line' id='line_1_11' title="bbox 196 2073 322 2094; baseline 0 0"><span class='ocrx_word' id='word_1_31' title='bbox 196 2075 203 2082; x_wconf 89' lang='lat'>&#39;</span> <span class='ocrx_word' id='word_1_32' title='bbox 218 2073 287 2094; x_wconf 84' lang='lat' dir='ltr'>Num.</span> <span class='ocrx_word' id='word_1_33' title='bbox 301 2078 322 2094; x_wconf 85' lang='lat'>2.</span> 
     </span>
    </p>
   </div>
   <div class='ocr_carea' id='block_1_9' title="bbox 196 2599 404 2679">
    <p class='ocr_par' dir='ltr' id='par_1_9' title="bbox 196 2599 404 2679">
     <span class='ocr_line' id='line_1_12' title="bbox 196 2599 403 2625; baseline 0.005 -6"><span class='ocrx_word' id='word_1_34' title='bbox 196 2601 204 2608; x_wconf 90' lang='grc'><em>·</em></span> <span class='ocrx_word' id='word_1_35' title='bbox 219 2599 316 2625; x_wconf 82' lang='lat' dir='ltr'>Lib.V1,</span> <span class='ocrx_word' id='word_1_36' title='bbox 325 2599 403 2624; x_wconf 79' lang='lat' dir='ltr'>leci.v.</span> 
     </span>
     <span class='ocr_line' id='line_1_13' title="bbox 199 2626 404 2653; baseline 0.005 -7"><span class='ocrx_word' id='word_1_37' title='bbox 199 2632 260 2646; x_wconf 90' lang='lat' dir='ltr'>num.</span> <span class='ocrx_word' id='word_1_38' title='bbox 271 2632 294 2646; x_wconf 81' lang='grc' dir='ltr'>ιο</span> <span class='ocrx_word' id='word_1_39' title='bbox 308 2632 359 2653; x_wconf 85' lang='lat' dir='ltr'><strong>sqq.</strong></span> <span class='ocrx_word' id='word_1_40' title='bbox 369 2626 404 2647; x_wconf 75' lang='lat' dir='ltr'>Cf.</span> 
     </span>
     <span class='ocr_line' id='line_1_14' title="bbox 198 2656 346 2679; baseline 0.007 -7"><span class='ocrx_word' id='word_1_41' title='bbox 198 2658 260 2673; x_wconf 87' lang='lat' dir='ltr'>num.</span> <span class='ocrx_word' id='word_1_42' title='bbox 272 2656 346 2679; x_wconf 81' lang='lat' dir='ltr'>praec.</span> 
     </span>
    </p>
   </div>
   <div class='ocr_carea' id='block_1_10' title="bbox 194 2757 404 2868">
    <p class='ocr_par' dir='ltr' id='par_1_10' title="bbox 196 2757 384 2809">
     <span class='ocr_line' id='line_1_15' title="bbox 196 2757 384 2786; baseline 0 -8"><span class='ocrx_word' id='word_1_43' title='bbox 196 2759 203 2766; x_wconf 89' lang='grc'><strong>”</strong></span> <span class='ocrx_word' id='word_1_44' title='bbox 219 2757 255 2786; x_wconf 55' lang='lat' dir='ltr'>{sel</span> <span class='ocrx_word' id='word_1_45' title='bbox 271 2762 384 2778; x_wconf 71' lang='lat' dir='ltr'>Acxuvxv</span> 
     </span>
     <span class='ocr_line' id='line_1_16' title="bbox 196 2786 262 2809; baseline 0.03 -2"><span class='ocrx_word' id='word_1_46' title='bbox 196 2786 262 2809; x_wconf 60' lang='lat' dir='ltr'>etz-“ta-</span> 
     </span>
    </p>

    <p class='ocr_par' dir='ltr' id='par_1_11' title="bbox 194 2814 404 2868">
     <span class='ocr_line' id='line_1_17' title="bbox 195 2814 404 2836; baseline 0 -1"><span class='ocrx_word' id='word_1_47' title='bbox 195 2816 203 2823; x_wconf 83' lang='grc'><em>·</em></span> <span class='ocrx_word' id='word_1_48' title='bbox 219 2817 241 2835; x_wconf 79' lang='lat' dir='ltr'>et</span> <span class='ocrx_word' id='word_1_49' title='bbox 264 2814 331 2836; x_wconf 85' lang='lat' dir='ltr'>codd.</span> <span class='ocrx_word' id='word_1_50' title='bbox 355 2820 404 2835; x_wconf 85' lang='lat' dir='ltr'>cxc.</span> 
     </span>
     <span class='ocr_line' id='line_1_18' title="bbox 194 2841 364 2868; baseline 0 -7"><span class='ocrx_word' id='word_1_51' title='bbox 194 2847 249 2866; x_wconf 72' lang='grc' dir='ltr'>Βκις</span> <span class='ocrx_word' id='word_1_52' title='bbox 263 2846 308 2868; x_wconf 71' lang='lat' dir='ltr'>npx</span> <span class='ocrx_word' id='word_1_53' title='bbox 323 2841 364 2862; x_wconf 77' lang='lat' dir='ltr'>lac.</span> 
     </span>
    </p>
   </div>
   <div class='ocr_carea' id='block_1_11' title="bbox 195 2919 368 2946">
    <p class='ocr_par' dir='ltr' id='par_1_12' title="bbox 195 2919 368 2946">
     <span class='ocr_line' id='line_1_19' title="bbox 195 2919 368 2946; baseline 0.006 -7"><span class='ocrx_word' id='word_1_54' title='bbox 195 2921 203 2927; x_wconf 89' lang='grc'>·</span> <span class='ocrx_word' id='word_1_55' title='bbox 218 2919 318 2946; x_wconf 64' lang='grc' dir='ltr'>εείρεαηι</span> <span class='ocrx_word' id='word_1_56' title='bbox 332 2925 368 2940; x_wconf 77' lang='lat' dir='ltr'>m.</span> 
     </span>
    </p>
   </div>
   <div class='ocr_carea' id='block_1_12' title="bbox 436 257 512 303">
    <p class='ocr_par' dir='ltr' id='par_1_13' title="bbox 436 257 512 303">
     <span class='ocr_line' id='line_1_20' title="bbox 436 257 512 303; baseline -0.013 -10"><span class='ocrx_word' id='word_1_57' title='bbox 436 257 512 303; x_wconf 81' lang='lat'>406</span> 
     </span>
    </p>
   </div>
   <div class='ocr_carea' id='block_1_13' title="bbox 428 331 1493 2958">
    <p class='ocr_par' dir='ltr' id='par_1_14' title="bbox 438 331 1493 697">
     <span class='ocr_line' id='line_1_21' title="bbox 440 331 1493 390; baseline -0.005 -18"><span class='ocrx_word' id='word_1_58' title='bbox 440 342 527 384; x_wconf 85' lang='lat' dir='ltr'>gant</span> <span class='ocrx_word' id='word_1_59' title='bbox 546 347 586 372; x_wconf 90' lang='lat' dir='ltr'>se</span> <span class='ocrx_word' id='word_1_60' title='bbox 605 334 784 382; x_wconf 90' lang='lat' dir='ltr'>invicem,</span> <span class='ocrx_word' id='word_1_61' title='bbox 806 335 836 371; x_wconf 93' lang='lat' dir='ltr'>si</span> <span class='ocrx_word' id='word_1_62' title='bbox 864 335 998 371; x_wconf 86' lang='lat' dir='ltr'>ambae</span> <span class='ocrx_word' id='word_1_63' title='bbox 1017 339 1142 381; x_wconf 88' lang='lat' dir='ltr'>partes</span> <span class='ocrx_word' id='word_1_64' title='bbox 1161 332 1326 368; x_wconf 85' lang='lat' dir='ltr'>habeant</span> <span class='ocrx_word' id='word_1_65' title='bbox 1349 331 1493 390; x_wconf 79' lang='lat' dir='ltr'>magni-</span> 
     </span>
     <span class='ocr_line' id='line_1_22' title="bbox 440 383 1492 442; baseline -0.005 -18"><span class='ocrx_word' id='word_1_66' title='bbox 440 389 625 433; x_wconf 90' lang='lat' dir='ltr'>tudinem;</span> <span class='ocrx_word' id='word_1_67' title='bbox 647 394 710 424; x_wconf 89' lang='lat' dir='ltr'>aut</span> <span class='ocrx_word' id='word_1_68' title='bbox 724 387 773 423; x_wconf 90' lang='lat' dir='ltr'>ita</span> <span class='ocrx_word' id='word_1_69' title='bbox 787 387 892 436; x_wconf 93' lang='lat' dir='ltr'>quod</span> <span class='ocrx_word' id='word_1_70' title='bbox 911 387 1025 423; x_wconf 86' lang='lat' dir='ltr'>altera</span> <span class='ocrx_word' id='word_1_71' title='bbox 1043 392 1187 421; x_wconf 87' lang='lat' dir='ltr'>tanturn</span> <span class='ocrx_word' id='word_1_72' title='bbox 1201 396 1288 442; x_wconf 81' lang='lat' dir='ltr'>pars</span> <span class='ocrx_word' id='word_1_73' title='bbox 1304 383 1492 431; x_wconf 88' lang='lat' dir='ltr'>continga-</span> 
     </span>
     <span class='ocr_line' id='line_1_23' title="bbox 439 436 1491 486; baseline -0.005 -10"><span class='ocrx_word' id='word_1_74' title='bbox 439 448 498 476; x_wconf 88' lang='lat' dir='ltr'>tur</span> <span class='ocrx_word' id='word_1_75' title='bbox 516 441 563 476; x_wconf 90' lang='lat' dir='ltr'>ab</span> <span class='ocrx_word' id='word_1_76' title='bbox 584 440 665 486; x_wconf 91' lang='lat' dir='ltr'>alia,</span> <span class='ocrx_word' id='word_1_77' title='bbox 679 447 714 475; x_wconf 93' lang='lat' dir='ltr'>et</span> <span class='ocrx_word' id='word_1_78' title='bbox 732 451 810 475; x_wconf 92' lang='lat' dir='ltr'>non</span> <span class='ocrx_word' id='word_1_79' title='bbox 826 451 845 475; x_wconf 92' lang='lat' dir='ltr'>e</span> <span class='ocrx_word' id='word_1_80' title='bbox 861 450 1058 483; x_wconf 90' lang='lat' dir='ltr'>converso,</span> <span class='ocrx_word' id='word_1_81' title='bbox 1075 437 1179 485; x_wconf 90' lang='lat' dir='ltr'>quod</span> <span class='ocrx_word' id='word_1_82' title='bbox 1199 436 1266 472; x_wconf 90' lang='lat' dir='ltr'>erit</span> <span class='ocrx_word' id='word_1_83' title='bbox 1285 436 1315 473; x_wconf 90' lang='lat' dir='ltr'>si</span> <span class='ocrx_word' id='word_1_84' title='bbox 1330 448 1491 472; x_wconf 91' lang='lat' dir='ltr'>movens</span> 
     </span>
     <span class='ocr_line' id='line_1_24' title="bbox 440 488 1492 539; baseline -0.005 -11"><span class='ocrx_word' id='word_1_85' title='bbox 440 505 517 528; x_wconf 92' lang='lat' dir='ltr'>non</span> <span class='ocrx_word' id='word_1_86' title='bbox 536 493 648 528; x_wconf 90' lang='lat' dir='ltr'>habet</span> <span class='ocrx_word' id='word_1_87' title='bbox 668 493 687 512; x_wconf 56' lang='lat'>²¹*</span> <span class='ocrx_word' id='word_1_88' title='bbox 709 491 1016 539; x_wconf 87' lang='lat' dir='ltr'><strong>magnitudinem.</strong></span> <span class='ocrx_word' id='word_1_89' title='bbox 1039 489 1155 535; x_wconf 87' lang='lat' dir='ltr'>Quod</span> <span class='ocrx_word' id='word_1_90' title='bbox 1176 488 1278 525; x_wconf 88' lang='lat' dir='ltr'>enirn</span> <span class='ocrx_word' id='word_1_91' title='bbox 1299 496 1353 524; x_wconf 89' lang='lat' dir='ltr'>est</span> <span class='ocrx_word' id='word_1_92' title='bbox 1371 488 1492 525; x_wconf 92' lang='lat' dir='ltr'>incor-</span> 
     </span>
     <span class='ocr_line' id='line_1_25' title="bbox 438 540 1491 602; baseline -0.006 -21"><span class='ocrx_word' id='word_1_93' title='bbox 438 556 609 593; x_wconf 88' lang='lat' dir='ltr'>poreum,</span> <span class='ocrx_word' id='word_1_94' title='bbox 624 551 749 602; x_wconf 77' lang='lat' dir='ltr'>potest</span> <span class='ocrx_word' id='word_1_95' title='bbox 767 544 920 592; x_wconf 91' lang='lat' dir='ltr'>quidem</span> <span class='ocrx_word' id='word_1_96' title='bbox 939 550 1091 589; x_wconf 86' lang='lat' dir='ltr'>tangere</span> <span class='ocrx_word' id='word_1_97' title='bbox 1112 552 1248 599; x_wconf 79' lang='lat' dir='ltr'>corpus</span> <span class='ocrx_word' id='word_1_98' title='bbox 1268 553 1335 577; x_wconf 89' lang='lat' dir='ltr'>sua</span> <span class='ocrx_word' id='word_1_99' title='bbox 1354 540 1491 576; x_wconf 89' lang='lat' dir='ltr'>virtute</span> 
     </span>
     <span class='ocr_line' id='line_1_26' title="bbox 439 592 1489 644; baseline -0.005 -11"><span class='ocrx_word' id='word_1_100' title='bbox 439 596 657 633; x_wconf 88' lang='lat' dir='ltr'>movendo</span> <span class='ocrx_word' id='word_1_101' title='bbox 648 608 784 644; x_wconf 80' lang='lat' dir='ltr'>ipsum,</span> <span class='ocrx_word' id='word_1_102' title='bbox 802 607 879 632; x_wconf 92' lang='lat' dir='ltr'>non</span> <span class='ocrx_word' id='word_1_103' title='bbox 895 602 1022 631; x_wconf 89' lang='lat' dir='ltr'>autem</span> <span class='ocrx_word' id='word_1_104' title='bbox 1038 592 1261 640; x_wconf 88' lang='lat' dir='ltr'>contingitur</span> <span class='ocrx_word' id='word_1_105' title='bbox 1276 605 1298 629; x_wconf 90' lang='lat' dir='ltr'>a</span> <span class='ocrx_word' id='word_1_106' title='bbox 1313 604 1489 640; x_wconf 89' lang='lat' dir='ltr'>corpore:</span> 
     </span>
     <span class='ocr_line' id='line_1_27' title="bbox 439 646 1306 697; baseline -0.004 -13"><span class='ocrx_word' id='word_1_107' title='bbox 439 650 515 685; x_wconf 93' lang='lat' dir='ltr'>duo</span> <span class='ocrx_word' id='word_1_108' title='bbox 544 656 670 684; x_wconf 89' lang='lat' dir='ltr'>autem</span> <span class='ocrx_word' id='word_1_109' title='bbox 695 660 854 697; x_wconf 90' lang='lat' dir='ltr'>corpora</span> <span class='ocrx_word' id='word_1_110' title='bbox 881 659 920 684; x_wconf 92' lang='lat' dir='ltr'>se</span> <span class='ocrx_word' id='word_1_111' title='bbox 948 646 1112 683; x_wconf 86' lang='lat' dir='ltr'>invicem</span> <span class='ocrx_word' id='word_1_112' title='bbox 1140 652 1306 692; x_wconf 87' lang='lat' dir='ltr'>tangunt.</span> 
     </span>
    </p>

    <p class='ocr_par' dir='ltr' id='par_1_15' title="bbox 431 698 1491 1850">
     <span class='ocr_line' id='line_1_28' title="bbox 490 698 1490 748; baseline -0.005 -11"><span class='ocrx_word' id='word_1_113' title='bbox 490 712 526 746; x_wconf 90' lang='lat'>4.</span> <span class='ocrx_word' id='word_1_114' title='bbox 544 700 690 738; x_wconf 88' lang='lat' dir='ltr'>Deinde</span> <span class='ocrx_word' id='word_1_115' title='bbox 707 713 793 736; x_wconf 91' lang='lat' dir='ltr'>cum</span> <span class='ocrx_word' id='word_1_116' title='bbox 810 699 912 737; x_wconf 89' lang='lat' dir='ltr'>dicit:</span> <span class='ocrx_word' id='word_1_117' title='bbox 929 700 971 735; x_wconf 86' lang='lat' dir='ltr'>Si</span> <span class='ocrx_word' id='word_1_118' title='bbox 983 699 1098 748; x_wconf 80' lang='lat' dir='ltr'>igitur</span> <span class='ocrx_word' id='word_1_119' title='bbox 1112 698 1327 734; x_wconf 85' lang='lat' dir='ltr'>continuum</span> <span class='ocrx_word' id='word_1_120' title='bbox 1342 702 1396 733; x_wconf 85' lang='lat' dir='ltr'>est</span> <span class='ocrx_word' id='word_1_121' title='bbox 1408 703 1490 743; x_wconf 89' lang='lat' dir='ltr'>etc.,</span> 
     </span>
     <span class='ocr_line' id='line_1_29' title="bbox 439 750 1491 801; baseline -0.005 -12"><span class='ocrx_word' id='word_1_122' title='bbox 439 753 599 789; x_wconf 88' lang='lat' dir='ltr'>ostendit</span> <span class='ocrx_word' id='word_1_123' title='bbox 627 765 701 801; x_wconf 89' lang='lat' dir='ltr'>qua</span> <span class='ocrx_word' id='word_1_124' title='bbox 739 753 881 789; x_wconf 86' lang='lat' dir='ltr'>ratione</span> <span class='ocrx_word' id='word_1_125' title='bbox 909 759 1030 788; x_wconf 89' lang='lat' dir='ltr'>totum</span> <span class='ocrx_word' id='word_1_126' title='bbox 1069 750 1212 787; x_wconf 86' lang='lat' dir='ltr'>dicatur</span> <span class='ocrx_word' id='word_1_127' title='bbox 1239 761 1401 786; x_wconf 89' lang='lat' dir='ltr'>movens</span> <span class='ocrx_word' id='word_1_128' title='bbox 1435 760 1491 785; x_wconf 92' lang='lat' dir='ltr'>se-</span> 
     </span>
     <span class='ocr_line' id='line_1_30' title="bbox 437 802 1490 853; baseline -0.006 -11"><span class='ocrx_word' id='word_1_129' title='bbox 437 805 573 853; x_wconf 86' lang='lat' dir='ltr'>ipsum,</span> <span class='ocrx_word' id='word_1_130' title='bbox 594 818 670 842; x_wconf 91' lang='lat' dir='ltr'>una</span> <span class='ocrx_word' id='word_1_131' title='bbox 696 812 802 853; x_wconf 89' lang='lat' dir='ltr'>parte</span> <span class='ocrx_word' id='word_1_132' title='bbox 823 811 1002 841; x_wconf 88' lang='lat' dir='ltr'>movente</span> <span class='ocrx_word' id='word_1_133' title='bbox 1022 811 1058 840; x_wconf 91' lang='lat' dir='ltr'>et</span> <span class='ocrx_word' id='word_1_134' title='bbox 1085 802 1155 839; x_wconf 89' lang='lat' dir='ltr'>alia</span> <span class='ocrx_word' id='word_1_135' title='bbox 1181 809 1295 838; x_wconf 90' lang='lat' dir='ltr'>mota.</span> <span class='ocrx_word' id='word_1_136' title='bbox 1326 802 1374 837; x_wconf 90' lang='lat' dir='ltr'>Et</span> <span class='ocrx_word' id='word_1_137' title='bbox 1402 813 1490 849; x_wconf 89' lang='lat' dir='ltr'>sup-</span> 
     </span>
     <span class='ocr_line' id='line_1_31' title="bbox 436 854 1490 906; baseline -0.005 -12"><span class='ocrx_word' id='word_1_138' title='bbox 436 869 625 906; x_wconf 86' lang='lat' dir='ltr'>ponamus</span> <span class='ocrx_word' id='word_1_139' title='bbox 660 864 840 906; x_wconf 90' lang='lat' dir='ltr'>quantum</span> <span class='ocrx_word' id='word_1_140' title='bbox 878 857 1160 905; x_wconf 71' lang='lat' dir='ltr'>adpraesens,</span> <span class='ocrx_word' id='word_1_141' title='bbox 1191 854 1294 903; x_wconf 90' lang='lat' dir='ltr'>quod</span> <span class='ocrx_word' id='word_1_142' title='bbox 1330 861 1490 902; x_wconf 88' lang='lat' dir='ltr'>utraque</span> 
     </span>
     <span class='ocr_line' id='line_1_32' title="bbox 436 907 1489 958; baseline -0.004 -12"><span class='ocrx_word' id='word_1_143' title='bbox 436 922 522 958; x_wconf 91' lang='lat' dir='ltr'>pars</span> <span class='ocrx_word' id='word_1_144' title='bbox 560 910 605 946; x_wconf 89' lang='lat' dir='ltr'>sit</span> <span class='ocrx_word' id='word_1_145' title='bbox 641 911 835 955; x_wconf 83' lang='lat' dir='ltr'>continua,</span> <span class='ocrx_word' id='word_1_146' title='bbox 863 909 959 945; x_wconf 90' lang='lat' dir='ltr'>idest</span> <span class='ocrx_word' id='word_1_147' title='bbox 986 907 1286 956; x_wconf 87' lang='lat' dir='ltr'>magnitudinem</span> <span class='ocrx_word' id='word_1_148' title='bbox 1323 907 1489 952; x_wconf 89' lang='lat' dir='ltr'>habens;</span> 
     </span>
     <span class='ocr_line' id='line_1_33' title="bbox 437 959 1491 1010; baseline -0.003 -12"><span class='ocrx_word' id='word_1_149' title='bbox 437 962 525 1010; x_wconf 87' lang='lat' dir='ltr'>quia</span> <span class='ocrx_word' id='word_1_150' title='bbox 545 963 590 998; x_wconf 92' lang='lat' dir='ltr'>de</span> <span class='ocrx_word' id='word_1_151' title='bbox 611 975 656 998; x_wconf 91' lang='lat' dir='ltr'>eo</span> <span class='ocrx_word' id='word_1_152' title='bbox 678 962 779 1010; x_wconf 90' lang='lat' dir='ltr'>quod</span> <span class='ocrx_word' id='word_1_153' title='bbox 799 969 985 1008; x_wconf 89' lang='lat' dir='ltr'>movetur,</span> <span class='ocrx_word' id='word_1_154' title='bbox 1002 960 1039 997; x_wconf 91' lang='lat' dir='ltr'>in</span> <span class='ocrx_word' id='word_1_155' title='bbox 1056 967 1160 997; x_wconf 85' lang='lat' dir='ltr'>sexto</span> <span class='ocrx_word' id='word_1_156' title='bbox 1177 961 1196 981; x_wconf 59' lang='lat'>³⁸</span> <span class='ocrx_word' id='word_1_157' title='bbox 1210 959 1416 1008; x_wconf 88' lang='lat' dir='ltr'>probatum</span> <span class='ocrx_word' id='word_1_158' title='bbox 1436 966 1491 996; x_wconf 91' lang='lat' dir='ltr'>est</span> 
     </span>
     <span class='ocr_line' id='line_1_34' title="bbox 436 1011 1490 1063; baseline -0.003 -12"><span class='ocrx_word' id='word_1_159' title='bbox 436 1015 540 1063; x_wconf 90' lang='lat' dir='ltr'>quod</span> <span class='ocrx_word' id='word_1_160' title='bbox 568 1014 646 1050; x_wconf 77' lang='lat' dir='ltr'>sit*</span> <span class='ocrx_word' id='word_1_161' title='bbox 662 1014 801 1063; x_wconf 90' lang='lat' dir='ltr'>aliquid</span> <span class='ocrx_word' id='word_1_162' title='bbox 830 1013 1065 1059; x_wconf 80' lang='lat' dir='ltr'>continuum3</span> <span class='ocrx_word' id='word_1_163' title='bbox 1097 1021 1132 1049; x_wconf 92' lang='lat' dir='ltr'>et</span> <span class='ocrx_word' id='word_1_164' title='bbox 1159 1011 1362 1060; x_wconf 89' lang='lat' dir='ltr'>accipiatur</span> <span class='ocrx_word' id='word_1_165' title='bbox 1389 1023 1490 1048; x_wconf 91' lang='lat' dir='ltr'>nunc</span> 
     </span>
     <span class='ocr_line' id='line_1_35' title="bbox 435 1065 1487 1114; baseline -0.003 -11"><span class='ocrx_word' id='word_1_166' title='bbox 435 1067 537 1103; x_wconf 87' lang='lat' dir='ltr'>idem</span> <span class='ocrx_word' id='word_1_167' title='bbox 570 1067 617 1103; x_wconf 89' lang='lat' dir='ltr'>de</span> <span class='ocrx_word' id='word_1_168' title='bbox 654 1074 854 1113; x_wconf 89' lang='lat' dir='ltr'>movente,</span> <span class='ocrx_word' id='word_1_169' title='bbox 884 1074 1087 1114; x_wconf 89' lang='lat' dir='ltr'>antequam</span> <span class='ocrx_word' id='word_1_170' title='bbox 1123 1065 1261 1102; x_wconf 90' lang='lat' dir='ltr'>veritas</span> <span class='ocrx_word' id='word_1_171' title='bbox 1296 1065 1487 1114; x_wconf 81' lang='lat' dir='ltr'>probetur.</span> 
     </span>
     <span class='ocr_line' id='line_1_36' title="bbox 437 1116 1488 1167; baseline -0.003 -11"><span class='ocrx_word' id='word_1_172' title='bbox 437 1119 518 1157; x_wconf 91' lang='lat' dir='ltr'>Hac</span> <span class='ocrx_word' id='word_1_173' title='bbox 546 1119 654 1166; x_wconf 88' lang='lat' dir='ltr'>igitur</span> <span class='ocrx_word' id='word_1_174' title='bbox 677 1119 934 1167; x_wconf 90' lang='lat' dir='ltr'>suppositione</span> <span class='ocrx_word' id='word_1_175' title='bbox 962 1119 1069 1166; x_wconf 87' lang='lat' dir='ltr'>facta,</span> <span class='ocrx_word' id='word_1_176' title='bbox 1091 1117 1161 1167; x_wconf 90' lang='lat' dir='ltr'>ipsi</span> <span class='ocrx_word' id='word_1_177' title='bbox 1180 1117 1247 1155; x_wconf 90' lang='lat' dir='ltr'>toti</span> <span class='ocrx_word' id='word_1_178' title='bbox 1275 1116 1488 1165; x_wconf 91' lang='lat' dir='ltr'>composito</span> 
     </span>
     <span class='ocr_line' id='line_1_37' title="bbox 436 1170 1488 1217; baseline -0.002 -9"><span class='ocrx_word' id='word_1_179' title='bbox 436 1183 480 1208; x_wconf 86' lang='lat' dir='ltr'>ex</span> <span class='ocrx_word' id='word_1_180' title='bbox 501 1172 650 1208; x_wconf 91' lang='lat' dir='ltr'>duobus</span> <span class='ocrx_word' id='word_1_181' title='bbox 666 1173 684 1192; x_wconf 60' lang='lat'>’⁸</span> <span class='ocrx_word' id='word_1_182' title='bbox 705 1171 772 1208; x_wconf 90' lang='lat' dir='ltr'>tria</span> <span class='ocrx_word' id='word_1_183' title='bbox 792 1171 1050 1217; x_wconf 88' lang='lat' dir='ltr'>attribuuntur,</span> <span class='ocrx_word' id='word_1_184' title='bbox 1072 1170 1211 1207; x_wconf 88' lang='lat' dir='ltr'>scilicet</span> <span class='ocrx_word' id='word_1_185' title='bbox 1229 1170 1388 1217; x_wconf 90' lang='lat' dir='ltr'>moveri,</span> <span class='ocrx_word' id='word_1_186' title='bbox 1405 1182 1488 1206; x_wconf 92' lang='lat' dir='ltr'>mo-</span> 
     </span>
     <span class='ocr_line' id='line_1_38' title="bbox 434 1223 1488 1272; baseline -0.002 -12"><span class='ocrx_word' id='word_1_187' title='bbox 434 1236 534 1270; x_wconf 89' lang='lat' dir='ltr'>vere,</span> <span class='ocrx_word' id='word_1_188' title='bbox 558 1231 593 1260; x_wconf 91' lang='lat' dir='ltr'>et</span> <span class='ocrx_word' id='word_1_189' title='bbox 620 1236 778 1261; x_wconf 91' lang='lat' dir='ltr'>movere</span> <span class='ocrx_word' id='word_1_190' title='bbox 798 1223 976 1272; x_wconf 91' lang='lat' dir='ltr'>seipsum.</span> <span class='ocrx_word' id='word_1_191' title='bbox 999 1223 1074 1260; x_wconf 92' lang='lat' dir='ltr'>Sed</span> <span class='ocrx_word' id='word_1_192' title='bbox 1102 1224 1177 1259; x_wconf 88' lang='lat' dir='ltr'>hoc</span> <span class='ocrx_word' id='word_1_193' title='bbox 1196 1223 1299 1271; x_wconf 92' lang='lat' dir='ltr'>quod</span> <span class='ocrx_word' id='word_1_194' title='bbox 1329 1230 1383 1259; x_wconf 92' lang='lat' dir='ltr'>est</span> <span class='ocrx_word' id='word_1_195' title='bbox 1406 1234 1488 1258; x_wconf 89' lang='lat' dir='ltr'>mo-</span> 
     </span>
     <span class='ocr_line' id='line_1_39' title="bbox 434 1273 1487 1325; baseline -0.002 -13"><span class='ocrx_word' id='word_1_196' title='bbox 434 1288 522 1313; x_wconf 91' lang='lat' dir='ltr'>vere</span> <span class='ocrx_word' id='word_1_197' title='bbox 539 1276 715 1325; x_wconf 91' lang='lat' dir='ltr'>seipsum,</span> <span class='ocrx_word' id='word_1_198' title='bbox 729 1276 937 1313; x_wconf 90' lang='lat' dir='ltr'>attribuitur</span> <span class='ocrx_word' id='word_1_199' title='bbox 957 1276 990 1312; x_wconf 91' lang='lat' dir='ltr'>ei</span> <span class='ocrx_word' id='word_1_200' title='bbox 1005 1289 1083 1312; x_wconf 92' lang='lat' dir='ltr'>non</span> <span class='ocrx_word' id='word_1_201' title='bbox 1100 1283 1255 1324; x_wconf 91' lang='lat' dir='ltr'>propter</span> <span class='ocrx_word' id='word_1_202' title='bbox 1272 1273 1487 1323; x_wconf 67' lang='lat' dir='ltr'>hocssquod</span> 
     </span>
     <span class='ocr_line' id='line_1_40' title="bbox 433 1327 1487 1377; baseline -0.002 -12"><span class='ocrx_word' id='word_1_203' title='bbox 433 1328 558 1377; x_wconf 91' lang='lat' dir='ltr'>aliqua</span> <span class='ocrx_word' id='word_1_204' title='bbox 585 1341 671 1377; x_wconf 89' lang='lat' dir='ltr'>pars</span> <span class='ocrx_word' id='word_1_205' title='bbox 701 1329 779 1366; x_wconf 90' lang='lat' dir='ltr'>eius</span> <span class='ocrx_word' id='word_1_206' title='bbox 807 1337 962 1366; x_wconf 87' lang='lat' dir='ltr'>moveat</span> <span class='ocrx_word' id='word_1_207' title='bbox 989 1329 1164 1377; x_wconf 83' lang='lat' dir='ltr'>seipsam,</span> <span class='ocrx_word' id='word_1_208' title='bbox 1185 1327 1252 1364; x_wconf 89' lang='lat' dir='ltr'>sed</span> <span class='ocrx_word' id='word_1_209' title='bbox 1281 1327 1406 1376; x_wconf 92' lang='lat' dir='ltr'>ipsum</span> <span class='ocrx_word' id='word_1_210' title='bbox 1431 1334 1487 1363; x_wconf 91' lang='lat' dir='ltr'>to-</span> 
     </span>
     <span class='ocr_line' id='line_1_41' title="bbox 433 1381 1485 1430; baseline -0.001 -13"><span class='ocrx_word' id='word_1_211' title='bbox 433 1388 514 1418; x_wconf 89' lang='lat' dir='ltr'>tum</span> <span class='ocrx_word' id='word_1_212' title='bbox 543 1382 709 1430; x_wconf 90' lang='lat' dir='ltr'>seipsum</span> <span class='ocrx_word' id='word_1_213' title='bbox 737 1389 884 1418; x_wconf 86' lang='lat' dir='ltr'>movet:</span> <span class='ocrx_word' id='word_1_214' title='bbox 914 1381 981 1418; x_wconf 93' lang='lat' dir='ltr'>sed</span> <span class='ocrx_word' id='word_1_215' title='bbox 1008 1382 1081 1417; x_wconf 92' lang='lat' dir='ltr'>hoc</span> <span class='ocrx_word' id='word_1_216' title='bbox 1110 1381 1214 1429; x_wconf 88' lang='lat' dir='ltr'>quod</span> <span class='ocrx_word' id='word_1_217' title='bbox 1244 1387 1300 1416; x_wconf 92' lang='lat' dir='ltr'>est</span> <span class='ocrx_word' id='word_1_218' title='bbox 1327 1392 1485 1417; x_wconf 90' lang='lat' dir='ltr'>movere</span> 
     </span>
     <span class='ocr_line' id='line_1_42' title="bbox 434 1432 1486 1481; baseline -0.001 -11"><span class='ocrx_word' id='word_1_219' title='bbox 434 1441 469 1470; x_wconf 92' lang='lat' dir='ltr'>et</span> <span class='ocrx_word' id='word_1_220' title='bbox 484 1434 642 1481; x_wconf 89' lang='lat' dir='ltr'>moveri,</span> <span class='ocrx_word' id='word_1_221' title='bbox 659 1434 866 1470; x_wconf 87' lang='lat' dir='ltr'>attribuitur</span> <span class='ocrx_word' id='word_1_222' title='bbox 879 1433 945 1470; x_wconf 92' lang='lat' dir='ltr'>toti</span> <span class='ocrx_word' id='word_1_223' title='bbox 965 1433 1107 1470; x_wconf 90' lang='lat' dir='ltr'>ratione</span> <span class='ocrx_word' id='word_1_224' title='bbox 1126 1433 1252 1481; x_wconf 91' lang='lat' dir='ltr'>partis.</span> <span class='ocrx_word' id='word_1_225' title='bbox 1273 1433 1364 1470; x_wconf 93' lang='lat' dir='ltr'>Non</span> <span class='ocrx_word' id='word_1_226' title='bbox 1385 1432 1486 1469; x_wconf 89' lang='lat' dir='ltr'>enim</span> 
     </span>
     <span class='ocr_line' id='line_1_43' title="bbox 433 1485 1488 1534; baseline 0 -12"><span class='ocrx_word' id='word_1_227' title='bbox 433 1493 553 1523; x_wconf 87' lang='lat' dir='ltr'>toturn</span> <span class='ocrx_word' id='word_1_228' title='bbox 582 1494 712 1523; x_wconf 91' lang='lat' dir='ltr'>movet</span> <span class='ocrx_word' id='word_1_229' title='bbox 739 1499 861 1534; x_wconf 90' lang='lat' dir='ltr'>neque</span> <span class='ocrx_word' id='word_1_230' title='bbox 887 1493 1007 1522; x_wconf 88' lang='lat' dir='ltr'>totum</span> <span class='ocrx_word' id='word_1_231' title='bbox 1036 1493 1229 1530; x_wconf 89' lang='lat' dir='ltr'>movetur;</span> <span class='ocrx_word' id='word_1_232' title='bbox 1260 1485 1327 1522; x_wconf 88' lang='lat' dir='ltr'>sed</span> <span class='ocrx_word' id='word_1_233' title='bbox 1355 1492 1488 1522; x_wconf 90' lang='lat' dir='ltr'>movet</span> 
     </span>
     <span class='ocr_line' id='line_1_44' title="bbox 431 1538 1486 1587; baseline -0.001 -12"><span class='ocrx_word' id='word_1_234' title='bbox 431 1551 508 1575; x_wconf 91' lang='lat' dir='ltr'>una</span> <span class='ocrx_word' id='word_1_235' title='bbox 533 1551 621 1587; x_wconf 87' lang='lat' dir='ltr'>pars</span> <span class='ocrx_word' id='word_1_236' title='bbox 650 1539 739 1586; x_wconf 89' lang='lat' dir='ltr'>eius,</span> <span class='ocrx_word' id='word_1_237' title='bbox 761 1538 898 1575; x_wconf 90' lang='lat' dir='ltr'>scilicet</span> <span class='ocrx_word' id='word_1_238' title='bbox 925 1540 970 1586; x_wconf 92' lang='lat' dir='ltr'>A,</span> <span class='ocrx_word' id='word_1_239' title='bbox 998 1538 1138 1586; x_wconf 92' lang='lat' dir='ltr'>reliqua</span> <span class='ocrx_word' id='word_1_240' title='bbox 1164 1550 1257 1575; x_wconf 90' lang='lat' dir='ltr'>vero</span> <span class='ocrx_word' id='word_1_241' title='bbox 1290 1550 1378 1587; x_wconf 90' lang='lat' dir='ltr'>pars</span> <span class='ocrx_word' id='word_1_242' title='bbox 1407 1538 1486 1574; x_wconf 89' lang='lat' dir='ltr'>eius</span> 
     </span>
     <span class='ocr_line' id='line_1_45' title="bbox 432 1590 1486 1638; baseline 0 -11"><span class='ocrx_word' id='word_1_243' title='bbox 432 1593 554 1627; x_wconf 91' lang='lat' dir='ltr'>solum</span> <span class='ocrx_word' id='word_1_244' title='bbox 582 1599 774 1638; x_wconf 91' lang='lat' dir='ltr'>movetur,</span> <span class='ocrx_word' id='word_1_245' title='bbox 805 1590 942 1627; x_wconf 91' lang='lat' dir='ltr'>scilicet</span> <span class='ocrx_word' id='word_1_246' title='bbox 969 1592 1016 1627; x_wconf 92' lang='lat' dir='ltr'>B:</span> <span class='ocrx_word' id='word_1_247' title='bbox 1046 1591 1122 1627; x_wconf 91' lang='lat' dir='ltr'>iam</span> <span class='ocrx_word' id='word_1_248' title='bbox 1160 1590 1262 1627; x_wconf 92' lang='lat' dir='ltr'>enim</span> <span class='ocrx_word' id='word_1_249' title='bbox 1290 1598 1486 1628; x_wconf 90' lang='lat' dir='ltr'>ostensum</span> 
     </span>
     <span class='ocr_line' id='line_1_46' title="bbox 433 1643 1486 1692; baseline 0 -12"><span class='ocrx_word' id='word_1_250' title='bbox 433 1652 487 1680; x_wconf 89' lang='lat' dir='ltr'>est</span> <span class='ocrx_word' id='word_1_251' title='bbox 503 1645 522 1664; x_wconf 66' lang='lat'>&#39;³‘</span> <span class='ocrx_word' id='word_1_252' title='bbox 538 1644 640 1692; x_wconf 88' lang='lat' dir='ltr'>quod</span> <span class='ocrx_word' id='word_1_253' title='bbox 668 1656 746 1680; x_wconf 90' lang='lat' dir='ltr'>non</span> <span class='ocrx_word' id='word_1_254' title='bbox 775 1650 829 1680; x_wconf 90' lang='lat' dir='ltr'>est</span> <span class='ocrx_word' id='word_1_255' title='bbox 857 1643 982 1692; x_wconf 87' lang='lat' dir='ltr'>aliqua</span> <span class='ocrx_word' id='word_1_256' title='bbox 1001 1643 1106 1680; x_wconf 89' lang='lat' dir='ltr'>tertia</span> <span class='ocrx_word' id='word_1_257' title='bbox 1124 1656 1223 1692; x_wconf 90' lang='lat' dir='ltr'>pars,</span> <span class='ocrx_word' id='word_1_258' title='bbox 1252 1651 1294 1680; x_wconf 92' lang='lat' dir='ltr'>ut</span> <span class='ocrx_word' id='word_1_259' title='bbox 1323 1644 1365 1690; x_wconf 92' lang='lat' dir='ltr'>C,</span> <span class='ocrx_word' id='word_1_260' title='bbox 1388 1655 1486 1692; x_wconf 92' lang='lat' dir='ltr'>quae</span> 
     </span>
     <span class='ocr_line' id='line_1_47' title="bbox 431 1696 1485 1744; baseline 0.001 -12"><span class='ocrx_word' id='word_1_261' title='bbox 431 1704 629 1733; x_wconf 89' lang='lat' dir='ltr'>moveatur</span> <span class='ocrx_word' id='word_1_262' title='bbox 657 1697 703 1733; x_wconf 91' lang='lat' dir='ltr'>ab</span> <span class='ocrx_word' id='word_1_263' title='bbox 732 1696 814 1744; x_wconf 91' lang='lat' dir='ltr'>ipso</span> <span class='ocrx_word' id='word_1_264' title='bbox 844 1697 886 1732; x_wconf 92' lang='lat' dir='ltr'>B.</span> <span class='ocrx_word' id='word_1_265' title='bbox 915 1696 1150 1744; x_wconf 87' lang='lat' dir='ltr'>Impossibile</span> <span class='ocrx_word' id='word_1_266' title='bbox 1181 1704 1235 1733; x_wconf 90' lang='lat' dir='ltr'>est</span> <span class='ocrx_word' id='word_1_267' title='bbox 1264 1696 1366 1733; x_wconf 90' lang='lat' dir='ltr'>enim</span> <span class='ocrx_word' id='word_1_268' title='bbox 1393 1697 1485 1743; x_wconf 89' lang='lat' dir='ltr'>hoc,</span> 
     </span>
     <span class='ocr_line' id='line_1_48' title="bbox 431 1748 1487 1798; baseline -0.001 -12"><span class='ocrx_word' id='word_1_269' title='bbox 431 1749 461 1786; x_wconf 90' lang='lat' dir='ltr'>si</span> <span class='ocrx_word' id='word_1_270' title='bbox 490 1749 690 1797; x_wconf 90' lang='lat' dir='ltr'>accipiatur</span> <span class='ocrx_word' id='word_1_271' title='bbox 717 1748 755 1785; x_wconf 91' lang='lat' dir='ltr'>id</span> <span class='ocrx_word' id='word_1_272' title='bbox 784 1748 887 1797; x_wconf 90' lang='lat' dir='ltr'>quod</span> <span class='ocrx_word' id='word_1_273' title='bbox 915 1749 1040 1798; x_wconf 91' lang='lat' dir='ltr'>primo</span> <span class='ocrx_word' id='word_1_274' title='bbox 1065 1756 1198 1786; x_wconf 89' lang='lat' dir='ltr'>movet</span> <span class='ocrx_word' id='word_1_275' title='bbox 1225 1749 1410 1797; x_wconf 92' lang='lat' dir='ltr'>seipsum,</span> <span class='ocrx_word' id='word_1_276' title='bbox 1440 1749 1487 1785; x_wconf 92' lang='lat' dir='ltr'>si-</span> 
     </span>
     <span class='ocr_line' id='line_1_49' title="bbox 431 1808 952 1850; baseline 0 -12"><span class='ocrx_word' id='word_1_277' title='bbox 431 1808 492 1838; x_wconf 89' lang='lat' dir='ltr'>cut</span> <span class='ocrx_word' id='word_1_278' title='bbox 520 1814 632 1850; x_wconf 90' lang='lat' dir='ltr'>supra</span> <span class='ocrx_word' id='word_1_279' title='bbox 661 1809 857 1838; x_wconf 89' lang='lat' dir='ltr'>ostensum</span> <span class='ocrx_word' id='word_1_280' title='bbox 887 1809 952 1838; x_wconf 90' lang='lat' dir='ltr'>est.</span> 
     </span>
    </p>

    <p class='ocr_par' dir='ltr' id='par_1_16' title="bbox 428 1853 1487 2958">
     <span class='ocr_line' id='line_1_50' title="bbox 487 1853 1486 1891; baseline -0.001 0"><span class='ocrx_word' id='word_1_281' title='bbox 487 1855 518 1891; x_wconf 88' lang='lat'>5.</span> <span class='ocrx_word' id='word_1_282' title='bbox 539 1854 686 1891; x_wconf 88' lang='lat' dir='ltr'>Deinde</span> <span class='ocrx_word' id='word_1_283' title='bbox 716 1866 803 1890; x_wconf 92' lang='lat' dir='ltr'>cum</span> <span class='ocrx_word' id='word_1_284' title='bbox 833 1853 937 1890; x_wconf 87' lang='lat' dir='ltr'>dicit:</span> <span class='ocrx_word' id='word_1_285' title='bbox 966 1853 1247 1890; x_wconf 83' lang='lat' dir='ltr'>Dubitationem</span> <span class='ocrx_word' id='word_1_286' title='bbox 1268 1859 1392 1890; x_wconf 86' lang='lat' dir='ltr'>autem</span> <span class='ocrx_word' id='word_1_287' title='bbox 1421 1854 1486 1890; x_wconf 88' lang='lat' dir='ltr'>ha-</span> 
     </span>
     <span class='ocr_line' id='line_1_51' title="bbox 431 1906 1487 1955; baseline -0.001 -12"><span class='ocrx_word' id='word_1_288' title='bbox 431 1908 490 1943; x_wconf 85' lang='lat' dir='ltr'>bet</span> <span class='ocrx_word' id='word_1_289' title='bbox 507 1914 587 1954; x_wconf 89' lang='lat' dir='ltr'>etc.,</span> <span class='ocrx_word' id='word_1_290' title='bbox 608 1915 739 1943; x_wconf 89' lang='lat' dir='ltr'>movet</span> <span class='ocrx_word' id='word_1_291' title='bbox 757 1906 951 1955; x_wconf 89' lang='lat' dir='ltr'>quandam</span> <span class='ocrx_word' id='word_1_292' title='bbox 972 1906 1244 1943; x_wconf 87' lang='lat' dir='ltr'>dubitationem</span> <span class='ocrx_word' id='word_1_293' title='bbox 1265 1906 1362 1943; x_wconf 88' lang='lat' dir='ltr'>circa</span> <span class='ocrx_word' id='word_1_294' title='bbox 1379 1918 1487 1955; x_wconf 89' lang='lat' dir='ltr'>prae-</span> 
     </span>
     <span class='ocr_line' id='line_1_52' title="bbox 430 1958 1484 2008; baseline -0.001 -12"><span class='ocrx_word' id='word_1_295' title='bbox 430 1959 555 1996; x_wconf 85' lang='lat' dir='ltr'>missa.</span> <span class='ocrx_word' id='word_1_296' title='bbox 577 1961 624 1996; x_wconf 90' lang='lat' dir='ltr'>Et</span> <span class='ocrx_word' id='word_1_297' title='bbox 642 1959 767 2008; x_wconf 93' lang='lat' dir='ltr'>primo</span> <span class='ocrx_word' id='word_1_298' title='bbox 787 1966 919 1996; x_wconf 86' lang='lat' dir='ltr'>movet</span> <span class='ocrx_word' id='word_1_299' title='bbox 938 1971 1042 2004; x_wconf 90' lang='lat' dir='ltr'>eam;</span> <span class='ocrx_word' id='word_1_300' title='bbox 1072 1959 1241 1996; x_wconf 86' lang='lat' dir='ltr'>secundo</span> <span class='ocrx_word' id='word_1_301' title='bbox 1271 1959 1392 2006; x_wconf 89' lang='lat' dir='ltr'>solvit,</span> <span class='ocrx_word' id='word_1_302' title='bbox 1413 1958 1484 1995; x_wconf 91' lang='lat' dir='ltr'>ibi:</span> 
     </span>
     <span class='ocr_line' id='line_1_53' title="bbox 429 2012 1486 2061; baseline 0 -13"><span class='ocrx_word' id='word_1_303' title='bbox 429 2013 505 2048; x_wconf 84' lang='lat' dir='ltr'>Aut</span> <span class='ocrx_word' id='word_1_304' title='bbox 526 2014 691 2060; x_wconf 84' lang='lat' dir='ltr'>potentia</span> <span class='ocrx_word' id='word_1_305' title='bbox 710 2012 857 2061; x_wconf 84' lang='lat' dir='ltr'>quidem</span> <span class='ocrx_word' id='word_1_306' title='bbox 875 2013 893 2034; x_wconf 65' lang='lat'>’²‘</span> <span class='ocrx_word' id='word_1_307' title='bbox 910 2019 978 2048; x_wconf 86' lang='lat' dir='ltr'>etc.</span> <span class='ocrx_word' id='word_1_308' title='bbox 1000 2012 1126 2048; x_wconf 89' lang='lat' dir='ltr'>Habet</span> <span class='ocrx_word' id='word_1_309' title='bbox 1153 2019 1280 2048; x_wconf 92' lang='lat' dir='ltr'>autem</span> <span class='ocrx_word' id='word_1_310' title='bbox 1304 2012 1399 2048; x_wconf 91' lang='lat' dir='ltr'>haec</span> <span class='ocrx_word' id='word_1_311' title='bbox 1419 2012 1486 2048; x_wconf 91' lang='lat' dir='ltr'>du-</span> 
     </span>
     <span class='ocr_line' id='line_1_54' title="bbox 430 2064 1484 2113; baseline -0.001 -12"><span class='ocrx_word' id='word_1_312' title='bbox 430 2065 557 2101; x_wconf 90' lang='lat' dir='ltr'>bitatio</span> <span class='ocrx_word' id='word_1_313' title='bbox 587 2072 711 2102; x_wconf 90' lang='lat' dir='ltr'>ortum</span> <span class='ocrx_word' id='word_1_314' title='bbox 741 2077 786 2101; x_wconf 89' lang='lat' dir='ltr'>ex</span> <span class='ocrx_word' id='word_1_315' title='bbox 813 2065 887 2101; x_wconf 93' lang='lat' dir='ltr'>hoc</span> <span class='ocrx_word' id='word_1_316' title='bbox 916 2064 1020 2113; x_wconf 92' lang='lat' dir='ltr'>quod</span> <span class='ocrx_word' id='word_1_317' title='bbox 1048 2077 1162 2113; x_wconf 91' lang='lat' dir='ltr'>supra</span> <span class='ocrx_word' id='word_1_318' title='bbox 1190 2065 1209 2085; x_wconf 81' lang='lat'><strong>*</strong></span> <span class='ocrx_word' id='word_1_319' title='bbox 1234 2065 1484 2113; x_wconf 79' lang='lat' dir='ltr'>probaverat,</span> 
     </span>
     <span class='ocr_line' id='line_1_55' title="bbox 431 2117 1486 2166; baseline 0 -13"><span class='ocrx_word' id='word_1_320' title='bbox 431 2118 534 2166; x_wconf 91' lang='lat' dir='ltr'>quod</span> <span class='ocrx_word' id='word_1_321' title='bbox 560 2117 598 2154; x_wconf 90' lang='lat' dir='ltr'>in</span> <span class='ocrx_word' id='word_1_322' title='bbox 624 2118 750 2166; x_wconf 91' lang='lat' dir='ltr'>primo</span> <span class='ocrx_word' id='word_1_323' title='bbox 783 2125 964 2155; x_wconf 90' lang='lat' dir='ltr'>movente</span> <span class='ocrx_word' id='word_1_324' title='bbox 992 2117 1159 2166; x_wconf 90' lang='lat' dir='ltr'>seipsum</span> <span class='ocrx_word' id='word_1_325' title='bbox 1197 2129 1275 2153; x_wconf 88' lang='lat' dir='ltr'>non</span> <span class='ocrx_word' id='word_1_326' title='bbox 1303 2125 1388 2153; x_wconf 91' lang='lat' dir='ltr'>sunt</span> <span class='ocrx_word' id='word_1_327' title='bbox 1416 2117 1486 2153; x_wconf 89' lang='lat' dir='ltr'>nisi</span> 
     </span>
     <span class='ocr_line' id='line_1_56' title="bbox 431 2169 1485 2219; baseline 0 -13"><span class='ocrx_word' id='word_1_328' title='bbox 431 2170 526 2206; x_wconf 90' lang='lat' dir='ltr'>duae</span> <span class='ocrx_word' id='word_1_329' title='bbox 554 2178 699 2219; x_wconf 90' lang='lat' dir='ltr'>partes,</span> <span class='ocrx_word' id='word_1_330' title='bbox 733 2182 895 2218; x_wconf 92' lang='lat' dir='ltr'>quarum</span> <span class='ocrx_word' id='word_1_331' title='bbox 923 2182 1001 2207; x_wconf 87' lang='lat' dir='ltr'>una</span> <span class='ocrx_word' id='word_1_332' title='bbox 1029 2177 1161 2207; x_wconf 90' lang='lat' dir='ltr'>movet</span> <span class='ocrx_word' id='word_1_333' title='bbox 1190 2176 1225 2205; x_wconf 91' lang='lat' dir='ltr'>et</span> <span class='ocrx_word' id='word_1_334' title='bbox 1252 2169 1323 2206; x_wconf 88' lang='lat' dir='ltr'>alia</span> <span class='ocrx_word' id='word_1_335' title='bbox 1352 2181 1485 2206; x_wconf 92' lang='lat' dir='ltr'>move-</span> 
     </span>
     <span class='ocr_line' id='line_1_57' title="bbox 429 2222 1484 2271; baseline -0.001 -12"><span class='ocrx_word' id='word_1_336' title='bbox 429 2230 505 2269; x_wconf 89' lang='lat' dir='ltr'>tur;</span> <span class='ocrx_word' id='word_1_337' title='bbox 535 2222 622 2271; x_wconf 91' lang='lat' dir='ltr'>quia</span> <span class='ocrx_word' id='word_1_338' title='bbox 650 2223 680 2260; x_wconf 92' lang='lat' dir='ltr'>si</span> <span class='ocrx_word' id='word_1_339' title='bbox 709 2230 806 2260; x_wconf 88' lang='lat' dir='ltr'>esset</span> <span class='ocrx_word' id='word_1_340' title='bbox 832 2223 958 2270; x_wconf 89' lang='lat' dir='ltr'>tertia,</span> <span class='ocrx_word' id='word_1_341' title='bbox 987 2222 1099 2259; x_wconf 84' lang='lat' dir='ltr'>etiarn</span> <span class='ocrx_word' id='word_1_342' title='bbox 1129 2235 1173 2259; x_wconf 86' lang='lat' dir='ltr'>ea</span> <span class='ocrx_word' id='word_1_343' title='bbox 1206 2229 1353 2259; x_wconf 88' lang='lat' dir='ltr'>remota</span> <span class='ocrx_word' id='word_1_344' title='bbox 1381 2234 1484 2258; x_wconf 90' lang='lat' dir='ltr'>com-</span> 
     </span>
     <span class='ocr_line' id='line_1_58' title="bbox 428 2273 1485 2324; baseline -0.002 -12"><span class='ocrx_word' id='word_1_345' title='bbox 428 2275 593 2324; x_wconf 90' lang='lat' dir='ltr'>positum</span> <span class='ocrx_word' id='word_1_346' title='bbox 623 2288 667 2312; x_wconf 86' lang='lat' dir='ltr'>ex</span> <span class='ocrx_word' id='word_1_347' title='bbox 690 2275 821 2324; x_wconf 93' lang='lat' dir='ltr'>primis</span> <span class='ocrx_word' id='word_1_348' title='bbox 839 2273 996 2312; x_wconf 71' lang='lat' dir='ltr'>&#39;duabus</span> <span class='ocrx_word' id='word_1_349' title='bbox 1016 2282 1148 2312; x_wconf 91' lang='lat' dir='ltr'>movet</span> <span class='ocrx_word' id='word_1_350' title='bbox 1175 2275 1356 2324; x_wconf 85' lang='lat' dir='ltr'>seipsum,</span> <span class='ocrx_word' id='word_1_351' title='bbox 1379 2282 1414 2311; x_wconf 89' lang='lat' dir='ltr'>et</span> <span class='ocrx_word' id='word_1_352' title='bbox 1433 2274 1485 2311; x_wconf 88' lang='lat' dir='ltr'>sic</span> 
     </span>
     <span class='ocr_line' id='line_1_59' title="bbox 429 2328 1484 2377; baseline -0.002 -12"><span class='ocrx_word' id='word_1_353' title='bbox 429 2328 552 2376; x_wconf 89' lang='lat' dir='ltr'>ipsum</span> <span class='ocrx_word' id='word_1_354' title='bbox 572 2336 627 2365; x_wconf 85' lang='lat' dir='ltr'>est</span> <span class='ocrx_word' id='word_1_355' title='bbox 652 2329 818 2377; x_wconf 90' lang='lat' dir='ltr'>primum</span> <span class='ocrx_word' id='word_1_356' title='bbox 838 2341 1000 2365; x_wconf 88' lang='lat' dir='ltr'>movens</span> <span class='ocrx_word' id='word_1_357' title='bbox 1020 2328 1199 2377; x_wconf 87' lang='lat' dir='ltr'>seipsum.</span> <span class='ocrx_word' id='word_1_358' title='bbox 1221 2329 1278 2364; x_wconf 87' lang='lat' dir='ltr'>Ex</span> <span class='ocrx_word' id='word_1_359' title='bbox 1301 2328 1376 2364; x_wconf 90' lang='lat' dir='ltr'>hoc</span> <span class='ocrx_word' id='word_1_360' title='bbox 1396 2339 1484 2375; x_wconf 86' lang='lat' dir='ltr'>ergo</span> 
     </span>
     <span class='ocr_line' id='line_1_60' title="bbox 430 2381 1485 2429; baseline 0 -12"><span class='ocrx_word' id='word_1_361' title='bbox 430 2381 595 2429; x_wconf 91' lang='lat' dir='ltr'>sequitur</span> <span class='ocrx_word' id='word_1_362' title='bbox 623 2381 802 2418; x_wconf 87' lang='lat' dir='ltr'>dubitatio</span> <span class='ocrx_word' id='word_1_363' title='bbox 831 2381 923 2418; x_wconf 90' lang='lat' dir='ltr'>talis.</span> <span class='ocrx_word' id='word_1_364' title='bbox 944 2382 1140 2418; x_wconf 90' lang='lat' dir='ltr'>Ponamus</span> <span class='ocrx_word' id='word_1_365' title='bbox 1163 2381 1268 2429; x_wconf 92' lang='lat' dir='ltr'>quod</span> <span class='ocrx_word' id='word_1_366' title='bbox 1295 2393 1383 2429; x_wconf 89' lang='lat' dir='ltr'>pars</span> <span class='ocrx_word' id='word_1_367' title='bbox 1402 2392 1485 2417; x_wconf 90' lang='lat' dir='ltr'>mo-</span> 
     </span>
     <span class='ocr_line' id='line_1_61' title="bbox 429 2433 1484 2483; baseline -0.001 -13"><span class='ocrx_word' id='word_1_368' title='bbox 429 2433 550 2471; x_wconf 90' lang='lat' dir='ltr'>ventis</span> <span class='ocrx_word' id='word_1_369' title='bbox 570 2434 736 2482; x_wconf 90' lang='lat' dir='ltr'>seipsum</span> <span class='ocrx_word' id='word_1_370' title='bbox 756 2446 852 2483; x_wconf 90' lang='lat' dir='ltr'>quae</span> <span class='ocrx_word' id='word_1_371' title='bbox 883 2441 937 2470; x_wconf 91' lang='lat' dir='ltr'>est</span> <span class='ocrx_word' id='word_1_372' title='bbox 955 2446 1118 2470; x_wconf 91' lang='lat' dir='ltr'>movens</span> <span class='ocrx_word' id='word_1_373' title='bbox 1146 2433 1352 2480; x_wconf 88' lang='lat' dir='ltr'>immobile,</span> <span class='ocrx_word' id='word_1_374' title='bbox 1377 2440 1419 2469; x_wconf 91' lang='lat' dir='ltr'>ut</span> <span class='ocrx_word' id='word_1_375' title='bbox 1437 2434 1484 2480; x_wconf 90' lang='lat' dir='ltr'>A,</span> 
     </span>
     <span class='ocr_line' id='line_1_62' title="bbox 430 2485 1485 2536; baseline -0.001 -13"><span class='ocrx_word' id='word_1_376' title='bbox 430 2486 475 2523; x_wconf 93' lang='lat' dir='ltr'>sit</span> <span class='ocrx_word' id='word_1_377' title='bbox 507 2487 702 2536; x_wconf 91' lang='lat' dir='ltr'>quoddam</span> <span class='ocrx_word' id='word_1_378' title='bbox 740 2486 982 2523; x_wconf 89' lang='lat' dir='ltr'>continuum:</span> <span class='ocrx_word' id='word_1_379' title='bbox 1012 2486 1059 2523; x_wconf 91' lang='lat' dir='ltr'>de</span> <span class='ocrx_word' id='word_1_380' title='bbox 1096 2493 1200 2535; x_wconf 91' lang='lat' dir='ltr'>parte</span> <span class='ocrx_word' id='word_1_381' title='bbox 1239 2493 1367 2522; x_wconf 90' lang='lat' dir='ltr'>autern</span> <span class='ocrx_word' id='word_1_382' title='bbox 1405 2485 1485 2522; x_wconf 87' lang='lat' dir='ltr'>eius</span> 
     </span>
     <span class='ocr_line' id='line_1_63' title="bbox 430 2538 1486 2588; baseline -0.001 -12"><span class='ocrx_word' id='word_1_383' title='bbox 430 2551 526 2588; x_wconf 87' lang='lat' dir='ltr'>quae</span> <span class='ocrx_word' id='word_1_384' title='bbox 555 2547 750 2586; x_wconf 84' lang='lat' dir='ltr'>movetur,</span> <span class='ocrx_word' id='word_1_385' title='bbox 781 2539 918 2576; x_wconf 91' lang='lat' dir='ltr'>scilicet</span> <span class='ocrx_word' id='word_1_386' title='bbox 945 2540 997 2586; x_wconf 92' lang='lat' dir='ltr'>B,</span> <span class='ocrx_word' id='word_1_387' title='bbox 1027 2539 1268 2576; x_wconf 88' lang='lat' dir='ltr'>manifestum</span> <span class='ocrx_word' id='word_1_388' title='bbox 1299 2546 1354 2575; x_wconf 92' lang='lat' dir='ltr'>est</span> <span class='ocrx_word' id='word_1_389' title='bbox 1382 2538 1486 2587; x_wconf 91' lang='lat' dir='ltr'>quod</span> 
     </span>
     <span class='ocr_line' id='line_1_64' title="bbox 432 2591 1484 2641; baseline -0.001 -13"><span class='ocrx_word' id='word_1_390' title='bbox 432 2599 485 2628; x_wconf 91' lang='lat' dir='ltr'>est</span> <span class='ocrx_word' id='word_1_391' title='bbox 512 2592 649 2641; x_wconf 90' lang='lat' dir='ltr'>aliquid</span> <span class='ocrx_word' id='word_1_392' title='bbox 674 2591 906 2639; x_wconf 89' lang='lat' dir='ltr'>continuum,</span> <span class='ocrx_word' id='word_1_393' title='bbox 927 2592 1136 2629; x_wconf 91' lang='lat' dir='ltr'>secundum</span> <span class='ocrx_word' id='word_1_394' title='bbox 1155 2591 1259 2640; x_wconf 92' lang='lat' dir='ltr'>prius</span> <span class='ocrx_word' id='word_1_395' title='bbox 1274 2592 1293 2610; x_wconf 71' lang='lat'>⁴*</span> <span class='ocrx_word' id='word_1_396' title='bbox 1313 2591 1484 2639; x_wconf 92' lang='lat' dir='ltr'>probata.</span> 
     </span>
     <span class='ocr_line' id='line_1_65' title="bbox 432 2644 1484 2691; baseline -0.001 -10"><span class='ocrx_word' id='word_1_397' title='bbox 432 2645 558 2681; x_wconf 90' lang='lat' dir='ltr'>Omne</span> <span class='ocrx_word' id='word_1_398' title='bbox 586 2652 711 2682; x_wconf 90' lang='lat' dir='ltr'>autem</span> <span class='ocrx_word' id='word_1_399' title='bbox 745 2645 965 2682; x_wconf 89' lang='lat' dir='ltr'>continuum</span> <span class='ocrx_word' id='word_1_400' title='bbox 995 2652 1050 2682; x_wconf 89' lang='lat' dir='ltr'>est</span> <span class='ocrx_word' id='word_1_401' title='bbox 1078 2644 1281 2682; x_wconf 86' lang='lat' dir='ltr'>divisibile:</span> <span class='ocrx_word' id='word_1_402' title='bbox 1313 2651 1368 2680; x_wconf 89' lang='lat' dir='ltr'>est</span> <span class='ocrx_word' id='word_1_403' title='bbox 1396 2656 1484 2691; x_wconf 86' lang='lat' dir='ltr'>ergo</span> 
     </span>
     <span class='ocr_line' id='line_1_66' title="bbox 431 2696 1485 2746; baseline -0.002 -12"><span class='ocrx_word' id='word_1_404' title='bbox 431 2696 626 2744; x_wconf 89' lang='lat' dir='ltr'>dubitatio,</span> <span class='ocrx_word' id='word_1_405' title='bbox 648 2698 676 2734; x_wconf 90' lang='lat' dir='ltr'>si</span> <span class='ocrx_word' id='word_1_406' title='bbox 706 2699 893 2734; x_wconf 84' lang='lat' dir='ltr'>auferatur</span> <span class='ocrx_word' id='word_1_407' title='bbox 912 2698 1037 2746; x_wconf 89' lang='lat' dir='ltr'>aliqua</span> <span class='ocrx_word' id='word_1_408' title='bbox 1063 2710 1150 2746; x_wconf 85' lang='lat' dir='ltr'>pars</span> <span class='ocrx_word' id='word_1_409' title='bbox 1168 2709 1237 2746; x_wconf 91' lang='lat' dir='ltr'>per</span> <span class='ocrx_word' id='word_1_410' title='bbox 1259 2696 1485 2733; x_wconf 88' lang='lat' dir='ltr'>divisionem</span> 
     </span>
     <span class='ocr_line' id='line_1_67' title="bbox 432 2750 1487 2799; baseline 0 -13"><span class='ocrx_word' id='word_1_411' title='bbox 432 2750 478 2786; x_wconf 86' lang='lat' dir='ltr'>ab</span> <span class='ocrx_word' id='word_1_412' title='bbox 507 2752 540 2786; x_wconf 93' lang='lat' dir='ltr'>A</span> <span class='ocrx_word' id='word_1_413' title='bbox 569 2758 631 2787; x_wconf 89' lang='lat' dir='ltr'>aut</span> <span class='ocrx_word' id='word_1_414' title='bbox 659 2763 681 2787; x_wconf 93' lang='lat' dir='ltr'>a</span> <span class='ocrx_word' id='word_1_415' title='bbox 708 2752 751 2796; x_wconf 90' lang='lat' dir='ltr'>B,</span> <span class='ocrx_word' id='word_1_416' title='bbox 777 2758 903 2787; x_wconf 87' lang='lat' dir='ltr'>utrum</span> <span class='ocrx_word' id='word_1_417' title='bbox 921 2752 939 2772; x_wconf 76' lang='lat'>‘¹‘</span> <span class='ocrx_word' id='word_1_418' title='bbox 956 2750 1099 2799; x_wconf 88' lang='lat' dir='ltr'>reliqua</span> <span class='ocrx_word' id='word_1_419' title='bbox 1125 2762 1212 2799; x_wconf 89' lang='lat' dir='ltr'>pars</span> <span class='ocrx_word' id='word_1_420' title='bbox 1235 2756 1391 2786; x_wconf 87' lang='lat' dir='ltr'>moveat</span> <span class='ocrx_word' id='word_1_421' title='bbox 1423 2756 1487 2786; x_wconf 90' lang='lat' dir='ltr'>aut</span> 
     </span>
     <span class='ocr_line' id='line_1_68' title="bbox 432 2803 1485 2852; baseline -0.001 -13"><span class='ocrx_word' id='word_1_422' title='bbox 432 2810 640 2840; x_wconf 87' lang='lat' dir='ltr'>moveatur.</span> <span class='ocrx_word' id='word_1_423' title='bbox 671 2803 770 2850; x_wconf 88' lang='lat' dir='ltr'>Quia</span> <span class='ocrx_word' id='word_1_424' title='bbox 789 2803 819 2840; x_wconf 91' lang='lat' dir='ltr'>si</span> <span class='ocrx_word' id='word_1_425' title='bbox 838 2803 981 2851; x_wconf 91' lang='lat' dir='ltr'>reliqua</span> <span class='ocrx_word' id='word_1_426' title='bbox 999 2816 1087 2852; x_wconf 92' lang='lat' dir='ltr'>pars</span> <span class='ocrx_word' id='word_1_427' title='bbox 1112 2810 1268 2840; x_wconf 92' lang='lat' dir='ltr'>moveat</span> <span class='ocrx_word' id='word_1_428' title='bbox 1290 2810 1355 2839; x_wconf 91' lang='lat' dir='ltr'>aut</span> <span class='ocrx_word' id='word_1_429' title='bbox 1368 2803 1388 2823; x_wconf 67' lang='lat'>&#39;⁸²</span> <span class='ocrx_word' id='word_1_430' title='bbox 1402 2814 1485 2838; x_wconf 90' lang='lat' dir='ltr'>mo-</span> 
     </span>
     <span class='ocr_line' id='line_1_69' title="bbox 431 2854 1486 2905; baseline 0 -14"><span class='ocrx_word' id='word_1_431' title='bbox 431 2863 573 2902; x_wconf 90' lang='lat' dir='ltr'>veatur,</span> <span class='ocrx_word' id='word_1_432' title='bbox 603 2857 725 2893; x_wconf 89' lang='lat' dir='ltr'>adhuc</span> <span class='ocrx_word' id='word_1_433' title='bbox 753 2856 902 2893; x_wconf 92' lang='lat' dir='ltr'>residua</span> <span class='ocrx_word' id='word_1_434' title='bbox 928 2869 1015 2905; x_wconf 89' lang='lat' dir='ltr'>pars</span> <span class='ocrx_word' id='word_1_435' title='bbox 1054 2856 1099 2893; x_wconf 92' lang='lat' dir='ltr'>de</span> <span class='ocrx_word' id='word_1_436' title='bbox 1133 2856 1199 2892; x_wconf 91' lang='lat' dir='ltr'>AB</span> <span class='ocrx_word' id='word_1_437' title='bbox 1231 2854 1402 2892; x_wconf 91' lang='lat' dir='ltr'>movebit</span> <span class='ocrx_word' id='word_1_438' title='bbox 1429 2867 1486 2893; x_wconf 89' lang='lat' dir='ltr'>se—</span> 
     </span>
     <span class='ocr_line' id='line_1_70' title="bbox 430 2907 1483 2958; baseline 0 -14"><span class='ocrx_word' id='word_1_439' title='bbox 430 2907 554 2956; x_wconf 90' lang='lat' dir='ltr'>ipsum</span> <span class='ocrx_word' id='word_1_440' title='bbox 570 2909 601 2955; x_wconf 81' lang='lat'>*,</span> <span class='ocrx_word' id='word_1_441' title='bbox 623 2916 658 2945; x_wconf 92' lang='lat' dir='ltr'>et</span> <span class='ocrx_word' id='word_1_442' title='bbox 677 2908 728 2945; x_wconf 91' lang='lat' dir='ltr'>sic</span> <span class='ocrx_word' id='word_1_443' title='bbox 749 2910 822 2945; x_wconf 82' lang='lat' dir='ltr'>AB</span> <span class='ocrx_word' id='word_1_444' title='bbox 851 2921 928 2945; x_wconf 93' lang='lat' dir='ltr'>non</span> <span class='ocrx_word' id='word_1_445' title='bbox 955 2909 1078 2958; x_wconf 90' lang='lat' dir='ltr'>primo</span> <span class='ocrx_word' id='word_1_446' title='bbox 1099 2909 1281 2946; x_wconf 86' lang='lat' dir='ltr'>movebat</span> <span class='ocrx_word' id='word_1_447' title='bbox 1304 2908 1483 2956; x_wconf 89' lang='lat' dir='ltr'>seipsum.</span> 
     </span>
    </p>
   </div>
   <div class='ocr_carea' id='block_1_14' title="bbox 430 3018 1487 3369">
    <p class='ocr_par' dir='ltr' id='par_1_17' title="bbox 430 3018 1486 3194">
     <span class='ocr_line' id='line_1_71' title="bbox 484 3018 1486 3054; baseline 0.001 -10"><span class='ocrx_word' id='word_1_448' title='bbox 484 3018 509 3054; x_wconf 85' lang='grc' dir='ltr'>β)</span> <span class='ocrx_word' id='word_1_449' title='bbox 528 3020 684 3045; x_wconf 81' lang='lat' dir='ltr'>attribuitur</span> <span class='ocrx_word' id='word_1_450' title='bbox 698 3020 723 3045; x_wconf 79' lang='lat' dir='ltr'>ei</span> <span class='ocrx_word' id='word_1_451' title='bbox 741 3027 792 3045; x_wconf 85' lang='lat' dir='ltr'>non</span> <span class='ocrx_word' id='word_1_452' title='bbox 807 3024 920 3052; x_wconf 80' lang='lat' dir='ltr'>propter</span> <span class='ocrx_word' id='word_1_453' title='bbox 938 3021 1068 3046; x_wconf 87' lang='lat' dir='ltr'>hoc.—1ta</span> <span class='ocrx_word' id='word_1_454' title='bbox 1082 3021 1164 3050; x_wconf 72' lang='lat' dir='ltr'>codd..</span> <span class='ocrx_word' id='word_1_455' title='bbox 1179 3021 1274 3053; x_wconf 88' lang='lat' dir='ltr'>quibus</span> <span class='ocrx_word' id='word_1_456' title='bbox 1294 3021 1486 3045; x_wconf 80' lang='lat' dir='ltr'>adnumeranda</span> 
     </span>
     <span class='ocr_line' id='line_1_72' title="bbox 431 3055 1486 3088; baseline 0 -9"><span class='ocrx_word' id='word_1_457' title='bbox 431 3059 470 3079; x_wconf 88' lang='lat' dir='ltr'>est</span> <span class='ocrx_word' id='word_1_458' title='bbox 488 3055 527 3080; x_wconf 90' lang='lat' dir='ltr'>ed.</span> <span class='ocrx_word' id='word_1_459' title='bbox 546 3062 576 3084; x_wconf 81' lang='lat' dir='ltr'>a,</span> <span class='ocrx_word' id='word_1_460' title='bbox 597 3063 662 3087; x_wconf 80' lang='lat' dir='ltr'>quae</span> <span class='ocrx_word' id='word_1_461' title='bbox 681 3055 705 3080; x_wconf 83' lang='lat' dir='ltr'>ei</span> <span class='ocrx_word' id='word_1_462' title='bbox 723 3063 773 3080; x_wconf 85' lang='lat' dir='ltr'>non</span> <span class='ocrx_word' id='word_1_463' title='bbox 794 3056 933 3088; x_wconf 82' lang='lat' dir='ltr'>corrumpit</span> <span class='ocrx_word' id='word_1_464' title='bbox 951 3056 976 3080; x_wconf 85' lang='lat' dir='ltr'>in</span> <span class='ocrx_word' id='word_1_465' title='bbox 995 3056 1079 3086; x_wconf 85' lang='lat' dir='ltr'>enim;</span> <span class='ocrx_word' id='word_1_466' title='bbox 1098 3064 1149 3081; x_wconf 87' lang='lat' dir='ltr'>non</span> <span class='ocrx_word' id='word_1_467' title='bbox 1169 3055 1325 3081; x_wconf 79' lang='lat' dir='ltr'>attribuitur</span> <span class='ocrx_word' id='word_1_468' title='bbox 1338 3055 1363 3080; x_wconf 82' lang='lat' dir='ltr'>ei</span> <span class='ocrx_word' id='word_1_469' title='bbox 1372 3058 1486 3087; x_wconf 78' lang='lat' dir='ltr'>propter</span> 
     </span>
     <span class='ocr_line' id='line_1_73' title="bbox 430 3090 1484 3123; baseline 0.001 -9"><span class='ocrx_word' id='word_1_470' title='bbox 430 3090 478 3115; x_wconf 83' lang='lat' dir='ltr'>hoc</span> <span class='ocrx_word' id='word_1_471' title='bbox 497 3090 619 3115; x_wconf 83' lang='lat' dir='ltr'>Pb.—1bi</span> <span class='ocrx_word' id='word_1_472' title='bbox 638 3090 684 3115; x_wconf 78' lang='lat' dir='ltr'>sed</span> <span class='ocrx_word' id='word_1_473' title='bbox 703 3091 785 3122; x_wconf 82' lang='lat' dir='ltr'>ipsum</span> <span class='ocrx_word' id='word_1_474' title='bbox 808 3094 906 3119; x_wconf 82' lang='lat' dir='ltr'>totum,</span> <span class='ocrx_word' id='word_1_475' title='bbox 931 3091 1043 3122; x_wconf 78' lang='lat' dir='ltr'>seipsum</span> <span class='ocrx_word' id='word_1_476' title='bbox 1068 3094 1151 3116; x_wconf 83' lang='lat' dir='ltr'>totum</span> <span class='ocrx_word' id='word_1_477' title='bbox 1170 3090 1392 3123; x_wconf 84' lang='lat' dir='ltr'>ACIKMQVYpX</span> <span class='ocrx_word' id='word_1_478' title='bbox 1412 3096 1436 3115; x_wconf 82' lang='lat' dir='ltr'>et</span> <span class='ocrx_word' id='word_1_479' title='bbox 1455 3097 1484 3120; x_wconf 82' lang='lat' dir='ltr'>a,</span> 
     </span>
     <span class='ocr_line' id='line_1_74' title="bbox 431 3124 1484 3159; baseline 0.001 -10"><span class='ocrx_word' id='word_1_480' title='bbox 431 3128 514 3149; x_wconf 79' lang='lat' dir='ltr'>totum</span> <span class='ocrx_word' id='word_1_481' title='bbox 534 3126 563 3154; x_wconf 77' lang='lat' dir='ltr'>S,</span> <span class='ocrx_word' id='word_1_482' title='bbox 587 3126 634 3150; x_wconf 82' lang='lat' dir='ltr'>sed</span> <span class='ocrx_word' id='word_1_483' title='bbox 653 3129 736 3150; x_wconf 79' lang='lat' dir='ltr'>totum</span> <span class='ocrx_word' id='word_1_484' title='bbox 757 3124 848 3159; x_wconf 77' lang='lat' dir='ltr'>(pei-g:</span> <span class='ocrx_word' id='word_1_485' title='bbox 868 3126 938 3158; x_wconf 84' lang='lat' dir='ltr'>quod</span> <span class='ocrx_word' id='word_1_486' title='bbox 959 3126 1043 3158; x_wconf 78' lang='lat' dir='ltr'>ipsum</span> <span class='ocrx_word' id='word_1_487' title='bbox 1063 3126 1163 3158; x_wconf 79' lang='lat' dir='ltr'>movet)</span> <span class='ocrx_word' id='word_1_488' title='bbox 1183 3127 1212 3151; x_wconf 91' lang='lat' dir='ltr'>L.</span> <span class='ocrx_word' id='word_1_489' title='bbox 1226 3140 1245 3145; x_wconf 88' lang='lat'>·-</span> <span class='ocrx_word' id='word_1_490' title='bbox 1258 3126 1309 3150; x_wconf 88' lang='lat' dir='ltr'>Pro</span> <span class='ocrx_word' id='word_1_491' title='bbox 1327 3129 1354 3151; x_wconf 80' lang='lat' dir='ltr'>et</span> <span class='ocrx_word' id='word_1_492' title='bbox 1371 3125 1484 3155; x_wconf 81' lang='lat' dir='ltr'>moveri,</span> 
     </span>
     <span class='ocr_line' id='line_1_75' title="bbox 431 3160 1261 3194; baseline 0.001 -10"><span class='ocrx_word' id='word_1_493' title='bbox 431 3160 471 3184; x_wconf 78' lang='lat' dir='ltr'>vel</span> <span class='ocrx_word' id='word_1_494' title='bbox 490 3161 588 3185; x_wconf 81' lang='lat' dir='ltr'>moveri</span> <span class='ocrx_word' id='word_1_495' title='bbox 605 3161 679 3185; x_wconf 92' lang='lat' dir='ltr'>codd.</span> <span class='ocrx_word' id='word_1_496' title='bbox 699 3169 752 3186; x_wconf 88' lang='lat' dir='ltr'>exc.</span> <span class='ocrx_word' id='word_1_497' title='bbox 771 3161 950 3193; x_wconf 83' lang='lat' dir='ltr'>BEFGHNpT</span> <span class='ocrx_word' id='word_1_498' title='bbox 969 3166 994 3185; x_wconf 87' lang='lat' dir='ltr'>et</span> <span class='ocrx_word' id='word_1_499' title='bbox 1013 3161 1035 3185; x_wconf 78' lang='lat' dir='ltr'>R</span> <span class='ocrx_word' id='word_1_500' title='bbox 1054 3161 1097 3194; x_wconf 88' lang='lat' dir='ltr'>qui</span> <span class='ocrx_word' id='word_1_501' title='bbox 1115 3161 1209 3186; x_wconf 88' lang='lat' dir='ltr'>omittit</span> <span class='ocrx_word' id='word_1_502' title='bbox 1227 3164 1261 3186; x_wconf 79' lang='lat' dir='ltr'>et.</span> 
     </span>
    </p>

    <p class='ocr_par' dir='ltr' id='par_1_18' title="bbox 431 3196 1487 3369">
     <span class='ocr_line' id='line_1_76' title="bbox 483 3196 1487 3229; baseline 0 -9"><span class='ocrx_word' id='word_1_503' title='bbox 483 3196 507 3229; x_wconf 90' lang='grc' dir='ltr'>γ)</span> <span class='ocrx_word' id='word_1_504' title='bbox 529 3203 609 3228; x_wconf 79' lang='lat' dir='ltr'>neque</span> <span class='ocrx_word' id='word_1_505' title='bbox 622 3203 659 3220; x_wconf 81' lang='lat' dir='ltr'>ex</span> <span class='ocrx_word' id='word_1_506' title='bbox 672 3200 753 3228; x_wconf 82' lang='lat' dir='ltr'>parte</span> <span class='ocrx_word' id='word_1_507' title='bbox 768 3196 900 3221; x_wconf 77' lang='lat' dir='ltr'>mobilis</span> <span class='ocrx_word' id='word_1_508' title='bbox 916 3203 997 3228; x_wconf 83' lang='lat' dir='ltr'>neque</span> <span class='ocrx_word' id='word_1_509' title='bbox 1010 3203 1047 3221; x_wconf 81' lang='lat' dir='ltr'>ex</span> <span class='ocrx_word' id='word_1_510' title='bbox 1060 3200 1142 3228; x_wconf 78' lang='lat' dir='ltr'>parte</span> <span class='ocrx_word' id='word_1_511' title='bbox 1156 3196 1195 3221; x_wconf 84' lang='lat' dir='ltr'>rei</span> <span class='ocrx_word' id='word_1_512' title='bbox 1210 3196 1235 3221; x_wconf 76' lang='lat' dir='ltr'>in</span> <span class='ocrx_word' id='word_1_513' title='bbox 1249 3203 1303 3228; x_wconf 84' lang='lat' dir='ltr'>qua</span> <span class='ocrx_word' id='word_1_514' title='bbox 1316 3199 1355 3221; x_wconf 83' lang='lat' dir='ltr'>est</span> <span class='ocrx_word' id='word_1_515' title='bbox 1369 3199 1487 3221; x_wconf 81' lang='lat' dir='ltr'>motus.—</span> 
     </span>
     <span class='ocr_line' id='line_1_77' title="bbox 432 3230 1486 3263; baseline 0.001 -9"><span class='ocrx_word' id='word_1_516' title='bbox 432 3236 512 3262; x_wconf 83' lang='lat' dir='ltr'>neque</span> <span class='ocrx_word' id='word_1_517' title='bbox 530 3238 566 3255; x_wconf 80' lang='lat' dir='ltr'>ex</span> <span class='ocrx_word' id='word_1_518' title='bbox 580 3235 660 3263; x_wconf 78' lang='lat' dir='ltr'>parte</span> <span class='ocrx_word' id='word_1_519' title='bbox 679 3231 779 3256; x_wconf 80' lang='lat' dir='ltr'>mobilis</span> <span class='ocrx_word' id='word_1_520' title='bbox 797 3239 850 3255; x_wconf 92' lang='lat' dir='ltr'>om.</span> <span class='ocrx_word' id='word_1_521' title='bbox 871 3231 1059 3261; x_wconf 76' lang='lat' dir='ltr'>PAIKQSXab.</span> <span class='ocrx_word' id='word_1_522' title='bbox 1078 3232 1198 3256; x_wconf 81' lang='lat' dir='ltr'>Attamen</span> <span class='ocrx_word' id='word_1_523' title='bbox 1217 3231 1335 3255; x_wconf 89' lang='lat' dir='ltr'>videntur</span> <span class='ocrx_word' id='word_1_524' title='bbox 1354 3230 1486 3255; x_wconf 86' lang='lat' dir='ltr'>retinenda</span> 
     </span>
     <span class='ocr_line' id='line_1_78' title="bbox 431 3264 1487 3298; baseline 0.001 -9"><span class='ocrx_word' id='word_1_525' title='bbox 431 3264 493 3289; x_wconf 78' lang='lat' dir='ltr'>haec</span> <span class='ocrx_word' id='word_1_526' title='bbox 506 3266 596 3290; x_wconf 74' lang='lat' dir='ltr'>verba:</span> <span class='ocrx_word' id='word_1_527' title='bbox 616 3272 675 3290; x_wconf 76' lang='lat' dir='ltr'>sunt</span> <span class='ocrx_word' id='word_1_528' title='bbox 694 3266 761 3290; x_wconf 89' lang='lat' dir='ltr'>enim</span> <span class='ocrx_word' id='word_1_529' title='bbox 781 3266 832 3290; x_wconf 89' lang='lat' dir='ltr'>duo</span> <span class='ocrx_word' id='word_1_530' title='bbox 851 3266 966 3291; x_wconf 78' lang='lat' dir='ltr'>distincta</span> <span class='ocrx_word' id='word_1_531' title='bbox 985 3266 1078 3291; x_wconf 78' lang='lat' dir='ltr'>mobile</span> <span class='ocrx_word' id='word_1_532' title='bbox 1096 3272 1121 3291; x_wconf 90' lang='lat' dir='ltr'>et</span> <span class='ocrx_word' id='word_1_533' title='bbox 1139 3273 1181 3291; x_wconf 84' lang='lat' dir='ltr'>res</span> <span class='ocrx_word' id='word_1_534' title='bbox 1200 3266 1226 3290; x_wconf 82' lang='lat' dir='ltr'>in</span> <span class='ocrx_word' id='word_1_535' title='bbox 1246 3273 1311 3298; x_wconf 82' lang='lat' dir='ltr'>qua,</span> <span class='ocrx_word' id='word_1_536' title='bbox 1331 3273 1377 3290; x_wconf 86' lang='lat' dir='ltr'>seu</span> <span class='ocrx_word' id='word_1_537' title='bbox 1395 3272 1487 3290; x_wconf 80' lang='lat' dir='ltr'>secun-</span> 
     </span>
     <span class='ocr_line' id='line_1_79' title="bbox 433 3299 1487 3334; baseline 0.001 -10"><span class='ocrx_word' id='word_1_538' title='bbox 433 3299 494 3324; x_wconf 84' lang='lat' dir='ltr'>dum</span> <span class='ocrx_word' id='word_1_539' title='bbox 508 3308 586 3332; x_wconf 81' lang='lat' dir='ltr'>quam</span> <span class='ocrx_word' id='word_1_540' title='bbox 601 3304 639 3326; x_wconf 70' lang='lat' dir='ltr'>est</span> <span class='ocrx_word' id='word_1_541' title='bbox 655 3305 739 3326; x_wconf 77' lang='lat' dir='ltr'>motus</span> <span class='ocrx_word' id='word_1_542' title='bbox 758 3300 804 3334; x_wconf 88' lang='lat' dir='ltr'>(cf.</span> <span class='ocrx_word' id='word_1_543' title='bbox 818 3301 861 3326; x_wconf 87' lang='lat' dir='ltr'>lib.</span> <span class='ocrx_word' id='word_1_544' title='bbox 874 3302 904 3331; x_wconf 76' lang='lat' dir='ltr'>V,</span> <span class='ocrx_word' id='word_1_545' title='bbox 919 3302 975 3326; x_wconf 90' lang='lat' dir='ltr'>lect.</span> <span class='ocrx_word' id='word_1_546' title='bbox 988 3309 1022 3330; x_wconf 78' lang='lat' dir='ltr'>vx,</span> <span class='ocrx_word' id='word_1_547' title='bbox 1036 3310 1061 3326; x_wconf 91' lang='lat' dir='ltr'>n.</span> <span class='ocrx_word' id='word_1_548' title='bbox 1078 3300 1100 3330; x_wconf 82' lang='lat'>5,</span> <span class='ocrx_word' id='word_1_549' title='bbox 1114 3306 1139 3326; x_wconf 86' lang='lat' dir='ltr'>et</span> <span class='ocrx_word' id='word_1_550' title='bbox 1152 3301 1210 3325; x_wconf 79' lang='lat' dir='ltr'>alibi</span> <span class='ocrx_word' id='word_1_551' title='bbox 1224 3301 1349 3333; x_wconf 80' lang='lat' dir='ltr'>passim);</span> <span class='ocrx_word' id='word_1_552' title='bbox 1369 3305 1394 3325; x_wconf 89' lang='lat' dir='ltr'>et</span> <span class='ocrx_word' id='word_1_553' title='bbox 1409 3309 1487 3333; x_wconf 81' lang='lat' dir='ltr'>supra</span> 
     </span>
     <span class='ocr_line' id='line_1_80' title="bbox 434 3333 1486 3369; baseline 0.002 -11"><span class='ocrx_word' id='word_1_554' title='bbox 434 3333 457 3358; x_wconf 88' lang='lat' dir='ltr'>in</span> <span class='ocrx_word' id='word_1_555' title='bbox 477 3335 533 3359; x_wconf 88' lang='lat' dir='ltr'>loco</span> <span class='ocrx_word' id='word_1_556' title='bbox 552 3336 583 3360; x_wconf 81' lang='lat' dir='ltr'>ad</span> <span class='ocrx_word' id='word_1_557' title='bbox 603 3344 680 3368; x_wconf 87' lang='lat' dir='ltr'>quem</span> <span class='ocrx_word' id='word_1_558' title='bbox 700 3335 803 3361; x_wconf 77' lang='lat' dir='ltr'>remittit</span> <span class='ocrx_word' id='word_1_559' title='bbox 822 3344 842 3361; x_wconf 87' lang='lat' dir='ltr'>s.</span> <span class='ocrx_word' id='word_1_560' title='bbox 856 3335 919 3366; x_wconf 89' lang='lat' dir='ltr'>Th.‚</span> <span class='ocrx_word' id='word_1_561' title='bbox 940 3344 991 3361; x_wconf 87' lang='lat' dir='ltr'>non</span> <span class='ocrx_word' id='word_1_562' title='bbox 1010 3336 1062 3361; x_wconf 79' lang='lat' dir='ltr'>dari</span> <span class='ocrx_word' id='word_1_563' title='bbox 1082 3336 1194 3369; x_wconf 90' lang='lat' dir='ltr'>primum</span> <span class='ocrx_word' id='word_1_564' title='bbox 1213 3335 1239 3360; x_wconf 90' lang='lat' dir='ltr'>in</span> <span class='ocrx_word' id='word_1_565' title='bbox 1258 3339 1330 3360; x_wconf 86' lang='lat' dir='ltr'>motu</span> <span class='ocrx_word' id='word_1_566' title='bbox 1350 3336 1486 3368; x_wconf 82' lang='lat' dir='ltr'>probatum</span> 
     </span>
    </p>
   </div>
   <div class='ocr_carea' id='block_1_15' title="bbox 1044 251 1883 291">
    <p class='ocr_par' dir='ltr' id='par_1_19' title="bbox 1044 251 1883 291">
     <span class='ocr_line' id='line_1_81' title="bbox 1044 251 1883 291; baseline -0.006 0"><span class='ocrx_word' id='word_1_567' title='bbox 1044 254 1384 291; x_wconf 88' lang='lat' dir='ltr'>PHYSICORUM</span> <span class='ocrx_word' id='word_1_568' title='bbox 1413 251 1760 291; x_wconf 90' lang='lat' dir='ltr'>ARISTOTELIS</span> <span class='ocrx_word' id='word_1_569' title='bbox 1790 251 1883 287; x_wconf 88' lang='lat' dir='ltr'>LIB.</span> 
     </span>
    </p>
   </div>
   <div class='ocr_carea' id='block_1_16' title="bbox 1912 251 1999 287">
    <p class='ocr_par' dir='ltr' id='par_1_20' title="bbox 1912 251 1999 287">
     <span class='ocr_line' id='line_1_82' title="bbox 1912 251 1999 287; baseline -0.011 0"><span class='ocrx_word' id='word_1_570' title='bbox 1912 251 1999 287; x_wconf 87' lang='lat' dir='ltr'>VIII</span> 
     </span>
    </p>
   </div>
   <div class='ocr_carea' id='block_1_17' title="bbox 1542 329 2672 1218">
    <p class='ocr_par' dir='ltr' id='par_1_21' title="bbox 1545 329 2605 430">
     <span class='ocr_line' id='line_1_83' title="bbox 1547 329 2605 380; baseline 0.002 -14"><span class='ocrx_word' id='word_1_571' title='bbox 1547 331 1596 366; x_wconf 91' lang='lat' dir='ltr'>Et</span> <span class='ocrx_word' id='word_1_572' title='bbox 1623 329 1675 366; x_wconf 90' lang='lat' dir='ltr'>sic</span> <span class='ocrx_word' id='word_1_573' title='bbox 1704 329 1871 378; x_wconf 86' lang='lat' dir='ltr'>sequitur</span> <span class='ocrx_word' id='word_1_574' title='bbox 1891 331 1911 351; x_wconf 79' lang='grc'><em>*</em></span> <span class='ocrx_word' id='word_1_575' title='bbox 1930 329 2104 378; x_wconf 90' lang='lat' dir='ltr'>ulterius,</span> <span class='ocrx_word' id='word_1_576' title='bbox 2134 330 2239 379; x_wconf 86' lang='lat' dir='ltr'>quod</span> <span class='ocrx_word' id='word_1_577' title='bbox 2266 330 2357 368; x_wconf 88' lang='lat' dir='ltr'>nihil</span> <span class='ocrx_word' id='word_1_578' title='bbox 2386 330 2454 368; x_wconf 86' lang='lat' dir='ltr'>erit</span> <span class='ocrx_word' id='word_1_579' title='bbox 2479 330 2605 380; x_wconf 90' lang='lat' dir='ltr'>primo</span> 
     </span>
     <span class='ocr_line' id='line_1_84' title="bbox 1545 393 1914 430; baseline 0.003 -12"><span class='ocrx_word' id='word_1_580' title='bbox 1545 394 1707 420; x_wconf 90' lang='lat' dir='ltr'>movens</span> <span class='ocrx_word' id='word_1_581' title='bbox 1736 393 1914 430; x_wconf 91' lang='lat' dir='ltr'>se1psum.</span> 
     </span>
    </p>

    <p class='ocr_par' dir='ltr' id='par_1_22' title="bbox 1542 433 2607 1218">
     <span class='ocr_line' id='line_1_85' title="bbox 1600 433 2604 485; baseline 0.004 -15"><span class='ocrx_word' id='word_1_582' title='bbox 1600 435 1635 471; x_wconf 87' lang='lat'>6.</span> <span class='ocrx_word' id='word_1_583' title='bbox 1656 434 1804 471; x_wconf 89' lang='lat' dir='ltr'>Deinde</span> <span class='ocrx_word' id='word_1_584' title='bbox 1825 447 1913 471; x_wconf 93' lang='lat' dir='ltr'>cum</span> <span class='ocrx_word' id='word_1_585' title='bbox 1943 433 2046 470; x_wconf 86' lang='lat' dir='ltr'>dicit:</span> <span class='ocrx_word' id='word_1_586' title='bbox 2065 434 2144 471; x_wconf 83' lang='lat' dir='ltr'>Aut</span> <span class='ocrx_word' id='word_1_587' title='bbox 2162 435 2330 483; x_wconf 82' lang='lat' dir='ltr'>potentia</span> <span class='ocrx_word' id='word_1_588' title='bbox 2353 436 2501 484; x_wconf 84' lang='lat' dir='ltr'>quidem</span> <span class='ocrx_word' id='word_1_589' title='bbox 2521 444 2604 485; x_wconf 91' lang='lat' dir='ltr'>etc.,</span> 
     </span>
     <span class='ocr_line' id='line_1_86' title="bbox 1546 486 2606 535; baseline 0.004 -12"><span class='ocrx_word' id='word_1_590' title='bbox 1546 486 1658 523; x_wconf 91' lang='lat' dir='ltr'>solvit</span> <span class='ocrx_word' id='word_1_591' title='bbox 1682 487 1847 535; x_wconf 85' lang='lat' dir='ltr'>positam</span> <span class='ocrx_word' id='word_1_592' title='bbox 1877 486 2162 532; x_wconf 79' lang='lat' dir='ltr'>dubitationem.</span> <span class='ocrx_word' id='word_1_593' title='bbox 2183 487 2257 524; x_wconf 94' lang='lat' dir='ltr'>Ubi</span> <span class='ocrx_word' id='word_1_594' title='bbox 2287 487 2606 527; x_wconf 87' lang='lat' dir='ltr'>considerandum</span> 
     </span>
     <span class='ocr_line' id='line_1_87' title="bbox 1547 539 2644 590; baseline 0.003 -15"><span class='ocrx_word' id='word_1_595' title='bbox 1547 546 1602 575; x_wconf 93' lang='lat' dir='ltr'>est</span> <span class='ocrx_word' id='word_1_596' title='bbox 1621 539 1723 588; x_wconf 91' lang='lat' dir='ltr'>quod</span> <span class='ocrx_word' id='word_1_597' title='bbox 1734 539 1953 576; x_wconf 90' lang='lat' dir='ltr'>Aristoteles</span> <span class='ocrx_word' id='word_1_598' title='bbox 1971 539 2075 588; x_wconf 85' lang='lat' dir='ltr'>prius</span> <span class='ocrx_word' id='word_1_599' title='bbox 2099 539 2137 576; x_wconf 91' lang='lat' dir='ltr'>in</span> <span class='ocrx_word' id='word_1_600' title='bbox 2157 541 2292 577; x_wconf 74' lang='lat' dir='ltr'>sexto*</span> <span class='ocrx_word' id='word_1_601' title='bbox 2299 541 2478 589; x_wconf 88' lang='lat' dir='ltr'>probavit</span> <span class='ocrx_word' id='word_1_602' title='bbox 2501 542 2644 590; x_wconf 86' lang='lat' dir='ltr'>quod</span> 
     </span>
     <span class='ocr_line' id='line_1_88' title="bbox 1545 590 2606 643; baseline 0.003 -15"><span class='ocrx_word' id='word_1_603' title='bbox 1545 590 1584 628; x_wconf 91' lang='lat' dir='ltr'>in</span> <span class='ocrx_word' id='word_1_604' title='bbox 1611 599 1720 628; x_wconf 90' lang='lat' dir='ltr'>motu</span> <span class='ocrx_word' id='word_1_605' title='bbox 1748 604 1826 629; x_wconf 92' lang='lat' dir='ltr'>non</span> <span class='ocrx_word' id='word_1_606' title='bbox 1847 600 1902 629; x_wconf 92' lang='lat' dir='ltr'>est</span> <span class='ocrx_word' id='word_1_607' title='bbox 1929 591 2072 639; x_wconf 90' lang='lat' dir='ltr'>aliquid</span> <span class='ocrx_word' id='word_1_608' title='bbox 2089 592 2270 641; x_wconf 88' lang='lat' dir='ltr'>primum,</span> <span class='ocrx_word' id='word_1_609' title='bbox 2291 605 2414 641; x_wconf 90' lang='lat' dir='ltr'>neque</span> <span class='ocrx_word' id='word_1_610' title='bbox 2435 605 2481 630; x_wconf 84' lang='lat' dir='ltr'>ex</span> <span class='ocrx_word' id='word_1_611' title='bbox 2498 601 2606 643; x_wconf 87' lang='lat' dir='ltr'>parte</span> 
     </span>
     <span class='ocr_line' id='line_1_89' title="bbox 1546 644 2606 694; baseline 0.003 -14"><span class='ocrx_word' id='word_1_612' title='bbox 1546 644 1696 680; x_wconf 91' lang='lat' dir='ltr'>mobilis</span> <span class='ocrx_word' id='word_1_613' title='bbox 1715 657 1839 693; x_wconf 91' lang='lat' dir='ltr'>neque</span> <span class='ocrx_word' id='word_1_614' title='bbox 1855 657 1901 682; x_wconf 85' lang='lat' dir='ltr'>ex</span> <span class='ocrx_word' id='word_1_615' title='bbox 1915 652 2020 693; x_wconf 89' lang='lat' dir='ltr'>parte</span> <span class='ocrx_word' id='word_1_616' title='bbox 2035 645 2217 693; x_wconf 89' lang='lat' dir='ltr'>temporis</span> <span class='ocrx_word' id='word_1_617' title='bbox 2233 657 2356 694; x_wconf 89' lang='lat' dir='ltr'>neque</span> <span class='ocrx_word' id='word_1_618' title='bbox 2373 658 2418 682; x_wconf 84' lang='lat' dir='ltr'>ex</span> <span class='ocrx_word' id='word_1_619' title='bbox 2431 653 2536 694; x_wconf 90' lang='lat' dir='ltr'>parte</span> <span class='ocrx_word' id='word_1_620' title='bbox 2551 646 2606 684; x_wconf 87' lang='lat' dir='ltr'>rei</span> 
     </span>
     <span class='ocr_line' id='line_1_90' title="bbox 1545 696 2605 747; baseline 0.004 -15"><span class='ocrx_word' id='word_1_621' title='bbox 1545 696 1584 732; x_wconf 92' lang='lat' dir='ltr'>in</span> <span class='ocrx_word' id='word_1_622' title='bbox 1599 708 1674 745; x_wconf 91' lang='lat' dir='ltr'>qua</span> <span class='ocrx_word' id='word_1_623' title='bbox 1690 706 1745 734; x_wconf 91' lang='lat' dir='ltr'>est</span> <span class='ocrx_word' id='word_1_624' title='bbox 1759 705 1886 734; x_wconf 90' lang='lat' dir='ltr'>motus</span> <span class='ocrx_word' id='word_1_625' title='bbox 1904 702 1930 744; x_wconf 82' lang='lat'>⁷,</span> <span class='ocrx_word' id='word_1_626' title='bbox 1941 697 2145 747; x_wconf 89' lang='lat' dir='ltr'>praecipue</span> <span class='ocrx_word' id='word_1_627' title='bbox 2165 698 2203 734; x_wconf 91' lang='lat' dir='ltr'>in</span> <span class='ocrx_word' id='word_1_628' title='bbox 2222 699 2427 746; x_wconf 86' lang='lat' dir='ltr'>augmento</span> <span class='ocrx_word' id='word_1_629' title='bbox 2445 706 2481 736; x_wconf 89' lang='lat' dir='ltr'>et</span> <span class='ocrx_word' id='word_1_630' title='bbox 2496 705 2605 737; x_wconf 86' lang='lat' dir='ltr'>motu</span> 
     </span>
     <span class='ocr_line' id='line_1_91' title="bbox 1545 748 2605 799; baseline 0.004 -15"><span class='ocrx_word' id='word_1_631' title='bbox 1545 748 1671 785; x_wconf 89' lang='lat' dir='ltr'>locali:</span> <span class='ocrx_word' id='word_1_632' title='bbox 1694 756 1730 785; x_wconf 90' lang='lat' dir='ltr'>et</span> <span class='ocrx_word' id='word_1_633' title='bbox 1746 749 1821 786; x_wconf 92' lang='lat' dir='ltr'>hoc</span> <span class='ocrx_word' id='word_1_634' title='bbox 1839 749 1939 796; x_wconf 92' lang='lat' dir='ltr'>ideo,</span> <span class='ocrx_word' id='word_1_635' title='bbox 1951 750 2040 799; x_wconf 90' lang='lat' dir='ltr'>quia</span> <span class='ocrx_word' id='word_1_636' title='bbox 2059 751 2410 799; x_wconf 81' lang='lat' dir='ltr'>tunc*loquebatur</span> <span class='ocrx_word' id='word_1_637' title='bbox 2430 751 2477 788; x_wconf 87' lang='lat' dir='ltr'>de</span> <span class='ocrx_word' id='word_1_638' title='bbox 2497 759 2605 788; x_wconf 88' lang='lat' dir='ltr'>motu</span> 
     </span>
     <span class='ocr_line' id='line_1_92' title="bbox 1545 801 2672 853; baseline 0.005 -17"><span class='ocrx_word' id='word_1_639' title='bbox 1545 801 1582 837; x_wconf 93' lang='lat' dir='ltr'>in</span> <span class='ocrx_word' id='word_1_640' title='bbox 1599 801 1805 848; x_wconf 89' lang='lat' dir='ltr'>communi,</span> <span class='ocrx_word' id='word_1_641' title='bbox 1816 809 1852 838; x_wconf 91' lang='lat' dir='ltr'>et</span> <span class='ocrx_word' id='word_1_642' title='bbox 1863 802 1910 839; x_wconf 90' lang='lat' dir='ltr'>de</span> <span class='ocrx_word' id='word_1_643' title='bbox 1921 803 2053 840; x_wconf 87' lang='lat' dir='ltr'>mobili</span> <span class='ocrx_word' id='word_1_644' title='bbox 2068 803 2280 840; x_wconf 90' lang='lat' dir='ltr'>secundum</span> <span class='ocrx_word' id='word_1_645' title='bbox 2297 804 2402 851; x_wconf 93' lang='lat' dir='ltr'>quod</span> <span class='ocrx_word' id='word_1_646' title='bbox 2418 811 2473 841; x_wconf 92' lang='lat' dir='ltr'>est</span> <span class='ocrx_word' id='word_1_647' title='bbox 2482 804 2672 853; x_wconf 66' lang='lat' dir='ltr'>quod—¹³¹²</span> 
     </span>
     <span class='ocr_line' id='line_1_93' title="bbox 1546 853 2605 905; baseline 0.005 -16"><span class='ocrx_word' id='word_1_648' title='bbox 1546 853 1635 890; x_wconf 92' lang='lat' dir='ltr'>darn</span> <span class='ocrx_word' id='word_1_649' title='bbox 1661 853 1892 901; x_wconf 87' lang='lat' dir='ltr'>continuum,</span> <span class='ocrx_word' id='word_1_650' title='bbox 1913 855 2086 893; x_wconf 92' lang='lat' dir='ltr'>nondum</span> <span class='ocrx_word' id='word_1_651' title='bbox 2111 855 2336 905; x_wconf 86' lang='lat' dir='ltr'>applicando</span> <span class='ocrx_word' id='word_1_652' title='bbox 2356 856 2405 894; x_wconf 84' lang='lat' dir='ltr'>ad</span> <span class='ocrx_word' id='word_1_653' title='bbox 2430 855 2605 894; x_wconf 90' lang='lat' dir='ltr'>determi-</span> 
     </span>
     <span class='ocr_line' id='line_1_94' title="bbox 1545 907 2605 958; baseline 0.005 -17"><span class='ocrx_word' id='word_1_654' title='bbox 1545 913 1650 942; x_wconf 90' lang='lat' dir='ltr'>natas</span> <span class='ocrx_word' id='word_1_655' title='bbox 1678 913 1842 944; x_wconf 90' lang='lat' dir='ltr'>naturas.</span> <span class='ocrx_word' id='word_1_656' title='bbox 1863 907 1912 944; x_wconf 92' lang='lat' dir='ltr'>Et</span> <span class='ocrx_word' id='word_1_657' title='bbox 1931 907 2141 945; x_wconf 90' lang='lat' dir='ltr'>secundum</span> <span class='ocrx_word' id='word_1_658' title='bbox 2163 909 2238 945; x_wconf 91' lang='lat' dir='ltr'>hoc</span> <span class='ocrx_word' id='word_1_659' title='bbox 2257 915 2478 958; x_wconf 88' lang='lat' dir='ltr'>sequeretur</span> <span class='ocrx_word' id='word_1_660' title='bbox 2499 910 2605 957; x_wconf 89' lang='lat' dir='ltr'>quod</span> 
     </span>
     <span class='ocr_line' id='line_1_95' title="bbox 1544 958 2604 1010; baseline 0.004 -16"><span class='ocrx_word' id='word_1_661' title='bbox 1544 970 1623 995; x_wconf 89' lang='lat' dir='ltr'>non</span> <span class='ocrx_word' id='word_1_662' title='bbox 1638 966 1736 995; x_wconf 90' lang='lat' dir='ltr'>esset</span> <span class='ocrx_word' id='word_1_663' title='bbox 1755 958 1896 1007; x_wconf 81' lang='lat' dir='ltr'>aliquid</span> <span class='ocrx_word' id='word_1_664' title='bbox 1909 960 2033 1009; x_wconf 90' lang='lat' dir='ltr'>primo</span> <span class='ocrx_word' id='word_1_665' title='bbox 2049 968 2211 1009; x_wconf 89' lang='lat' dir='ltr'>motum,</span> <span class='ocrx_word' id='word_1_666' title='bbox 2229 967 2264 997; x_wconf 93' lang='lat' dir='ltr'>et</span> <span class='ocrx_word' id='word_1_667' title='bbox 2276 973 2347 1010; x_wconf 88' lang='lat' dir='ltr'>per</span> <span class='ocrx_word' id='word_1_668' title='bbox 2364 973 2604 1010; x_wconf 90' lang='lat' dir='ltr'>consequens</span> 
     </span>
     <span class='ocr_line' id='line_1_96' title="bbox 1544 1010 2604 1061; baseline 0.005 -15"><span class='ocrx_word' id='word_1_669' title='bbox 1544 1023 1615 1047; x_wconf 92' lang='lat' dir='ltr'>nec</span> <span class='ocrx_word' id='word_1_670' title='bbox 1643 1010 1784 1059; x_wconf 89' lang='lat' dir='ltr'>aliquid</span> <span class='ocrx_word' id='word_1_671' title='bbox 1810 1011 1936 1061; x_wconf 88' lang='lat' dir='ltr'>primo</span> <span class='ocrx_word' id='word_1_672' title='bbox 1965 1025 2139 1060; x_wconf 86' lang='lat' dir='ltr'>movens,</span> <span class='ocrx_word' id='word_1_673' title='bbox 2165 1013 2195 1049; x_wconf 91' lang='lat' dir='ltr'>si</span> <span class='ocrx_word' id='word_1_674' title='bbox 2223 1025 2386 1060; x_wconf 81' lang='lat' dir='ltr'>movens</span> <span class='ocrx_word' id='word_1_675' title='bbox 2414 1013 2460 1050; x_wconf 91' lang='lat' dir='ltr'>sit</span> <span class='ocrx_word' id='word_1_676' title='bbox 2488 1014 2604 1051; x_wconf 89' lang='lat' dir='ltr'>conti-</span> 
     </span>
     <span class='ocr_line' id='line_1_97' title="bbox 1543 1064 2603 1114; baseline 0.005 -15"><span class='ocrx_word' id='word_1_677' title='bbox 1543 1075 1681 1100; x_wconf 89' lang='lat' dir='ltr'>nuum:</span> <span class='ocrx_word' id='word_1_678' title='bbox 1712 1071 1748 1100; x_wconf 93' lang='lat' dir='ltr'>et</span> <span class='ocrx_word' id='word_1_679' title='bbox 1766 1064 1815 1101; x_wconf 86' lang='lat' dir='ltr'>ita</span> <span class='ocrx_word' id='word_1_680' title='bbox 1835 1064 1948 1102; x_wconf 91' lang='lat' dir='ltr'>etiarn</span> <span class='ocrx_word' id='word_1_681' title='bbox 1968 1077 2046 1102; x_wconf 91' lang='lat' dir='ltr'>non</span> <span class='ocrx_word' id='word_1_682' title='bbox 2066 1072 2164 1102; x_wconf 88' lang='lat' dir='ltr'>esset</span> <span class='ocrx_word' id='word_1_683' title='bbox 2187 1065 2328 1114; x_wconf 90' lang='lat' dir='ltr'>aliquid</span> <span class='ocrx_word' id='word_1_684' title='bbox 2346 1065 2472 1114; x_wconf 91' lang='lat' dir='ltr'>primo</span> <span class='ocrx_word' id='word_1_685' title='bbox 2486 1066 2508 1087; x_wconf 66' lang='lat'>&#39;¹&#39;</span> <span class='ocrx_word' id='word_1_686' title='bbox 2520 1077 2603 1104; x_wconf 88' lang='lat' dir='ltr'>mo-</span> 
     </span>
     <span class='ocr_line' id='line_1_98' title="bbox 1542 1115 2606 1167; baseline 0.003 -15"><span class='ocrx_word' id='word_1_687' title='bbox 1542 1128 1638 1153; x_wconf 91' lang='lat' dir='ltr'>vens</span> <span class='ocrx_word' id='word_1_688' title='bbox 1666 1115 1845 1165; x_wconf 89' lang='lat' dir='ltr'>seipsum.</span> <span class='ocrx_word' id='word_1_689' title='bbox 1868 1117 1945 1154; x_wconf 92' lang='lat' dir='ltr'>Sed</span> <span class='ocrx_word' id='word_1_690' title='bbox 1964 1129 2066 1154; x_wconf 90' lang='lat' dir='ltr'>nunc</span> <span class='ocrx_word' id='word_1_691' title='bbox 2093 1117 2169 1154; x_wconf 90' lang='lat' dir='ltr'>iam</span> <span class='ocrx_word' id='word_1_692' title='bbox 2193 1118 2412 1155; x_wconf 88' lang='lat' dir='ltr'>Aristoteles</span> <span class='ocrx_word' id='word_1_693' title='bbox 2440 1118 2606 1167; x_wconf 87' lang='lat' dir='ltr'>loquitur</span> 
     </span>
     <span class='ocr_line' id='line_1_99' title="bbox 1544 1168 2606 1218; baseline 0.003 -13"><span class='ocrx_word' id='word_1_694' title='bbox 1544 1168 1590 1205; x_wconf 90' lang='lat' dir='ltr'>de</span> <span class='ocrx_word' id='word_1_695' title='bbox 1619 1176 1738 1216; x_wconf 92' lang='lat' dir='ltr'>motu,</span> <span class='ocrx_word' id='word_1_696' title='bbox 1760 1169 1985 1218; x_wconf 92' lang='lat' dir='ltr'>applicando</span> <span class='ocrx_word' id='word_1_697' title='bbox 2005 1170 2056 1207; x_wconf 88' lang='lat' dir='ltr'>ad</span> <span class='ocrx_word' id='word_1_698' title='bbox 2083 1170 2349 1207; x_wconf 88' lang='lat' dir='ltr'>determinatas</span> <span class='ocrx_word' id='word_1_699' title='bbox 2377 1178 2547 1208; x_wconf 86' lang='lat' dir='ltr'>naturas:</span> <span class='ocrx_word' id='word_1_700' title='bbox 2569 1179 2606 1209; x_wconf 87' lang='lat' dir='ltr'>et</span> 
     </span>
    </p>
   </div>
   <div class='ocr_carea' id='block_1_18' title="bbox 1528 1221 2600 1273">
    <p class='ocr_par' dir='ltr' id='par_1_23' title="bbox 1528 1221 2600 1273">
     <span class='ocr_line' id='line_1_100' title="bbox 1528 1221 2600 1273; baseline 0.005 -16"><span class='ocrx_word' id='word_1_701' title='bbox 1528 1221 1628 1273; x_wconf 20' lang='lat' dir='ltr'>*ideo</span> <span class='ocrx_word' id='word_1_702' title='bbox 1658 1221 1765 1270; x_wconf 90' lang='lat' dir='ltr'>ponit</span> <span class='ocrx_word' id='word_1_703' title='bbox 1792 1222 1932 1271; x_wconf 89' lang='lat' dir='ltr'>aliquid</span> <span class='ocrx_word' id='word_1_704' title='bbox 1961 1235 2042 1260; x_wconf 92' lang='lat' dir='ltr'>esse</span> <span class='ocrx_word' id='word_1_705' title='bbox 2070 1222 2196 1272; x_wconf 88' lang='lat' dir='ltr'>primo</span> <span class='ocrx_word' id='word_1_706' title='bbox 2229 1234 2392 1260; x_wconf 87' lang='lat' dir='ltr'>movens</span> <span class='ocrx_word' id='word_1_707' title='bbox 2420 1223 2600 1273; x_wconf 87' lang='lat' dir='ltr'>seipsum.</span> 
     </span>
    </p>
   </div>
   <div class='ocr_carea' id='block_1_19' title="bbox 1538 1274 2605 2640">
    <p class='ocr_par' dir='ltr' id='par_1_24' title="bbox 1539 1274 2605 2272">
     <span class='ocr_line' id='line_1_101' title="bbox 1542 1274 2604 1325; baseline 0.004 -15"><span class='ocrx_word' id='word_1_708' title='bbox 1542 1275 1590 1311; x_wconf 91' lang='lat' dir='ltr'>Et</span> <span class='ocrx_word' id='word_1_709' title='bbox 1618 1274 1730 1311; x_wconf 88' lang='lat' dir='ltr'>solvit</span> <span class='ocrx_word' id='word_1_710' title='bbox 1756 1274 2004 1323; x_wconf 90' lang='lat' dir='ltr'>praemissam</span> <span class='ocrx_word' id='word_1_711' title='bbox 2031 1275 2304 1313; x_wconf 88' lang='lat' dir='ltr'>dubitationem</span> <span class='ocrx_word' id='word_1_712' title='bbox 2330 1276 2403 1313; x_wconf 88' lang='lat' dir='ltr'>sic:</span> <span class='ocrx_word' id='word_1_713' title='bbox 2423 1275 2530 1325; x_wconf 90' lang='lat' dir='ltr'>quod</span> <span class='ocrx_word' id='word_1_714' title='bbox 2548 1275 2604 1314; x_wconf 87' lang='lat' dir='ltr'>ni-</span> 
     </span>
     <span class='ocr_line' id='line_1_102' title="bbox 1539 1326 2604 1378; baseline 0.003 -15"><span class='ocrx_word' id='word_1_715' title='bbox 1539 1327 1590 1363; x_wconf 94' lang='lat' dir='ltr'>hil</span> <span class='ocrx_word' id='word_1_716' title='bbox 1617 1326 1796 1375; x_wconf 90' lang='lat' dir='ltr'>prohibet</span> <span class='ocrx_word' id='word_1_717' title='bbox 1815 1339 1896 1364; x_wconf 91' lang='lat' dir='ltr'>esse</span> <span class='ocrx_word' id='word_1_718' title='bbox 1917 1327 2102 1365; x_wconf 90' lang='lat' dir='ltr'>divisibile</span> <span class='ocrx_word' id='word_1_719' title='bbox 2121 1327 2160 1365; x_wconf 92' lang='lat' dir='ltr'>in</span> <span class='ocrx_word' id='word_1_720' title='bbox 2177 1327 2347 1377; x_wconf 89' lang='lat' dir='ltr'>potentia</span> <span class='ocrx_word' id='word_1_721' title='bbox 2367 1340 2411 1365; x_wconf 86' lang='lat' dir='ltr'>ex</span> <span class='ocrx_word' id='word_1_722' title='bbox 2431 1341 2477 1365; x_wconf 91' lang='lat' dir='ltr'>eo</span> <span class='ocrx_word' id='word_1_723' title='bbox 2498 1329 2604 1378; x_wconf 86' lang='lat' dir='ltr'>quod</span> 
     </span>
     <span class='ocr_line' id='line_1_103' title="bbox 1541 1379 2605 1428; baseline 0.002 -12"><span class='ocrx_word' id='word_1_724' title='bbox 1541 1387 1627 1416; x_wconf 93' lang='lat' dir='ltr'>sunt</span> <span class='ocrx_word' id='word_1_725' title='bbox 1647 1379 1824 1417; x_wconf 89' lang='lat' dir='ltr'>continua</span> <span class='ocrx_word' id='word_1_726' title='bbox 1840 1380 1994 1427; x_wconf 89' lang='lat' dir='ltr'>(scilicet</span> <span class='ocrx_word' id='word_1_727' title='bbox 2007 1393 2169 1418; x_wconf 88' lang='lat' dir='ltr'>movens</span> <span class='ocrx_word' id='word_1_728' title='bbox 2184 1388 2220 1418; x_wconf 90' lang='lat' dir='ltr'>et</span> <span class='ocrx_word' id='word_1_729' title='bbox 2232 1383 2395 1428; x_wconf 88' lang='lat' dir='ltr'>motum)</span> <span class='ocrx_word' id='word_1_730' title='bbox 2411 1380 2442 1418; x_wconf 89' lang='lat' dir='ltr'>si</span> <span class='ocrx_word' id='word_1_731' title='bbox 2459 1389 2605 1419; x_wconf 89' lang='lat' dir='ltr'>utrum-</span> 
     </span>
     <span class='ocr_line' id='line_1_104' title="bbox 1541 1431 2600 1483; baseline 0.004 -14"><span class='ocrx_word' id='word_1_732' title='bbox 1541 1445 1616 1480; x_wconf 89' lang='lat' dir='ltr'>que</span> <span class='ocrx_word' id='word_1_733' title='bbox 1636 1432 1681 1469; x_wconf 89' lang='lat' dir='ltr'>sit</span> <span class='ocrx_word' id='word_1_734' title='bbox 1701 1433 1923 1470; x_wconf 91' lang='lat' dir='ltr'>continuum</span> <span class='ocrx_word' id='word_1_735' title='bbox 1939 1431 1964 1480; x_wconf 62' lang='grc' dir='ltr'>ὃ,</span> <span class='ocrx_word' id='word_1_736' title='bbox 1977 1441 2040 1470; x_wconf 88' lang='lat' dir='ltr'>aut</span> <span class='ocrx_word' id='word_1_737' title='bbox 2054 1433 2103 1471; x_wconf 90' lang='lat' dir='ltr'>ad</span> <span class='ocrx_word' id='word_1_738' title='bbox 2117 1434 2244 1472; x_wconf 90' lang='lat' dir='ltr'>minus</span> <span class='ocrx_word' id='word_1_739' title='bbox 2264 1434 2422 1471; x_wconf 89' lang='lat' dir='ltr'>alterum</span> <span class='ocrx_word' id='word_1_740' title='bbox 2442 1431 2600 1483; x_wconf 83' lang='lat' dir='ltr'>tantum,</span> 
     </span>
     <span class='ocr_line' id='line_1_105' title="bbox 1541 1485 2604 1535; baseline 0.003 -14"><span class='ocrx_word' id='word_1_741' title='bbox 1541 1485 1679 1522; x_wconf 89' lang='lat' dir='ltr'>scilicet</span> <span class='ocrx_word' id='word_1_742' title='bbox 1702 1486 1807 1534; x_wconf 91' lang='lat' dir='ltr'>quod</span> <span class='ocrx_word' id='word_1_743' title='bbox 1826 1493 2016 1534; x_wconf 87' lang='lat' dir='ltr'>movetur,</span> <span class='ocrx_word' id='word_1_744' title='bbox 2037 1486 2142 1535; x_wconf 92' lang='lat' dir='ltr'>quod</span> <span class='ocrx_word' id='word_1_745' title='bbox 2161 1498 2316 1524; x_wconf 89' lang='lat' dir='ltr'>necesse</span> <span class='ocrx_word' id='word_1_746' title='bbox 2337 1494 2392 1523; x_wconf 93' lang='lat' dir='ltr'>est</span> <span class='ocrx_word' id='word_1_747' title='bbox 2411 1498 2493 1524; x_wconf 92' lang='lat' dir='ltr'>esse</span> <span class='ocrx_word' id='word_1_748' title='bbox 2513 1496 2604 1525; x_wconf 87' lang='lat' dir='ltr'>con-</span> 
     </span>
     <span class='ocr_line' id='line_1_106' title="bbox 1540 1537 2604 1589; baseline 0.003 -15"><span class='ocrx_word' id='word_1_749' title='bbox 1540 1537 1700 1575; x_wconf 88' lang='lat' dir='ltr'>tinuum.</span> <span class='ocrx_word' id='word_1_750' title='bbox 1732 1538 1809 1575; x_wconf 91' lang='lat' dir='ltr'>Sed</span> <span class='ocrx_word' id='word_1_751' title='bbox 1844 1545 1973 1576; x_wconf 89' lang='lat' dir='ltr'>tamen</span> <span class='ocrx_word' id='word_1_752' title='bbox 2009 1538 2191 1587; x_wconf 87' lang='lat' dir='ltr'>possibile</span> <span class='ocrx_word' id='word_1_753' title='bbox 2224 1546 2279 1576; x_wconf 90' lang='lat' dir='ltr'>est</span> <span class='ocrx_word' id='word_1_754' title='bbox 2315 1539 2420 1587; x_wconf 91' lang='lat' dir='ltr'>quod</span> <span class='ocrx_word' id='word_1_755' title='bbox 2449 1538 2604 1589; x_wconf 83' lang='lat' dir='ltr'>aliquod</span> 
     </span>
     <span class='ocr_line' id='line_1_107' title="bbox 1541 1590 2603 1639; baseline 0.002 -12"><span class='ocrx_word' id='word_1_756' title='bbox 1541 1590 1776 1639; x_wconf 90' lang='lat' dir='ltr'>continuum,</span> <span class='ocrx_word' id='word_1_757' title='bbox 1802 1590 1882 1628; x_wconf 88' lang='lat' dir='ltr'>sive</span> <span class='ocrx_word' id='word_1_758' title='bbox 1911 1591 1957 1628; x_wconf 88' lang='lat' dir='ltr'>sit</span> <span class='ocrx_word' id='word_1_759' title='bbox 1984 1603 2147 1629; x_wconf 90' lang='lat' dir='ltr'>movens</span> <span class='ocrx_word' id='word_1_760' title='bbox 2175 1591 2256 1629; x_wconf 91' lang='lat' dir='ltr'>sive</span> <span class='ocrx_word' id='word_1_761' title='bbox 2283 1599 2444 1639; x_wconf 90' lang='lat' dir='ltr'>motum,</span> <span class='ocrx_word' id='word_1_762' title='bbox 2464 1593 2603 1630; x_wconf 83' lang='lat' dir='ltr'>habeat</span> 
     </span>
     <span class='ocr_line' id='line_1_108' title="bbox 1541 1639 2603 1693; baseline 0.002 -13"><span class='ocrx_word' id='word_1_763' title='bbox 1541 1644 1654 1680; x_wconf 86' lang='lat' dir='ltr'>talem</span> <span class='ocrx_word' id='word_1_764' title='bbox 1682 1651 1878 1691; x_wconf 86' lang='lat' dir='ltr'>naturam,</span> <span class='ocrx_word' id='word_1_765' title='bbox 1906 1651 1948 1681; x_wconf 94' lang='lat' dir='ltr'>ut</span> <span class='ocrx_word' id='word_1_766' title='bbox 1975 1656 2055 1681; x_wconf 92' lang='lat' dir='ltr'>non</span> <span class='ocrx_word' id='word_1_767' title='bbox 2082 1645 2202 1693; x_wconf 91' lang='lat' dir='ltr'>possit</span> <span class='ocrx_word' id='word_1_768' title='bbox 2229 1651 2315 1681; x_wconf 90' lang='lat' dir='ltr'>actu</span> <span class='ocrx_word' id='word_1_769' title='bbox 2344 1639 2478 1692; x_wconf 82' lang='lat' dir='ltr'>dividi,</span> <span class='ocrx_word' id='word_1_770' title='bbox 2507 1643 2603 1683; x_wconf 87' lang='lat' dir='ltr'>sicut</span> 
     </span>
     <span class='ocr_line' id='line_1_109' title="bbox 1540 1695 2603 1745; baseline 0.003 -13"><span class='ocrx_word' id='word_1_771' title='bbox 1540 1703 1643 1744; x_wconf 88' lang='lat' dir='ltr'>patet</span> <span class='ocrx_word' id='word_1_772' title='bbox 1671 1695 1717 1733; x_wconf 89' lang='lat' dir='ltr'>de</span> <span class='ocrx_word' id='word_1_773' title='bbox 1747 1708 1906 1744; x_wconf 90' lang='lat' dir='ltr'>corpore</span> <span class='ocrx_word' id='word_1_774' title='bbox 1935 1697 2034 1734; x_wconf 91' lang='lat' dir='ltr'>solis.</span> <span class='ocrx_word' id='word_1_775' title='bbox 2055 1697 2105 1734; x_wconf 92' lang='lat' dir='ltr'>Et</span> <span class='ocrx_word' id='word_1_776' title='bbox 2133 1697 2163 1734; x_wconf 92' lang='lat' dir='ltr'>si</span> <span class='ocrx_word' id='word_1_777' title='bbox 2187 1697 2378 1745; x_wconf 89' lang='lat' dir='ltr'>contingat</span> <span class='ocrx_word' id='word_1_778' title='bbox 2405 1697 2511 1745; x_wconf 90' lang='lat' dir='ltr'>quod</span> <span class='ocrx_word' id='word_1_779' title='bbox 2539 1697 2603 1735; x_wconf 91' lang='lat' dir='ltr'>ali-</span> 
     </span>
     <span class='ocr_line' id='line_1_110' title="bbox 1541 1748 2601 1797; baseline 0.003 -13"><span class='ocrx_word' id='word_1_780' title='bbox 1541 1748 1646 1796; x_wconf 91' lang='lat' dir='ltr'>quod</span> <span class='ocrx_word' id='word_1_781' title='bbox 1666 1748 1888 1785; x_wconf 90' lang='lat' dir='ltr'>continuum</span> <span class='ocrx_word' id='word_1_782' title='bbox 1914 1749 2112 1797; x_wconf 88' lang='lat' dir='ltr'>dividatur,</span> <span class='ocrx_word' id='word_1_783' title='bbox 2133 1762 2213 1787; x_wconf 93' lang='lat' dir='ltr'>non</span> <span class='ocrx_word' id='word_1_784' title='bbox 2236 1749 2410 1787; x_wconf 89' lang='lat' dir='ltr'>retinebit</span> <span class='ocrx_word' id='word_1_785' title='bbox 2438 1749 2601 1788; x_wconf 87' lang='lat' dir='ltr'>eandem</span> 
     </span>
     <span class='ocr_line' id='line_1_111' title="bbox 1539 1800 2602 1852; baseline 0.003 -15"><span class='ocrx_word' id='word_1_786' title='bbox 1539 1800 1748 1850; x_wconf 89' lang='lat' dir='ltr'>potentiam</span> <span class='ocrx_word' id='word_1_787' title='bbox 1777 1801 1826 1838; x_wconf 89' lang='lat' dir='ltr'>ad</span> <span class='ocrx_word' id='word_1_788' title='bbox 1853 1802 1928 1838; x_wconf 92' lang='lat' dir='ltr'>hoc</span> <span class='ocrx_word' id='word_1_789' title='bbox 1962 1803 2068 1849; x_wconf 91' lang='lat' dir='ltr'>quod</span> <span class='ocrx_word' id='word_1_790' title='bbox 2095 1809 2252 1839; x_wconf 90' lang='lat' dir='ltr'>moveat</span> <span class='ocrx_word' id='word_1_791' title='bbox 2287 1802 2350 1839; x_wconf 91' lang='lat' dir='ltr'>vel</span> <span class='ocrx_word' id='word_1_792' title='bbox 2377 1809 2602 1852; x_wconf 88' lang='lat' dir='ltr'>moveatur,</span> 
     </span>
     <span class='ocr_line' id='line_1_112' title="bbox 1541 1853 2603 1903; baseline 0.003 -13"><span class='ocrx_word' id='word_1_793' title='bbox 1541 1865 1657 1901; x_wconf 92' lang='lat' dir='ltr'>quam</span> <span class='ocrx_word' id='word_1_794' title='bbox 1675 1853 1780 1902; x_wconf 88' lang='lat' dir='ltr'>prius</span> <span class='ocrx_word' id='word_1_795' title='bbox 1797 1854 1982 1900; x_wconf 87' lang='lat' dir='ltr'>habebat;</span> <span class='ocrx_word' id='word_1_796' title='bbox 2012 1854 2101 1903; x_wconf 89' lang='lat' dir='ltr'>quia</span> <span class='ocrx_word' id='word_1_797' title='bbox 2120 1854 2339 1892; x_wconf 91' lang='lat' dir='ltr'>huiusmodi</span> <span class='ocrx_word' id='word_1_798' title='bbox 2357 1855 2527 1903; x_wconf 85' lang='lat' dir='ltr'>potentia</span> <span class='ocrx_word' id='word_1_799' title='bbox 2545 1867 2603 1897; x_wconf 64' lang='lat' dir='ltr'>se,-</span> 
     </span>
     <span class='ocr_line' id='line_1_113' title="bbox 1541 1906 2604 1955; baseline 0.003 -13"><span class='ocrx_word' id='word_1_800' title='bbox 1541 1906 1667 1954; x_wconf 89' lang='lat' dir='ltr'>quitur</span> <span class='ocrx_word' id='word_1_801' title='bbox 1694 1906 1859 1955; x_wconf 88' lang='lat' dir='ltr'>aliquam</span> <span class='ocrx_word' id='word_1_802' title='bbox 1896 1907 2081 1952; x_wconf 83' lang='lat' dir='ltr'>formam3</span> <span class='ocrx_word' id='word_1_803' title='bbox 2111 1907 2234 1944; x_wconf 89' lang='lat' dir='ltr'>forma</span> <span class='ocrx_word' id='word_1_804' title='bbox 2267 1915 2395 1944; x_wconf 88' lang='lat' dir='ltr'>autem</span> <span class='ocrx_word' id='word_1_805' title='bbox 2425 1907 2604 1945; x_wconf 84' lang='lat' dir='ltr'>naturalis</span> 
     </span>
     <span class='ocr_line' id='line_1_114' title="bbox 1540 1958 2604 2007; baseline 0.003 -12"><span class='ocrx_word' id='word_1_806' title='bbox 1540 1958 1692 2007; x_wconf 90' lang='lat' dir='ltr'>requirit</span> <span class='ocrx_word' id='word_1_807' title='bbox 1729 1958 1976 2007; x_wconf 87' lang='lat' dir='ltr'>quantitatem</span> <span class='ocrx_word' id='word_1_808' title='bbox 2015 1959 2315 1996; x_wconf 88' lang='lat' dir='ltr'>determinatam.</span> <span class='ocrx_word' id='word_1_809' title='bbox 2345 1960 2456 1997; x_wconf 92' lang='lat' dir='ltr'>Unde</span> <span class='ocrx_word' id='word_1_810' title='bbox 2493 1960 2525 1997; x_wconf 91' lang='lat' dir='ltr'>si</span> <span class='ocrx_word' id='word_1_811' title='bbox 2557 1960 2604 1998; x_wconf 89' lang='lat' dir='ltr'>sit</span> 
     </span>
     <span class='ocr_line' id='line_1_115' title="bbox 1541 2011 2600 2061; baseline 0.002 -13"><span class='ocrx_word' id='word_1_812' title='bbox 1541 2024 1678 2060; x_wconf 89' lang='lat' dir='ltr'>corpus</span> <span class='ocrx_word' id='word_1_813' title='bbox 1707 2011 2001 2060; x_wconf 70' lang='lat' dir='ltr'>incorruptibile,</span> <span class='ocrx_word' id='word_1_814' title='bbox 2031 2011 2149 2049; x_wconf 90' lang='lat' dir='ltr'>dividi</span> <span class='ocrx_word' id='word_1_815' title='bbox 2177 2024 2256 2049; x_wconf 93' lang='lat' dir='ltr'>non</span> <span class='ocrx_word' id='word_1_816' title='bbox 2283 2019 2408 2061; x_wconf 91' lang='lat' dir='ltr'>potest</span> <span class='ocrx_word' id='word_1_817' title='bbox 2435 2012 2474 2049; x_wconf 88' lang='lat' dir='ltr'>in</span> <span class='ocrx_word' id='word_1_818' title='bbox 2503 2019 2600 2050; x_wconf 88' lang='lat' dir='ltr'>actu.</span> 
     </span>
     <span class='ocr_line' id='line_1_116' title="bbox 1541 2063 2604 2113; baseline 0.002 -13"><span class='ocrx_word' id='word_1_819' title='bbox 1541 2064 1580 2101; x_wconf 91' lang='lat' dir='ltr'>Si</span> <span class='ocrx_word' id='word_1_820' title='bbox 1605 2071 1732 2100; x_wconf 90' lang='lat' dir='ltr'>autem</span> <span class='ocrx_word' id='word_1_821' title='bbox 1753 2064 1798 2101; x_wconf 91' lang='lat' dir='ltr'>sit</span> <span class='ocrx_word' id='word_1_822' title='bbox 1817 2063 2069 2113; x_wconf 89' lang='lat' dir='ltr'>corruptibile,</span> <span class='ocrx_word' id='word_1_823' title='bbox 2090 2064 2120 2101; x_wconf 92' lang='lat' dir='ltr'>si</span> <span class='ocrx_word' id='word_1_824' title='bbox 2140 2064 2330 2102; x_wconf 88' lang='lat' dir='ltr'>dividatur</span> <span class='ocrx_word' id='word_1_825' title='bbox 2348 2065 2387 2101; x_wconf 92' lang='lat' dir='ltr'>in</span> <span class='ocrx_word' id='word_1_826' title='bbox 2406 2071 2504 2113; x_wconf 89' lang='lat' dir='ltr'>actu,</span> <span class='ocrx_word' id='word_1_827' title='bbox 2524 2076 2604 2103; x_wconf 89' lang='lat' dir='ltr'>non</span> 
     </span>
     <span class='ocr_line' id='line_1_117' title="bbox 1540 2116 2603 2166; baseline 0.002 -13"><span class='ocrx_word' id='word_1_828' title='bbox 1540 2116 1712 2154; x_wconf 87' lang='lat' dir='ltr'>retinebit</span> <span class='ocrx_word' id='word_1_829' title='bbox 1737 2117 1899 2153; x_wconf 89' lang='lat' dir='ltr'>eandem</span> <span class='ocrx_word' id='word_1_830' title='bbox 1918 2117 2141 2165; x_wconf 87' lang='lat' dir='ltr'>potentiam,</span> <span class='ocrx_word' id='word_1_831' title='bbox 2162 2117 2257 2154; x_wconf 91' lang='lat' dir='ltr'>sicut</span> <span class='ocrx_word' id='word_1_832' title='bbox 2279 2125 2382 2166; x_wconf 91' lang='lat' dir='ltr'>patet</span> <span class='ocrx_word' id='word_1_833' title='bbox 2407 2117 2447 2154; x_wconf 91' lang='lat' dir='ltr'>in</span> <span class='ocrx_word' id='word_1_834' title='bbox 2475 2117 2603 2156; x_wconf 87' lang='lat' dir='ltr'>corde.</span> 
     </span>
     <span class='ocr_line' id='line_1_118' title="bbox 1539 2169 2605 2218; baseline 0.003 -13"><span class='ocrx_word' id='word_1_835' title='bbox 1539 2170 1650 2206; x_wconf 91' lang='lat' dir='ltr'>Unde</span> <span class='ocrx_word' id='word_1_836' title='bbox 1683 2169 1773 2206; x_wconf 89' lang='lat' dir='ltr'>nihil</span> <span class='ocrx_word' id='word_1_837' title='bbox 1800 2169 1977 2218; x_wconf 87' lang='lat' dir='ltr'>prohibet</span> <span class='ocrx_word' id='word_1_838' title='bbox 2009 2169 2048 2206; x_wconf 90' lang='lat' dir='ltr'>in</span> <span class='ocrx_word' id='word_1_839' title='bbox 2080 2169 2123 2206; x_wconf 93' lang='lat' dir='ltr'>iis</span> <span class='ocrx_word' id='word_1_840' title='bbox 2161 2182 2258 2218; x_wconf 86' lang='lat' dir='ltr'>quae</span> <span class='ocrx_word' id='word_1_841' title='bbox 2287 2177 2374 2207; x_wconf 91' lang='lat' dir='ltr'>sunt</span> <span class='ocrx_word' id='word_1_842' title='bbox 2406 2169 2605 2208; x_wconf 83' lang='lat' dir='ltr'>divisibilia</span> 
     </span>
     <span class='ocr_line' id='line_1_119' title="bbox 1539 2221 2246 2272; baseline 0.001 -14"><span class='ocrx_word' id='word_1_843' title='bbox 1539 2222 1577 2259; x_wconf 88' lang='lat' dir='ltr'>in</span> <span class='ocrx_word' id='word_1_844' title='bbox 1603 2221 1785 2270; x_wconf 90' lang='lat' dir='ltr'>potentia,</span> <span class='ocrx_word' id='word_1_845' title='bbox 1807 2234 1888 2259; x_wconf 93' lang='lat' dir='ltr'>esse</span> <span class='ocrx_word' id='word_1_846' title='bbox 1916 2234 2038 2259; x_wconf 90' lang='lat' dir='ltr'>unum</span> <span class='ocrx_word' id='word_1_847' title='bbox 2066 2222 2246 2272; x_wconf 86' lang='lat' dir='ltr'>primurn.</span> 
     </span>
    </p>

    <p class='ocr_par' dir='ltr' id='par_1_25' title="bbox 1538 2274 2605 2640">
     <span class='ocr_line' id='line_1_120' title="bbox 1593 2274 2605 2325; baseline 0.002 -15"><span class='ocrx_word' id='word_1_848' title='bbox 1593 2287 1629 2323; x_wconf 91' lang='lat'>7.</span> <span class='ocrx_word' id='word_1_849' title='bbox 1659 2274 1807 2311; x_wconf 90' lang='lat' dir='ltr'>Deinde</span> <span class='ocrx_word' id='word_1_850' title='bbox 1846 2286 1933 2311; x_wconf 88' lang='lat' dir='ltr'>cum</span> <span class='ocrx_word' id='word_1_851' title='bbox 1974 2274 2079 2311; x_wconf 91' lang='lat' dir='ltr'>dicit:</span> <span class='ocrx_word' id='word_1_852' title='bbox 2112 2276 2363 2324; x_wconf 61' lang='lat' dir='ltr'>Manifestum</span> <span class='ocrx_word' id='word_1_853' title='bbox 2402 2275 2520 2325; x_wconf 82' lang='lat' dir='ltr'>igitur</span> <span class='ocrx_word' id='word_1_854' title='bbox 2555 2286 2605 2312; x_wconf 84' lang='lat' dir='ltr'>ex</span> 
     </span>
     <span class='ocr_line' id='line_1_121' title="bbox 1538 2326 2604 2376; baseline 0.003 -13"><span class='ocrx_word' id='word_1_855' title='bbox 1538 2327 1595 2363; x_wconf 83' lang='lat' dir='ltr'>his</span> <span class='ocrx_word' id='word_1_856' title='bbox 1615 2335 1696 2374; x_wconf 92' lang='lat' dir='ltr'>etc.,</span> <span class='ocrx_word' id='word_1_857' title='bbox 1717 2326 1828 2364; x_wconf 89' lang='lat' dir='ltr'>infert</span> <span class='ocrx_word' id='word_1_858' title='bbox 1847 2327 2130 2364; x_wconf 86' lang='lat' dir='ltr'>conclusionem</span> <span class='ocrx_word' id='word_1_859' title='bbox 2148 2327 2403 2376; x_wconf 89' lang='lat' dir='ltr'>principaliter</span> <span class='ocrx_word' id='word_1_860' title='bbox 2420 2328 2604 2367; x_wconf 88' lang='lat' dir='ltr'>intentam</span> 
     </span>
     <span class='ocr_line' id='line_1_122' title="bbox 1540 2379 2605 2428; baseline 0.002 -12"><span class='ocrx_word' id='word_1_861' title='bbox 1540 2391 1585 2416; x_wconf 88' lang='lat' dir='ltr'>ex</span> <span class='ocrx_word' id='word_1_862' title='bbox 1613 2379 1792 2416; x_wconf 91' lang='lat' dir='ltr'>omnibus</span> <span class='ocrx_word' id='word_1_863' title='bbox 1819 2379 2047 2428; x_wconf 87' lang='lat' dir='ltr'>praemissis.</span> <span class='ocrx_word' id='word_1_864' title='bbox 2071 2381 2122 2416; x_wconf 93' lang='lat' dir='ltr'>Et</span> <span class='ocrx_word' id='word_1_865' title='bbox 2140 2380 2228 2417; x_wconf 91' lang='lat' dir='ltr'>dicit</span> <span class='ocrx_word' id='word_1_866' title='bbox 2250 2380 2494 2418; x_wconf 87' lang='lat' dir='ltr'>manifestum</span> <span class='ocrx_word' id='word_1_867' title='bbox 2522 2393 2605 2418; x_wconf 89' lang='lat' dir='ltr'>esse</span> 
     </span>
     <span class='ocr_line' id='line_1_123' title="bbox 1541 2431 2603 2482; baseline 0.003 -14"><span class='ocrx_word' id='word_1_868' title='bbox 1541 2444 1585 2468; x_wconf 86' lang='lat' dir='ltr'>ex</span> <span class='ocrx_word' id='word_1_869' title='bbox 1603 2431 1820 2481; x_wconf 89' lang='lat' dir='ltr'>praemissis</span> <span class='ocrx_word' id='word_1_870' title='bbox 1835 2433 1867 2478; x_wconf 83' lang='grc'>*,</span> <span class='ocrx_word' id='word_1_871' title='bbox 1889 2433 1994 2480; x_wconf 90' lang='lat' dir='ltr'>quod</span> <span class='ocrx_word' id='word_1_872' title='bbox 2013 2445 2168 2469; x_wconf 90' lang='lat' dir='ltr'>necesse</span> <span class='ocrx_word' id='word_1_873' title='bbox 2188 2440 2243 2469; x_wconf 92' lang='lat' dir='ltr'>est</span> <span class='ocrx_word' id='word_1_874' title='bbox 2261 2445 2404 2481; x_wconf 90' lang='lat' dir='ltr'>ponere</span> <span class='ocrx_word' id='word_1_875' title='bbox 2431 2433 2603 2482; x_wconf 88' lang='lat' dir='ltr'>primum</span> 
     </span>
     <span class='ocr_line' id='line_1_124' title="bbox 1540 2484 2604 2534; baseline 0.001 -12"><span class='ocrx_word' id='word_1_876' title='bbox 1540 2497 1704 2522; x_wconf 90' lang='lat' dir='ltr'>movens</span> <span class='ocrx_word' id='word_1_877' title='bbox 1724 2484 1931 2522; x_wconf 90' lang='lat' dir='ltr'>immobile.</span> <span class='ocrx_word' id='word_1_878' title='bbox 1960 2485 2059 2522; x_wconf 90' lang='lat' dir='ltr'>Cum</span> <span class='ocrx_word' id='word_1_879' title='bbox 2090 2485 2191 2522; x_wconf 91' lang='lat' dir='ltr'>enim</span> <span class='ocrx_word' id='word_1_880' title='bbox 2219 2497 2297 2522; x_wconf 91' lang='lat' dir='ltr'>non</span> <span class='ocrx_word' id='word_1_881' title='bbox 2318 2485 2547 2534; x_wconf 87' lang='lat' dir='ltr'>procedatur</span> <span class='ocrx_word' id='word_1_882' title='bbox 2564 2486 2604 2524; x_wconf 93' lang='lat' dir='ltr'>in</span> 
     </span>
     <span class='ocr_line' id='line_1_125' title="bbox 1539 2537 2604 2586; baseline 0.002 -12"><span class='ocrx_word' id='word_1_883' title='bbox 1539 2537 1728 2574; x_wconf 88' lang='lat' dir='ltr'>infinitum</span> <span class='ocrx_word' id='word_1_884' title='bbox 1765 2537 1804 2574; x_wconf 90' lang='lat' dir='ltr'>in</span> <span class='ocrx_word' id='word_1_885' title='bbox 1837 2537 2082 2575; x_wconf 88' lang='lat' dir='ltr'>moventibus</span> <span class='ocrx_word' id='word_1_886' title='bbox 2120 2545 2156 2574; x_wconf 92' lang='lat' dir='ltr'>et</span> <span class='ocrx_word' id='word_1_887' title='bbox 2192 2538 2305 2574; x_wconf 91' lang='lat' dir='ltr'>motis</span> <span class='ocrx_word' id='word_1_888' title='bbox 2338 2538 2386 2574; x_wconf 92' lang='lat' dir='ltr'>ab</span> <span class='ocrx_word' id='word_1_889' title='bbox 2415 2538 2507 2586; x_wconf 89' lang='lat' dir='ltr'>alio,</span> <span class='ocrx_word' id='word_1_890' title='bbox 2535 2538 2604 2576; x_wconf 89' lang='lat' dir='ltr'>sed</span> 
     </span>
     <span class='ocr_line' id='line_1_126' title="bbox 1540 2590 2605 2640; baseline 0.001 -13"><span class='ocrx_word' id='word_1_891' title='bbox 1540 2602 1694 2627; x_wconf 89' lang='lat' dir='ltr'>necesse</span> <span class='ocrx_word' id='word_1_892' title='bbox 1723 2590 1769 2627; x_wconf 88' lang='lat' dir='ltr'>sit</span> <span class='ocrx_word' id='word_1_893' title='bbox 1796 2597 1892 2627; x_wconf 90' lang='lat' dir='ltr'>stare</span> <span class='ocrx_word' id='word_1_894' title='bbox 1927 2590 1975 2627; x_wconf 90' lang='lat' dir='ltr'>ad</span> <span class='ocrx_word' id='word_1_895' title='bbox 2008 2591 2170 2639; x_wconf 38' lang='lat' dir='ltr'>aliquod.</span> <span class='ocrx_word' id='word_1_896' title='bbox 2192 2591 2381 2640; x_wconf 86' lang='lat' dir='ltr'>primum,</span> <span class='ocrx_word' id='word_1_897' title='bbox 2416 2591 2605 2640; x_wconf 82' lang='lat' dir='ltr'>quodest</span> 
     </span>
    </p>
   </div>
   <div class='ocr_carea' id='block_1_20' title="bbox 1539 2642 2663 2692">
    <p class='ocr_par' dir='ltr' id='par_1_26' title="bbox 1539 2642 2663 2692">
     <span class='ocr_line' id='line_1_127' title="bbox 1539 2642 2663 2692; baseline 0.002 -13"><span class='ocrx_word' id='word_1_898' title='bbox 1539 2643 1736 2680; x_wconf 88' lang='lat' dir='ltr'>immobile</span> <span class='ocrx_word' id='word_1_899' title='bbox 1763 2643 1825 2680; x_wconf 92' lang='lat' dir='ltr'>vel</span> <span class='ocrx_word' id='word_1_900' title='bbox 1854 2655 2016 2680; x_wconf 90' lang='lat' dir='ltr'>movens</span> <span class='ocrx_word' id='word_1_901' title='bbox 2044 2642 2228 2692; x_wconf 90' lang='lat' dir='ltr'>seipsum;</span> <span class='ocrx_word' id='word_1_902' title='bbox 2249 2643 2328 2680; x_wconf 91' lang='lat' dir='ltr'>sive</span> <span class='ocrx_word' id='word_1_903' title='bbox 2352 2643 2547 2681; x_wconf 88' lang='lat' dir='ltr'>moventia</span> <span class='ocrx_word' id='word_1_904' title='bbox 2568 2651 2605 2681; x_wconf 92' lang='lat' dir='ltr'>et</span> <span class='ocrx_word' id='word_1_905' title='bbox 2660 2646 2663 2651; x_wconf 84' lang='lat'><em>&#39;</em></span> 
     </span>
    </p>
   </div>
   <div class='ocr_carea' id='block_1_21' title="bbox 1539 2695 2604 2956">
    <p class='ocr_par' dir='ltr' id='par_1_27' title="bbox 1539 2695 2604 2956">
     <span class='ocr_line' id='line_1_128' title="bbox 1540 2695 2603 2745; baseline 0.003 -13"><span class='ocrx_word' id='word_1_906' title='bbox 1540 2703 1645 2733; x_wconf 87' lang='lat' dir='ltr'>mota</span> <span class='ocrx_word' id='word_1_907' title='bbox 1673 2701 1798 2732; x_wconf 82' lang='lat' dir='ltr'>stent‘</span> <span class='ocrx_word' id='word_1_908' title='bbox 1819 2695 1867 2732; x_wconf 90' lang='lat' dir='ltr'>ad</span> <span class='ocrx_word' id='word_1_909' title='bbox 1896 2695 2049 2744; x_wconf 91' lang='lat' dir='ltr'>aliquod</span> <span class='ocrx_word' id='word_1_910' title='bbox 2077 2696 2244 2745; x_wconf 86' lang='lat' dir='ltr'>primurn</span> <span class='ocrx_word' id='word_1_911' title='bbox 2271 2696 2490 2745; x_wconf 90' lang='lat' dir='ltr'>immobile,</span> <span class='ocrx_word' id='word_1_912' title='bbox 2521 2696 2603 2735; x_wconf 82' lang='lat' dir='ltr'>sive</span> 
     </span>
     <span class='ocr_line' id='line_1_129' title="bbox 1540 2748 2603 2809; baseline 0.002 -24"><span class='ocrx_word' id='word_1_913' title='bbox 1540 2748 1589 2785; x_wconf 89' lang='lat' dir='ltr'>ad</span> <span class='ocrx_word' id='word_1_914' title='bbox 1617 2748 1771 2797; x_wconf 91' lang='lat' dir='ltr'>aliquod</span> <span class='ocrx_word' id='word_1_915' title='bbox 1797 2748 1964 2797; x_wconf 86' lang='lat' dir='ltr'>primum</span> <span class='ocrx_word' id='word_1_916' title='bbox 1994 2749 2099 2797; x_wconf 90' lang='lat' dir='ltr'>quod</span> <span class='ocrx_word' id='word_1_917' title='bbox 2128 2756 2260 2786; x_wconf 91' lang='lat' dir='ltr'>movet</span> <span class='ocrx_word' id='word_1_918' title='bbox 2287 2748 2472 2809; x_wconf 80' lang='lat' dir='ltr'>seipsum,</span> <span class='ocrx_word' id='word_1_919' title='bbox 2500 2756 2603 2787; x_wconf 89' lang='lat' dir='ltr'>utro-</span> 
     </span>
     <span class='ocr_line' id='line_1_130' title="bbox 1540 2800 2603 2850; baseline 0 -12"><span class='ocrx_word' id='word_1_920' title='bbox 1540 2801 1653 2850; x_wconf 90' lang='lat' dir='ltr'>bique</span> <span class='ocrx_word' id='word_1_921' title='bbox 1674 2800 1807 2839; x_wconf 90' lang='lat' dir='ltr'>accidit</span> <span class='ocrx_word' id='word_1_922' title='bbox 1825 2801 1931 2850; x_wconf 89' lang='lat' dir='ltr'>quod</span> <span class='ocrx_word' id='word_1_923' title='bbox 1949 2801 2115 2850; x_wconf 90' lang='lat' dir='ltr'>primum</span> <span class='ocrx_word' id='word_1_924' title='bbox 2132 2813 2295 2839; x_wconf 87' lang='lat' dir='ltr'>movens</span> <span class='ocrx_word' id='word_1_925' title='bbox 2320 2809 2366 2838; x_wconf 79' lang='lat' dir='ltr'>sit</span> <span class='ocrx_word' id='word_1_926' title='bbox 2384 2801 2603 2849; x_wconf 90' lang='lat' dir='ltr'>immobile;</span> 
     </span>
     <span class='ocr_line' id='line_1_131' title="bbox 1539 2853 2604 2903; baseline 0.002 -13"><span class='ocrx_word' id='word_1_927' title='bbox 1539 2861 1694 2903; x_wconf 91' lang='lat' dir='ltr'>propter</span> <span class='ocrx_word' id='word_1_928' title='bbox 1721 2855 1796 2890; x_wconf 90' lang='lat' dir='ltr'>hoc</span> <span class='ocrx_word' id='word_1_929' title='bbox 1833 2854 1938 2902; x_wconf 92' lang='lat' dir='ltr'>quod</span> <span class='ocrx_word' id='word_1_930' title='bbox 1965 2853 2156 2891; x_wconf 91' lang='lat' dir='ltr'>moventis</span> <span class='ocrx_word' id='word_1_931' title='bbox 2189 2853 2302 2892; x_wconf 89' lang='lat' dir='ltr'>etiam</span> <span class='ocrx_word' id='word_1_932' title='bbox 2330 2853 2498 2903; x_wconf 87' lang='lat' dir='ltr'>seipsum</span> <span class='ocrx_word' id='word_1_933' title='bbox 2526 2864 2604 2892; x_wconf 86' lang='lat' dir='ltr'>una</span> 
     </span>
     <span class='ocr_line' id='line_1_132' title="bbox 1540 2906 2601 2956; baseline 0 -13"><span class='ocrx_word' id='word_1_934' title='bbox 1540 2919 1627 2956; x_wconf 88' lang='lat' dir='ltr'>pars</span> <span class='ocrx_word' id='word_1_935' title='bbox 1648 2914 1702 2943; x_wconf 91' lang='lat' dir='ltr'>est</span> <span class='ocrx_word' id='word_1_936' title='bbox 1719 2918 1883 2944; x_wconf 88' lang='lat' dir='ltr'>movens</span> <span class='ocrx_word' id='word_1_937' title='bbox 1901 2906 2109 2955; x_wconf 89' lang='lat' dir='ltr'>immobile,</span> <span class='ocrx_word' id='word_1_938' title='bbox 2128 2914 2170 2943; x_wconf 93' lang='lat' dir='ltr'>ut</span> <span class='ocrx_word' id='word_1_939' title='bbox 2194 2918 2296 2944; x_wconf 89' lang='lat' dir='ltr'>nunc</span> <span class='ocrx_word' id='word_1_940' title='bbox 2319 2913 2514 2943; x_wconf 88' lang='lat' dir='ltr'>ostensum</span> <span class='ocrx_word' id='word_1_941' title='bbox 2534 2913 2601 2944; x_wconf 87' lang='lat' dir='ltr'>est.</span> 
     </span>
    </p>
   </div>
   <div class='ocr_carea' id='block_1_22' title="bbox 1538 3018 2602 3368">
    <p class='ocr_par' dir='ltr' id='par_1_28' title="bbox 1538 3018 2602 3123">
     <span class='ocr_line' id='line_1_133' title="bbox 1538 3018 2600 3052; baseline 0 -8"><span class='ocrx_word' id='word_1_942' title='bbox 1538 3025 1578 3044; x_wconf 85' lang='lat' dir='ltr'>est</span> <span class='ocrx_word' id='word_1_943' title='bbox 1596 3025 1651 3045; x_wconf 90' lang='lat' dir='ltr'>tum</span> <span class='ocrx_word' id='word_1_944' title='bbox 1670 3027 1701 3044; x_wconf 90' lang='lat' dir='ltr'>ex</span> <span class='ocrx_word' id='word_1_945' title='bbox 1719 3025 1792 3052; x_wconf 79' lang='lat' dir='ltr'>parte</span> <span class='ocrx_word' id='word_1_946' title='bbox 1810 3019 1943 3052; x_wconf 88' lang='lat' dir='ltr'>temporis.</span> <span class='ocrx_word' id='word_1_947' title='bbox 1962 3024 2018 3043; x_wconf 90' lang='lat' dir='ltr'>tum</span> <span class='ocrx_word' id='word_1_948' title='bbox 2038 3026 2068 3043; x_wconf 85' lang='lat' dir='ltr'>ex</span> <span class='ocrx_word' id='word_1_949' title='bbox 2086 3023 2159 3052; x_wconf 86' lang='lat' dir='ltr'>parte</span> <span class='ocrx_word' id='word_1_950' title='bbox 2178 3018 2290 3050; x_wconf 71' lang='lat' dir='ltr'>mobilis,</span> <span class='ocrx_word' id='word_1_951' title='bbox 2309 3023 2366 3044; x_wconf 88' lang='lat' dir='ltr'>tum</span> <span class='ocrx_word' id='word_1_952' title='bbox 2385 3027 2414 3044; x_wconf 86' lang='lat' dir='ltr'>ex</span> <span class='ocrx_word' id='word_1_953' title='bbox 2433 3024 2505 3052; x_wconf 78' lang='lat' dir='ltr'>parte</span> <span class='ocrx_word' id='word_1_954' title='bbox 2519 3018 2556 3044; x_wconf 87' lang='lat' dir='ltr'>rei</span> <span class='ocrx_word' id='word_1_955' title='bbox 2574 3018 2600 3044; x_wconf 82' lang='lat' dir='ltr'>in</span> 
     </span>
     <span class='ocr_line' id='line_1_134' title="bbox 1538 3053 2602 3088; baseline 0.001 -9"><span class='ocrx_word' id='word_1_956' title='bbox 1538 3063 1589 3088; x_wconf 75' lang='lat' dir='ltr'>qua</span> <span class='ocrx_word' id='word_1_957' title='bbox 1609 3059 1648 3079; x_wconf 89' lang='lat' dir='ltr'>est</span> <span class='ocrx_word' id='word_1_958' title='bbox 1666 3059 1762 3079; x_wconf 86' lang='lat' dir='ltr'>motus.</span> <span class='ocrx_word' id='word_1_959' title='bbox 1781 3053 1897 3079; x_wconf 85' lang='lat' dir='ltr'>Omissio</span> <span class='ocrx_word' id='word_1_960' title='bbox 1920 3058 2006 3078; x_wconf 77' lang='lat' dir='ltr'>autem</span> <span class='ocrx_word' id='word_1_961' title='bbox 2031 3053 2057 3078; x_wconf 84' lang='lat' dir='ltr'>in</span> <span class='ocrx_word' id='word_1_962' title='bbox 2076 3053 2163 3086; x_wconf 82' lang='lat' dir='ltr'>paucis</span> <span class='ocrx_word' id='word_1_963' title='bbox 2182 3054 2312 3080; x_wconf 77' lang='lat' dir='ltr'>codicibus</span> <span class='ocrx_word' id='word_1_964' title='bbox 2330 3059 2417 3087; x_wconf 79' lang='lat' dir='ltr'>potest</span> <span class='ocrx_word' id='word_1_965' title='bbox 2440 3054 2528 3079; x_wconf 76' lang='lat' dir='ltr'>haberi</span> <span class='ocrx_word' id='word_1_966' title='bbox 2546 3058 2602 3080; x_wconf 74' lang='lat' dir='ltr'>tan-</span> 
     </span>
     <span class='ocr_line' id='line_1_135' title="bbox 1538 3089 2242 3123; baseline 0 -9"><span class='ocrx_word' id='word_1_967' title='bbox 1538 3098 1617 3123; x_wconf 79' lang='lat' dir='ltr'>quam</span> <span class='ocrx_word' id='word_1_968' title='bbox 1636 3089 1743 3114; x_wconf 85' lang='lat' dir='ltr'>omissio</span> <span class='ocrx_word' id='word_1_969' title='bbox 1761 3089 1860 3114; x_wconf 87' lang='lat' dir='ltr'>homot.</span> <span class='ocrx_word' id='word_1_970' title='bbox 1880 3089 1982 3114; x_wconf 75' lang='lat' dir='ltr'>mobilis</span> <span class='ocrx_word' id='word_1_971' title='bbox 2001 3095 2083 3121; x_wconf 79' lang='lat' dir='ltr'>neque</span> <span class='ocrx_word' id='word_1_972' title='bbox 2100 3096 2138 3114; x_wconf 79' lang='lat' dir='ltr'>ex</span> <span class='ocrx_word' id='word_1_973' title='bbox 2151 3092 2242 3121; x_wconf 80' lang='lat' dir='ltr'>parte.</span> 
     </span>
    </p>

    <p class='ocr_par' dir='ltr' id='par_1_29' title="bbox 1538 3123 2601 3190">
     <span class='ocr_line' id='line_1_136' title="bbox 1591 3123 2601 3159; baseline 0.001 -10"><span class='ocrx_word' id='word_1_974' title='bbox 1591 3124 1616 3159; x_wconf 76' lang='grc' dir='ltr'>ὃ)</span> <span class='ocrx_word' id='word_1_975' title='bbox 1630 3125 1654 3150; x_wconf 85' lang='lat' dir='ltr'>si</span> <span class='ocrx_word' id='word_1_976' title='bbox 1673 3128 1813 3156; x_wconf 84' lang='lat' dir='ltr'>utrumque</span> <span class='ocrx_word' id='word_1_977' title='bbox 1831 3124 1867 3149; x_wconf 71' lang='lat' dir='ltr'>sit</span> <span class='ocrx_word' id='word_1_978' title='bbox 1884 3123 2075 3149; x_wconf 67' lang='lat' dir='ltr'>continuum·</span> <span class='ocrx_word' id='word_1_979' title='bbox 2089 3123 2139 3148; x_wconf 87' lang='lat' dir='ltr'>Pro</span> <span class='ocrx_word' id='word_1_980' title='bbox 2157 3124 2192 3154; x_wconf 74' lang='lat' dir='ltr'>si,</span> <span class='ocrx_word' id='word_1_981' title='bbox 2213 3123 2283 3156; x_wconf 88' lang='lat' dir='ltr'>quod</span> <span class='ocrx_word' id='word_1_982' title='bbox 2301 3131 2355 3148; x_wconf 89' lang='lat' dir='ltr'>om.</span> <span class='ocrx_word' id='word_1_983' title='bbox 2375 3124 2412 3155; x_wconf 84' lang='lat' dir='ltr'>Q,</span> <span class='ocrx_word' id='word_1_984' title='bbox 2431 3127 2458 3149; x_wconf 81' lang='lat' dir='ltr'>et</span> <span class='ocrx_word' id='word_1_985' title='bbox 2475 3124 2499 3149; x_wconf 79' lang='lat' dir='ltr'>si</span> <span class='ocrx_word' id='word_1_986' title='bbox 2517 3124 2601 3157; x_wconf 77' lang='lat' dir='ltr'>(etsi)</span> 
     </span>
     <span class='ocr_line' id='line_1_137' title="bbox 1538 3158 2366 3190; baseline -0.002 -5"><span class='ocrx_word' id='word_1_987' title='bbox 1538 3159 1751 3190; x_wconf 77' lang='lat' dir='ltr'>ACDlKMVXY,</span> <span class='ocrx_word' id='word_1_988' title='bbox 1771 3162 1797 3184; x_wconf 81' lang='lat' dir='ltr'>et</span> <span class='ocrx_word' id='word_1_989' title='bbox 1814 3159 1838 3184; x_wconf 82' lang='lat' dir='ltr'>si</span> <span class='ocrx_word' id='word_1_990' title='bbox 1856 3159 1915 3184; x_wconf 78' lang='lat' dir='ltr'>edd.</span> <span class='ocrx_word' id='word_1_991' title='bbox 1932 3159 1974 3183; x_wconf 83' lang='lat' dir='ltr'>ab</span> <span class='ocrx_word' id='word_1_992' title='bbox 1993 3163 2018 3183; x_wconf 84' lang='lat' dir='ltr'>et</span> <span class='ocrx_word' id='word_1_993' title='bbox 2036 3158 2127 3184; x_wconf 84' lang='lat' dir='ltr'>Venet.</span> <span class='ocrx_word' id='word_1_994' title='bbox 2150 3158 2228 3190; x_wconf 83' lang='lat'>1504.</span> <span class='ocrx_word' id='word_1_995' title='bbox 2246 3166 2306 3184; x_wconf 83' lang='lat' dir='ltr'>cum</span> <span class='ocrx_word' id='word_1_996' title='bbox 2325 3159 2366 3183; x_wconf 90' lang='lat' dir='ltr'>LS</span> 
     </span>
    </p>

    <p class='ocr_par' dir='ltr' id='par_1_30' title="bbox 1540 3194 2602 3368">
     <span class='ocr_line' id='line_1_138' title="bbox 1592 3194 2601 3229; baseline 0 -9"><span class='ocrx_word' id='word_1_997' title='bbox 1592 3194 1614 3229; x_wconf 81' lang='grc' dir='ltr'>ε)</span> <span class='ocrx_word' id='word_1_998' title='bbox 1638 3195 1702 3220; x_wconf 85' lang='lat' dir='ltr'>Cum</span> <span class='ocrx_word' id='word_1_999' title='bbox 1721 3194 1790 3220; x_wconf 80' lang='lat' dir='ltr'>enim</span> <span class='ocrx_word' id='word_1_1000' title='bbox 1809 3201 1862 3219; x_wconf 83' lang='lat' dir='ltr'>non</span> <span class='ocrx_word' id='word_1_1001' title='bbox 1881 3194 2080 3226; x_wconf 78' lang='lat' dir='ltr'>procedatur...</span> <span class='ocrx_word' id='word_1_1002' title='bbox 2094 3194 2149 3219; x_wconf 75' lang='lat' dir='ltr'>sive</span> <span class='ocrx_word' id='word_1_1003' title='bbox 2168 3194 2300 3220; x_wconf 72' lang='lat' dir='ltr'>moventia</span> <span class='ocrx_word' id='word_1_1004' title='bbox 2323 3197 2349 3219; x_wconf 72' lang='lat' dir='ltr'>et</span> <span class='ocrx_word' id='word_1_1005' title='bbox 2374 3197 2447 3220; x_wconf 76' lang='lat' dir='ltr'>mota</span> <span class='ocrx_word' id='word_1_1006' title='bbox 2465 3197 2544 3220; x_wconf 76' lang='lat' dir='ltr'>stent.</span> <span class='ocrx_word' id='word_1_1007' title='bbox 2563 3194 2601 3220; x_wconf 65' lang='lat' dir='ltr'>lta</span> 
     </span>
     <span class='ocr_line' id='line_1_139' title="bbox 1540 3229 2600 3262; baseline -0.001 -7"><span class='ocrx_word' id='word_1_1008' title='bbox 1540 3231 1640 3255; x_wconf 85' lang='lat' dir='ltr'>codices</span> <span class='ocrx_word' id='word_1_1009' title='bbox 1659 3235 1684 3255; x_wconf 91' lang='lat' dir='ltr'>et</span> <span class='ocrx_word' id='word_1_1010' title='bbox 1702 3237 1734 3258; x_wconf 82' lang='lat' dir='ltr'>a,·</span> <span class='ocrx_word' id='word_1_1011' title='bbox 1753 3230 1788 3254; x_wconf 85' lang='lat' dir='ltr'>Pb</span> <span class='ocrx_word' id='word_1_1012' title='bbox 1807 3237 1859 3254; x_wconf 90' lang='lat' dir='ltr'>om.</span> <span class='ocrx_word' id='word_1_1013' title='bbox 1873 3229 1942 3254; x_wconf 82' lang='lat' dir='ltr'>enim</span> <span class='ocrx_word' id='word_1_1014' title='bbox 1962 3234 2021 3262; x_wconf 87' lang='lat' dir='ltr'>post</span> <span class='ocrx_word' id='word_1_1015' title='bbox 2039 3235 2106 3259; x_wconf 82' lang='lat' dir='ltr'>cum,</span> <span class='ocrx_word' id='word_1_1016' title='bbox 2127 3233 2153 3254; x_wconf 86' lang='lat' dir='ltr'>et</span> <span class='ocrx_word' id='word_1_1017' title='bbox 2166 3234 2264 3262; x_wconf 84' lang='lat' dir='ltr'>ponunt</span> <span class='ocrx_word' id='word_1_1018' title='bbox 2282 3229 2351 3254; x_wconf 81' lang='lat' dir='ltr'>enim</span> <span class='ocrx_word' id='word_1_1019' title='bbox 2371 3234 2431 3261; x_wconf 81' lang='lat' dir='ltr'>post</span> <span class='ocrx_word' id='word_1_1020' title='bbox 2444 3229 2600 3255; x_wconf 74' lang='lat' dir='ltr'>sive.1nsu-</span> 
     </span>
     <span class='ocr_line' id='line_1_140' title="bbox 1540 3263 2602 3298; baseline -0.001 -8"><span class='ocrx_word' id='word_1_1021' title='bbox 1540 3273 1586 3298; x_wconf 85' lang='lat' dir='ltr'>per</span> <span class='ocrx_word' id='word_1_1022' title='bbox 1604 3266 1624 3290; x_wconf 78' lang='lat' dir='ltr'><strong>P</strong></span> <span class='ocrx_word' id='word_1_1023' title='bbox 1643 3270 1668 3290; x_wconf 89' lang='lat' dir='ltr'>et</span> <span class='ocrx_word' id='word_1_1024' title='bbox 1683 3263 1857 3296; x_wconf 61' lang='lat' dir='ltr'>Vena-1545</span> <span class='ocrx_word' id='word_1_1025' title='bbox 1871 3272 1925 3290; x_wconf 86' lang='lat' dir='ltr'>om.</span> <span class='ocrx_word' id='word_1_1026' title='bbox 1943 3264 1990 3289; x_wconf 79' lang='lat' dir='ltr'>sed</span> <span class='ocrx_word' id='word_1_1027' title='bbox 2009 3269 2067 3289; x_wconf 77' lang='lat' dir='ltr'>ante</span> <span class='ocrx_word' id='word_1_1028' title='bbox 2085 3271 2201 3294; x_wconf 81' lang='lat' dir='ltr'>neeesse,</span> <span class='ocrx_word' id='word_1_1029' title='bbox 2221 3265 2292 3297; x_wconf 89' lang='lat' dir='ltr'>quod</span> <span class='ocrx_word' id='word_1_1030' title='bbox 2312 3271 2465 3296; x_wconf 70' lang='lat' dir='ltr'>processum</span> <span class='ocrx_word' id='word_1_1031' title='bbox 2478 3265 2602 3289; x_wconf 73' lang='lat' dir='ltr'>orationis</span> 
     </span>
     <span class='ocr_line' id='line_1_141' title="bbox 1541 3299 2602 3333; baseline -0.001 -8"><span class='ocrx_word' id='word_1_1032' title='bbox 1541 3301 1703 3333; x_wconf 56' lang='lat' dir='ltr'>abrumpitv-</span> <span class='ocrx_word' id='word_1_1033' title='bbox 1685 3300 1823 3325; x_wconf 76' lang='lat' dir='ltr'>-lnferius</span> <span class='ocrx_word' id='word_1_1034' title='bbox 1843 3307 1890 3333; x_wconf 90' lang='lat' dir='ltr'>pro</span> <span class='ocrx_word' id='word_1_1035' title='bbox 1910 3302 2024 3332; x_wconf 74' lang='lat' dir='ltr'>propter</span> <span class='ocrx_word' id='word_1_1036' title='bbox 2042 3299 2090 3325; x_wconf 85' lang='lat' dir='ltr'>hoc</span> <span class='ocrx_word' id='word_1_1037' title='bbox 2108 3304 2227 3332; x_wconf 84' lang='lat' dir='ltr'>corrupte</span> <span class='ocrx_word' id='word_1_1038' title='bbox 2245 3303 2271 3324; x_wconf 73' lang='lat' dir='ltr'>et</span> <span class='ocrx_word' id='word_1_1039' title='bbox 2286 3306 2337 3332; x_wconf 82' lang='lat' dir='ltr'>per</span> <span class='ocrx_word' id='word_1_1040' title='bbox 2355 3300 2404 3325; x_wconf 81' lang='lat' dir='ltr'>hoc</span> <span class='ocrx_word' id='word_1_1041' title='bbox 2421 3299 2602 3330; x_wconf 78' lang='lat' dir='ltr'>AClKMQTV</span> 
     </span>
     <span class='ocr_line' id='line_1_142' title="bbox 1540 3334 2565 3368; baseline 0 -8"><span class='ocrx_word' id='word_1_1042' title='bbox 1540 3335 1621 3360; x_wconf 85' lang='lat' dir='ltr'>XYab</span> <span class='ocrx_word' id='word_1_1043' title='bbox 1636 3341 1661 3360; x_wconf 90' lang='lat' dir='ltr'>et</span> <span class='ocrx_word' id='word_1_1044' title='bbox 1673 3334 1853 3367; x_wconf 84' lang='lat' dir='ltr'>Venet.1504</span> <span class='ocrx_word' id='word_1_1045' title='bbox 1863 3335 1933 3368; x_wconf 88' lang='lat' dir='ltr'>quod</span> <span class='ocrx_word' id='word_1_1046' title='bbox 1949 3335 1968 3359; x_wconf 86' lang='lat' dir='ltr'>P</span> <span class='ocrx_word' id='word_1_1047' title='bbox 1982 3339 2007 3360; x_wconf 87' lang='lat' dir='ltr'>et</span> <span class='ocrx_word' id='word_1_1048' title='bbox 2020 3334 2112 3360; x_wconf 81' lang='lat' dir='ltr'>Venet.</span> <span class='ocrx_word' id='word_1_1049' title='bbox 2126 3334 2190 3367; x_wconf 85' lang='lat'>1545</span> <span class='ocrx_word' id='word_1_1050' title='bbox 2205 3335 2335 3367; x_wconf 80' lang='lat' dir='ltr'>corrigunt</span> <span class='ocrx_word' id='word_1_1051' title='bbox 2347 3335 2517 3368; x_wconf 80' lang='lat' dir='ltr'>expungendo</span> <span class='ocrx_word' id='word_1_1052' title='bbox 2531 3337 2565 3360; x_wconf 76' lang='lat' dir='ltr'>et.</span> 
     </span>
    </p>
   </div>
   <div class='ocr_carea' id='block_1_23' title="bbox 1382 3456 2017 3484">
    <p class='ocr_par' dir='ltr' id='par_1_31' title="bbox 1382 3456 2017 3484">
     <span class='ocr_line' id='line_1_143' title="bbox 1382 3456 2017 3484; baseline 0.002 -1"><span class='ocrx_word' id='word_1_1053' title='bbox 1382 3456 2017 3484; x_wconf 53' lang='lat'>—4-&gt;-※—&lt;-1»-——————-—</span> 
     </span>
    </p>
   </div>
   <div class='ocr_carea' id='block_1_24' title="bbox 2632 338 2898 412">
    <p class='ocr_par' dir='ltr' id='par_1_32' title="bbox 2632 338 2898 412">
     <span class='ocr_line' id='line_1_144' title="bbox 2633 338 2898 370; baseline 0.008 -10"><span class='ocrx_word' id='word_1_1054' title='bbox 2633 338 2643 348; x_wconf 75' lang='lat'><em>“</em></span> <span class='ocrx_word' id='word_1_1055' title='bbox 2667 339 2771 366; x_wconf 72' lang='lat' dir='ltr'>sequitur</span> <span class='ocrx_word' id='word_1_1056' title='bbox 2797 346 2846 362; x_wconf 85' lang='lat' dir='ltr'>om.</span> <span class='ocrx_word' id='word_1_1057' title='bbox 2894 359 2898 370; x_wconf 73' lang='grc'>,</span> 
     </span>
     <span class='ocr_line' id='line_1_145' title="bbox 2632 369 2846 412; baseline 0.008 -26"><span class='ocrx_word' id='word_1_1058' title='bbox 2632 369 2803 412; x_wconf 57' lang='grc' dir='ltr'>ΐξὲκκατκγα,</span> <span class='ocrx_word' id='word_1_1059' title='bbox 2830 372 2846 388; x_wconf 85' lang='lat' dir='ltr'>v</span> 
     </span>
    </p>
   </div>
   <div class='ocr_carea' id='block_1_25' title="bbox 2631 548 2898 1601">
    <p class='ocr_par' dir='ltr' id='par_1_33' title="bbox 2633 547 2898 1601">
     <span class='ocr_line' id='line_1_146' title="bbox 2664 548 2845 572; baseline 0.017 -3"><span class='ocrx_word' id='word_1_1060' title='bbox 2664 548 2727 570; x_wconf 86' lang='lat' dir='ltr'>Lect.</span> <span class='ocrx_word' id='word_1_1061' title='bbox 2742 555 2783 571; x_wconf 86' lang='lat' dir='ltr'>vn.</span> <span class='ocrx_word' id='word_1_1062' title='bbox 2799 555 2823 572; x_wconf 90' lang='lat' dir='ltr'>n.</span> <span class='ocrx_word' id='word_1_1063' title='bbox 2831 550 2845 572; x_wconf 87' lang='lat'><strong>⁶</strong></span> 
     </span>
     <span class='ocr_line' id='line_1_147' title="bbox 2634 580 2699 603; baseline 0.018 -8"><span class='ocrx_word' id='word_1_1064' title='bbox 2634 580 2699 603; x_wconf 71' lang='lat' dir='ltr'>seqq.</span> 
     </span>
     <span class='ocr_line' id='line_1_148' title="bbox 2632 752 2846 780; baseline 0.011 -6.339"><span class='ocrx_word' id='word_1_1065' title='bbox 2632 752 2697 774; x_wconf 73' lang='lat' dir='ltr'>‘ibt&#39;</span> <span class='ocrx_word' id='word_1_1066' title='bbox 2717 759 2772 780; x_wconf 76' lang='lat' dir='ltr'>nm,</span> <span class='ocrx_word' id='word_1_1067' title='bbox 2795 759 2846 776; x_wconf 71' lang='lat' dir='ltr'>cum</span> 
     </span>
     <span class='ocr_line' id='line_1_149' title="bbox 2633 769 2846 827; baseline 0.01 -27"><span class='ocrx_word' id='word_1_1068' title='bbox 2633 778 2668 800; x_wconf 90' lang='lat' dir='ltr'>ed.</span> <span class='ocrx_word' id='word_1_1069' title='bbox 2672 785 2699 827; x_wconf 62' lang='lat' dir='ltr'>aa</span> <span class='ocrx_word' id='word_1_1070' title='bbox 2710 782 2731 801; x_wconf 77' lang='lat' dir='ltr'>et</span> <span class='ocrx_word' id='word_1_1071' title='bbox 2741 769 2785 802; x_wconf 79' lang='lat' dir='ltr'>ce&#39;t.</span> <span class='ocrx_word' id='word_1_1072' title='bbox 2795 785 2846 802; x_wconf 80' lang='lat' dir='ltr'>exc.</span> 
     </span>
     <span class='ocr_line' id='line_1_150' title="bbox 2631 1067 2807 1096; baseline 0.004 -7.09"><span class='ocrx_word' id='word_1_1073' title='bbox 2631 1067 2753 1095; x_wconf 71' lang='lat' dir='ltr'>‘primum</span> <span class='ocrx_word' id='word_1_1074' title='bbox 2766 1073 2807 1096; x_wconf 72' lang='lat' dir='ltr'>nn,</span> 
     </span>
     <span class='ocr_line' id='line_1_151' title="bbox 2888 1537 2898 1601; baseline 0 -2"><span class='ocrx_word' id='word_1_1075' title='bbox 2888 1537 2898 1601; x_wconf 94' lang='grc' dir='ltr'>Ξ</span> 
     </span>
    </p>
   </div>
   <div class='ocr_carea' id='block_1_26' title="bbox 2631 2437 2875 2467">
    <p class='ocr_par' dir='ltr' id='par_1_34' title="bbox 2631 2437 2875 2467">
     <span class='ocr_line' id='line_1_152' title="bbox 2631 2437 2875 2467; baseline -0.008 -6"><span class='ocrx_word' id='word_1_1076' title='bbox 2631 2439 2642 2450; x_wconf 84' lang='lat'>&#39;¹</span> <span class='ocrx_word' id='word_1_1077' title='bbox 2656 2437 2720 2461; x_wconf 65' lang='lat' dir='ltr'>Loci.</span> <span class='ocrx_word' id='word_1_1078' title='bbox 2730 2444 2763 2461; x_wconf 81' lang='lat' dir='ltr'>vn</span> <span class='ocrx_word' id='word_1_1079' title='bbox 2777 2444 2832 2467; x_wconf 69' lang='lat' dir='ltr'>sqq.</span> <span class='ocrx_word' id='word_1_1080' title='bbox 2873 2454 2875 2459; x_wconf 95' lang='lat'>.</span> 
     </span>
    </p>
   </div>
   <div class='ocr_carea' id='block_1_27' title="bbox 2839 1611 2898 3996">
    <p class='ocr_par' dir='ltr' id='par_1_35' title="bbox 2839 1611 2898 3996">
     <span class='ocr_line' id='line_1_153' title="bbox 2839 1611 2898 3996; baseline 0 0"><span class='ocrx_word' id='word_1_1081' title='bbox 2839 1611 2898 3996; x_wconf 95' lang='lat' dir='ltr'> </span> 
     </span>
    </p>
   </div>
  </div>
 </body>
</html>
