2950 4004
1130 302 1240 338 CAP.
1271 301 1338 348 IV,
1369 301 1518 338 LECT.
1546 302 1596 339 VI

2377 304 2441 342 161

984 488 1358 545 LECTIO
1411 489 1745 545 SEXTA

1191 630 1274 660 DEF
1277 630 1410 661 1N1T10
1434 630 1536 661 LOCI

275 747 363 787 Ἤδη
390 755 500 786 τοίνυν
525 749 663 794 φανερὸν
689 748 724 782 ἐκ
750 748 881 782 τούτων
907 751 940 781 τί
966 749 1057 781 ἐστιν
1077 750 1092 780 ὁ
1115 748 1233 786 τόπος.
1261 751 1343 795 Σχε-

349 793 406 829 δὸν
431 796 495 849 γάρ
520 793 678 835 τέτταρά
702 794 792 825 ἐστιν
817 792 860 824 ὦν
887 792 1017 839 ἀνάγκη
1044 793 1104 825 τόν
1127 793 1233 826 τόπον
1257 793 1287 825 ἕν
1306 806 1341 826 τι

349 838 446 873 εἶναι·
466 841 486 876 ἡ
504 838 567 884 γάρ
595 837 702 881 μορφή
722 835 743 874 ἦ
762 836 821 874 ὕλη
844 835 865 873 ἦ
883 831 1061 881 διάστημά
1085 849 1119 869 τι
1144 837 1185 870 τὸ
1210 837 1340 881 μεταξύ

350 885 417 916 τῶν
443 881 612 927 ἐσχάτων,
632 879 653 917 ἦ
675 881 723 912 τά
746 881 895 925 ἔσχατα,
921 882 949 912 εἰ
973 880 1021 925 μή
1047 882 1119 913 ἐστι
1145 877 1247 925 μηδὲν
1267 882 1341 913 διά-

348 938 464 971 στημα
490 925 586 970 παραὶ
609 925 649 957 τό
674 925 736 957 τοῦ
763 924 976 971 ἐγγινομένου
1006 925 1162 970 σώματος
1188 924 1338 971 μέγεθος.

282 1014 418 1048 Τούτων
443 1009 472 1045 δ’
495 1012 549 1045 ὅτι
574 1013 634 1044 οὐκ
659 1007 836 1056 ἐνδέχεται
861 1012 908 1044 τοὶ
931 1014 1010 1056 τρία
1036 1009 1137 1053 εἶναι,
1164 1012 1317 1056 φανερόν·

284 1101 375 1135 ἀλλά
406 1097 465 1133 διά
495 1100 554 1144 μὲν
586 1099 628 1132 τὸ
659 1098 825 1144 περιέχειν
859 1094 952 1131 ’δοκεῖ
983 1100 1003 1136 ἠ
1034 1099 1142 1144 μορφή
1175 1097 1273 1131 εἶναι·
1307 1100 1341 1131 ἐν

349 1143 468 1187 ταύτῷ
492 1145 557 1190 γσὶρ
582 1144 630 1177 τοὶ
653 1144 788 1189 ἔσχατα
810 1144 872 1176 τοῦ
890 1143 1107 1190 περιέχοντος
1123 1146 1183 1175 καὶ
1201 1145 1263 1176 τοῦ
1285 1155 1343 1175 πε-

348 1188 541 1237 ριεχομένου

274 1233 372 1266 Ἔστι
396 1234 456 1279 μέν
483 1230 539 1264 οὖν
565 1230 661 1275 α”μφω
687 1230 838 1275 πέρατα,
866 1231 939 1263 ἀλλ’
961 1231 998 1263 οὗ
1024 1232 1086 1263 τοῦ
1111 1231 1232 1273 αὐτοῦ,
1254 1231 1344 1264 ἀλλά

273 1281 275 1283 ’
348 1277 389 1311 τὸ
413 1278 472 1322 μέν
498 1273 583 1312 εἶδος
609 1275 671 1308 τοῦ
705 1274 929 1321 πράγματος,
956 1276 972 1307 ὁ
996 1270 1034 1308 δὲ
1059 1275 1164 1313 τόπος
1196 1277 1257 1308 τοῦ
1286 1288 1343 1309 πε-

348 1321 519 1366 ριέχοντος
544 1317 715 1364 σώματος.

282 1367 346 1399 Ata
367 1359 405 1398 δὲ
429 1366 471 1398 τό
495 1362 726 1408 μεταβάλλειν
752 1362 916 1400 πολλάκις
948 1362 1106 1407 μένοντος
1138 1365 1201 1395 τοῦ
1235 1363 1342 1407 περιέ-

347 1421 469 1454 χοντος
495 1409 536 1440 τό
561 1406 796 1451 περιεχόμενον
820 1409 877 1438 καὶ
901 1403 1112 1451 διῃρημένον,
1132 1408 1198 1439 οἷον
1223 1408 1256 1448 ἐξ
1282 1409 1343 1453 ἀγ-

347 1456 439 1498 γείου
465 1449 564 1497 ὕδωρ,
584 1452 625 1483 τό
651 1449 781 1494 μεταξύ
806 1448 890 1482 εἶναί
915 1463 950 1484 τι
974 1447 1068 1482 δοκεῖ
1089 1447 1279 1496 διάστημα,
1299 1455 1340 1491 ὠς

349 1499 384 1531 ὄν
409 1509 444 1530 τι
469 1496 563 1540 παραὶ
588 1495 628 1527 τὸ
652 1496 749 1538 σῶμα
774 1495 815 1526 τό
840 1495 1096 1539 μεθιστάμενον.

282 1543 329 1574 Τό
352 1538 382 1574 δ’
411 1542 470 1573 οὐκ
495 1541 607 1580 ἔστιν,
642 1539 732 1571 ἀλλά
756 1539 796 1571 τό
822 1539 926 1583 τυχὸν
958 1540 1122 1582 ἐμπίπτει
1154 1540 1251 1583 σῶμα
1276 1542 1341 1574 τῶν

349 1583 602 1631 μεθισταμένων
621 1585 679 1614 καὶ
707 1580 876 1614 ἅπτεσθαι
902 1583 1109 1628 πεφυκότων.
1137 1584 1173 1614 Εἰ
1190 1581 1218 1616 δ’
1241 1583 1280 1622 ἥν
1307 1597 1340 1618 τι

349 1629 390 1663 τὸ
422 1624 599 1671 διάστημα
631 1626 672 1659 τὸ
704 1626 846 1670 πεφυκός
878 1629 936 1659 καὶ
968 1627 1066 1670 μένον
1099 1627 1132 1659 ἐν
1165 1630 1212 1670 τῷ
1247 1629 1340 1670 αὐτῷ

348 1673 458 1714 τόπῳ,
478 1671 608 1714 ἄπειροι
631 1669 668 1703 ἂν
688 1668 774 1707 ἦσαν
796 1669 909 1702 τόποι·
932 1670 1178 1724 μεθισταμένου
1196 1673 1259 1718 γάρ
1278 1675 1340 1706 τοῦ

349 1712 474 1754 ὕδατος
491 1718 547 1747 καὶ
566 1716 628 1747 τοῦ
646 1713 740 1758 ἀέρος
758 1713 870 1746 ταύτό
889 1714 1023 1752 ποιήσει
1040 1727 1087 1748 τα
1103 1713 1204 1758 μόρια
1222 1717 1341 1749 πάντα

349 1761 380 1794 ὲν
407 1761 454 1801 τῷ
481 1758 544 1800 ὅλῳ
571 1757 650 1801 ὅπερ
678 1758 769 1790 ἅπαν
795 1758 835 1791 τό
862 1754 946 1802 ὕδωρ
972 1759 1004 1791 ἐν
1030 1759 1077 1800 τῷ
1105 1759 1238 1804 ἀγγείῳ·

282 1805 355 1850 ἅμα
383 1799 421 1836 δὲ
448 1806 506 1835 καὶ
538 1804 554 1835 ὀ
579 1802 684 1840 τόπος
719 1802 816 1834 ἔσται
846 1803 1083 1845 μεταβάλλων.
1117 1802 1212 1835 “Ὠστ’
1243 1803 1340 1836 ἔσται

348 1849 411 1881 τοῦ
436 1847 544 1880 τόπου
570 1847 600 1879 τ’
630 1847 730 1883 ἄλλος
756 1845 883 1886 τόπος,
913 1849 971 1878 καὶ
996 1848 1114 1879 πολλοὶ
1141 1846 1242 1880 τόποι
1269 1848 1341 1890 ἅμα

347 1893 498 1925 ἔσονται.
524 1891 592 1922 Οὖκ
616 1890 689 1923 ἔστι
714 1886 751 1922 δὲ
777 1890 878 1928 ἄλλος
903 1890 1008 1929 τόπος
1035 1892 1051 1923 ὁ
1076 1892 1138 1923 τοῦ
1161 1895 1287 1937 μορίου,
1307 1894 1339 1926 ὲν

348 1936 372 1978 ᾧ
388 1940 545 1976 κινεῖται,
574 1934 656 1967 ὅταν
677 1933 752 1966 δ’λον
774 1935 814 1966 τό
835 1935 968 1980 ἀγγεῖον
990 1934 1207 1979 μεθίστηται,
1229 1935 1300 1969 ἀλλ’
1324 1939 1339 1970 ό

347 1979 467 2018 αὐτός·
494 1979 527 2012 ἐν
553 1979 576 2020 ᾦ
601 1978 665 2025 γάρ
692 1979 802 2019 ἐστιν,
838 1978 1123 2023 ἀντιμεθίσταται
1150 1981 1165 2012 ό
1193 1978 1256 2025 ἀήρ
1281 1984 1339 2014 καὶ

347 2024 388 2057 τό
414 2019 499 2068 ὕδωρ
518 2022 539 2059 ἢ
558 2023 605 2055 τά
628 2022 729 2066 μόρια
754 2023 815 2055 τοῦ
842 2018 981 2064 ὕδατος,
1010 2024 1081 2056 ἀλλ’
1104 2025 1163 2056 οὐκ
1189 2025 1221 2057 ἑν
1247 2025 1271 2067 ᾦ
1291 2029 1340 2072 γί-

347 2080 464 2100 νονται
484 2066 593 2107 τόπῳ,
613 2067 645 2104 ὃς
663 2066 759 2111 μέρος
786 2067 857 2100 ἐστὶ
883 2069 945 2099 τοῦ
963 2067 1071 2100 τόπου
1090 2067 1123 2106 ὃς
1142 2069 1215 2101 ἐστι
1233 2069 1339 2108 τόπος

349 2112 426 2145 ὅλου
451 2112 514 2144 τοῦ
540 2111 578 2142 οὐ
601 2111 695 2142 ανοῦ.

280 2160 345 2191 Καὶ
363 2157 384 2192 ἢ
403 2156 464 2193 ὕλη
485 2151 523 2187 δὲ
548 2151 673 2194 δοξειεν
700 2153 738 2185 ἂν
763 2151 848 2185 εἶναι
870 2154 989 2195 τόπος,
1009 2156 1091 2201 εἴγε
1110 2154 1142 2187 ἐν
1160 2157 1339 2201 ἦρεμοῧντί

348 2212 400 2237 τις
417 2201 559 2235 σκοποίη
576 2199 635 2230 καὶ
652 2197 698 2242 μή
715 2197 944 2242 κεχωρισμένῳ
963 2199 1054 2231 ἀλλοὶ
1068 2205 1211 2245 συνεχεῖ·
1230 2200 1337 2246 ὥσπερ

373 2244 411 2288 etp
435 2244 463 2275 εἱ
490 2243 704 2282 ἀλλοιοῦται,
731 2241 803 2273 ἔστι
828 2253 862 2273 τι
883 2242 971 2274 ὃνῧν
997 2243 1055 2286 μὲν
1078 2244 1209 2284 λευκόν,
1230 2245 1339 2278 πάλαι

347 2256 385 2322 g&
409 2287 535 2331 μέλαν,
560 2288 618 2318 καὶ
643 2286 699 2317 νῦν
725 2285 783 2329 μὲν
809 2286 963 2330 σκληρόν,
990 2286 1100 2320 πάλαι
1123 2283 1160 2320 δὲ
1184 2289 1339 2331 μαλακόν

351 2328 423 2379 (διό
441 2343 546 2375 φαμεν
564 2328 647 2362 εἶναί
666 2341 700 2362 τι
718 2329 780 2365 τήν
804 2328 916 2373 ὕλην),
937 2329 1025 2363 οὕτω
1045 2333 1104 2362 καὶ
1126 2334 1141 2364 ὁ
1159 2334 1264 2371 τόπος
1282 2329 1340 2366 διά

348 2375 512 2412 τοιαύτης
546 2374 636 2412 τινός
661 2371 747 2405 εἶναι
770 2368 866 2405 δοκεῖ
890 2378 1095 2417 φαντασίας·
1121 2377 1209 2414 πλην
1234 2377 1338 2410 ἐκεῖνο

348 2422 407 2466 μὲν
431 2419 521 2451 διότι
547 2419 563 2451 ὂ
589 2417 629 2457 ἦν
656 2417 734 2461 ἀήρ,
761 2418 867 2450 τοῦτο
893 2419 948 2450 νῦν
974 2415 1079 2464 ὕδωρ,
1107 2422 1123 2452 ό
1147 2416 1184 2453 δὲ
1209 2421 1336 2462 τόπος,

350 2465 404 2498 ὅτι
429 2463 466 2496 οὗ
492 2462 530 2500 ἦν
557 2463 572 2495 ὁ
601 2461 678 2506 ἀήρ,
705 2460 839 2494 ἐνταῦθ’
868 2462 940 2495 ἐστὶ
965 2464 1020 2494 νῦν
1047 2460 1144 2508 ὕδωρ.

274 2553 365 2586 Ἀλλ’
394 2553 415 2588 ἧ
441 2551 498 2594 μὲν
525 2550 600 2591 ὕλη,
626 2550 734 2590 ὥσπερ
760 2547 880 2594 ἐλέχθη
907 2550 939 2581 έν
965 2555 1035 2588 τοῖς
1061 2551 1237 2596 πρότερον,
1259 2552 1338 2584 οὔτε

371 2595 496 2640 ωριστη
522 2595 585 2627 τοῦ
610 2593 813 2639 πράγματος
840 2593 918 2625 οὔτε
942 2595 1102 2641 περιέχει,
1131 2597 1146 2628 ὁ
1172 2593 1209 2629 δὲ
1233 2595 1339 2633 τόπος

350 2650 452 2684 αμφο.
554 2681 560 2691 1
636 2682 653 2690 ..
752 2679 768 2687 ..
813 2680 820 2689 ·
875 2679 882 2689 Ι
977 2681 984 2691 ’
1125 2681 1132 2692 Ι
1227 2683 1233 2694 x
1268 2678 1299 2693 ῃ

280 2686 317 2717 Εἰ
342 2686 453 2717 τοίνυν
477 2677 580 2725 μηδεν
606 2692 673 2712 των
690 2691 711 2712 τ
733 2690 788 2710 ιων
806 2691 821 2711 ο
840 2691 956 2718 τοπος-
972 2684 1058 2722 εστί,
1085 2694 1174 2724 μητε
1192 2695 1233 2716 το
1251 2684 1337 2720 ειὸος

348 2726 435 2772 μήτε
461 2726 481 2761 ’ἦ
508 2724 568 2762 ὕλη
594 2723 683 2769 μήτε
708 2691 886 2767 §hosti-'mhi
910 2737 944 2756 τι
971 2726 1021 2758 ἀεὶ
1047 2725 1198 2772 ὑπάρχον
1225 2726 1338 2770 ἕτερον

348 2770 444 2815 παραὶ
466 2768 508 2801 τὸ
533 2770 595 2801 τοῦ
621 2768 825 2814 πράγματος
848 2769 910 2800 τοῦ
927 2768 1185 2813 μεθισταμένου,
1207 2770 1336 2816 ἀνάγκη

348 2815 407 2847 τὸν
433 2812 540 2846 τόπον
565 2809 650 2844 εἶναι
675 2813 716 2844 τό
740 2811 858 2842 λοιπόν
883 2814 949 2844 τῶν
971 2814 1215 2868 τεσσάρων,τό
1234 2814 1336 2859 πέρας

313 2858 316 2861 ’
348 2859 411 2890 τοῦ
435 2856 652 2900 περιέχοντος
669 2855 840 2899 σώματος.
866 2855 963 2902 Λέγω
988 2852 1025 2889 δέ
1043 2869 1085 2889 το
1102 2858 1337 2903 περιεχόμενον

347 2903 444 2946 σῶμα
469 2900 510 2934 τό
534 2901 670 2937 κινητόν
694 2898 791 2932 necrol
813 2899 927 2943 φοράν.

282 2949 380 2980 Δοκεῖ
402 2942 440 2979 δὲ
463 2945 553 2989 μέγα
578 2956 612 2976 τι
636 2941 722 2976 εἶναι
744 2944 802 2975 καὶ
826 2944 978 2988 χαλεπόν
1002 2944 1168 2986 ληφθῆναι
1194 2947 1210 2977 ὀ
1232 2945 1338 2984 τόπος

347 2986 407 3030 διά
423 3002 461 3023 τε
480 2991 520 3021 τό
546 2985 832 3033 παρεμφαίνεσθαι
853 2987 916 3024 τήν
939 2987 1019 3025 ὕλην
1036 2990 1093 3020 καὶ
1113 2989 1176 3026 τήν
1195 2990 1336 3034 μορφήν,

347 3037 405 3066 καὶ
429 3029 488 3066 διὰ
511 3033 552 3066 τό
579 3034 611 3065 ἐν
637 3032 816 3076 ἠρεμοῦντι
834 3033 881 3073 τῷ
900 3032 1090 3077 περιέχοντι
1105 3032 1255 3079 γίνεσθαι
1273 3033 1336 3070 τήν

348 3077 560 3122 μετάστασιν
586 3078 648 3109 τοῦ
673 3087 747 3121 φερο
778 3073 864 3107 ένου·
885 3071 1078 3122 ἐνδέχεσθαι
1098 3077 1162 3123 γάρ
1180 3080 1338 3121 φαίνεται

349 3119 434 3153 εἶναι
458 3118 634 3164 διάστημα
659 3087 790 3165 μεταὲὖ
817 3120 900 3152 ἄλλο
925 3133 958 3152 τι
984 3122 1049 3152 τῶν
1066 3121 1265 3164 κινουμένων
1283 3134 1341 3166 με-

347 3164 463 3212 γεθῶν.
491 3164 731 3209 Συμβάλλεται
751 3160 790 3197 δέ
813 3176 847 3196 τι
871 3166 929 3196 καὶ
951 3165 966 3196 ὀ
990 3165 1053 3208 ἀήρ
1077 3161 1183 3196 δοκῶν
1203 3166 1340 3210 ἀσώμα-

349 3221 407 3247 τος
431 3205 528 3241 εἶναι·
555 3211 712 3253 φαίνεται
742 3209 806 3254 γάρ
840 3206 876 3239 οὐ
908 3207 1007 3252 μόνον
1037 3209 1085 3241 τά
1109 3209 1244 3253 πέρατα
1277 3212 1338 3241 τοῦ

350 3252 486 3299 ἀγγείου
503 3249 588 3284 εἶναι
610 3254 626 3284 ὁ
643 3252 762 3293 τόπος,
784 3251 874 3285 ἀλλά
888 3254 945 3284 καὶ
966 3252 1008 3284 τό
1024 3252 1155 3295 μεταξύ
1172 3255 1212 3291 ὠς
1230 3253 1336 3285 κενόν.

275 3340 373 3372 Ἔστι
397 3335 426 3371 δ’
455 3338 563 3383 ὥσπερ
593 3339 634 3371 τό
668 3340 802 3385 ἀγγεῖον
833 3337 938 3376 τόπος
968 3339 1221 3383 μεταφορητός,
1249 3339 1338 3372 οὕτω

348 3385 405 3415 καὶ
424 3384 439 3415 ὁ
461 3382 565 3420 τόπος
593 3381 728 3428 ἀγγεῖον
756 3384 1018 3427 ἀμετακίνητον.
1045 3383 1101 3414 Διὸ
1125 3383 1208 3415 ὅταν
1226 3384 1284 3427 μὲν
1306 3382 1338 3416 ἐν

349 3427 526 3470 κινουμένῳ
550 3438 586 3459 τι
609 3427 748 3463 κινῆται
771 3428 829 3458 καὶ
853 3425 1056 3468 μεταβάλλῃ
1082 3426 1122 3458 το“
1142 3426 1251 3467 ἐντός,
1271 3428 1338 3459 οἷον

350 3473 382 3504 ἑν
416 3471 562 3513 ποταμῷ
595 3472 734 3511 πλοῖον,
769 3471 809 3508 ὠς
845 3470 967 3515 ἀγγείῳ
999 3470 1127 3514 χρῆται
1157 3472 1284 3514 μᾶλλον
1317 3470 1339 3507 η’

349 3515 444 3556 τόπῳ
471 3515 519 3555 τῷ
545 3513 746 3558 περιέχοντι.
779 3513 946 3546 Βοόλεται
970 3508 998 3544 δ’
1030 3514 1185 3551 ἀκίνητος
1211 3511 1296 3546 εἶναι
1323 3516 1337 3546 ὀ

349 3558 469 3596 τόπος·
495 3555 546 3591 διὸ
574 3559 589 3589 ὀ
615 3560 680 3596 πᾶς
706 3559 834 3602 μᾶλλον
860 3557 1016 3601 ποταμός
1042 3556 1160 3598 τόπος,
1189 3556 1242 3590 ὅτι
1269 3558 1339 3590 ἀκί-

349 3614 448 3641 νητος
476 3604 492 3634 ὀ
518 3603 597 3639 πᾶς.

425 3666 493 3698 Opp.
513 3666 543 3690 D.
557 3666 670 3690 Tnomn
689 3665 720 3690 T.
735 3665 764 3689 11.

1394 751 1411 770 *
1435 752 1502 782 Iam
1524 752 1618 793 igitur
1640 754 1842 785 manifestum
1865 765 1902 786 ex
1919 755 1967 785 his
1983 756 2059 796 quid
2083 763 2128 786 est
2150 756 2248 787 locus.
2266 757 2342 787 Fere
2365 757 2450 787 enim

1461 803 1599 836 quatuor
1613 804 1695 835 sunt,
1720 808 1859 838 quorum
1876 809 1999 829 necesse
2023 806 2069 830 est
2090 800 2198 830 locum
2214 810 2316 830 unum
2331 800 2449 840 aliquid

1462 850 1537 870 esse.
1568 843 1634 871 Aut
1661 842 1746 872 enim
1769 842 1886 880 forma,
1910 850 1964 874 aut
1995 843 2126 873 materia
2149 850 2211 881 est,
2237 851 2290 874 aut
2313 844 2450 884 spatium

1461 884 1591 924 aliquod
1614 885 1756 915 medium
1779 893 2000 924 extremorum,
2025 894 2079 917 aut
2102 893 2247 925 extrema,
2272 888 2296 917 si
2320 898 2384 917 non
2405 894 2451 918 est

1462 927 1599 966 spatium
1629 929 1730 959 ullum
1761 937 1881 969 praeter
1914 930 2103 961 inexistentis
2127 931 2266 970 corporis
2296 931 2449 971 magnitu—

1463 970 1579 1001 dinem.

1396 1013 1522 1043 Horum
1553 1021 1678 1053 autem,
1711 1017 1799 1056 quod
1829 1027 1894 1046 non
1928 1017 2087 1057 contingat
2118 1017 2175 1047 tria
2205 1027 2290 1056 esse,
2321 1017 2450 1047 manife-

1462 1064 1547 1087 stum
1571 1064 1626 1087 est.

1396 1099 1458 1130 Sed
1481 1108 1610 1140 propter
1632 1101 1664 1130 id
1687 1103 1774 1142 quod
1798 1103 1947 1142 continet,
1970 1104 2094 1134 videtur
2116 1104 2218 1134 forma
2237 1112 2319 1135 esse:
2342 1105 2375 1135 in
2399 1115 2451 1135 eo-

1464 1144 1536 1174 dem
1560 1145 1644 1175 enim
1668 1152 1742 1176 sunt
1764 1153 1900 1177 extrema
1924 1148 2109 1178 continentis
2133 1155 2163 1179 et
2186 1149 2334 1179 contenti.

1397 1233 1477 1263 Sunt
1499 1233 1629 1274 quidem
1643 1233 1737 1274 igitur
1760 1241 1891 1275 utraque
1914 1234 2049 1273 termini,
2069 1235 2123 1265 sed
2141 1245 2206 1265 non
2223 1235 2380 1265 eiusdem:
2397 1235 2451 1265 sed

1463 1276 1567 1307 forma
1589 1277 1719 1318 quidem
1742 1278 1803 1317 rei,
1827 1278 1915 1308 locus
1939 1285 2045 1308 autem
2068 1279 2254 1309 continentis
2279 1279 2428 1319 corporis.

1395 1361 1410 1378 *
1425 1363 1486 1395 Sed
1511 1374 1547 1394 ex
1571 1374 1609 1395 eo
1626 1365 1715 1405 quod
1737 1371 1876 1396 mutatur
1899 1365 2071 1404 multoties,
2091 1373 2237 1397 manente
2263 1367 2452 1406 continente,

1461 1414 1647 1438 contentum
1663 1415 1693 1439 et
1708 1409 1856 1447 divisum,
1874 1415 1909 1440 ut
1925 1419 1961 1440 ex
1976 1419 2048 1439 vase
2071 1417 2167 1450 aqua;
2189 1411 2295 1450 ipsum
2311 1412 2453 1442 medium

1462 1461 1527 1482 esse
1550 1452 1680 1492 aliquod
1702 1452 1825 1483 videtur
1843 1453 1990 1493 spatium,
2007 1460 2157 1494 tanquam
2173 1454 2290 1495 aliquid
2311 1454 2350 1484 sit
2365 1465 2453 1494 prae-

1460 1502 1507 1526 ter
1530 1505 1645 1536 corpus
1668 1497 1757 1537 quod
1779 1497 1970 1527 transfertur.

1395 1539 1467 1569 Hoc
1490 1545 1597 1570 autem
1620 1549 1685 1570 non
1709 1547 1771 1578 est;
1794 1541 1849 1571 sed
1873 1541 2055 1581 contingens
2079 1540 2187 1571 incidit
2203 1551 2317 1582 corpus
2341 1552 2451 1572 eorum

1461 1593 1541 1623 quae
1560 1583 1798 1622 transferuntur,
1821 1591 1851 1614 et
1876 1594 1956 1625 quae
1983 1591 2055 1625 apta
2073 1591 2145 1615 nata
2167 1593 2241 1616 sunt
2265 1585 2452 1625 contingere.

1459 1624 1475 1641 '¹‘
1491 1627 1524 1657 Si
1546 1634 1653 1658 autem
1671 1627 1802 1668 aliquod
1818 1635 1897 1658 esset
1915 1628 2052 1669 spatium
2072 1635 2183 1668 aptum
2201 1635 2322 1667 natum,
2338 1636 2368 1660 et
2385 1640 2452 1660 ma-

1461 1680 1538 1700 nens
1554 1670 1586 1700 in
1602 1671 1716 1701 eodem
1731 1672 1814 1711 loco,
1836 1671 1948 1703 infiniti
1964 1672 2073 1713 utique
2097 1679 2198 1703 essent
2214 1673 2286 1704 loci.
2310 1673 2450 1704 Distante

1461 1714 1546 1744 enim
1569 1724 1638 1744 aere
1661 1722 1691 1745 et
1714 1725 1806 1755 aqua,
1829 1715 1914 1746 idem
1936 1715 2049 1747 facient
2072 1726 2183 1747 omnes
2204 1723 2305 1757 panes
2328 1717 2360 1747 in
2383 1723 2451 1748 toto

1462 1758 1551 1797 quod
1573 1758 1704 1798 quidem
1726 1759 1831 1789 omnis
1855 1769 1937 1799 aqua
1959 1759 1992 1789 in
2015 1770 2097 1790 vase.

1395 1799 1497 1830 Simul
1527 1808 1634 1831 autem
1660 1802 1715 1832 erit
1739 1809 1769 1832 et
1790 1803 1880 1832 locus
1910 1810 2144 1834 transmutatus.
2177 1804 2282 1840 Quare
2306 1804 2362 1834 erit
2389 1805 2451 1835 loci

1461 1845 1541 1875 alius
1564 1845 1665 1884 locus,
1689 1852 1720 1876 et
1742 1846 1834 1877 multi
1856 1846 1918 1877 loci
1942 1847 2037 1877 simul
2061 1853 2160 1878 erunt.
2183 1848 2258 1878 Non
2281 1854 2326 1878 est
2345 1854 2451 1878 autern

1461 1888 1541 1918 alius
1563 1889 1653 1919 locus
1682 1890 1795 1929 partis,
1818 1890 1851 1919 in
1874 1900 1940 1930 quo
1964 1897 2128 1929 movetur,
2161 1901 2235 1921 cum
2262 1897 2366 1921 totum
2399 1902 2452 1922 vas

1460 1938 1696 1972 transmutatur,
1716 1934 1770 1963 sed
1793 1934 1888 1964 idern.
1911 1934 1946 1964 In
1970 1944 2035 1974 quo
2060 1934 2143 1964 enim
2167 1941 2222 1972 est,
2241 1942 2454 1965 commutatur

1461 1985 1512 2006 aer
1536 1982 1566 2006 et
1588 1987 1687 2017 aqua,
1712 1984 1766 2008 aut
1788 1984 1890 2018 partes
1913 1985 2032 2018 aquae:
2057 1978 2111 2008 sed
2134 1988 2200 2008 non
2226 1978 2259 2008 in
2282 1989 2347 2019 quo
2370 1978 2450 2010 fiunt

1460 2020 1545 2059 loco,
1570 2020 1625 2061 qui
1647 2031 1718 2061 pars
1743 2027 1788 2052 est
1810 2021 1872 2052 loci
1896 2022 1950 2062 qui
1968 2028 2014 2052 est
2036 2022 2125 2053 locus
2148 2022 2245 2053 totius
2271 2023 2356 2053 caeli.

1394 2157 1409 2174 *
1419 2159 1460 2190 Et
1474 2159 1604 2190 materia
1620 2159 1714 2190 etiam
1729 2159 1851 2190 videtur
1870 2159 1979 2200 utique
1995 2170 2061 2190 esse
2076 2159 2176 2198 locus,
2188 2160 2213 2190 si
2228 2161 2261 2190 in
2277 2161 2454 2201 quiescente

1461 2203 1573 2244 aliquis
1602 2203 1793 2242 consideret,
1818 2210 1848 2234 et
1870 2213 1936 2233 non
1959 2204 1991 2233 in
2021 2211 2178 2244 separato,
2206 2205 2261 2234 sed
2290 2205 2452 2236 continuo.

1462 2247 1549 2277 Sicut
1572 2247 1658 2277 enim
1686 2247 1711 2277 si
1734 2247 1895 2286 alteratur,
1920 2254 1966 2278 est
1987 2247 2049 2278 hoc
2072 2247 2202 2288 quidem
2228 2258 2313 2279 nunc
2344 2248 2454 2291 utique

1461 2291 1581 2329 album,
1605 2301 1690 2321 nunc
1713 2297 1819 2321 autem
1842 2291 1986 2331 nigrum,
2010 2298 2040 2322 et
2063 2301 2147 2321 nunc
2171 2292 2301 2334 quidem
2325 2293 2453 2331 durum,

1462 2334 1540 2364 olim
1568 2341 1675 2365 autem
1705 2335 1822 2374 molle;
1846 2336 1930 2365 unde
1954 2334 2087 2365 dicimus
2120 2335 2238 2376 aliquid
2260 2346 2326 2366 esse
2356 2342 2453 2366 mate-

1460 2378 1559 2408 riam:
1584 2378 1627 2408 sic
1658 2385 1688 2409 et
1709 2378 1799 2408 locus
1829 2389 1885 2418 per
1913 2379 2008 2409 talem
2039 2379 2198 2421 quandam
2235 2379 2356 2410 videtur
2387 2390 2453 2410 esse

1461 2421 1667 2462 phantasiam.
1684 2422 1804 2453 Verum
1827 2422 1906 2452 illud
1925 2423 2064 2462 quidem,
2085 2423 2237 2463 quoniam
2257 2424 2345 2465 quod
2367 2434 2452 2454 nunc

1462 2472 1507 2496 est
1530 2475 1629 2506 aqua,
1653 2465 1740 2506 prius
1772 2472 1835 2496 erat
1858 2473 1925 2497 aer:
1949 2466 2038 2496 locus
2057 2473 2174 2506 autem,
2198 2466 2273 2507 quia
2291 2467 2345 2497 ubi
2368 2477 2453 2497 nunc

1462 2515 1507 2540 est
1530 2519 1621 2550 aqua,
1645 2509 1688 2539 ibi
1711 2515 1776 2539 erat
1798 2519 1860 2540 aer.
2238 2547 2240 2549 Ι

1395 2553 1456 2584 Sed
1471 2553 1600 2583 materia
1615 2553 1756 2593 quidem,
1774 2553 1854 2583 sicut
1870 2553 1989 2583 dictum
2000 2559 2046 2584 est
2060 2553 2093 2583 in
2109 2553 2276 2593 prioribus,
2287 2563 2390 2594 neque
2407 2554 2452 2583 di-

1460 2597 1526 2627 visa
1543 2604 1589 2628 est
1603 2607 1621 2627 a
1637 2607 1680 2635 re,
1699 2607 1803 2637 neque
1819 2597 1957 2628 continet
1975 2604 2056 2627 rem:
2077 2598 2166 2628 locus
2186 2604 2291 2628 autem
2307 2603 2450 2638 utraque.

1394 2683 1409 2700 *
1422 2685 1454 2716 Si
1476 2684 1569 2724 igitur
1583 2684 1662 2714 nihil
1680 2684 1776 2715 trium
1798 2685 1887 2715 locus
1912 2691 1967 2723 est,
1989 2695 2091 2725 neque
2115 2685 2235 2723 forma,
2260 2695 2362 2726 neque
2386 2696 2451 2716 ma—
2478 2696 2489 2706 ⁸

1460 2729 1553 2767 teria,
1581 2738 1684 2769 neque
1706 2728 1844 2768 spatium
1869 2739 1992 2769 semper
2018 2729 2136 2770 aliquid
2159 2729 2289 2760 existens
2319 2730 2452 2760 alterum

1459 2779 1581 2813 praeter
1595 2772 1628 2802 id
1643 2772 1732 2812 quod
1751 2779 1796 2803 est
1810 2772 1854 2803 rei
1869 2772 2032 2811 distantia3
2056 2782 2179 2803 necesse
2201 2779 2246 2803 est
2260 2774 2369 2804 locum
2384 2784 2450 2804 esse

1460 2816 1618 2857 reliquum
1647 2816 1685 2846 de
1704 2823 1841 2857 quatuor
1856 2839 1864 2855 ,
1895 2816 2080 2848 continentis
2108 2817 2277 2848 terminum
2301 2818 2450 2857 corporis.

1463 2859 1543 2890 Dico
1571 2866 1678 2890 autem
1700 2867 1885 2891 contentum
1912 2870 2036 2900 corpus,
2060 2861 2148 2901 quod
2175 2864 2319 2892 movetur
2342 2871 2451 2892 secun-

1460 2904 1538 2934 dum
1559 2904 1622 2934 loci
1646 2904 1865 2934 mutationem.

1392 2946 1407 2962 '¹‘
1424 2948 1556 2980 Videtur
1579 2954 1686 2978 autem
1715 2958 1868 2988 magnum
1891 2948 2010 2989 aliquid
2033 2955 2063 2979 et
2094 2948 2218 2979 difficile
2250 2948 2347 2989 accipi
2375 2948 2452 2989 quid
2478 2956 2489 2967 ⁸

1455 2998 1501 3022 est
1523 2991 1630 3030 locus;
1654 2998 1683 3022 et
1705 2999 1834 3032 propter
1856 2991 1917 3022 hoc
1936 2992 2024 3032 quod
2047 2999 2175 3032 apparet
2194 3002 2259 3022 esse
2277 2993 2405 3023 materia
2421 3000 2451 3023 et

1459 3035 1572 3074 forma,
1597 3042 1627 3066 et
1655 3042 1783 3075 propter
1809 3035 1870 3065 hoc
1893 3035 2023 3076 quidem
2050 3037 2138 3076 quod
2165 3036 2197 3066 in
2221 3036 2398 3076 quiescente
2422 3043 2452 3067 et

1462 3079 1642 3110 continente
1657 3078 1693 3110 fit
1710 3079 1929 3110 transmutatio
1945 3080 2011 3110 eius
2031 3080 2118 3120 quod
2135 3079 2240 3111 fertur.
2262 3079 2452 3120 Contingere

1461 3123 1545 3153 enim
1575 3123 1698 3154 videtur
1738 3133 1804 3153 esse
1831 3123 1969 3163 spatium
2000 3123 2142 3154 medium
2168 3124 2254 3154 aliud
2283 3124 2402 3164 aliquid
2432 3133 2450 3153 a

1460 3167 1556 3197 motis
1581 3167 1859 3207 magnitudinibus.
1878 3167 2005 3198 Proficit
2023 3174 2129 3197 autem
2148 3167 2265 3207 aliquid
2281 3174 2311 3197 et
2326 3177 2377 3197 aer
2396 3177 2449 3206 ap-

1461 3221 1573 3251 parens
1596 3210 1800 3250 incorporeus
1824 3218 1904 3241 esse:
1928 3211 2049 3241 videtur
2073 3211 2156 3240 enim
2174 3221 2239 3240 non
2263 3211 2368 3240 solum
2390 3216 2448 3240 ter-

1459 3254 1566 3284 minus
1588 3254 1669 3284 vasis
1693 3264 1759 3284 esse
1781 3254 1886 3293 locus,
1911 3255 1965 3284 sed
1988 3261 2018 3284 et
2040 3254 2127 3294 quod
2151 3260 2196 3284 est
2219 3253 2360 3283 medium
2383 3260 2448 3284 tan-

1460 3307 1559 3339 quam
1580 3308 1727 3328 vacuum.

1393 3339 1408 3357 *
1422 3342 1479 3372 Est
1493 3348 1599 3372 autem
1614 3341 1693 3372 sicut
1708 3351 1762 3371 vas
1777 3341 1866 3371 locus
1885 3339 2138 3377 transmutabilis,
2154 3340 2196 3370 sic
2212 3340 2301 3370 locus
2324 3350 2376 3370 vas
2392 3340 2448 3371 im-

1460 3385 1587 3416 mobile.
1607 3385 1710 3422 Unde,
1727 3394 1800 3415 cum
1823 3384 1952 3424 quidem
1974 3383 2007 3413 in
2030 3393 2068 3413 eo
2088 3383 2175 3423 quod
2193 3390 2339 3414 movetur
2354 3384 2448 3424 quip-

1459 3429 1547 3469 piam
1573 3435 1738 3459 moveatur
1758 3435 1788 3458 et
1812 3433 1950 3457 mutetur
1972 3427 2059 3467 quod
2082 3426 2181 3465 intus,
2205 3433 2240 3458 ut
2262 3427 2294 3457 in
2318 3427 2448 3459 flumine

1459 3473 1558 3511 navis,
1574 3478 1725 3512 tanquam
1740 3480 1811 3500 vase
1830 3470 1928 3500 utitur
1943 3470 2041 3510 magis
2057 3480 2154 3510 quarn
2170 3470 2242 3501 loco
2259 3471 2446 3503 continente.

1460 3516 1538 3547 Vult
1561 3522 1666 3546 autem
1689 3514 1859 3544 immobilis
1889 3514 1978 3544 locus
2002 3521 2083 3544 esse:
2109 3514 2192 3544 unde
2224 3521 2309 3546 totus
2333 3515 2446 3546 fluvius

1461 3559 1560 3600 magis
1584 3559 1674 3589 locus
1698 3564 1759 3597 est,
1784 3557 1858 3599 quia
1880 3557 2052 3588 immobilis
2076 3564 2161 3588 totus
2185 3564 2240 3589 est.

2475 764 2619 818 &sagq-33³⁹.
2634 771 2667 786 ιν.

2478 1373 2489 1383 ’“
2503 1372 2569 1394 Text.
2584 1373 2620 1400 36.

2479 1634 2489 1645 '⁶
2503 1634 2571 1655 Text.
2585 1640 2619 1662 37.

2480 2167 2491 2177 ⁸
2504 2166 2571 2188 Text.
2586 2167 2621 2194 38.

2503 2694 2569 2716 Text.
2584 2700 2621 2723 39.

2502 2956 2568 2978 Text.
2583 2963 2625 2983 40.

2474 3347 2484 3358 ⁸
2498 3346 2564 3369 Text.
2578 3353 2612 3374 41.
