2898 3996
1196 298 1306 335 CAP.
1337 297 1404 344 IV,
1434 297 1583 333 LECT.
1612 297 1663 334 VI

1123 536 1421 592 LECTIO
1460 537 1741 592 SEXTA

794 709 852 740 DE
874 707 1067 739 UNITATE
1092 705 1324 744 GENERICA,
1348 704 1567 736 SPECIFICA
1590 706 1647 736 ET
1670 706 1895 737 NUMERICA
1918 707 2067 738 MOTUS
2338 707 2357 711 ”

348 854 419 884 Μία
443 847 480 883 δὲ
507 852 630 886 κίνησις
661 846 802 893 λέγεται
836 845 1029 890 πολλαχῶς·
1056 845 1097 876 τό
1122 844 1185 890 γάρ
1211 844 1243 875 ἓν
1277 845 1407 875 πολλα-

413 896 479 941 χῶς
503 893 657 938 λέγομεν.
685 890 776 922 Γένει
801 890 858 934 μέν
885 887 941 921 οὖν
966 891 1027 932 μία
1050 888 1146 921 κατα
1169 889 1217 920 τοὶ
1235 887 1404 932 σχήματα

415 939 477 975 τῆς
502 937 708 981 κατηγορίας
736 935 822 966 ἐστί·
849 934 935 978 φοραὶ
959 933 1018 975 μὲν
1043 933 1107 979 γάρ
1133 931 1227 974 πάσῃ
1247 933 1331 976 φορᾷ
1357 932 1403 972 τῷ

412 980 501 1028 γένει
525 982 599 1024 μία·
628 980 802 1016 ἀλλοίωσις
828 978 865 1009 δὲ
889 979 990 1022 φορᾶς
1017 976 1118 1021 ἑτέρα
1143 977 1190 1018 τῷ
1214 975 1314 1022 γένει·

346 1060 427 1097 εἴδει
450 1058 488 1094 δέ
513 1064 592 1107 μία,
620 1061 703 1095 ὅταν
729 1062 776 1103 τῷ
805 1059 894 1104 γένει
925 1062 986 1103 μία
1017 1057 1102 1092 οὖσα
1131 1061 1188 1091 καὶ
1222 1059 1253 1090 έν
1289 1057 1404 1102 ἀτόμῳ

413 1102 492 1139 εἴδει
518 1105 552 1150 ᾖ·
580 1107 647 1138 οἷον
672 1105 854 1151 χρώματος
872 1104 931 1148 μέν
949 1105 1011 1136 εἱσι
1031 1104 1201 1148 διαφοραί·
1224 1104 1405 1149 τοιγαροῦν

415 1151 500 1188 ἄλλη
534 1151 581 1192 τῷ
611 1146 692 1182 εἴδει
725 1149 882 1194 μέλανσις
914 1150 972 1180 καὶ
1002 1148 1192 1185 λεύκανσις·
1223 1147 1319 1179 πᾶσα
1350 1145 1405 1178 οὖν

411 1195 586 1232 λεύκανσις
612 1193 706 1237 πάσῃ
730 1193 904 1226 λευκάνσει
923 1194 943 1229 ἡ
968 1191 1060 1229 αὐτή
1084 1193 1162 1224 κατ’
1184 1186 1270 1227 εἶδος
1293 1191 1405 1232 ἔσται,

412 1241 471 1272 καὶ
496 1241 593 1272 πᾶσα
615 1239 773 1282 με’λανσις
790 1237 959 1282 μελάνσει.
986 1236 1200 1274 Λευκότητος
1225 1230 1253 1265 δ’
1277 1235 1404 1268 οὖκέτι·

413 1279 466 1315 διὰ
493 1285 539 1325 τῷ
566 1278 647 1315 εἴδει
671 1285 732 1327 μία
762 1282 940 1319 λεύκανσις
969 1281 1145 1314 λευκάνσει
1172 1279 1279 1321 πάσῃ.
1313 1281 1350 1311 Εἰ
1374 1275 1403 1311 δ’

415 1328 504 1360 ’έστιν
533 1327 606 1360 ἄτθ’
639 1327 660 1359 ὃ.
681 1329 739 1359 καὶ
764 1326 844 1373 γένη
872 1325 944 1369 ἅμα
968 1328 1024 1357 καὶ
1051 1320 1120 1362 εἴδη
1141 1325 1225 1366 ἐστί,
1244 1321 1347 1361 δῆλον
1366 1325 1408 1361 ὠς

413 1367 494 1403 εἴδει
519 1374 580 1416 μία
607 1371 719 1412 ἔσται,
748 1371 860 1408 ἁπλῶς
884 1367 921 1402 δὲ
946 1373 1007 1412 μία
1032 1365 1111 1401 εἴδει
1138 1369 1192 1410 οὕ,
1221 1370 1287 1401 οἷον
1306 1369 1326 1405 ἡ
1345 1367 1408 1412 μά-

413 1415 518 1455 θησις,
538 1417 564 1447 εὶ
590 1416 610 1451 ἡ
638 1413 810 1459 ἐπιστήμη
836 1410 923 1452 εἶδος
948 1414 1006 1458 μὲν
1031 1412 1240 1457 ὑπολήψεως,
1259 1412 1353 1460 γένος
1371 1408 1408 1444 δὲ

414 1462 481 1494 τῶν
506 1461 715 1504 ἐπιστημῶν.

343 1539 542 1585 ’,Απορῆσειε
567 1535 596 1571 δ’
623 1540 661 1572 ἄν
687 1551 751 1579 τις,
779 1539 806 1570 εἰ
831 1534 911 1570 εἴδει
935 1541 997 1582 μία
1021 1540 1158 1578 κίνησις,
1180 1537 1263 1571 ὅταν
1290 1538 1326 1570 ἑκ
1347 1538 1410 1570 τοῦ

414 1584 523 1617 αυτοῦ
549 1583 590 1616 τὸ
617 1583 705 1616 αὐτὸ
731 1585 774 1620 εἱς
801 1583 842 1614 τὸ
869 1583 956 1615 αὐτὸ
981 1581 1198 1627 μεταβάλλῃ,
1218 1582 1286 1614 οἷον
1308 1582 1328 1617 τ’)
1347 1584 1408 1626 μία

414 1628 544 1674 στιγμή
574 1628 609 1659 ἐκ
643 1624 743 1660 τοῦδε
778 1628 840 1658 τοῦ
866 1626 974 1659 τόπου
1004 1627 1047 1664 εἱς
1083 1622 1180 1658 τόνδε
1210 1626 1269 1659 τὸν
1300 1625 1407 1658 τόπον

414 1673 517 1705 πάλιν
541 1674 598 1703 καὶ
624 1671 739 1703 πάλιν.
767 1671 805 1702 Εἰ
829 1668 866 1703 δὲ
892 1672 1011 1711 τοῦτο,
1038 1671 1137 1702 ἔσται
1163 1671 1183 1706 ἢ
1207 1671 1409 1713 κυκλοφορία

414 1718 459 1759 τῇ
485 1715 661 1760 εὐθυφορία
691 1717 711 1752 ἡ
743 1715 856 1756 αὐτή,
886 1717 943 1748 καὶ
976 1716 996 1751 ἡ
1024 1714 1151 1751 κύλισις
1184 1715 1229 1756 τῇ
1263 1712 1406 1754 βαδίσει.

403 1761 452 1793 ’“Η
476 1757 651 1803 διώρισται
683 1760 724 1792 τὸ
757 1761 789 1792 ὲν
822 1760 845 1800 ᾦ
877 1758 915 1791 ἁῖν
947 1757 1059 1803 ἕτερον
1093 1757 1116 1801 ᾗ
1141 1759 1188 1799 τῷ
1222 1754 1322 1800 εἴδει,
1356 1758 1409 1791 ὅτι

415 1804 516 1849 ἑτέρα
535 1807 673 1845 κίνησις,
701 1803 741 1837 τὰ
767 1800 803 1835 δὲ
829 1802 996 1847 περιφερὲς
1019 1803 1081 1835 τοῦ
1099 1801 1211 1839 εὐθέος
1231 1802 1342 1847 ἕετερον
1362 1804 1409 1844 τῷ

414 1845 507 1882 εἴδει.
533 1848 624 1880 Γένει
649 1848 707 1892 μὲν
735 1846 789 1879 οὖν
814 1849 872 1879 καὶ
897 1842 977 1879 εἴδει
1000 1849 1126 1884 κίνησις
1152 1849 1213 1890 μία
1238 1846 1356 1885 οὕτως.

343 1894 473 1931 ‘An-2632
498 1889 536 1924 δὲ
560 1895 621 1936 μία
645 1895 769 1930 κίνησις
795 1893 815 1928 ἦ
842 1892 886 1933 τῇ
915 1889 1011 1931 οὐσία
1037 1893 1098 1934 μία
1122 1892 1180 1922 καὶ
1202 1891 1249 1931 τῷ
1270 1891 1408 1945 ἀριθμῷ·

352 2727 398 2759 Τό

413 1940 463 1976 τίς
489 1932 527 1968 δὲ
551 1939 571 1974 ἢ
598 1936 760 1977 τοιαύτη,
782 1932 886 1972 δῆλον
911 1931 1127 1978 διελομένοις.
1155 1936 1237 1977 Τρία
1254 1948 1317 1981 γαρ
1336 1937 1409 1976 ἐστι

414 1983 474 2014 τὸν
501 1981 636 2035 ἀριθμόν
664 1983 736 2025 περὶ
764 1981 786 2012 οἳ
808 1979 845 2012 λέ
873 1991 950 2024 ομεν
976 1979 1038 2015 τήν
1063 1982 1203 2018 κίνησιν,
1233 1978 1267 2018 ὅ,
1293 1982 1350 2012 καὶ
1376 1981 1409 2012 ἐν

414 2027 456 2068 ᾦ,
481 2027 540 2058 καὶ
566 2027 635 2059 ὅτε.
662 2025 759 2071 Λέγω
784 2020 821 2056 δέ
847 2026 876 2065 ὁ,
897 2023 951 2056 ὅτι
977 2023 1107 2069 ἀνάγκη
1134 2020 1218 2055 εἶναί
1245 2035 1279 2055 τι
1304 2025 1345 2056 τὸ
1362 2036 1410 2055 κι-

414 2070 586 2115 νούμενον,
605 2071 672 2102 οἷον
700 2068 871 2114 ἄνθρωπον
891 2067 911 2105 ἦ
929 2067 1064 2114 χρυσόν·
1090 2069 1148 2099 καὶ
1170 2068 1201 2099 ἔν
1221 2079 1286 2100 τινι
1304 2070 1409 2101 τοῦτο

413 2114 596 2155 κινεῖσθαι,
625 2114 691 2146 οἷον
724 2115 756 2146 ὲν
788 2112 882 2154 τόπῳ
908 2112 928 2149 ἦ
955 2113 987 2144 ἴεν
1022 2111 1141 2152 πάθει,
1167 2113 1224 2143 καὶ
1251 2113 1349 2145 ποτέ·
1377 2114 1409 2145 ἐν

413 2159 519 2205 χρόνῳ
552 2159 616 2205 γοὶρ
642 2159 709 2190 πᾶν
741 2161 897 2190 κινεῖται.
932 2155 1068 2188 Τούτων
1099 2151 1136 2187 δὲ
1166 2156 1207 2188 τὸ
1233 2156 1291 2198 μέν
1324 2154 1409 2189 εἶναι

415 2205 463 2245 τῷ
488 2202 575 2249 γένει
601 2201 622 2238 ἦ
648 2203 694 2243 τῷ
721 2197 801 2234 εἴδει
826 2204 905 2245 μίαν
932 2201 1023 2232 ἐστὶν
1049 2201 1082 2231 ἐν
1108 2200 1155 2240 τῷ
1178 2200 1356 2246 πράγματι
1379 2202 1411 2232 ἐν

416 2247 440 2289 ᾦ
465 2251 623 2279 κινεῖται·
650 2247 691 2278 τὸ
716 2242 753 2278 δὲ
779 2245 938 2290 ἐχόμενον
965 2242 1004 2282 ἦν
1031 2242 1064 2276 ἐν
1090 2245 1137 2284 τῷ
1163 2242 1288 2288 χρόνῳ,
1315 2245 1356 2276 τὸ
1377 2241 1406 2276 δ’

418 2292 531 2329 ἁπλῶς
556 2293 634 2335 μίαν
662 2291 694 2322 ἐν
722 2290 831 2323 ἅπασι
856 2289 1005 2327 τούτοις·
1032 2290 1089 2320 καὶ
1113 2288 1178 2333 γοὶρ
1205 2289 1237 2319 ἐν
1264 2289 1287 2329 ᾦ
1310 2290 1342 2320 ἓν
1360 2283 1413 2320 δεῖ

417 2333 502 2368 εἶναι
526 2338 583 2367 καὶ
612 2335 759 2379 ἄτομον,
787 2335 854 2366 οἷον
880 2333 921 2366 τὸ
947 2329 1054 2374 εἶδος,
1080 2333 1138 2364 καὶ
1163 2331 1203 2364 τὸ
1237 2331 1315 2374 ὅτε,
1345 2333 1410 2364 οἷον

415 2380 474 2413 τὸν
499 2378 617 2424 χρόνον
644 2379 703 2411 ἐ’να
727 2380 785 2410 καὶ
811 2378 856 2422 μή
882 2373 1085 2418 διαλείπειν,
1111 2378 1169 2407 καὶ
1196 2376 1235 2408 τὸ
1260 2376 1411 2421 κινούμε-

416 2435 470 2456 νον
496 2425 528 2456 ἓν
553 2421 638 2455 εἶναι
664 2423 710 2466 μὴ
735 2423 831 2455 κατα
854 2421 1076 2466 συμβεβηκός,
1098 2419 1209 2464 ὥσπερ
1235 2421 1275 2453 τὸ
1294 2421 1410 2453 λευκὸν

415 2467 647 2513 μελαίνεσθαι,
664 2470 722 2499 καὶ
746 2469 906 2510 Κορίσκον
932 2462 1095 2508 βαδίζειν·
1123 2465 1154 2496 ἓν
1180 2460 1216 2495 δὲ
1240 2467 1332 2497 καὶὸ
1350 2467 1414 2497 Κο-

417 2515 524 2557 ρίσκος
548 2514 605 2543 καὶ
624 2511 757 2552 λευκόν,
779 2511 869 2544 ἀλλά
891 2510 987 2542 κατά
1003 2508 1225 2554 συμβεβηκός·
1244 2506 1329 2552 μηδὲ
1345 2521 1415 2541 κοι-

417 2556 485 2588 νόν·
513 2558 562 2594 εἴη
587 2556 652 2602 γάρ
680 2555 718 2588 ἂν
746 2555 818 2599 αἷμα
842 2551 903 2586 δύο
923 2553 1112 2599 ἀνθρώπους
1133 2552 1330 2599 ὑγιάζεσθαι
1348 2554 1412 2590 τήν

419 2601 529 2637 αὐτήν
555 2601 720 2645 ὑγίανσιν,
742 2601 808 2632 οἷον
836 2598 1035 2644 ὀφθαλμίας·
1064 2598 1136 2631 ἀλλ’
1158 2598 1195 2629 οὐ
1221 2600 1282 2640 μία
1308 2597 1411 2639 αὕτη,

420 2642 493 2677 ἀλλ’
523 2639 603 2676 εἴδει
628 2647 703 2688 μία.

423 2721 460 2756 δὲ
485 2723 648 2768 Σωκράτη
675 2724 738 2759 την
765 2724 875 2761 αὐτην
901 2724 958 2768 μὲν
987 2722 1163 2756 ἀλλοίωσιν
1197 2722 1415 2755 ἀλλοιοῦσθαι

420 2770 467 2809 τῷ
486 2766 579 2807 εἴδει,
600 2769 633 2801 ἐν
653 2769 741 2808 ἄλλῳ
758 2763 795 2800 δὲ
812 2768 918 2813 χρόνῳ
935 2770 992 2800 καὶ
1011 2767 1112 2800 πάλιν
1139 2768 1171 2800 ἐν
1190 2767 1291 2807 ἄλλῳ,
1311 2768 1338 2798 εἰ
1356 2768 1414 2811 μὲν

421 2811 600 2867 ἐνδέχεται
625 2812 666 2845 τὸ
691 2811 811 2856 φθαρὲν
838 2811 940 2844 πάλιν
966 2813 998 2843 ἓν
1023 2810 1174 2857 γίνεσθαι
1200 2813 1247 2852 τῷ
1276 2811 1414 2856 ἀριθμῷ,

421 2860 471 2911 εἴη
500 2860 537 2890 ἀν
562 2859 620 2889 καὶ
653 2855 740 2892 αὕτη
767 2859 841 2899 μία·
869 2857 895 2887 εἰ
921 2851 958 2887 δὲ
982 2855 1050 2899 μή,
1078 2856 1098 2892 ἡ
1126 2855 1217 2892 αὐτη
1249 2853 1328 2897 μέν,
1354 2858 1415 2900 μία

421 2905 450 2933 ὸ’
480 2902 530 2934 οὔ.

347 2948 442 2992 Ἔχει
467 2942 495 2978 δ’
523 2946 666 2989 ἀπορίαν
692 2942 808 2986 ταύτῃ
835 2946 1078 2987 παραπλησίαν
1103 2945 1160 2975 καὶ
1186 2942 1329 2987 πότερον
1354 2946 1415 2987 μία

354 3256 392 3285 ‘O

422 2992 442 3027 η
470 2992 580 3037 ὑγίεια
611 2991 669 3020 καὶ
696 2987 778 3025 ὅλως
805 2990 838 3019 αἰ
866 2988 947 3029 ἕξεις
971 2990 1029 3019 καὶ
1056 2988 1103 3020 τά
1128 2986 1219 3023 πάθη
1245 2990 1290 3030 τῇ
1317 2989 1414 3029 οὐσία

422 3036 502 3066 εἰσὶν
537 3033 568 3066 ὲν
599 3037 670 3069 τοῖς
703 3031 847 3074 σώμασι·
873 3031 1053 3076 κινούμενα
1083 3032 1148 3077 γάρ
1181 3034 1338 3075 φαίνεται
1370 3033 1418 3065 τοὶ

424 3079 551 3124 ἔχοντα
574 3079 632 3109 καὶ
656 3075 791 3121 ῥέοντα.
817 3077 856 3107 Ei
879 3072 922 3112 δη
949 3077 969 3113 ἡ
996 3076 1087 3113 αὐτή
1112 3078 1168 3107 καὶ
1194 3078 1255 3119 μία
1278 3078 1298 3113 ἡ
1317 3076 1414 3109 ἐ’ωθεν

422 3124 480 3154 καὶ
509 3123 564 3153 νῦν
595 3123 726 3167 ὑγίεια,
753 3115 812 3152 διά
835 3123 868 3153 τί
894 3120 953 3152 οὐκ
981 3119 1018 3152 ἂν
1049 3122 1108 3152 καὶ
1135 3119 1218 3152 ὅταν
1250 3115 1415 3153 διαλιπών

422 3166 514 3209 λάβῃ
539 3164 641 3198 πάλιν
667 3163 730 3200 τήν
757 3165 899 3210 ὑγίειαν,
921 3166 979 3196 καὶ
1005 3164 1095 3201 αὐτή
1120 3165 1255 3201 κάκείνη
1282 3168 1343 3208 μία
1369 3166 1416 3207 τῷ

427 3209 552 3264 ἀριθμῷ
579 3207 616 3241 ἂν
642 3210 710 3247 ε’ίης

415 3266 479 3300 γαρ
506 3253 610 3290 αὐτὸς
634 3252 748 3296 λόγος·
781 3252 869 3288 πλην
899 3253 1065 3284 τοσοῦτον
1095 3247 1262 3296 διαφέρει,
1291 3252 1360 3294 ὅτι,
1389 3254 1417 3284 εἰ

426 3298 484 3342 μὲν
509 3298 555 3342 μη
580 3293 655 3337 δύο,
673 3293 711 3329 δι’
740 3293 828 3327 αὐτὸ
854 3297 959 3328 τοῦτο
985 3298 1025 3334 ὠς
1052 3297 1098 3337 τῷ
1119 3295 1242 3340 ἀριθμῷ
1259 3299 1338 3339 μίαν
1358 3298 1416 3328 καὶ

427 3342 490 3379 τοὶς
523 3341 604 3382 ἕξεις
640 3341 784 3384 ἀνάγκη·
818 3342 879 3383 μία
910 3339 974 3384 γάρ
1009 3338 1132 3384 ἀριθμῷ
1165 3339 1233 3384 ὲνέρ
1261 3352 1314 3372 εια
1347 3341 1416 3378 ἑνὸς

428 3385 566 3429 ἀριθμῷ.
592 3385 629 3416 Εἰ
646 3381 677 3417 δ’
697 3385 717 3422 ἡ
736 3381 799 3423 ἕξις
826 3387 900 3428 μία,
918 3388 995 3421 ἴσως
1022 3384 1079 3415 οὐκ
1106 3384 1144 3416 ἄν
1170 3396 1216 3424 τῳ
1237 3351 1349 3424 δόξειέ
1367 3396 1418 3416 πω

427 3432 488 3471 μία
513 3431 570 3461 καὶ
595 3430 615 3464 ἡ
643 3428 793 3473 ἐνέργεια
822 3425 919 3460 εἶναι·
951 3426 1033 3460 ὅταν
1058 3428 1121 3473 γοὶρ
1149 3429 1327 3467 παύσηται
1359 3428 1419 3468 βα-

430 3470 542 3516 δίζων,
570 3473 683 3506 οὐκέτι
709 3473 799 3504 ἐστὶν
825 3473 844 3508 ἦ
871 3467 1013 3512 βάδισις,
1041 3471 1142 3503 πάλιν
1166 3467 1203 3504 δὲ
1221 3467 1419 3514 βαδίζοντος

430 3518 541 3551 ἔσται.
569 3518 605 3548 Εἰ
631 3514 659 3549 δ’
690 3515 745 3549 οὖν
771 3519 832 3558 μία
856 3519 913 3548 καὶ
940 3517 959 3552 ἡ
987 3514 1091 3556 αὐτή,
1119 3511 1284 3561 ἐνδέχοιτ’
1315 3515 1353 3547 ἂν
1379 3516 1420 3548 τό

431 3560 518 3595 αὐτὸ
534 3563 592 3593 καὶ
610 3562 642 3593 ἓν
659 3563 717 3593 καὶ
735 3560 921 3604 φθείρεσθαι
936 3562 993 3591 καὶ
1012 3557 1097 3592 εἶναι
1114 3560 1289 3598 πολλάκις.
1313 3560 1421 3592 Αὗται

429 3606 488 3651 μέν
515 3606 594 3637 εἰσιν
621 3608 655 3637 αἱ
683 3604 821 3650 ἀπορίαι
847 3604 908 3646 ἔξω
934 3605 995 3641 τῆς
1021 3605 1076 3635 νῦν
1102 3603 1257 3648 σκέψεως.

1459 845 1575 876 *Unus
1591 852 1696 876 autem
1709 853 1816 876 motus
1836 846 1948 877 dicitur
1965 846 2191 886 multipliciter:
2211 856 2312 876 unum
2327 846 2412 876 enim
2430 846 2513 876 mul-

1524 889 1670 929 tipliciter
1692 890 1836 920 dicimus,
1861 890 1981 920 Genere
2005 890 2098 930 igitur
2113 900 2196 920 unus
2213 897 2258 920 est
2281 890 2456 920 secundum
2477 889 2513 919 fi-

1525 943 1617 972 guras
1638 933 1889 973 praedicamenti.
1914 934 1991 964 Loci
2010 933 2143 964 mutatio
2160 933 2244 964 enirn
2260 934 2348 964 omni
2363 934 2425 964 loci
2443 944 2513 964 mu-

1525 976 1635 1007 tationi
1650 987 1762 1016 genere
1777 987 1860 1008 unus
1880 985 1937 1008 est:
1956 978 2095 1008 alteratio
2111 984 2216 1008 autern
2231 988 2249 1007 a
2262 977 2324 1008 loci
2340 977 2514 1007 mutatione

1526 1020 1621 1050 altera
1643 1031 1754 1060 genere
1779 1028 1834 1051 est.

1460 1061 1475 1078 *
1491 1063 1600 1104 Specie
1616 1071 1721 1094 autem
1737 1075 1820 1095 unus
1843 1071 1898 1102 est,
1919 1075 1992 1095 cum
2007 1075 2119 1104 genere
2135 1071 2180 1095 est
2206 1074 2289 1095 unus
2309 1071 2339 1095 et
2357 1065 2389 1095 in
2404 1064 2515 1094 indivi-

1528 1108 1589 1137 dua
1613 1108 1714 1147 specie
1738 1108 1785 1138 sit.
1806 1109 1848 1138 Ut
1864 1108 1976 1138 coloris
1996 1108 2125 1148 quidem
2142 1115 2214 1139 sunt
2233 1108 2435 1138 differentiae:
2452 1108 2515 1138 iam

1527 1151 1622 1191 igitur
1637 1151 1715 1181 alius
1735 1151 1835 1191 specie
1852 1152 2022 1191 denigratio
2042 1159 2072 1182 et
2088 1152 2251 1182 dealbatio.
2276 1152 2389 1183 Omnis
2410 1158 2516 1182 autem

1527 1195 1682 1225 dealbatio
1720 1195 1809 1224 omni
1841 1196 2028 1225 dealbationi
2059 1196 2144 1226 idem
2173 1196 2347 1226 secundum
2379 1195 2516 1236 speciem

1528 1239 1601 1277 erit,
1626 1246 1656 1269 et
1679 1239 1782 1269 omnis
1806 1239 1977 1278 denigratio
2008 1239 2222 1278 denigrationi.
2247 1239 2392 1270 Albedini
2411 1246 2517 1269 autem

1528 1293 1594 1313 non
1617 1283 1768 1322 amplius:
1793 1283 1878 1313 unde
1897 1282 1998 1322 specie
2014 1293 2096 1313 unus
2116 1290 2161 1313 est
2191 1283 2345 1313 dealbatio
2368 1282 2517 1313 albationi

1529 1326 1628 1357 omni.
1653 1326 1686 1357 Si
1709 1333 1815 1356 autem
1839 1333 1912 1356 sunt
1934 1327 2109 1367 quaedam,
2133 1337 2213 1367 quae
2237 1334 2267 1357 et
2289 1336 2401 1366 genera
2424 1326 2518 1356 simul

1529 1377 1559 1400 et
1582 1370 1699 1411 species
1723 1378 1806 1409 sunt,
1830 1370 2032 1401 manifestum
2057 1377 2102 1400 est
2124 1370 2212 1410 quod
2236 1370 2337 1410 specie
2358 1377 2394 1400 ut
2415 1380 2518 1400 unum

1528 1414 1599 1452 erit,
1632 1414 1813 1454 simpliciter
1842 1424 1925 1444 unus
1953 1414 2055 1454 specie
2078 1422 2159 1451 non;
2193 1420 2228 1444 ut
2260 1413 2462 1452 doctrinatio‚
2493 1413 2518 1443 si

1528 1458 1655 1488 scientia
1687 1458 1817 1498 quidem
1849 1458 1966 1498 species
1998 1457 2251 1496 existimationis,
2281 1467 2379 1497 genus
2413 1464 2517 1487 autem

1529 1502 1730 1533 scientiarum
1754 1502 1894 1532 aliarum.

1463 1546 1626 1576 Dubitabit
1648 1553 1755 1576 autem
1778 1545 1890 1586 aliquis
1913 1545 1938 1576 si
1954 1545 2057 1585 specie
2081 1555 2164 1575 unus
2189 1551 2296 1575 motus
2318 1545 2367 1582 sit,
2385 1555 2458 1575 cum
2483 1554 2521 1575 ex

1530 1590 1643 1620 eodem
1666 1590 1750 1620 idem
1773 1589 1806 1619 in
1829 1589 1914 1619 idem
1937 1596 2090 1628 mutetur,
2115 1596 2150 1620 ut
2173 1599 2275 1619 unum
2305 1595 2460 1628 punctum
2483 1598 2520 1619 ex

1528 1634 1590 1664 hoc
1613 1634 1685 1663 loco
1709 1634 1742 1663 in
1765 1633 1849 1663 hunc
1871 1633 1979 1663 locum
2009 1633 2123 1663 iterum
2146 1639 2176 1663 et
2198 1633 2323 1663 iterum.
2356 1632 2388 1662 Si
2412 1638 2518 1662 autern

1529 1678 1590 1707 hoc
1614 1684 1677 1715 est,
1702 1677 1759 1707 erit
1782 1677 1940 1707 circulatio
1964 1676 2139 1707 rectitudini
2164 1677 2288 1714 eadem,
2313 1682 2343 1706 et
2364 1676 2518 1706 volutatio

1530 1721 1746 1751 ambulationi.
1762 1718 1777 1735 *
1793 1723 1859 1751 Aut
1881 1721 2123 1751 determinatum
2146 1726 2192 1750 est
2214 1720 2239 1750 si
2261 1720 2293 1749 id
2316 1720 2349 1750 in
2372 1730 2437 1760 quo
2462 1726 2519 1757 est,

1529 1765 1663 1794 alterum
1686 1771 1732 1795 est
1754 1764 1867 1804 specie,
1891 1764 2044 1804 quoniam
2066 1764 2142 1794 alter
2157 1770 2263 1794 motus
2287 1770 2346 1794 est:
2371 1763 2518 1794 circulare

1530 1814 1636 1838 autern
1653 1819 1671 1838 a
1686 1814 1770 1838 recto
1788 1809 1920 1838 alterum
1939 1808 2041 1848 specie
2057 1815 2111 1838 est.
2125 1807 2245 1838 Genere
2261 1807 2355 1847 igitur
2369 1814 2399 1838 et
2417 1807 2519 1847 specie

1532 1859 1638 1882 motus
1659 1862 1741 1882 unus
1765 1862 1808 1882 Slc
1832 1858 1886 1882 est.

1463 1893 1478 1910 *
1495 1895 1683 1936 Simpliciter
1706 1902 1812 1925 autem
1836 1905 1919 1925 unus
1938 1901 2044 1925 motus
2061 1901 2116 1933 est,
2133 1895 2187 1935 qui
2204 1894 2374 1925 substantia
2391 1894 2520 1935 quidem

1530 1950 1613 1970 unus
1638 1946 1668 1970 et
1686 1949 1820 1969 numero
1837 1946 1891 1969 est.
1917 1939 1996 1976 Quis
2020 1946 2125 1968 autem
2148 1938 2332 1969 huiusmodi
2353 1938 2402 1976 sit,
2422 1938 2520 1968 mani-

1531 1984 1647 2014 festum
1670 1990 1716 2013 est
1739 1983 1957 2013 dividentibus.
1982 1983 2057 2013 Tria
2076 1982 2160 2012 enim
2183 1989 2256 2012 sunt
2274 1982 2449 2012 secundum
2462 1992 2520 2012 nu-

1531 2038 1666 2066 merum,
1691 2027 1770 2058 circa
1793 2037 1874 2067 quae
1898 2027 2031 2057 dicimus
2046 2033 2173 2057 motum
2192 2036 2304 2063 unum,
2324 2026 2423 2066 quod,
2443 2032 2473 2056 et
2488 2026 2520 2056 in

1531 2082 1616 2113 quo,
1641 2078 1671 2102 et
1694 2071 1833 2111 quando.
1858 2071 1937 2101 Dico
1961 2077 2068 2111 autem
2091 2071 2198 2111 quod,
2222 2070 2374 2110 quoniam
2397 2079 2522 2100 necesse

1531 2123 1577 2146 est
1593 2126 1658 2146 esse
1678 2115 1797 2156 aliquid
1813 2115 1901 2155 quod
1920 2121 2075 2152 movetur,
2088 2121 2124 2144 ut
2141 2114 2305 2144 hominem
2324 2121 2377 2144 aut
2393 2120 2521 2144 aurum:

1532 2166 1562 2190 et
1585 2160 1618 2189 in
1641 2159 1748 2200 aliquo
1772 2159 1833 2189 hoc
1857 2158 1991 2196 moveri,
2016 2165 2051 2188 ut
2073 2159 2105 2188 in
2129 2158 2201 2188 loco
2225 2164 2279 2188 aut
2301 2157 2334 2187 in
2357 2157 2520 2197 passione:

1532 2210 1563 2234 et
1585 2203 1734 2243 quando;
1759 2203 1791 2232 in
1805 2209 1949 2242 tempore
1972 2202 2056 2232 enim
2080 2212 2175 2232 omne
2195 2207 2348 2231 movetur.
2365 2199 2380 2215 *
2396 2202 2522 2231 Horum

1532 2254 1639 2277 autem
1662 2247 1759 2277 trium
1781 2256 1893 2286 genere
1916 2247 2045 2286 quidem
2069 2253 2123 2276 aiut
2146 2246 2247 2285 specie
2266 2255 2332 2275 esse
2347 2255 2460 2283 unum,
2477 2251 2523 2275 est

1531 2291 1564 2320 in
1588 2301 1620 2320 re
1643 2291 1676 2320 in
1703 2300 1766 2330 qua
1797 2296 1962 2320 movetur:
1993 2290 2136 2320 habitum
2165 2296 2271 2320 autem
2302 2296 2365 2319 erat
2387 2289 2420 2318 in
2442 2296 2521 2319 tern-

1531 2345 1619 2374 pore.
1645 2334 1833 2374 Simpliciter
1851 2341 1958 2364 autem
1972 2343 2075 2364 unum
2098 2343 2164 2363 esse
2187 2333 2219 2363 in
2237 2333 2384 2363 omnibus
2400 2332 2447 2362 his
2467 2338 2522 2362 est.

1531 2379 1572 2409 Et
1587 2388 1724 2418 namque
1747 2377 1780 2407 in
1804 2387 1869 2418 quo
1893 2384 1949 2415 est,
1973 2387 2075 2407 unum
2098 2383 2223 2417 oportet
2245 2387 2311 2407 esse
2335 2383 2364 2406 et
2386 2375 2522 2406 indivisi-

1532 2422 1604 2460 bile,
1625 2428 1660 2452 ut
1683 2421 1836 2461 speciem:
1862 2427 1892 2451 et
1914 2421 2021 2461 ipsum
2044 2421 2172 2461 quando
2197 2431 2298 2451 unum
2322 2426 2467 2460 tempuS,
2491 2426 2521 2450 et

1533 2476 1598 2496 non
1629 2465 1790 2496 deficiens:
1826 2472 1855 2495 et
1878 2465 1965 2505 quod
1989 2471 2135 2495 movetur
2157 2474 2259 2495 unum
2282 2474 2364 2502 esse,
2389 2473 2453 2493 non
2478 2473 2523 2493 se-

1535 2510 1676 2540 cundum
1699 2509 1851 2547 accidens,
1875 2515 1912 2539 ut
1939 2509 2047 2539 album
2067 2509 2192 2548 nigrum
2215 2508 2281 2538 fieri
2304 2514 2334 2537 et
2357 2507 2524 2538 Coriscum

1534 2554 1693 2584 ambulare
1717 2551 1842 2595 (unum
1865 2559 1971 2583 autem
1995 2559 2040 2582 est
2063 2552 2209 2583 Coriscus
2226 2558 2256 2582 et
2274 2551 2392 2588 album,
2408 2551 2462 2580 sed
2477 2560 2524 2580 se-

1535 2598 1677 2628 cundum
1700 2595 1876 2639 accidens);
1901 2606 2003 2638 neque
2027 2605 2207 2626 commune.
2230 2595 2320 2625 Esset
2342 2594 2426 2624 enim
2442 2594 2523 2624 duos

1535 2641 1680 2672 homines
1704 2641 1798 2671 simul
1818 2640 1918 2670 sanari
1942 2640 2117 2670 secundum
2144 2639 2276 2669 eandem
2295 2638 2468 2675 sanitatem,
2488 2643 2524 2668 ut

1536 2685 1766 2726 ophthalmiae;
1790 2685 1844 2714 sed
1860 2694 1925 2714 non
1942 2694 2024 2714 unus
2043 2684 2092 2714 hic
2109 2690 2164 2721 est,
2181 2683 2235 2713 sed
2251 2682 2352 2722 specie
2371 2691 2453 2712 unus
2466 2688 2521 2711 est.

1470 2728 1485 2745 *
1502 2730 1663 2761 Socratem
1685 2735 1791 2759 autem
1815 2728 1989 2758 secundum
2012 2727 2226 2757 alterationem
2249 2726 2380 2756 eandem
2403 2725 2522 2755 alterari

1538 2773 1657 2813 specie,
1681 2773 1714 2803 in
1738 2772 1799 2802 alio
1823 2779 1929 2802 autem
1960 2779 2102 2811 tempore
2140 2777 2170 2801 et
2197 2770 2311 2800 iterum
2338 2769 2370 2799 in
2394 2769 2472 2798 alio:
2497 2768 2523 2799 si

1537 2817 1667 2857 quidem
1683 2816 1835 2856 contingit
1852 2822 2036 2855 corruptum
2051 2815 2164 2846 iterum
2179 2824 2281 2844 unum
2296 2813 2361 2843 fieri
2377 2822 2522 2850 numero,

1537 2861 1594 2891 erit
1617 2867 1647 2891 et
1670 2860 1720 2890 hic
1737 2868 1838 2898 unus;
1863 2860 1888 2890 si
1910 2869 1984 2890 vero
2000 2869 2076 2897 non,
2092 2859 2177 2889 idem
2196 2858 2325 2899 quidem
2348 2856 2524 2887 secundum

1537 2904 1685 2945 speciem,
1710 2914 1792 2934 unus
1816 2911 1921 2934 autem
1945 2913 2078 2933 numero
2102 2913 2177 2932 non.

1470 2947 1485 2964 *
1502 2949 1605 2979 Habet
1624 2955 1730 2978 autem
1747 2947 1976 2978 dubitationem
1995 2947 2068 2977 huic
2083 2946 2228 2984 similem,
2240 2952 2269 2975 et
2279 2951 2386 2975 utrum
2400 2953 2463 2973 una
2479 2953 2524 2973 sa-

1537 2993 1628 3029 nitas,
1644 2994 1676 3022 et'
1690 2992 1822 3022 omnino
1846 2991 1970 3021 habitus
1990 2997 2021 3021 et
2039 2990 2210 3030 passiones,
2228 2987 2399 3019 substantia
2418 2987 2478 3017 sint
2493 2987 2525 3016 in

1538 3036 1731 3076 corporibus.
1757 3035 1876 3066 Moveri
1899 3045 2038 3074 namque
2053 3034 2198 3064 videntur
2213 3032 2358 3063 habentia
2374 3038 2404 3062 et
2419 3031 2523 3061 fluere.

1534 3080 1565 3113 Si
1589 3080 1683 3120 igitur
1706 3080 1816 3110 eadem
1839 3086 1870 3109 et
1892 3089 1955 3109 una
1971 3079 2009 3108 sit
2028 3087 2121 3108 mane
2142 3084 2171 3108 et
2187 3087 2270 3107 nunc
2286 3076 2415 3114 sanitas,
2431 3084 2526 3114 quare

1538 3134 1603 3154 non
1627 3131 1657 3154 et
1676 3134 1750 3154 cum
1773 3122 1917 3153 deficiens
1934 3122 2062 3162 accipiat
2077 3122 2191 3152 iterum
2210 3120 2386 3158 sanitatem,
2407 3125 2437 3149 et
2451 3118 2526 3148 haec

1539 3175 1569 3198 et
1590 3168 1644 3198 illa
1667 3178 1731 3198 una
1754 3177 1887 3197 numero
1912 3164 1985 3196 erit?

1471 3252 1486 3269 *
1503 3254 1623 3284 Eadem
1641 3253 1725 3284 enirn
1744 3253 1822 3284 ratio
1839 3260 1893 3283 est.
1910 3253 1977 3283 Nisi
1993 3252 2080 3292 quod
2102 3252 2257 3281 intantum
2282 3248 2436 3286 differunt,
2452 3247 2526 3288 quia

1539 3298 1565 3328 si
1582 3298 1646 3328 duo
1663 3298 1748 3328 idem
1763 3298 1824 3327 hoc
1843 3303 1916 3327 sunt
1934 3296 2014 3326 sicut
2029 3304 2161 3325 numero
2185 3300 2291 3323 motus
2314 3302 2408 3330 unus,
2429 3298 2459 3322 et
2473 3291 2525 3322 ha-

1540 3342 1624 3372 bitus
1647 3351 1713 3371 esse
1737 3351 1861 3371 necesse
1885 3346 1944 3370 est:
1965 3349 2047 3369 unus
2071 3338 2155 3368 enim
2171 3346 2303 3367 numero
2322 3343 2408 3366 actus
2432 3335 2526 3366 unius

1508 3392 1510 3395 '
1540 3395 1685 3415 numero.
1710 3385 1742 3415 Si
1764 3394 1838 3414 vero
1862 3383 1984 3413 habitus
2008 3392 2090 3412 unus
2110 3388 2165 3419 est,
2185 3380 2322 3410 fortassis
2346 3379 2437 3410 alicui
2461 3389 2526 3409 non

1540 3429 1695 3459 videbitur
1713 3438 1795 3458 unus
1819 3434 1849 3457 et
1871 3434 1956 3456 actus
1980 3435 2054 3455 esse.
2079 3425 2164 3455 Cum
2183 3423 2267 3454 enirn
2285 3429 2395 3463 pauset
2418 3423 2527 3452 ambu-

1541 3472 1619 3510 lans,
1644 3483 1709 3502 non
1734 3471 1868 3510 amplius
1897 3476 1942 3500 est
1964 3469 2039 3499 haec
2068 3467 2257 3505 ambulatio;
2284 3467 2399 3497 iterum
2422 3473 2528 3497 autem

1543 3516 1733 3552 ambulante,
1758 3514 1822 3544 erit.
1848 3513 1879 3544 Si
1902 3513 1996 3552 igitur
2023 3522 2105 3542 unus
2130 3519 2159 3542 et
2181 3511 2265 3541 idem
2289 3518 2350 3549 est,
2378 3510 2529 3550 contingit

1543 3569 1645 3590 unum
1668 3566 1698 3589 et
1720 3558 1804 3588 idem
1825 3557 1983 3596 corrumpi
2003 3563 2033 3586 et
2062 3565 2128 3586 esse
2152 3555 2322 3586 multoties.
2344 3555 2413 3585 Hae
2436 3554 2528 3593 igitur

1544 3610 1617 3633 sunt
1636 3601 1843 3633 dubitationes
1867 3608 1949 3631 extra
1967 3610 2047 3641 quae
2071 3609 2155 3630 nunc
2178 3606 2234 3638 est,
2253 3598 2469 3629 intentionem.

2439 309 2512 345 247

2539 854 2551 865 “
2566 854 2622 882 Cap.
2637 860 2669 876 w.

2539 880 2607 902 Text.
2623 886 2654 908 31.

2541 1071 2550 1080 ·
2565 1070 2632 1092 Text.
2646 1076 2679 1098 32.

2546 1726 2557 1736 ⁶
2571 1725 2639 1747 Text.
2653 1731 2686 1753 33.

2546 1904 2557 1915 ⁸
2571 1903 2639 1925 Text.
2654 1909 2690 1932 34.

2547 2210 2559 2221 ¹*
2572 2210 2640 2232 Text.
2654 2216 2686 2238 35.

2548 2734 2559 2745 ·
2574 2734 2641 2756 Text.
2655 2733 2691 2762 36.

2552 2953 2560 2961 ·
2576 2952 2644 2974 Text.
2659 2957 2692 2979 37.

2552 3256 2562 3268 s
2575 3255 2643 3277 Text.
2657 3255 2694 3283 38.
