<?xml version="1.0" encoding="UTF-8"?>
<!DOCTYPE html PUBLIC "-//W3C//DTD XHTML 1.0 Transitional//EN"
    "http://www.w3.org/TR/xhtml1/DTD/xhtml1-transitional.dtd">
<html xmlns="http://www.w3.org/1999/xhtml" xml:lang="en" lang="en">
 <head>
  <title>
</title>
<meta http-equiv="Content-Type" content="text/html;charset=utf-8" />
  <meta name='ocr-system' content='tesseract 3.04.00' />
  <meta name='ocr-capabilities' content='ocr_page ocr_carea ocr_par ocr_line ocrx_word'/>
</head>
<body>
  <div class='ocr_page' id='page_1' title='image "./operaomniaiussui02thom_0287.png"; bbox 0 0 2898 3996; ppageno 0'>
   <div class='ocr_carea' id='block_1_1' title="bbox 0 350 98 3996">
    <p class='ocr_par' dir='ltr' id='par_1_1' title="bbox 0 350 98 3996">
     <span class='ocr_line' id='line_1_1' title="bbox 0 350 98 3996; baseline 0 0"><span class='ocrx_word' id='word_1_1' title='bbox 0 350 98 3996; x_wconf 95' lang='lat' dir='ltr'> </span> 
     </span>
    </p>
   </div>
   <div class='ocr_carea' id='block_1_2' title="bbox 78 417 268 439">
    <p class='ocr_par' dir='ltr' id='par_1_2' title="bbox 78 417 268 439">
     <span class='ocr_line' id='line_1_2' title="bbox 78 417 268 439; baseline -0.016 -4"><span class='ocrx_word' id='word_1_2' title='bbox 78 417 268 439; x_wconf 68' lang='lat' dir='ltr'>moanpr.</span> 
     </span>
    </p>
   </div>
   <div class='ocr_carea' id='block_1_3' title="bbox 77 696 209 718">
    <p class='ocr_par' dir='ltr' id='par_1_3' title="bbox 77 696 209 718">
     <span class='ocr_line' id='line_1_3' title="bbox 77 696 209 718; baseline 0 0"><span class='ocrx_word' id='word_1_3' title='bbox 77 697 88 708; x_wconf 81' lang='lat'>&#39;¹</span> <span class='ocrx_word' id='word_1_4' title='bbox 101 696 172 718; x_wconf 86' lang='lat' dir='ltr'>Num.</span> <span class='ocrx_word' id='word_1_5' title='bbox 187 696 209 718; x_wconf 83' lang='lat'>6.</span> 
     </span>
    </p>
   </div>
   <div class='ocr_carea' id='block_1_4' title="bbox 74 1482 274 1512">
    <p class='ocr_par' dir='ltr' id='par_1_4' title="bbox 32 1466 274 1512">
     <span class='ocr_line' id='line_1_4' title="bbox 74 1482 274 1512; baseline -0.004 -6.174"><span class='ocrx_word' id='word_1_6' title='bbox 74 1483 90 1496; x_wconf 73' lang='lat'>⁴</span> <span class='ocrx_word' id='word_1_7' title='bbox 97 1482 208 1512; x_wconf 71' lang='lat' dir='ltr'>prohibet</span> <span class='ocrx_word' id='word_1_8' title='bbox 221 1483 274 1505; x_wconf 61' lang='lat' dir='ltr'>rab.</span> 
     </span>
    </p>
   </div>
   <div class='ocr_carea' id='block_1_5' title="bbox 47 1587 255 1674">
    <p class='ocr_par' dir='ltr' id='par_1_5' title="bbox 35 1573 255 1674">
     <span class='ocr_line' id='line_1_5' title="bbox 74 1587 240 1610; baseline 0 0"><span class='ocrx_word' id='word_1_9' title='bbox 74 1587 89 1600; x_wconf 66' lang='lat'><em>⁴</em></span> <span class='ocrx_word' id='word_1_10' title='bbox 102 1588 127 1610; x_wconf 70' lang='lat' dir='ltr'>et</span> <span class='ocrx_word' id='word_1_11' title='bbox 138 1587 191 1610; x_wconf 71' lang='lat' dir='ltr'>add.</span> <span class='ocrx_word' id='word_1_12' title='bbox 205 1588 240 1610; x_wconf 55' lang='grc' dir='ltr'>ιν».</span> 
     </span>
     <span class='ocr_line' id='line_1_6' title="bbox 47 1637 255 1674; baseline 0 -12"><span class='ocrx_word' id='word_1_13' title='bbox 47 1637 52 1674; x_wconf 41' lang='grc' dir='ltr'>ζ</span> <span class='ocrx_word' id='word_1_14' title='bbox 72 1639 90 1652; x_wconf 67' lang='lat'><strong>⁴</strong></span> <span class='ocrx_word' id='word_1_15' title='bbox 101 1640 176 1668; x_wconf 69' lang='lat' dir='ltr'>lpum</span> <span class='ocrx_word' id='word_1_16' title='bbox 188 1640 255 1662; x_wconf 76' lang='lat' dir='ltr'>mab.</span> 
     </span>
    </p>
   </div>
   <div class='ocr_carea' id='block_1_6' title="bbox 1162 298 1371 344">
    <p class='ocr_par' dir='ltr' id='par_1_6' title="bbox 1162 298 1371 344">
     <span class='ocr_line' id='line_1_7' title="bbox 1162 298 1371 344; baseline 0 -10"><span class='ocrx_word' id='word_1_17' title='bbox 1162 298 1273 335; x_wconf 85' lang='lat' dir='ltr'><strong>CAP.</strong></span> <span class='ocrx_word' id='word_1_18' title='bbox 1302 298 1371 344; x_wconf 77' lang='lat' dir='ltr'>vl,</span> 
     </span>
    </p>
   </div>
   <div class='ocr_carea' id='block_1_7' title="bbox 23 375 1372 425">
    <p class='ocr_par' dir='ltr' id='par_1_7' title="bbox 7 370 1372 425">
     <span class='ocr_line' id='line_1_8' title="bbox 23 375 1372 425; baseline -0.002 -10.035"><span class='ocrx_word' id='word_1_19' title='bbox 23 384 26 388; x_wconf 78' lang='grc'>’</span> <span class='ocrx_word' id='word_1_20' title='bbox 78 386 88 396; x_wconf 90' lang='grc'><em>·</em></span> <span class='ocrx_word' id='word_1_21' title='bbox 102 391 148 408; x_wconf 71' lang='lat' dir='ltr'>non</span> <span class='ocrx_word' id='word_1_22' title='bbox 165 391 213 407; x_wconf 77' lang='lat' dir='ltr'>om·</span> <span class='ocrx_word' id='word_1_23' title='bbox 231 391 289 407; x_wconf 66' lang='lat' dir='ltr'>scm</span> <span class='ocrx_word' id='word_1_24' title='bbox 317 388 405 424; x_wconf 86' lang='lat' dir='ltr'>ergo</span> <span class='ocrx_word' id='word_1_25' title='bbox 423 376 561 425; x_wconf 91' lang='lat' dir='ltr'>primo,</span> <span class='ocrx_word' id='word_1_26' title='bbox 578 377 680 425; x_wconf 93' lang='lat' dir='ltr'>quod</span> <span class='ocrx_word' id='word_1_27' title='bbox 700 376 738 413; x_wconf 92' lang='lat' dir='ltr'>in</span> <span class='ocrx_word' id='word_1_28' title='bbox 758 376 815 413; x_wconf 82' lang='lat' dir='ltr'>his</span> <span class='ocrx_word' id='word_1_29' title='bbox 835 375 1103 413; x_wconf 85' lang='lat' dir='ltr'>mutationibus</span> <span class='ocrx_word' id='word_1_30' title='bbox 1136 388 1233 423; x_wconf 89' lang='lat' dir='ltr'>quae</span> <span class='ocrx_word' id='word_1_31' title='bbox 1258 387 1335 412; x_wconf 92' lang='lat' dir='ltr'>non</span> <span class='ocrx_word' id='word_1_32' title='bbox 1352 376 1372 396; x_wconf 86' lang='lat'>*</span> 
     </span>
    </p>
   </div>
   <div class='ocr_carea' id='block_1_8' title="bbox 316 427 1370 530">
    <p class='ocr_par' dir='ltr' id='par_1_8' title="bbox 316 427 1370 530">
     <span class='ocr_line' id='line_1_9' title="bbox 316 427 1369 476; baseline -0.003 -10"><span class='ocrx_word' id='word_1_33' title='bbox 316 436 402 466; x_wconf 87' lang='lat' dir='ltr'>sunt</span> <span class='ocrx_word' id='word_1_34' title='bbox 419 429 514 465; x_wconf 90' lang='lat' dir='ltr'>inter</span> <span class='ocrx_word' id='word_1_35' title='bbox 534 429 727 476; x_wconf 88' lang='lat' dir='ltr'>contraria,</span> <span class='ocrx_word' id='word_1_36' title='bbox 749 441 828 466; x_wconf 91' lang='lat' dir='ltr'>non</span> <span class='ocrx_word' id='word_1_37' title='bbox 847 428 1034 465; x_wconf 90' lang='lat' dir='ltr'>invenitur</span> <span class='ocrx_word' id='word_1_38' title='bbox 1053 427 1158 476; x_wconf 90' lang='lat' dir='ltr'>quies</span> <span class='ocrx_word' id='word_1_39' title='bbox 1179 428 1369 476; x_wconf 86' lang='lat' dir='ltr'>opposita:</span> 
     </span>
     <span class='ocr_line' id='line_1_10' title="bbox 316 479 1370 530; baseline -0.003 -12"><span class='ocrx_word' id='word_1_40' title='bbox 316 481 384 518; x_wconf 89' lang='lat' dir='ltr'>sed</span> <span class='ocrx_word' id='word_1_41' title='bbox 410 480 500 518; x_wconf 90' lang='lat' dir='ltr'>illud</span> <span class='ocrx_word' id='word_1_42' title='bbox 527 482 631 529; x_wconf 91' lang='lat' dir='ltr'>quod</span> <span class='ocrx_word' id='word_1_43' title='bbox 660 481 861 530; x_wconf 89' lang='lat' dir='ltr'>opponitur</span> <span class='ocrx_word' id='word_1_44' title='bbox 889 481 956 527; x_wconf 90' lang='lat' dir='ltr'>eis,</span> <span class='ocrx_word' id='word_1_45' title='bbox 986 480 1079 517; x_wconf 92' lang='lat' dir='ltr'>sicut</span> <span class='ocrx_word' id='word_1_46' title='bbox 1106 479 1211 528; x_wconf 90' lang='lat' dir='ltr'>quies</span> <span class='ocrx_word' id='word_1_47' title='bbox 1239 479 1370 526; x_wconf 88' lang='lat' dir='ltr'>motui,</span> 
     </span>
    </p>
   </div>
   <div class='ocr_carea' id='block_1_9' title="bbox 279 531 1244 582">
    <p class='ocr_par' dir='ltr' id='par_1_9' title="bbox 279 531 1244 582">
     <span class='ocr_line' id='line_1_11' title="bbox 279 531 1244 582; baseline -0.003 -12"><span class='ocrx_word' id='word_1_48' title='bbox 279 533 284 537; x_wconf 85' lang='lat'>&#39;</span> <span class='ocrx_word' id='word_1_49' title='bbox 314 540 439 582; x_wconf 90' lang='lat' dir='ltr'>potest</span> <span class='ocrx_word' id='word_1_50' title='bbox 465 533 594 570; x_wconf 85' lang='lat' dir='ltr'>vocari</span> <span class='ocrx_word' id='word_1_51' title='bbox 623 534 841 579; x_wconf 87' lang='lat' dir='ltr'>immutatio,</span> <span class='ocrx_word' id='word_1_52' title='bbox 871 532 967 569; x_wconf 88' lang='lat' dir='ltr'>idest</span> <span class='ocrx_word' id='word_1_53' title='bbox 985 544 1058 568; x_wconf 89' lang='lat' dir='ltr'>non</span> <span class='ocrx_word' id='word_1_54' title='bbox 1078 531 1244 568; x_wconf 87' lang='lat' dir='ltr'>mutatio.</span> 
     </span>
    </p>
   </div>
   <div class='ocr_carea' id='block_1_10' title="bbox 314 583 1376 1994">
    <p class='ocr_par' dir='ltr' id='par_1_10' title="bbox 314 583 1376 1994">
     <span class='ocr_line' id='line_1_12' title="bbox 371 583 1369 632; baseline -0.004 -10"><span class='ocrx_word' id='word_1_55' title='bbox 371 587 405 623; x_wconf 90' lang='lat'>8.</span> <span class='ocrx_word' id='word_1_56' title='bbox 417 585 564 622; x_wconf 89' lang='lat' dir='ltr'>Deinde</span> <span class='ocrx_word' id='word_1_57' title='bbox 580 597 667 622; x_wconf 90' lang='lat' dir='ltr'>cum</span> <span class='ocrx_word' id='word_1_58' title='bbox 679 585 780 622; x_wconf 87' lang='lat' dir='ltr'>dicit:</span> <span class='ocrx_word' id='word_1_59' title='bbox 795 586 847 622; x_wconf 89' lang='lat' dir='ltr'>Et</span> <span class='ocrx_word' id='word_1_60' title='bbox 856 585 890 621; x_wconf 84' lang='lat' dir='ltr'>si</span> <span class='ocrx_word' id='word_1_61' title='bbox 897 584 1044 632; x_wconf 86' lang='lat' dir='ltr'>quidem</span> <span class='ocrx_word' id='word_1_62' title='bbox 1054 583 1197 631; x_wconf 84' lang='lat' dir='ltr'>aliquid</span> <span class='ocrx_word' id='word_1_63' title='bbox 1204 583 1275 619; x_wconf 86' lang='lat' dir='ltr'>erit</span> <span class='ocrx_word' id='word_1_64' title='bbox 1288 590 1369 630; x_wconf 89' lang='lat' dir='ltr'>etc.,</span> 
     </span>
     <span class='ocr_line' id='line_1_13' title="bbox 315 635 1368 686; baseline -0.005 -11"><span class='ocrx_word' id='word_1_65' title='bbox 315 638 500 675; x_wconf 87' lang='lat' dir='ltr'>interserit</span> <span class='ocrx_word' id='word_1_66' title='bbox 518 637 710 686; x_wconf 90' lang='lat' dir='ltr'>quandam</span> <span class='ocrx_word' id='word_1_67' title='bbox 739 636 1010 674; x_wconf 84' lang='lat' dir='ltr'>dubitationem</span> <span class='ocrx_word' id='word_1_68' title='bbox 1038 635 1134 672; x_wconf 88' lang='lat' dir='ltr'>circa</span> <span class='ocrx_word' id='word_1_69' title='bbox 1151 635 1368 683; x_wconf 90' lang='lat' dir='ltr'>praemissa.</span> 
     </span>
     <span class='ocr_line' id='line_1_14' title="bbox 315 687 1369 737; baseline -0.004 -10"><span class='ocrx_word' id='word_1_70' title='bbox 315 691 468 728; x_wconf 91' lang='lat' dir='ltr'>Dictum</span> <span class='ocrx_word' id='word_1_71' title='bbox 490 690 688 726; x_wconf 75' lang='lat' dir='ltr'>est*enim</span> <span class='ocrx_word' id='word_1_72' title='bbox 707 689 812 737; x_wconf 90' lang='lat' dir='ltr'>quod</span> <span class='ocrx_word' id='word_1_73' title='bbox 830 687 987 725; x_wconf 82' lang='lat' dir='ltr'>mutatio</span> <span class='ocrx_word' id='word_1_74' title='bbox 1012 699 1109 735; x_wconf 92' lang='lat' dir='ltr'>quae</span> <span class='ocrx_word' id='word_1_75' title='bbox 1135 693 1189 723; x_wconf 90' lang='lat' dir='ltr'>est</span> <span class='ocrx_word' id='word_1_76' title='bbox 1208 687 1256 724; x_wconf 89' lang='lat' dir='ltr'>ad</span> <span class='ocrx_word' id='word_1_77' title='bbox 1277 699 1369 735; x_wconf 90' lang='lat' dir='ltr'>esse,</span> 
     </span>
     <span class='ocr_line' id='line_1_15' title="bbox 316 741 1371 788; baseline -0.006 -8"><span class='ocrx_word' id='word_1_78' title='bbox 316 742 562 780; x_wconf 87' lang='lat' dir='ltr'>contrariatur</span> <span class='ocrx_word' id='word_1_79' title='bbox 594 741 791 779; x_wconf 90' lang='lat' dir='ltr'>mutationi</span> <span class='ocrx_word' id='word_1_80' title='bbox 828 752 925 788; x_wconf 91' lang='lat' dir='ltr'>quae</span> <span class='ocrx_word' id='word_1_81' title='bbox 968 746 1023 775; x_wconf 90' lang='lat' dir='ltr'>est</span> <span class='ocrx_word' id='word_1_82' title='bbox 1059 751 1103 775; x_wconf 89' lang='lat' dir='ltr'>ex</span> <span class='ocrx_word' id='word_1_83' title='bbox 1133 751 1235 785; x_wconf 91' lang='lat' dir='ltr'>esse;</span> <span class='ocrx_word' id='word_1_84' title='bbox 1274 752 1371 787; x_wconf 86' lang='lat' dir='ltr'>quae</span> 
     </span>
     <span class='ocr_line' id='line_1_16' title="bbox 316 791 1370 844; baseline -0.004 -12"><span class='ocrx_word' id='word_1_85' title='bbox 316 796 470 844; x_wconf 91' lang='lat' dir='ltr'>quidem</span> <span class='ocrx_word' id='word_1_86' title='bbox 498 802 554 831; x_wconf 89' lang='lat' dir='ltr'>est</span> <span class='ocrx_word' id='word_1_87' title='bbox 578 794 618 831; x_wconf 90' lang='lat' dir='ltr'>in</span> <span class='ocrx_word' id='word_1_88' title='bbox 646 805 720 830; x_wconf 90' lang='lat' dir='ltr'>non</span> <span class='ocrx_word' id='word_1_89' title='bbox 748 804 836 829; x_wconf 74' lang='lat' dir='ltr'>esse,</span> <span class='ocrx_word' id='word_1_90' title='bbox 872 792 958 828; x_wconf 93' lang='lat' dir='ltr'>Hoc</span> <span class='ocrx_word' id='word_1_91' title='bbox 986 799 1112 828; x_wconf 89' lang='lat' dir='ltr'>autem</span> <span class='ocrx_word' id='word_1_92' title='bbox 1146 791 1249 840; x_wconf 90' lang='lat' dir='ltr'>quod</span> <span class='ocrx_word' id='word_1_93' title='bbox 1286 792 1370 829; x_wconf 92' lang='lat' dir='ltr'>dico</span> 
     </span>
     <span class='ocr_line' id='line_1_17' title="bbox 315 843 1371 895; baseline -0.005 -10"><span class='ocrx_word' id='word_1_94' title='bbox 315 860 390 885; x_wconf 86' lang='lat' dir='ltr'>non</span> <span class='ocrx_word' id='word_1_95' title='bbox 409 859 497 893; x_wconf 83' lang='lat' dir='ltr'>esse,</span> <span class='ocrx_word' id='word_1_96' title='bbox 516 853 640 895; x_wconf 92' lang='lat' dir='ltr'>potest</span> <span class='ocrx_word' id='word_1_97' title='bbox 659 844 853 893; x_wconf 87' lang='lat' dir='ltr'>dupliciter</span> <span class='ocrx_word' id='word_1_98' title='bbox 871 843 1000 892; x_wconf 89' lang='lat' dir='ltr'>accipi.</span> <span class='ocrx_word' id='word_1_99' title='bbox 1021 844 1107 880; x_wconf 91' lang='lat' dir='ltr'>Uno</span> <span class='ocrx_word' id='word_1_100' title='bbox 1127 844 1246 881; x_wconf 91' lang='lat' dir='ltr'>modo</span> <span class='ocrx_word' id='word_1_101' title='bbox 1266 844 1371 892; x_wconf 90' lang='lat' dir='ltr'>quod</span> 
     </span>
     <span class='ocr_line' id='line_1_18' title="bbox 314 896 1370 946; baseline -0.004 -10"><span class='ocrx_word' id='word_1_102' title='bbox 314 900 453 936; x_wconf 89' lang='lat' dir='ltr'>habeat</span> <span class='ocrx_word' id='word_1_103' title='bbox 470 897 624 946; x_wconf 87' lang='lat' dir='ltr'>aliquod</span> <span class='ocrx_word' id='word_1_104' title='bbox 647 897 870 943; x_wconf 90' lang='lat' dir='ltr'>subiectum,</span> <span class='ocrx_word' id='word_1_105' title='bbox 890 897 951 933; x_wconf 91' lang='lat' dir='ltr'>vel</span> <span class='ocrx_word' id='word_1_106' title='bbox 974 908 1039 932; x_wconf 90' lang='lat' dir='ltr'>ens</span> <span class='ocrx_word' id='word_1_107' title='bbox 1059 903 1155 943; x_wconf 88' lang='lat' dir='ltr'>actu,</span> <span class='ocrx_word' id='word_1_108' title='bbox 1180 896 1274 933; x_wconf 90' lang='lat' dir='ltr'>sicut</span> <span class='ocrx_word' id='word_1_109' title='bbox 1292 909 1370 933; x_wconf 93' lang='lat' dir='ltr'>non</span> 
     </span>
     <span class='ocr_line' id='line_1_19' title="bbox 315 949 1368 998; baseline -0.001 -11"><span class='ocrx_word' id='word_1_110' title='bbox 315 952 444 988; x_wconf 85' lang='lat' dir='ltr'>album</span> <span class='ocrx_word' id='word_1_111' title='bbox 471 950 509 986; x_wconf 92' lang='lat' dir='ltr'>in</span> <span class='ocrx_word' id='word_1_112' title='bbox 538 961 717 998; x_wconf 89' lang='lat' dir='ltr'>corpore,</span> <span class='ocrx_word' id='word_1_113' title='bbox 749 949 811 985; x_wconf 87' lang='lat' dir='ltr'>vel</span> <span class='ocrx_word' id='word_1_114' title='bbox 845 949 883 985; x_wconf 93' lang='lat' dir='ltr'>in</span> <span class='ocrx_word' id='word_1_115' title='bbox 909 949 1077 997; x_wconf 91' lang='lat' dir='ltr'>potentia</span> <span class='ocrx_word' id='word_1_116' title='bbox 1108 955 1253 985; x_wconf 90' lang='lat' dir='ltr'>tantum</span> <span class='ocrx_word' id='word_1_117' title='bbox 1283 961 1368 996; x_wconf 89' lang='lat' dir='ltr'>ens,</span> 
     </span>
     <span class='ocr_line' id='line_1_20' title="bbox 315 1001 1370 1051; baseline -0.002 -12"><span class='ocrx_word' id='word_1_118' title='bbox 315 1003 410 1039; x_wconf 88' lang='lat' dir='ltr'>sieut</span> <span class='ocrx_word' id='word_1_119' title='bbox 435 1002 596 1051; x_wconf 83' lang='lat' dir='ltr'>privatio</span> <span class='ocrx_word' id='word_1_120' title='bbox 625 1002 770 1038; x_wconf 84' lang='lat' dir='ltr'>formae</span> <span class='ocrx_word' id='word_1_121' title='bbox 799 1001 1046 1038; x_wconf 90' lang='lat' dir='ltr'>substantialis</span> <span class='ocrx_word' id='word_1_122' title='bbox 1067 1008 1121 1037; x_wconf 91' lang='lat' dir='ltr'>est</span> <span class='ocrx_word' id='word_1_123' title='bbox 1148 1001 1186 1037; x_wconf 94' lang='lat' dir='ltr'>in</span> <span class='ocrx_word' id='word_1_124' title='bbox 1214 1002 1370 1038; x_wconf 89' lang='lat' dir='ltr'>materia</span> 
     </span>
     <span class='ocr_line' id='line_1_21' title="bbox 314 1053 1371 1104; baseline -0.003 -12"><span class='ocrx_word' id='word_1_125' title='bbox 314 1054 449 1104; x_wconf 89' lang='lat' dir='ltr'>prima.</span> <span class='ocrx_word' id='word_1_126' title='bbox 479 1056 555 1091; x_wconf 92' lang='lat' dir='ltr'>Aut</span> <span class='ocrx_word' id='word_1_127' title='bbox 581 1053 793 1102; x_wconf 87' lang='lat' dir='ltr'>intelligitur</span> <span class='ocrx_word' id='word_1_128' title='bbox 819 1054 891 1090; x_wconf 92' lang='lat' dir='ltr'>tale</span> <span class='ocrx_word' id='word_1_129' title='bbox 919 1066 998 1090; x_wconf 91' lang='lat' dir='ltr'>non</span> <span class='ocrx_word' id='word_1_130' title='bbox 1025 1065 1127 1099; x_wconf 89' lang='lat' dir='ltr'>esse,</span> <span class='ocrx_word' id='word_1_131' title='bbox 1162 1053 1266 1101; x_wconf 91' lang='lat' dir='ltr'>quod</span> <span class='ocrx_word' id='word_1_132' title='bbox 1293 1066 1371 1090; x_wconf 92' lang='lat' dir='ltr'>non</span> 
     </span>
     <span class='ocr_line' id='line_1_22' title="bbox 314 1105 1369 1156; baseline -0.001 -13"><span class='ocrx_word' id='word_1_133' title='bbox 314 1107 430 1144; x_wconf 87' lang='lat' dir='ltr'>habet</span> <span class='ocrx_word' id='word_1_134' title='bbox 449 1107 602 1156; x_wconf 90' lang='lat' dir='ltr'>aliquod</span> <span class='ocrx_word' id='word_1_135' title='bbox 620 1106 842 1154; x_wconf 88' lang='lat' dir='ltr'>subiectum,</span> <span class='ocrx_word' id='word_1_136' title='bbox 858 1105 926 1143; x_wconf 91' lang='lat' dir='ltr'>sed</span> <span class='ocrx_word' id='word_1_137' title='bbox 943 1113 999 1142; x_wconf 90' lang='lat' dir='ltr'>est</span> <span class='ocrx_word' id='word_1_138' title='bbox 1017 1105 1173 1142; x_wconf 87' lang='lat' dir='ltr'>omnino</span> <span class='ocrx_word' id='word_1_139' title='bbox 1193 1118 1272 1142; x_wconf 92' lang='lat' dir='ltr'>non</span> <span class='ocrx_word' id='word_1_140' title='bbox 1291 1118 1369 1142; x_wconf 89' lang='lat' dir='ltr'>ens.</span> 
     </span>
     <span class='ocr_line' id='line_1_23' title="bbox 316 1158 1372 1208; baseline -0.002 -12"><span class='ocrx_word' id='word_1_141' title='bbox 316 1159 356 1196; x_wconf 88' lang='lat' dir='ltr'>Si</span> <span class='ocrx_word' id='word_1_142' title='bbox 373 1159 498 1208; x_wconf 91' lang='lat' dir='ltr'>primo</span> <span class='ocrx_word' id='word_1_143' title='bbox 518 1159 637 1196; x_wconf 84' lang='lat' dir='ltr'>modo</span> <span class='ocrx_word' id='word_1_144' title='bbox 657 1159 860 1208; x_wconf 87' lang='lat' dir='ltr'>accipiatur</span> <span class='ocrx_word' id='word_1_145' title='bbox 886 1171 965 1195; x_wconf 93' lang='lat' dir='ltr'>non</span> <span class='ocrx_word' id='word_1_146' title='bbox 985 1170 1076 1205; x_wconf 91' lang='lat' dir='ltr'>esse,</span> <span class='ocrx_word' id='word_1_147' title='bbox 1107 1158 1212 1206; x_wconf 89' lang='lat' dir='ltr'>quod</span> <span class='ocrx_word' id='word_1_148' title='bbox 1235 1158 1372 1195; x_wconf 87' lang='lat' dir='ltr'>habeat</span> 
     </span>
     <span class='ocr_line' id='line_1_24' title="bbox 315 1210 1370 1260; baseline -0.002 -12"><span class='ocrx_word' id='word_1_149' title='bbox 315 1211 469 1260; x_wconf 90' lang='lat' dir='ltr'>aliquod</span> <span class='ocrx_word' id='word_1_150' title='bbox 488 1211 710 1259; x_wconf 89' lang='lat' dir='ltr'>subiectum,</span> <span class='ocrx_word' id='word_1_151' title='bbox 735 1218 824 1248; x_wconf 90' lang='lat' dir='ltr'>tunc</span> <span class='ocrx_word' id='word_1_152' title='bbox 842 1210 1002 1248; x_wconf 89' lang='lat' dir='ltr'>inveniri</span> <span class='ocrx_word' id='word_1_153' title='bbox 1019 1210 1156 1259; x_wconf 91' lang='lat' dir='ltr'>poterit</span> <span class='ocrx_word' id='word_1_154' title='bbox 1174 1210 1370 1259; x_wconf 89' lang='lat' dir='ltr'>quomodo</span> 
     </span>
     <span class='ocr_line' id='line_1_25' title="bbox 314 1262 1371 1301; baseline -0.002 -1"><span class='ocrx_word' id='word_1_155' title='bbox 314 1276 391 1300; x_wconf 93' lang='lat' dir='ltr'>una</span> <span class='ocrx_word' id='word_1_156' title='bbox 427 1276 505 1301; x_wconf 92' lang='lat' dir='ltr'>non</span> <span class='ocrx_word' id='word_1_157' title='bbox 542 1264 699 1301; x_wconf 89' lang='lat' dir='ltr'>mutatio</span> <span class='ocrx_word' id='word_1_158' title='bbox 737 1264 783 1301; x_wconf 92' lang='lat' dir='ltr'>sit</span> <span class='ocrx_word' id='word_1_159' title='bbox 820 1264 1006 1300; x_wconf 88' lang='lat' dir='ltr'>contraria</span> <span class='ocrx_word' id='word_1_160' title='bbox 1043 1262 1103 1299; x_wconf 92' lang='lat' dir='ltr'>alii</span> <span class='ocrx_word' id='word_1_161' title='bbox 1137 1275 1215 1299; x_wconf 92' lang='lat' dir='ltr'>non</span> <span class='ocrx_word' id='word_1_162' title='bbox 1252 1270 1371 1299; x_wconf 91' lang='lat' dir='ltr'>muta-</span> 
     </span>
     <span class='ocr_line' id='line_1_26' title="bbox 314 1315 1371 1366; baseline -0.002 -13"><span class='ocrx_word' id='word_1_163' title='bbox 314 1316 427 1353; x_wconf 90' lang='lat' dir='ltr'>tioni:</span> <span class='ocrx_word' id='word_1_164' title='bbox 457 1316 544 1366; x_wconf 92' lang='lat' dir='ltr'>quia</span> <span class='ocrx_word' id='word_1_165' title='bbox 570 1316 708 1366; x_wconf 91' lang='lat' dir='ltr'>poterit</span> <span class='ocrx_word' id='word_1_166' title='bbox 736 1316 807 1354; x_wconf 93' lang='lat' dir='ltr'>dici</span> <span class='ocrx_word' id='word_1_167' title='bbox 836 1316 940 1365; x_wconf 92' lang='lat' dir='ltr'>quod</span> <span class='ocrx_word' id='word_1_168' title='bbox 973 1328 1052 1353; x_wconf 91' lang='lat' dir='ltr'>non</span> <span class='ocrx_word' id='word_1_169' title='bbox 1080 1315 1237 1352; x_wconf 89' lang='lat' dir='ltr'>mutatio</span> <span class='ocrx_word' id='word_1_170' title='bbox 1275 1327 1371 1363; x_wconf 93' lang='lat' dir='ltr'>quae</span> 
     </span>
     <span class='ocr_line' id='line_1_27' title="bbox 315 1367 1374 1418; baseline -0.003 -12"><span class='ocrx_word' id='word_1_171' title='bbox 315 1376 372 1406; x_wconf 84' lang='lat' dir='ltr'>est</span> <span class='ocrx_word' id='word_1_172' title='bbox 398 1369 436 1406; x_wconf 92' lang='lat' dir='ltr'>in</span> <span class='ocrx_word' id='word_1_173' title='bbox 465 1382 567 1416; x_wconf 88' lang='lat' dir='ltr'>esse,</span> <span class='ocrx_word' id='word_1_174' title='bbox 602 1369 806 1418; x_wconf 91' lang='lat' dir='ltr'>opponitur</span> <span class='ocrx_word' id='word_1_175' title='bbox 838 1381 917 1406; x_wconf 92' lang='lat' dir='ltr'>non</span> <span class='ocrx_word' id='word_1_176' title='bbox 945 1367 1142 1405; x_wconf 85' lang='lat' dir='ltr'>mutationi</span> <span class='ocrx_word' id='word_1_177' title='bbox 1183 1379 1280 1415; x_wconf 89' lang='lat' dir='ltr'>quae</span> <span class='ocrx_word' id='word_1_178' title='bbox 1318 1375 1374 1404; x_wconf 90' lang='lat' dir='ltr'>est</span> 
     </span>
     <span class='ocr_line' id='line_1_28' title="bbox 314 1420 1373 1470; baseline -0.002 -12"><span class='ocrx_word' id='word_1_179' title='bbox 314 1421 354 1458; x_wconf 92' lang='lat' dir='ltr'>in</span> <span class='ocrx_word' id='word_1_180' title='bbox 374 1434 453 1458; x_wconf 90' lang='lat' dir='ltr'>non</span> <span class='ocrx_word' id='word_1_181' title='bbox 473 1434 566 1458; x_wconf 91' lang='lat' dir='ltr'>esse.</span> <span class='ocrx_word' id='word_1_182' title='bbox 595 1422 654 1458; x_wconf 84' lang='lat' dir='ltr'>Ex</span> <span class='ocrx_word' id='word_1_183' title='bbox 682 1434 758 1470; x_wconf 95' lang='lat' dir='ltr'>quo</span> <span class='ocrx_word' id='word_1_184' title='bbox 784 1421 886 1458; x_wconf 91' lang='lat' dir='ltr'>enim</span> <span class='ocrx_word' id='word_1_185' title='bbox 914 1433 992 1457; x_wconf 94' lang='lat' dir='ltr'>non</span> <span class='ocrx_word' id='word_1_186' title='bbox 1013 1433 1094 1457; x_wconf 91' lang='lat' dir='ltr'>esse</span> <span class='ocrx_word' id='word_1_187' title='bbox 1113 1421 1227 1456; x_wconf 88' lang='lat' dir='ltr'>habet</span> <span class='ocrx_word' id='word_1_188' title='bbox 1249 1420 1373 1456; x_wconf 91' lang='lat' dir='ltr'>subie-</span> 
     </span>
     <span class='ocr_line' id='line_1_29' title="bbox 316 1472 1372 1522; baseline -0.002 -12"><span class='ocrx_word' id='word_1_189' title='bbox 316 1481 430 1521; x_wconf 90' lang='lat' dir='ltr'>ctum,</span> <span class='ocrx_word' id='word_1_190' title='bbox 450 1473 542 1511; x_wconf 89' lang='lat' dir='ltr'>nihil</span> <span class='ocrx_word' id='word_1_191' title='bbox 561 1473 776 1522; x_wconf 90' lang='lat' dir='ltr'>prohibebit</span> <span class='ocrx_word' id='word_1_192' title='bbox 795 1473 815 1494; x_wconf 75' lang='lat'>²¹⁸</span> <span class='ocrx_word' id='word_1_193' title='bbox 836 1473 971 1521; x_wconf 86' lang='lat' dir='ltr'>dicere,</span> <span class='ocrx_word' id='word_1_194' title='bbox 1001 1472 1104 1521; x_wconf 91' lang='lat' dir='ltr'>quod</span> <span class='ocrx_word' id='word_1_195' title='bbox 1132 1472 1222 1509; x_wconf 93' lang='lat' dir='ltr'>illud</span> <span class='ocrx_word' id='word_1_196' title='bbox 1250 1472 1372 1509; x_wconf 92' lang='lat' dir='ltr'>subie-</span> 
     </span>
     <span class='ocr_line' id='line_1_30' title="bbox 317 1524 1373 1574; baseline -0.003 -11"><span class='ocrx_word' id='word_1_197' title='bbox 317 1533 418 1563; x_wconf 86' lang='lat' dir='ltr'>etum</span> <span class='ocrx_word' id='word_1_198' title='bbox 437 1534 659 1574; x_wconf 88' lang='lat' dir='ltr'>permaneat</span> <span class='ocrx_word' id='word_1_199' title='bbox 677 1526 715 1562; x_wconf 93' lang='lat' dir='ltr'>in</span> <span class='ocrx_word' id='word_1_200' title='bbox 734 1526 796 1562; x_wconf 91' lang='lat' dir='ltr'>illo</span> <span class='ocrx_word' id='word_1_201' title='bbox 817 1538 894 1562; x_wconf 93' lang='lat' dir='ltr'>non</span> <span class='ocrx_word' id='word_1_202' title='bbox 914 1537 1007 1572; x_wconf 89' lang='lat' dir='ltr'>esse,</span> <span class='ocrx_word' id='word_1_203' title='bbox 1037 1525 1141 1574; x_wconf 92' lang='lat' dir='ltr'>quod</span> <span class='ocrx_word' id='word_1_204' title='bbox 1170 1532 1225 1561; x_wconf 90' lang='lat' dir='ltr'>est</span> <span class='ocrx_word' id='word_1_205' title='bbox 1248 1524 1373 1573; x_wconf 90' lang='lat' dir='ltr'>ipsum</span> 
     </span>
     <span class='ocr_line' id='line_1_31' title="bbox 315 1578 1372 1625; baseline -0.002 -10"><span class='ocrx_word' id='word_1_206' title='bbox 315 1591 394 1615; x_wconf 91' lang='lat' dir='ltr'>non</span> <span class='ocrx_word' id='word_1_207' title='bbox 413 1579 561 1615; x_wconf 87' lang='lat' dir='ltr'>mutari.</span> <span class='ocrx_word' id='word_1_208' title='bbox 593 1578 633 1615; x_wconf 91' lang='lat' dir='ltr'>Si</span> <span class='ocrx_word' id='word_1_209' title='bbox 656 1590 750 1615; x_wconf 91' lang='lat' dir='ltr'>vero</span> <span class='ocrx_word' id='word_1_210' title='bbox 779 1590 854 1614; x_wconf 89' lang='lat' dir='ltr'>non</span> <span class='ocrx_word' id='word_1_211' title='bbox 883 1583 936 1614; x_wconf 84' lang='lat' dir='ltr'>est</span> <span class='ocrx_word' id='word_1_212' title='bbox 957 1578 1099 1625; x_wconf 85' lang='lat' dir='ltr'>aliquid</span> <span class='ocrx_word' id='word_1_213' title='bbox 1126 1578 1145 1598; x_wconf 52' lang='lat'>’²</span> <span class='ocrx_word' id='word_1_214' title='bbox 1172 1578 1272 1625; x_wconf 86' lang='lat' dir='ltr'>quod</span> <span class='ocrx_word' id='word_1_215' title='bbox 1298 1589 1372 1613; x_wconf 90' lang='lat' dir='ltr'>non</span> 
     </span>
     <span class='ocr_line' id='line_1_32' title="bbox 316 1629 1373 1679; baseline -0.003 -11"><span class='ocrx_word' id='word_1_216' title='bbox 316 1637 379 1677; x_wconf 82' lang='lat' dir='ltr'>est,</span> <span class='ocrx_word' id='word_1_217' title='bbox 398 1630 495 1668; x_wconf 89' lang='lat' dir='ltr'>idest</span> <span class='ocrx_word' id='word_1_218' title='bbox 514 1631 545 1667; x_wconf 92' lang='lat' dir='ltr'>si</span> <span class='ocrx_word' id='word_1_219' title='bbox 563 1630 634 1679; x_wconf 90' lang='lat' dir='ltr'>ipsi</span> <span class='ocrx_word' id='word_1_220' title='bbox 657 1631 676 1651; x_wconf 71' lang='lat'>&#39;¹‘</span> <span class='ocrx_word' id='word_1_221' title='bbox 694 1642 773 1667; x_wconf 91' lang='lat' dir='ltr'>non</span> <span class='ocrx_word' id='word_1_222' title='bbox 797 1642 878 1667; x_wconf 93' lang='lat' dir='ltr'>esse</span> <span class='ocrx_word' id='word_1_223' title='bbox 897 1642 976 1666; x_wconf 91' lang='lat' dir='ltr'>non</span> <span class='ocrx_word' id='word_1_224' title='bbox 995 1637 1051 1666; x_wconf 93' lang='lat' dir='ltr'>est</span> <span class='ocrx_word' id='word_1_225' title='bbox 1074 1629 1225 1678; x_wconf 90' lang='lat' dir='ltr'>aliquod</span> <span class='ocrx_word' id='word_1_226' title='bbox 1251 1629 1373 1665; x_wconf 90' lang='lat' dir='ltr'>subie-</span> 
     </span>
     <span class='ocr_line' id='line_1_33' title="bbox 316 1681 1373 1730; baseline -0.003 -10"><span class='ocrx_word' id='word_1_227' title='bbox 316 1690 430 1730; x_wconf 88' lang='lat' dir='ltr'>ctum,</span> <span class='ocrx_word' id='word_1_228' title='bbox 459 1690 548 1719; x_wconf 92' lang='lat' dir='ltr'>tunc</span> <span class='ocrx_word' id='word_1_229' title='bbox 568 1683 747 1720; x_wconf 93' lang='lat' dir='ltr'>dubitatio</span> <span class='ocrx_word' id='word_1_230' title='bbox 777 1690 957 1729; x_wconf 84' lang='lat' dir='ltr'>remanet,</span> <span class='ocrx_word' id='word_1_231' title='bbox 989 1682 1047 1718; x_wconf 93' lang='lat' dir='ltr'>cui</span> <span class='ocrx_word' id='word_1_232' title='bbox 1075 1694 1153 1718; x_wconf 92' lang='lat' dir='ltr'>non</span> <span class='ocrx_word' id='word_1_233' title='bbox 1176 1681 1373 1718; x_wconf 89' lang='lat' dir='ltr'>mutationi</span> 
     </span>
     <span class='ocr_line' id='line_1_34' title="bbox 315 1734 1375 1782; baseline -0.003 -10"><span class='ocrx_word' id='word_1_234' title='bbox 315 1735 361 1772; x_wconf 92' lang='lat' dir='ltr'>sit</span> <span class='ocrx_word' id='word_1_235' title='bbox 381 1735 566 1772; x_wconf 86' lang='lat' dir='ltr'>contraria</span> <span class='ocrx_word' id='word_1_236' title='bbox 594 1735 654 1772; x_wconf 90' lang='lat' dir='ltr'>illa</span> <span class='ocrx_word' id='word_1_237' title='bbox 681 1748 759 1772; x_wconf 93' lang='lat' dir='ltr'>non</span> <span class='ocrx_word' id='word_1_238' title='bbox 787 1734 946 1771; x_wconf 89' lang='lat' dir='ltr'>mutatio</span> <span class='ocrx_word' id='word_1_239' title='bbox 974 1734 1035 1771; x_wconf 89' lang='lat' dir='ltr'>vel</span> <span class='ocrx_word' id='word_1_240' title='bbox 1055 1734 1172 1782; x_wconf 87' lang='lat' dir='ltr'>quies,</span> <span class='ocrx_word' id='word_1_241' title='bbox 1202 1745 1299 1781; x_wconf 87' lang='lat' dir='ltr'>quae</span> <span class='ocrx_word' id='word_1_242' title='bbox 1320 1741 1375 1769; x_wconf 89' lang='lat' dir='ltr'>est</span> 
     </span>
     <span class='ocr_line' id='line_1_35' title="bbox 315 1786 1375 1835; baseline -0.003 -11"><span class='ocrx_word' id='word_1_243' title='bbox 315 1787 355 1824; x_wconf 91' lang='lat' dir='ltr'>in</span> <span class='ocrx_word' id='word_1_244' title='bbox 375 1800 468 1824; x_wconf 91' lang='lat' dir='ltr'>esse.</span> <span class='ocrx_word' id='word_1_245' title='bbox 500 1788 615 1835; x_wconf 89' lang='lat' dir='ltr'>Quod</span> <span class='ocrx_word' id='word_1_246' title='bbox 645 1788 746 1824; x_wconf 92' lang='lat' dir='ltr'>enim</span> <span class='ocrx_word' id='word_1_247' title='bbox 776 1786 933 1824; x_wconf 91' lang='lat' dir='ltr'>omnino</span> <span class='ocrx_word' id='word_1_248' title='bbox 962 1798 1040 1823; x_wconf 92' lang='lat' dir='ltr'>non</span> <span class='ocrx_word' id='word_1_249' title='bbox 1064 1793 1129 1832; x_wconf 90' lang='lat' dir='ltr'>est,</span> <span class='ocrx_word' id='word_1_250' title='bbox 1150 1798 1228 1822; x_wconf 91' lang='lat' dir='ltr'>non</span> <span class='ocrx_word' id='word_1_251' title='bbox 1250 1792 1375 1834; x_wconf 87' lang='lat' dir='ltr'>potest</span> 
     </span>
     <span class='ocr_line' id='line_1_36' title="bbox 317 1838 1376 1888; baseline -0.004 -11"><span class='ocrx_word' id='word_1_252' title='bbox 317 1839 390 1878; x_wconf 91' lang='lat' dir='ltr'>dici</span> <span class='ocrx_word' id='word_1_253' title='bbox 419 1840 612 1888; x_wconf 90' lang='lat' dir='ltr'>quiescere</span> <span class='ocrx_word' id='word_1_254' title='bbox 646 1847 710 1877; x_wconf 89' lang='lat' dir='ltr'>aut</span> <span class='ocrx_word' id='word_1_255' title='bbox 740 1838 1023 1876; x_wconf 90' lang='lat' dir='ltr'>immutabiliter</span> <span class='ocrx_word' id='word_1_256' title='bbox 1053 1850 1292 1886; x_wconf 90' lang='lat' dir='ltr'>permanere.</span> <span class='ocrx_word' id='word_1_257' title='bbox 1327 1838 1376 1874; x_wconf 92' lang='lat' dir='ltr'>Et</span> 
     </span>
     <span class='ocr_line' id='line_1_37' title="bbox 316 1889 1374 1941; baseline -0.004 -12"><span class='ocrx_word' id='word_1_258' title='bbox 316 1892 405 1941; x_wconf 88' lang='lat' dir='ltr'>quia</span> <span class='ocrx_word' id='word_1_259' title='bbox 430 1904 587 1932; x_wconf 88' lang='lat' dir='ltr'>necesse</span> <span class='ocrx_word' id='word_1_260' title='bbox 616 1900 672 1929; x_wconf 91' lang='lat' dir='ltr'>est</span> <span class='ocrx_word' id='word_1_261' title='bbox 699 1892 803 1941; x_wconf 91' lang='lat' dir='ltr'>quod</span> <span class='ocrx_word' id='word_1_262' title='bbox 830 1903 909 1928; x_wconf 91' lang='lat' dir='ltr'>non</span> <span class='ocrx_word' id='word_1_263' title='bbox 942 1890 1140 1928; x_wconf 89' lang='lat' dir='ltr'>mutationi</span> <span class='ocrx_word' id='word_1_264' title='bbox 1171 1891 1232 1927; x_wconf 89' lang='lat' dir='ltr'>vel</span> <span class='ocrx_word' id='word_1_265' title='bbox 1262 1889 1374 1939; x_wconf 90' lang='lat' dir='ltr'>quieti</span> 
     </span>
     <span class='ocr_line' id='line_1_38' title="bbox 315 1942 1373 1994; baseline -0.004 -12"><span class='ocrx_word' id='word_1_266' title='bbox 315 1957 414 1993; x_wconf 89' lang='lat' dir='ltr'>quae</span> <span class='ocrx_word' id='word_1_267' title='bbox 435 1952 490 1982; x_wconf 92' lang='lat' dir='ltr'>est</span> <span class='ocrx_word' id='word_1_268' title='bbox 508 1945 546 1982; x_wconf 91' lang='lat' dir='ltr'>in</span> <span class='ocrx_word' id='word_1_269' title='bbox 567 1957 660 1994; x_wconf 92' lang='lat' dir='ltr'>esse,</span> <span class='ocrx_word' id='word_1_270' title='bbox 682 1945 728 1982; x_wconf 89' lang='lat' dir='ltr'>sit</span> <span class='ocrx_word' id='word_1_271' title='bbox 752 1944 875 1993; x_wconf 90' lang='lat' dir='ltr'>aliqua</span> <span class='ocrx_word' id='word_1_272' title='bbox 898 1956 977 1981; x_wconf 92' lang='lat' dir='ltr'>non</span> <span class='ocrx_word' id='word_1_273' title='bbox 1000 1942 1156 1980; x_wconf 84' lang='lat' dir='ltr'>mutatio</span> <span class='ocrx_word' id='word_1_274' title='bbox 1178 1942 1373 1990; x_wconf 87' lang='lat' dir='ltr'>contraria,</span> 
     </span>
    </p>
   </div>
   <div class='ocr_carea' id='block_1_11' title="bbox 1401 297 1632 335">
    <p class='ocr_par' dir='ltr' id='par_1_11' title="bbox 1401 297 1632 335">
     <span class='ocr_line' id='line_1_39' title="bbox 1401 297 1632 335; baseline 0.004 -2"><span class='ocrx_word' id='word_1_275' title='bbox 1401 297 1550 335; x_wconf 92' lang='lat' dir='ltr'><strong>LECT.</strong></span> <span class='ocrx_word' id='word_1_276' title='bbox 1581 299 1632 334; x_wconf 91' lang='lat' dir='ltr'>IX</span> 
     </span>
    </p>
   </div>
   <div class='ocr_carea' id='block_1_12' title="bbox 1425 375 2476 789">
    <p class='ocr_par' dir='ltr' id='par_1_12' title="bbox 1425 375 2475 518">
     <span class='ocr_line' id='line_1_40' title="bbox 1425 375 2473 428; baseline 0.004 -17"><span class='ocrx_word' id='word_1_277' title='bbox 1425 375 1664 412; x_wconf 86' lang='lat' dir='ltr'>manifestum</span> <span class='ocrx_word' id='word_1_278' title='bbox 1685 389 1730 413; x_wconf 87' lang='lat' dir='ltr'>ex</span> <span class='ocrx_word' id='word_1_279' title='bbox 1749 377 1822 413; x_wconf 92' lang='lat' dir='ltr'>hoc</span> <span class='ocrx_word' id='word_1_280' title='bbox 1841 377 1883 413; x_wconf 93' lang='lat' dir='ltr'>fit</span> <span class='ocrx_word' id='word_1_281' title='bbox 1907 378 2008 425; x_wconf 90' lang='lat' dir='ltr'>quod</span> <span class='ocrx_word' id='word_1_282' title='bbox 2037 378 2128 415; x_wconf 91' lang='lat' dir='ltr'>illud</span> <span class='ocrx_word' id='word_1_283' title='bbox 2147 391 2224 415; x_wconf 91' lang='lat' dir='ltr'>non</span> <span class='ocrx_word' id='word_1_284' title='bbox 2244 391 2336 426; x_wconf 90' lang='lat' dir='ltr'>esse,</span> <span class='ocrx_word' id='word_1_285' title='bbox 2357 392 2379 415; x_wconf 90' lang='lat' dir='ltr'>a</span> <span class='ocrx_word' id='word_1_286' title='bbox 2398 391 2473 428; x_wconf 93' lang='lat' dir='ltr'>quo</span> 
     </span>
     <span class='ocr_line' id='line_1_41' title="bbox 1425 428 2475 480; baseline 0.004 -17"><span class='ocrx_word' id='word_1_287' title='bbox 1425 434 1480 463; x_wconf 91' lang='lat' dir='ltr'>est</span> <span class='ocrx_word' id='word_1_288' title='bbox 1498 428 1686 474; x_wconf 87' lang='lat' dir='ltr'>generatio</span> <span class='ocrx_word' id='word_1_289' title='bbox 1716 436 1751 464; x_wconf 94' lang='lat' dir='ltr'>et</span> <span class='ocrx_word' id='word_1_290' title='bbox 1778 429 1816 465; x_wconf 90' lang='lat' dir='ltr'>in</span> <span class='ocrx_word' id='word_1_291' title='bbox 1835 431 1937 477; x_wconf 94' lang='lat' dir='ltr'>quod</span> <span class='ocrx_word' id='word_1_292' title='bbox 1956 430 2073 467; x_wconf 90' lang='lat' dir='ltr'>tendit</span> <span class='ocrx_word' id='word_1_293' title='bbox 2092 431 2293 480; x_wconf 76' lang='lat' dir='ltr'>corruptio,</span> <span class='ocrx_word' id='word_1_294' title='bbox 2324 438 2377 468; x_wconf 93' lang='lat' dir='ltr'>est</span> <span class='ocrx_word' id='word_1_295' title='bbox 2397 443 2475 467; x_wconf 90' lang='lat' dir='ltr'>non</span> 
     </span>
     <span class='ocr_line' id='line_1_42' title="bbox 1425 480 1928 518; baseline 0.006 -3"><span class='ocrx_word' id='word_1_296' title='bbox 1425 491 1505 515; x_wconf 89' lang='lat' dir='ltr'>esse</span> <span class='ocrx_word' id='word_1_297' title='bbox 1533 480 1677 516; x_wconf 91' lang='lat' dir='ltr'>habens</span> <span class='ocrx_word' id='word_1_298' title='bbox 1705 481 1928 518; x_wconf 88' lang='lat' dir='ltr'>subiectum.</span> 
     </span>
    </p>

    <p class='ocr_par' dir='ltr' id='par_1_13' title="bbox 1425 531 2476 789">
     <span class='ocr_line' id='line_1_43' title="bbox 1478 531 2473 580; baseline 0.005 -13"><span class='ocrx_word' id='word_1_299' title='bbox 1478 543 1512 578; x_wconf 85' lang='lat'>9.</span> <span class='ocrx_word' id='word_1_300' title='bbox 1543 531 1691 568; x_wconf 88' lang='lat' dir='ltr'>Deinde</span> <span class='ocrx_word' id='word_1_301' title='bbox 1710 545 1797 569; x_wconf 88' lang='lat' dir='ltr'>cum</span> <span class='ocrx_word' id='word_1_302' title='bbox 1818 533 1920 570; x_wconf 91' lang='lat' dir='ltr'>dicit:</span> <span class='ocrx_word' id='word_1_303' title='bbox 1946 535 1988 570; x_wconf 89' lang='lat' dir='ltr'>Si</span> <span class='ocrx_word' id='word_1_304' title='bbox 2004 539 2127 571; x_wconf 85' lang='lat' dir='ltr'>autem</span> <span class='ocrx_word' id='word_1_305' title='bbox 2146 536 2216 571; x_wconf 87' lang='lat' dir='ltr'>hoc</span> <span class='ocrx_word' id='word_1_306' title='bbox 2234 541 2297 580; x_wconf 83' lang='lat' dir='ltr'>est,</span> <span class='ocrx_word' id='word_1_307' title='bbox 2317 541 2382 571; x_wconf 87' lang='lat' dir='ltr'>aut</span> <span class='ocrx_word' id='word_1_308' title='bbox 2400 546 2473 571; x_wconf 91' lang='lat' dir='ltr'>non</span> 
     </span>
     <span class='ocr_line' id='line_1_44' title="bbox 1425 584 2475 634; baseline 0.004 -15"><span class='ocrx_word' id='word_1_309' title='bbox 1425 584 1544 620; x_wconf 83' lang='lat' dir='ltr'>omnis</span> <span class='ocrx_word' id='word_1_310' title='bbox 1572 591 1653 631; x_wconf 89' lang='lat' dir='ltr'>etc.,</span> <span class='ocrx_word' id='word_1_311' title='bbox 1684 585 1844 621; x_wconf 90' lang='lat' dir='ltr'>ostendit</span> <span class='ocrx_word' id='word_1_312' title='bbox 1870 586 1975 633; x_wconf 93' lang='lat' dir='ltr'>quod</span> <span class='ocrx_word' id='word_1_313' title='bbox 2002 594 2252 634; x_wconf 87' lang='lat' dir='ltr'>supposuerat</span> <span class='ocrx_word' id='word_1_314' title='bbox 2271 587 2308 634; x_wconf 85' lang='grc'>*,</span> <span class='ocrx_word' id='word_1_315' title='bbox 2338 587 2475 623; x_wconf 92' lang='lat' dir='ltr'>scilicet</span> 
     </span>
     <span class='ocr_line' id='line_1_45' title="bbox 1425 636 2475 688; baseline 0.005 -17"><span class='ocrx_word' id='word_1_316' title='bbox 1425 636 1528 683; x_wconf 91' lang='lat' dir='ltr'>quod</span> <span class='ocrx_word' id='word_1_317' title='bbox 1546 636 1586 672; x_wconf 92' lang='lat' dir='ltr'>id</span> <span class='ocrx_word' id='word_1_318' title='bbox 1604 636 1709 684; x_wconf 92' lang='lat' dir='ltr'>quod</span> <span class='ocrx_word' id='word_1_319' title='bbox 1729 637 1931 685; x_wconf 91' lang='lat' dir='ltr'>opponitur</span> <span class='ocrx_word' id='word_1_320' title='bbox 1949 639 2178 685; x_wconf 91' lang='lat' dir='ltr'>generationi</span> <span class='ocrx_word' id='word_1_321' title='bbox 2198 647 2233 675; x_wconf 93' lang='lat' dir='ltr'>et</span> <span class='ocrx_word' id='word_1_322' title='bbox 2247 639 2475 688; x_wconf 88' lang='lat' dir='ltr'>corruptioni</span> 
     </span>
     <span class='ocr_line' id='line_1_46' title="bbox 1425 687 2474 739; baseline 0.004 -16"><span class='ocrx_word' id='word_1_323' title='bbox 1425 699 1502 724; x_wconf 93' lang='lat' dir='ltr'>non</span> <span class='ocrx_word' id='word_1_324' title='bbox 1522 687 1567 724; x_wconf 91' lang='lat' dir='ltr'>sit</span> <span class='ocrx_word' id='word_1_325' title='bbox 1594 688 1711 736; x_wconf 90' lang='lat' dir='ltr'>quies.</span> <span class='ocrx_word' id='word_1_326' title='bbox 1742 689 1782 725; x_wconf 92' lang='lat' dir='ltr'>Si</span> <span class='ocrx_word' id='word_1_327' title='bbox 1811 689 1911 725; x_wconf 91' lang='lat' dir='ltr'>enirn</span> <span class='ocrx_word' id='word_1_328' title='bbox 1930 690 2184 738; x_wconf 75' lang='lat' dir='ltr'>hoc-daretur,</span> <span class='ocrx_word' id='word_1_329' title='bbox 2214 691 2351 727; x_wconf 90' lang='lat' dir='ltr'>scilicet</span> <span class='ocrx_word' id='word_1_330' title='bbox 2369 690 2474 739; x_wconf 93' lang='lat' dir='ltr'>quod</span> 
     </span>
     <span class='ocr_line' id='line_1_47' title="bbox 1426 740 2476 789; baseline 0.004 -14"><span class='ocrx_word' id='word_1_331' title='bbox 1426 747 1523 776; x_wconf 89' lang='lat' dir='ltr'>esset</span> <span class='ocrx_word' id='word_1_332' title='bbox 1550 740 1667 788; x_wconf 85' lang='lat' dir='ltr'>quies,</span> <span class='ocrx_word' id='word_1_333' title='bbox 1697 749 1914 789; x_wconf 89' lang='lat' dir='ltr'>sequeretur</span> <span class='ocrx_word' id='word_1_334' title='bbox 1941 743 2099 778; x_wconf 88' lang='lat' dir='ltr'>alterum</span> <span class='ocrx_word' id='word_1_335' title='bbox 2129 743 2308 789; x_wconf 83' lang='lat' dir='ltr'>duorum3</span> <span class='ocrx_word' id='word_1_336' title='bbox 2339 743 2476 780; x_wconf 91' lang='lat' dir='ltr'>scilicet</span> 
     </span>
    </p>
   </div>
   <div class='ocr_carea' id='block_1_13' title="bbox 2399 301 2470 338">
    <p class='ocr_par' dir='ltr' id='par_1_14' title="bbox 2399 301 2470 338">
     <span class='ocr_line' id='line_1_48' title="bbox 2399 301 2470 338; baseline 0.014 -1"><span class='ocrx_word' id='word_1_337' title='bbox 2399 301 2470 338; x_wconf 84' lang='lat'>261</span> 
     </span>
    </p>
   </div>
   <div class='ocr_carea' id='block_1_14' title="bbox 1425 792 2485 842">
    <p class='ocr_par' dir='ltr' id='par_1_15' title="bbox 1425 792 2485 842">
     <span class='ocr_line' id='line_1_49' title="bbox 1425 792 2485 842; baseline 0.003 -14"><span class='ocrx_word' id='word_1_338' title='bbox 1425 792 1530 840; x_wconf 92' lang='lat' dir='ltr'>quod</span> <span class='ocrx_word' id='word_1_339' title='bbox 1548 800 1612 828; x_wconf 89' lang='lat' dir='ltr'>aut</span> <span class='ocrx_word' id='word_1_340' title='bbox 1629 805 1707 829; x_wconf 93' lang='lat' dir='ltr'>non</span> <span class='ocrx_word' id='word_1_341' title='bbox 1736 793 1859 830; x_wconf 91' lang='lat' dir='ltr'>omnis</span> <span class='ocrx_word' id='word_1_342' title='bbox 1887 794 1994 841; x_wconf 88' lang='lat' dir='ltr'>quies</span> <span class='ocrx_word' id='word_1_343' title='bbox 2015 802 2111 831; x_wconf 88' lang='lat' dir='ltr'>esset</span> <span class='ocrx_word' id='word_1_344' title='bbox 2139 795 2322 831; x_wconf 85' lang='lat' dir='ltr'>contraria</span> <span class='ocrx_word' id='word_1_345' title='bbox 2341 795 2485 842; x_wconf 70' lang='lat' dir='ltr'>motui,</span> 
     </span>
    </p>
   </div>
   <div class='ocr_carea' id='block_1_15' title="bbox 1422 844 2480 1990">
    <p class='ocr_par' dir='ltr' id='par_1_16' title="bbox 1422 844 2476 1102">
     <span class='ocr_line' id='line_1_50' title="bbox 1424 844 2474 894; baseline 0.004 -14"><span class='ocrx_word' id='word_1_346' title='bbox 1424 852 1488 881; x_wconf 88' lang='lat' dir='ltr'>aut</span> <span class='ocrx_word' id='word_1_347' title='bbox 1507 844 1611 893; x_wconf 90' lang='lat' dir='ltr'>quod</span> <span class='ocrx_word' id='word_1_348' title='bbox 1630 845 1819 892; x_wconf 90' lang='lat' dir='ltr'>generatio</span> <span class='ocrx_word' id='word_1_349' title='bbox 1849 853 1884 882; x_wconf 92' lang='lat' dir='ltr'>et</span> <span class='ocrx_word' id='word_1_350' title='bbox 1912 846 2099 894; x_wconf 88' lang='lat' dir='ltr'>corruptio</span> <span class='ocrx_word' id='word_1_351' title='bbox 2129 847 2175 883; x_wconf 90' lang='lat' dir='ltr'>sit</span> <span class='ocrx_word' id='word_1_352' title='bbox 2198 854 2334 883; x_wconf 87' lang='lat' dir='ltr'>motus.</span> <span class='ocrx_word' id='word_1_353' title='bbox 2365 847 2474 884; x_wconf 90' lang='lat' dir='ltr'>Unde</span> 
     </span>
     <span class='ocr_line' id='line_1_51' title="bbox 1424 897 2474 947; baseline 0.002 -14"><span class='ocrx_word' id='word_1_354' title='bbox 1424 897 1664 933; x_wconf 85' lang='lat' dir='ltr'>manifestum</span> <span class='ocrx_word' id='word_1_355' title='bbox 1694 905 1748 934; x_wconf 92' lang='lat' dir='ltr'>est</span> <span class='ocrx_word' id='word_1_356' title='bbox 1775 898 1880 946; x_wconf 91' lang='lat' dir='ltr'>quod</span> <span class='ocrx_word' id='word_1_357' title='bbox 1903 898 1939 935; x_wconf 94' lang='lat' dir='ltr'>id</span> <span class='ocrx_word' id='word_1_358' title='bbox 1960 899 2064 946; x_wconf 91' lang='lat' dir='ltr'>quod</span> <span class='ocrx_word' id='word_1_359' title='bbox 2092 899 2295 947; x_wconf 88' lang='lat' dir='ltr'>opponitur</span> <span class='ocrx_word' id='word_1_360' title='bbox 2322 910 2474 946; x_wconf 90' lang='lat' dir='ltr'>genera-</span> 
     </span>
     <span class='ocr_line' id='line_1_52' title="bbox 1424 949 2476 999; baseline 0.002 -14"><span class='ocrx_word' id='word_1_361' title='bbox 1424 949 1514 985; x_wconf 90' lang='lat' dir='ltr'>tioni</span> <span class='ocrx_word' id='word_1_362' title='bbox 1535 956 1571 985; x_wconf 91' lang='lat' dir='ltr'>et</span> <span class='ocrx_word' id='word_1_363' title='bbox 1590 949 1829 997; x_wconf 86' lang='lat' dir='ltr'>corruptioni,</span> <span class='ocrx_word' id='word_1_364' title='bbox 1859 962 1936 986; x_wconf 90' lang='lat' dir='ltr'>non</span> <span class='ocrx_word' id='word_1_365' title='bbox 1964 950 2097 987; x_wconf 90' lang='lat' dir='ltr'>dicitur</span> <span class='ocrx_word' id='word_1_366' title='bbox 2125 951 2242 999; x_wconf 90' lang='lat' dir='ltr'>quies,</span> <span class='ocrx_word' id='word_1_367' title='bbox 2272 951 2341 987; x_wconf 90' lang='lat' dir='ltr'>nisi</span> <span class='ocrx_word' id='word_1_368' title='bbox 2365 963 2476 998; x_wconf 88' lang='lat' dir='ltr'>gene-</span> 
     </span>
     <span class='ocr_line' id='line_1_53' title="bbox 1424 1001 2476 1052; baseline 0.002 -15"><span class='ocrx_word' id='word_1_369' title='bbox 1424 1001 1516 1037; x_wconf 88' lang='lat' dir='ltr'>ratio</span> <span class='ocrx_word' id='word_1_370' title='bbox 1547 1009 1582 1037; x_wconf 92' lang='lat' dir='ltr'>et</span> <span class='ocrx_word' id='word_1_371' title='bbox 1610 1002 1798 1050; x_wconf 90' lang='lat' dir='ltr'>corruptio</span> <span class='ocrx_word' id='word_1_372' title='bbox 1828 1009 1925 1038; x_wconf 93' lang='lat' dir='ltr'>esset</span> <span class='ocrx_word' id='word_1_373' title='bbox 1947 1010 2090 1050; x_wconf 89' lang='lat' dir='ltr'>motus,</span> <span class='ocrx_word' id='word_1_374' title='bbox 2120 1003 2225 1052; x_wconf 91' lang='lat' dir='ltr'>quod</span> <span class='ocrx_word' id='word_1_375' title='bbox 2244 1003 2476 1052; x_wconf 77' lang='lat' dir='ltr'>supra*irn-</span> 
     </span>
     <span class='ocr_line' id='line_1_54' title="bbox 1422 1054 1758 1102; baseline 0 -13"><span class='ocrx_word' id='word_1_376' title='bbox 1422 1054 1624 1102; x_wconf 89' lang='lat' dir='ltr'>probatum</span> <span class='ocrx_word' id='word_1_377' title='bbox 1654 1061 1708 1089; x_wconf 91' lang='lat' dir='ltr'>est</span> <span class='ocrx_word' id='word_1_378' title='bbox 1728 1054 1758 1090; x_wconf 64' lang='lat'>³⁸.</span> 
     </span>
    </p>

    <p class='ocr_par' dir='ltr' id='par_1_17' title="bbox 1425 1105 2480 1990">
     <span class='ocr_line' id='line_1_55' title="bbox 1484 1105 2480 1155; baseline 0.002 -14"><span class='ocrx_word' id='word_1_379' title='bbox 1484 1117 1540 1142; x_wconf 90' lang='lat'>10.</span> <span class='ocrx_word' id='word_1_380' title='bbox 1579 1105 1725 1142; x_wconf 86' lang='lat' dir='ltr'>Deinde</span> <span class='ocrx_word' id='word_1_381' title='bbox 1760 1117 1847 1142; x_wconf 89' lang='lat' dir='ltr'>curn</span> <span class='ocrx_word' id='word_1_382' title='bbox 1880 1106 1985 1143; x_wconf 86' lang='lat' dir='ltr'>dicit:</span> <span class='ocrx_word' id='word_1_383' title='bbox 2020 1107 2146 1143; x_wconf 88' lang='lat' dir='ltr'>Simile</span> <span class='ocrx_word' id='word_1_384' title='bbox 2178 1113 2301 1144; x_wconf 88' lang='lat' dir='ltr'>autem</span> <span class='ocrx_word' id='word_1_385' title='bbox 2338 1107 2480 1155; x_wconf 86' lang='lat' dir='ltr'>aliquid</span> 
     </span>
     <span class='ocr_line' id='line_1_56' title="bbox 1425 1158 2477 1205; baseline 0.002 -12"><span class='ocrx_word' id='word_1_386' title='bbox 1425 1163 1478 1194; x_wconf 83' lang='lat' dir='ltr'>est</span> <span class='ocrx_word' id='word_1_387' title='bbox 1505 1164 1586 1204; x_wconf 91' lang='lat' dir='ltr'>etc.,</span> <span class='ocrx_word' id='word_1_388' title='bbox 1617 1158 1778 1194; x_wconf 89' lang='lat' dir='ltr'>ostendit</span> <span class='ocrx_word' id='word_1_389' title='bbox 1805 1158 2002 1205; x_wconf 90' lang='lat' dir='ltr'>quomodo</span> <span class='ocrx_word' id='word_1_390' title='bbox 2028 1171 2106 1195; x_wconf 92' lang='lat' dir='ltr'>non</span> <span class='ocrx_word' id='word_1_391' title='bbox 2130 1159 2286 1196; x_wconf 89' lang='lat' dir='ltr'>mutatio</span> <span class='ocrx_word' id='word_1_392' title='bbox 2316 1159 2361 1195; x_wconf 91' lang='lat' dir='ltr'>sit</span> <span class='ocrx_word' id='word_1_393' title='bbox 2389 1171 2477 1196; x_wconf 93' lang='lat' dir='ltr'>con-</span> 
     </span>
     <span class='ocr_line' id='line_1_57' title="bbox 1425 1209 2476 1259; baseline 0.002 -14"><span class='ocrx_word' id='word_1_394' title='bbox 1425 1209 1535 1246; x_wconf 89' lang='lat' dir='ltr'>traria</span> <span class='ocrx_word' id='word_1_395' title='bbox 1571 1209 1780 1246; x_wconf 87' lang='lat' dir='ltr'>mutationi.</span> <span class='ocrx_word' id='word_1_396' title='bbox 1811 1210 1859 1245; x_wconf 92' lang='lat' dir='ltr'>Et</span> <span class='ocrx_word' id='word_1_397' title='bbox 1888 1210 1974 1246; x_wconf 91' lang='lat' dir='ltr'>dicit</span> <span class='ocrx_word' id='word_1_398' title='bbox 2005 1211 2109 1259; x_wconf 91' lang='lat' dir='ltr'>quod</span> <span class='ocrx_word' id='word_1_399' title='bbox 2146 1211 2264 1247; x_wconf 89' lang='lat' dir='ltr'>simile</span> <span class='ocrx_word' id='word_1_400' title='bbox 2303 1218 2357 1247; x_wconf 92' lang='lat' dir='ltr'>est</span> <span class='ocrx_word' id='word_1_401' title='bbox 2385 1212 2405 1233; x_wconf 73' lang='lat'>‘¹‘</span> <span class='ocrx_word' id='word_1_402' title='bbox 2430 1211 2476 1248; x_wconf 91' lang='lat' dir='ltr'>de</span> 
     </span>
     <span class='ocr_line' id='line_1_58' title="bbox 1426 1261 2478 1310; baseline 0 -11"><span class='ocrx_word' id='word_1_403' title='bbox 1426 1261 1683 1299; x_wconf 83' lang='lat' dir='ltr'>contrarietate</span> <span class='ocrx_word' id='word_1_404' title='bbox 1711 1261 1982 1298; x_wconf 86' lang='lat' dir='ltr'>immutationis</span> <span class='ocrx_word' id='word_1_405' title='bbox 2015 1262 2063 1299; x_wconf 87' lang='lat' dir='ltr'>ad</span> <span class='ocrx_word' id='word_1_406' title='bbox 2095 1263 2354 1310; x_wconf 84' lang='lat' dir='ltr'>mutationem,</span> <span class='ocrx_word' id='word_1_407' title='bbox 2385 1263 2478 1300; x_wconf 90' lang='lat' dir='ltr'>sicut</span> 
     </span>
     <span class='ocr_line' id='line_1_59' title="bbox 1427 1313 2477 1363; baseline 0.001 -12"><span class='ocrx_word' id='word_1_408' title='bbox 1427 1315 1473 1351; x_wconf 92' lang='lat' dir='ltr'>de</span> <span class='ocrx_word' id='word_1_409' title='bbox 1494 1314 1751 1351; x_wconf 83' lang='lat' dir='ltr'>contrarietate</span> <span class='ocrx_word' id='word_1_410' title='bbox 1775 1313 1908 1362; x_wconf 89' lang='lat' dir='ltr'>quietis</span> <span class='ocrx_word' id='word_1_411' title='bbox 1936 1314 1984 1350; x_wconf 93' lang='lat' dir='ltr'>ad</span> <span class='ocrx_word' id='word_1_412' title='bbox 2003 1322 2167 1351; x_wconf 92' lang='lat' dir='ltr'>motum:</span> <span class='ocrx_word' id='word_1_413' title='bbox 2192 1315 2280 1363; x_wconf 88' lang='lat' dir='ltr'>quia</span> <span class='ocrx_word' id='word_1_414' title='bbox 2302 1315 2477 1352; x_wconf 89' lang='lat' dir='ltr'>immuta-</span> 
     </span>
     <span class='ocr_line' id='line_1_60' title="bbox 1425 1366 2477 1414; baseline 0 -11"><span class='ocrx_word' id='word_1_415' title='bbox 1425 1367 1476 1403; x_wconf 90' lang='lat' dir='ltr'>tio</span> <span class='ocrx_word' id='word_1_416' title='bbox 1505 1379 1602 1414; x_wconf 91' lang='lat' dir='ltr'>quae</span> <span class='ocrx_word' id='word_1_417' title='bbox 1633 1374 1688 1403; x_wconf 90' lang='lat' dir='ltr'>est</span> <span class='ocrx_word' id='word_1_418' title='bbox 1711 1366 1749 1403; x_wconf 90' lang='lat' dir='ltr'>in</span> <span class='ocrx_word' id='word_1_419' title='bbox 1778 1378 1870 1413; x_wconf 86' lang='lat' dir='ltr'>esse,</span> <span class='ocrx_word' id='word_1_420' title='bbox 1902 1366 2086 1403; x_wconf 89' lang='lat' dir='ltr'>contraria</span> <span class='ocrx_word' id='word_1_421' title='bbox 2115 1375 2168 1403; x_wconf 91' lang='lat' dir='ltr'>est</span> <span class='ocrx_word' id='word_1_422' title='bbox 2194 1368 2255 1404; x_wconf 88' lang='lat' dir='ltr'>vel</span> <span class='ocrx_word' id='word_1_423' title='bbox 2289 1367 2378 1403; x_wconf 90' lang='lat' dir='ltr'>nulli</span> <span class='ocrx_word' id='word_1_424' title='bbox 2410 1368 2477 1403; x_wconf 92' lang='lat' dir='ltr'>im-</span> 
     </span>
     <span class='ocr_line' id='line_1_61' title="bbox 1427 1418 2480 1467; baseline 0 -11"><span class='ocrx_word' id='word_1_425' title='bbox 1427 1418 1625 1456; x_wconf 84' lang='lat' dir='ltr'>mutationi</span> <span class='ocrx_word' id='word_1_426' title='bbox 1653 1418 1779 1467; x_wconf 93' lang='lat' dir='ltr'>(quod</span> <span class='ocrx_word' id='word_1_427' title='bbox 1807 1425 1904 1455; x_wconf 89' lang='lat' dir='ltr'>esset</span> <span class='ocrx_word' id='word_1_428' title='bbox 1937 1419 1967 1455; x_wconf 91' lang='lat' dir='ltr'>si</span> <span class='ocrx_word' id='word_1_429' title='bbox 1994 1430 2073 1455; x_wconf 92' lang='lat' dir='ltr'>non</span> <span class='ocrx_word' id='word_1_430' title='bbox 2106 1431 2187 1455; x_wconf 91' lang='lat' dir='ltr'>esse</span> <span class='ocrx_word' id='word_1_431' title='bbox 2216 1431 2293 1455; x_wconf 92' lang='lat' dir='ltr'>non</span> <span class='ocrx_word' id='word_1_432' title='bbox 2324 1420 2480 1456; x_wconf 90' lang='lat' dir='ltr'>haberet</span> 
     </span>
     <span class='ocr_line' id='line_1_62' title="bbox 1427 1470 2480 1519; baseline -0.001 -11"><span class='ocrx_word' id='word_1_433' title='bbox 1427 1471 1679 1518; x_wconf 81' lang='lat' dir='ltr'>subiectum),</span> <span class='ocrx_word' id='word_1_434' title='bbox 1717 1478 1782 1507; x_wconf 87' lang='lat' dir='ltr'>aut</span> <span class='ocrx_word' id='word_1_435' title='bbox 1818 1470 1852 1507; x_wconf 91' lang='lat' dir='ltr'>ei</span> <span class='ocrx_word' id='word_1_436' title='bbox 1879 1483 1957 1508; x_wconf 93' lang='lat' dir='ltr'>non</span> <span class='ocrx_word' id='word_1_437' title='bbox 1993 1471 2191 1508; x_wconf 89' lang='lat' dir='ltr'>mutationi</span> <span class='ocrx_word' id='word_1_438' title='bbox 2220 1483 2316 1519; x_wconf 89' lang='lat' dir='ltr'>quae</span> <span class='ocrx_word' id='word_1_439' title='bbox 2355 1479 2410 1508; x_wconf 90' lang='lat' dir='ltr'>est</span> <span class='ocrx_word' id='word_1_440' title='bbox 2442 1471 2480 1508; x_wconf 91' lang='lat' dir='ltr'>in</span> 
     </span>
     <span class='ocr_line' id='line_1_63' title="bbox 1426 1523 2479 1571; baseline 0 -12"><span class='ocrx_word' id='word_1_441' title='bbox 1426 1536 1505 1560; x_wconf 92' lang='lat' dir='ltr'>non</span> <span class='ocrx_word' id='word_1_442' title='bbox 1534 1535 1627 1571; x_wconf 90' lang='lat' dir='ltr'>esse,</span> <span class='ocrx_word' id='word_1_443' title='bbox 1657 1523 1686 1559; x_wconf 90' lang='lat' dir='ltr'>si</span> <span class='ocrx_word' id='word_1_444' title='bbox 1714 1535 1793 1559; x_wconf 91' lang='lat' dir='ltr'>non</span> <span class='ocrx_word' id='word_1_445' title='bbox 1821 1535 1902 1560; x_wconf 90' lang='lat' dir='ltr'>esse</span> <span class='ocrx_word' id='word_1_446' title='bbox 1923 1523 2038 1559; x_wconf 90' lang='lat' dir='ltr'>habet</span> <span class='ocrx_word' id='word_1_447' title='bbox 2057 1523 2280 1560; x_wconf 85' lang='lat' dir='ltr'>subiectum.</span> <span class='ocrx_word' id='word_1_448' title='bbox 2310 1524 2359 1560; x_wconf 92' lang='lat' dir='ltr'>Et</span> <span class='ocrx_word' id='word_1_449' title='bbox 2385 1524 2479 1560; x_wconf 91' lang='lat' dir='ltr'>haee</span> 
     </span>
     <span class='ocr_line' id='line_1_64' title="bbox 1428 1575 2480 1624; baseline 0 -12"><span class='ocrx_word' id='word_1_450' title='bbox 1428 1575 1667 1612; x_wconf 88' lang='lat' dir='ltr'>contrarietas</span> <span class='ocrx_word' id='word_1_451' title='bbox 1692 1582 1747 1612; x_wconf 90' lang='lat' dir='ltr'>est</span> <span class='ocrx_word' id='word_1_452' title='bbox 1763 1587 1832 1623; x_wconf 90' lang='lat' dir='ltr'>per</span> <span class='ocrx_word' id='word_1_453' title='bbox 1859 1576 2020 1612; x_wconf 89' lang='lat' dir='ltr'>modum</span> <span class='ocrx_word' id='word_1_454' title='bbox 2040 1588 2116 1624; x_wconf 90' lang='lat' dir='ltr'>quo</span> <span class='ocrx_word' id='word_1_455' title='bbox 2146 1575 2251 1624; x_wconf 90' lang='lat' dir='ltr'>quies</span> <span class='ocrx_word' id='word_1_456' title='bbox 2276 1575 2480 1624; x_wconf 89' lang='lat' dir='ltr'>opponitur</span> 
     </span>
     <span class='ocr_line' id='line_1_65' title="bbox 1426 1627 2477 1677; baseline 0 -13"><span class='ocrx_word' id='word_1_457' title='bbox 1426 1628 1552 1677; x_wconf 89' lang='lat' dir='ltr'>quieti.</span> <span class='ocrx_word' id='word_1_458' title='bbox 1581 1630 1658 1664; x_wconf 90' lang='lat' dir='ltr'>Aut</span> <span class='ocrx_word' id='word_1_459' title='bbox 1678 1627 1790 1664; x_wconf 92' lang='lat' dir='ltr'>etiam</span> <span class='ocrx_word' id='word_1_460' title='bbox 1812 1640 1890 1664; x_wconf 92' lang='lat' dir='ltr'>non</span> <span class='ocrx_word' id='word_1_461' title='bbox 1918 1627 2074 1664; x_wconf 86' lang='lat' dir='ltr'>mutatio</span> <span class='ocrx_word' id='word_1_462' title='bbox 2103 1639 2200 1676; x_wconf 90' lang='lat' dir='ltr'>quae</span> <span class='ocrx_word' id='word_1_463' title='bbox 2229 1635 2284 1665; x_wconf 89' lang='lat' dir='ltr'>est</span> <span class='ocrx_word' id='word_1_464' title='bbox 2310 1628 2349 1664; x_wconf 90' lang='lat' dir='ltr'>in</span> <span class='ocrx_word' id='word_1_465' title='bbox 2379 1639 2477 1675; x_wconf 90' lang='lat' dir='ltr'>esse,</span> 
     </span>
     <span class='ocr_line' id='line_1_66' title="bbox 1427 1679 2479 1729; baseline 0 -13"><span class='ocrx_word' id='word_1_466' title='bbox 1427 1680 1631 1729; x_wconf 87' lang='lat' dir='ltr'>opponitur</span> <span class='ocrx_word' id='word_1_467' title='bbox 1650 1679 1889 1728; x_wconf 74' lang='lat' dir='ltr'>corrupfioni,</span> <span class='ocrx_word' id='word_1_468' title='bbox 1908 1687 1950 1716; x_wconf 92' lang='lat' dir='ltr'>ut</span> <span class='ocrx_word' id='word_1_469' title='bbox 1969 1679 2075 1727; x_wconf 91' lang='lat' dir='ltr'>quies</span> <span class='ocrx_word' id='word_1_470' title='bbox 2094 1679 2224 1716; x_wconf 91' lang='lat' dir='ltr'>motui.</span> <span class='ocrx_word' id='word_1_471' title='bbox 2242 1680 2332 1716; x_wconf 94' lang='lat' dir='ltr'>Non</span> <span class='ocrx_word' id='word_1_472' title='bbox 2351 1687 2479 1716; x_wconf 89' lang='lat' dir='ltr'>autem</span> 
     </span>
     <span class='ocr_line' id='line_1_67' title="bbox 1428 1729 2478 1781; baseline 0 -13"><span class='ocrx_word' id='word_1_473' title='bbox 1428 1732 1631 1781; x_wconf 88' lang='lat' dir='ltr'>opponitur</span> <span class='ocrx_word' id='word_1_474' title='bbox 1658 1731 1897 1779; x_wconf 87' lang='lat' dir='ltr'>generationi,</span> <span class='ocrx_word' id='word_1_475' title='bbox 1927 1732 2015 1780; x_wconf 92' lang='lat' dir='ltr'>quia</span> <span class='ocrx_word' id='word_1_476' title='bbox 2044 1729 2231 1781; x_wconf 79' lang='lat' dir='ltr'>corruptio</span> <span class='ocrx_word' id='word_1_477' title='bbox 2265 1731 2404 1768; x_wconf 92' lang='lat' dir='ltr'>recedit</span> <span class='ocrx_word' id='word_1_478' title='bbox 2431 1732 2478 1768; x_wconf 92' lang='lat' dir='ltr'>ab</span> 
     </span>
     <span class='ocr_line' id='line_1_68' title="bbox 1427 1784 2478 1832; baseline 0 -12"><span class='ocrx_word' id='word_1_479' title='bbox 1427 1784 1689 1821; x_wconf 87' lang='lat' dir='ltr'>immutatione</span> <span class='ocrx_word' id='word_1_480' title='bbox 1715 1784 1778 1821; x_wconf 88' lang='lat' dir='ltr'>vel</span> <span class='ocrx_word' id='word_1_481' title='bbox 1811 1784 1933 1832; x_wconf 91' lang='lat' dir='ltr'>quiete</span> <span class='ocrx_word' id='word_1_482' title='bbox 1962 1796 2058 1832; x_wconf 90' lang='lat' dir='ltr'>quae</span> <span class='ocrx_word' id='word_1_483' title='bbox 2087 1791 2142 1820; x_wconf 89' lang='lat' dir='ltr'>est</span> <span class='ocrx_word' id='word_1_484' title='bbox 2168 1784 2206 1820; x_wconf 89' lang='lat' dir='ltr'>in</span> <span class='ocrx_word' id='word_1_485' title='bbox 2235 1796 2337 1831; x_wconf 88' lang='lat' dir='ltr'>esse,</span> <span class='ocrx_word' id='word_1_486' title='bbox 2366 1796 2478 1831; x_wconf 85' lang='lat' dir='ltr'>gene-</span> 
     </span>
     <span class='ocr_line' id='line_1_69' title="bbox 1429 1836 2478 1882; baseline 0 -10"><span class='ocrx_word' id='word_1_487' title='bbox 1429 1836 1521 1873; x_wconf 91' lang='lat' dir='ltr'>ratio</span> <span class='ocrx_word' id='word_1_488' title='bbox 1553 1849 1646 1873; x_wconf 84' lang='lat' dir='ltr'>vero</span> <span class='ocrx_word' id='word_1_489' title='bbox 1674 1836 1791 1873; x_wconf 90' lang='lat' dir='ltr'>tendit</span> <span class='ocrx_word' id='word_1_490' title='bbox 1817 1836 1856 1872; x_wconf 91' lang='lat' dir='ltr'>in</span> <span class='ocrx_word' id='word_1_491' title='bbox 1883 1836 1999 1882; x_wconf 84' lang='lat' dir='ltr'>illam3</span> <span class='ocrx_word' id='word_1_492' title='bbox 2029 1836 2149 1873; x_wconf 88' lang='lat' dir='ltr'>motui</span> <span class='ocrx_word' id='word_1_493' title='bbox 2178 1843 2304 1873; x_wconf 90' lang='lat' dir='ltr'>autem</span> <span class='ocrx_word' id='word_1_494' title='bbox 2333 1843 2370 1872; x_wconf 91' lang='lat' dir='ltr'>et</span> <span class='ocrx_word' id='word_1_495' title='bbox 2396 1848 2478 1872; x_wconf 91' lang='lat' dir='ltr'>mu-</span> 
     </span>
     <span class='ocr_line' id='line_1_70' title="bbox 1428 1887 2476 1937; baseline 0 -12"><span class='ocrx_word' id='word_1_496' title='bbox 1428 1889 1557 1925; x_wconf 88' lang='lat' dir='ltr'>tationi</span> <span class='ocrx_word' id='word_1_497' title='bbox 1576 1901 1654 1925; x_wconf 94' lang='lat' dir='ltr'>non</span> <span class='ocrx_word' id='word_1_498' title='bbox 1673 1887 1876 1936; x_wconf 89' lang='lat' dir='ltr'>opponitur</span> <span class='ocrx_word' id='word_1_499' title='bbox 1895 1888 1998 1937; x_wconf 91' lang='lat' dir='ltr'>quies</span> <span class='ocrx_word' id='word_1_500' title='bbox 2026 1888 2064 1925; x_wconf 90' lang='lat' dir='ltr'>in</span> <span class='ocrx_word' id='word_1_501' title='bbox 2088 1888 2249 1925; x_wconf 90' lang='lat' dir='ltr'>termino</span> <span class='ocrx_word' id='word_1_502' title='bbox 2276 1888 2325 1925; x_wconf 92' lang='lat' dir='ltr'>ad</span> <span class='ocrx_word' id='word_1_503' title='bbox 2349 1901 2476 1937; x_wconf 87' lang='lat' dir='ltr'>quem,</span> 
     </span>
     <span class='ocr_line' id='line_1_71' title="bbox 1429 1940 2047 1990; baseline -0.003 -12"><span class='ocrx_word' id='word_1_504' title='bbox 1429 1941 1496 1978; x_wconf 89' lang='lat' dir='ltr'>sed</span> <span class='ocrx_word' id='word_1_505' title='bbox 1516 1942 1622 1990; x_wconf 90' lang='lat' dir='ltr'>quies</span> <span class='ocrx_word' id='word_1_506' title='bbox 1642 1942 1662 1962; x_wconf 69' lang='lat'>&#39;¹‘</span> <span class='ocrx_word' id='word_1_507' title='bbox 1682 1941 1720 1977; x_wconf 92' lang='lat' dir='ltr'>in</span> <span class='ocrx_word' id='word_1_508' title='bbox 1738 1940 1898 1977; x_wconf 90' lang='lat' dir='ltr'>termino</span> <span class='ocrx_word' id='word_1_509' title='bbox 1919 1953 1941 1977; x_wconf 89' lang='lat' dir='ltr'>a</span> <span class='ocrx_word' id='word_1_510' title='bbox 1960 1952 2047 1989; x_wconf 92' lang='lat' dir='ltr'>quo.</span> 
     </span>
    </p>
   </div>
   <div class='ocr_carea' id='block_1_16' title="bbox 1006 2581 1803 2915">
    <p class='ocr_par' dir='ltr' id='par_1_18' title="bbox 1006 2581 1803 2915">
     <span class='ocr_line' id='line_1_72' title="bbox 1006 2581 1803 2915; baseline 0 1081"><span class='ocrx_word' id='word_1_511' title='bbox 1006 2581 1803 2915; x_wconf 95' lang='lat' dir='ltr'> </span> 
     </span>
    </p>
   </div>
   <div class='ocr_carea' id='block_1_17' title="bbox 2501 591 2631 619">
    <p class='ocr_par' dir='ltr' id='par_1_19' title="bbox 2501 591 2631 619">
     <span class='ocr_line' id='line_1_73' title="bbox 2501 591 2631 619; baseline 0 -6"><span class='ocrx_word' id='word_1_512' title='bbox 2501 591 2512 603; x_wconf 72' lang='lat'>⁸</span> <span class='ocrx_word' id='word_1_513' title='bbox 2526 591 2596 613; x_wconf 85' lang='lat' dir='ltr'>Num.</span> <span class='ocrx_word' id='word_1_514' title='bbox 2611 598 2631 619; x_wconf 69' lang='lat'>7,</span> 
     </span>
    </p>
   </div>
   <div class='ocr_carea' id='block_1_18' title="bbox 2502 1002 2711 1110">
    <p class='ocr_par' dir='ltr' id='par_1_20' title="bbox 2502 1002 2711 1110">
     <span class='ocr_line' id='line_1_74' title="bbox 2502 1002 2709 1030; baseline 0 -6"><span class='ocrx_word' id='word_1_515' title='bbox 2502 1003 2514 1014; x_wconf 69' lang='lat'>⁴</span> <span class='ocrx_word' id='word_1_516' title='bbox 2528 1002 2590 1024; x_wconf 76' lang='lat' dir='ltr'>Lect.</span> <span class='ocrx_word' id='word_1_517' title='bbox 2604 1008 2633 1030; x_wconf 75' lang='lat' dir='ltr'>n,</span> <span class='ocrx_word' id='word_1_518' title='bbox 2649 1009 2671 1024; x_wconf 92' lang='lat' dir='ltr'>n.</span> <span class='ocrx_word' id='word_1_519' title='bbox 2687 1003 2709 1024; x_wconf 82' lang='lat'>8.</span> 
     </span>
     <span class='ocr_line' id='line_1_75' title="bbox 2504 1035 2555 1056; baseline -0.02 -6"><span class='ocrx_word' id='word_1_520' title='bbox 2504 1035 2555 1056; x_wconf 85' lang='lat' dir='ltr'>sqq.</span> 
     </span>
     <span class='ocr_line' id='line_1_76' title="bbox 2503 1062 2711 1090; baseline 0 -7"><span class='ocrx_word' id='word_1_521' title='bbox 2503 1063 2515 1073; x_wconf 72' lang='lat'>⁶</span> <span class='ocrx_word' id='word_1_522' title='bbox 2524 1062 2610 1090; x_wconf 83' lang='lat' dir='ltr'>quod...</span> <span class='ocrx_word' id='word_1_523' title='bbox 2619 1064 2654 1083; x_wconf 78' lang='lat' dir='ltr'>est</span> <span class='ocrx_word' id='word_1_524' title='bbox 2663 1068 2711 1084; x_wconf 85' lang='lat' dir='ltr'>om.</span> 
     </span>
     <span class='ocr_line' id='line_1_77' title="bbox 2503 1094 2556 1110; baseline 0.019 -1"><span class='ocrx_word' id='word_1_525' title='bbox 2503 1094 2556 1110; x_wconf 69' lang='lat' dir='ltr'>eoa.</span> 
     </span>
    </p>
   </div>
   <div class='ocr_carea' id='block_1_19' title="bbox 2504 1216 2711 1264">
    <p class='ocr_par' dir='ltr' id='par_1_21' title="bbox 2504 1216 2711 1264">
     <span class='ocr_line' id='line_1_78' title="bbox 2504 1216 2711 1264; baseline 0 -26"><span class='ocrx_word' id='word_1_526' title='bbox 2504 1217 2515 1228; x_wconf 67' lang='lat'>⁶</span> <span class='ocrx_word' id='word_1_527' title='bbox 2521 1216 2577 1264; x_wconf 56' lang='grc' dir='ltr'>άέσίι</span> <span class='ocrx_word' id='word_1_528' title='bbox 2581 1217 2655 1238; x_wconf 73' lang='lat' dir='ltr'>simile</span> <span class='ocrx_word' id='word_1_529' title='bbox 2659 1222 2711 1238; x_wconf 72' lang='lat' dir='ltr'>esse</span> 
     </span>
     <span class='ocr_line' id='line_1_79' title="bbox 2504 1248 2555 1264; baseline 0 0"><span class='ocrx_word' id='word_1_530' title='bbox 2504 1248 2533 1264; x_wconf 70' lang='lat' dir='ltr'>Pa</span> <span class='ocrx_word' id='word_1_531' title='bbox 2549 1258 2555 1264; x_wconf 81' lang='grc'><em>.</em></span> 
     </span>
    </p>
   </div>
   <div class='ocr_carea' id='block_1_20' title="bbox 2505 1928 2711 1975">
    <p class='ocr_par' dir='ltr' id='par_1_22' title="bbox 2505 1928 2711 1975">
     <span class='ocr_line' id='line_1_80' title="bbox 2505 1928 2711 1975; baseline 0.005 -26"><span class='ocrx_word' id='word_1_532' title='bbox 2505 1928 2595 1975; x_wconf 48' lang='grc' dir='ltr'><em>ἑὲηἰεε</em></span> <span class='ocrx_word' id='word_1_533' title='bbox 2609 1934 2656 1950; x_wconf 91' lang='lat' dir='ltr'>om.</span> <span class='ocrx_word' id='word_1_534' title='bbox 2669 1934 2711 1950; x_wconf 66' lang='lat' dir='ltr'>rm</span> 
     </span>
    </p>
   </div>
   <div class='ocr_carea' id='block_1_21' title="bbox 2502 2010 2524 2025">
    <p class='ocr_par' dir='ltr' id='par_1_23' title="bbox 2502 2010 2524 2025">
     <span class='ocr_line' id='line_1_81' title="bbox 2502 2010 2524 2025; baseline 0 -2"><span class='ocrx_word' id='word_1_535' title='bbox 2502 2010 2524 2025; x_wconf 58' lang='lat' dir='ltr'>ss</span> 
     </span>
    </p>
   </div>
  </div>
 </body>
</html>
