2950 4004
440 289 510 325 116

1063 284 1410 321 PHYSICORUM
1436 284 1786 321 ARISTOTELIS
1816 284 1910 321 LIB.
1942 285 1990 321 III

1214 516 1513 573 LECTIO
1553 516 1836 574 SEXTA

900 694 1143 725 PERTINERE
1167 694 1225 724 AD
1249 692 1468 724 PHYSICAM
1492 692 1795 724 CONSIDERARE
1818 694 1875 725 DE
1900 694 2101 726 INFINITO.
2122 712 2140 718 -

1126 754 1421 792 ANTIQUORUM
1444 754 1502 785 DE
1526 753 1626 785 ILLO
1650 754 1921 787 SENTENTIAE

427 920 524 950 Ἐπεὶ
549 913 576 949 δ’
599 915 689 950 ἐστὶν
709 917 728 953 η
749 917 822 958 περὶ
847 914 973 959 φύσεως
999 913 1172 957 ἐπιστήμη
1199 915 1272 958 περὶ
1298 911 1420 959 μεγέθη
1438 915 1496 945 καὶ

498 965 624 999 κίνησιν
649 963 706 992 καὶ
731 959 864 1005 χρόνον,
884 958 1090 991 ὦνὲκαστον
1115 958 1301 1003 ἀναγκαῖον
1319 956 1341 996 ἦ
1361 957 1496 1003 ἄπειρον

500 1006 521 1043 ἦ
548 1005 800 1050 πεπερασμένον
826 1001 926 1044 εἶναι,
944 1003 973 1034 εἰ
991 1005 1049 1035 καὶ
1075 1003 1122 1047 μή
1148 1006 1215 1035 πᾶν
1242 1003 1332 1036 ἐστὶν
1361 1002 1496 1047 ἄπειρον

501 1050 521 1087 ἦ
550 1048 822 1094 πεπερασμένον,
856 1049 924 1079 οἷον
955 1046 1061 1085 πάθος
1094 1046 1115 1084 ἦ
1149 1046 1278 1093 στιγμή
1309 1048 1399 1090 (τῶν
1431 1046 1496 1093 γοὶρ

501 1094 665 1127 τοιούτων
696 1096 772 1130 ἴσως
799 1087 896 1124 οὐδὲν
928 1090 1116 1138 ἀναγκαῖον
1142 1093 1174 1124 ἐν
1200 1091 1330 1136 θατέρῳ
1362 1090 1496 1124 τούτων

500 1136 625 1180 εἶναι),
654 1139 821 1180 προσῆκον
848 1135 887 1169 ἄν
912 1138 961 1174 εἴη
988 1136 1047 1169 τὸν
1077 1138 1150 1181 περὶ
1182 1136 1307 1180 φύσεως
1340 1147 1498 1182 πραγμα-

500 1183 678 1226 τευόμενον
704 1181 870 1226 θεωρῆσαι
895 1183 967 1226 περὶ
995 1178 1146 1224 ἀπείρου,
1166 1183 1195 1213 εἴ
1210 1181 1301 1214 ἔστιν
1320 1179 1340 1218 ἦ
1359 1179 1419 1225 μή,
1438 1181 1496 1212 καὶ

501 1228 528 1258 εἰ
555 1226 640 1267 ἔστι,
668 1228 701 1259 τί
728 1226 812 1259 ἐστι.

435 1273 573 1316 Σημεῖον
599 1266 627 1302 δ’
649 1269 702 1303 ὅτι
728 1271 790 1308 τῆς
816 1267 1009 1314 ἐπιστήμης
1035 1269 1144 1302 οἰκεία
1166 1270 1186 1306 ή
1205 1270 1325 1314 θεωρία
1350 1268 1496 1306 ταύτης·

501 1315 626 1353 πάντες
645 1315 709 1361 γὰρ
728 1317 757 1347 οἱ
775 1310 954 1351 δοκοῦντες
976 1313 1159 1360 ἀξιολόγως
1179 1313 1282 1357 ἧφθαι
1299 1313 1363 1350 τῆς
1380 1312 1500 1346 τοιαύ-

500 1373 561 1397 της
586 1361 780 1403 φιλοσοφίας
806 1361 1014 1396 πεποίηνται
1036 1358 1138 1404 λόγον
1165 1359 1238 1402 περὶΙ
1263 1358 1326 1390 τοῦ
1346 1358 1497 1402 ἀπείρου,

433 1453 491 1483 καὶ
516 1450 642 1488 πάντες
668 1451 708 1487 ὠς
737 1449 843 1495 ἀρχήν
869 1461 947 1482 τινα
972 1448 1105 1482 τιθέασι
1131 1450 1196 1482 τῶν
1223 1449 1342 1490 ὄντων,
1370 1451 1399 1481 οἰ
1425 1449 1497 1494 μέν,

501 1494 609 1536 ὥσπερ
636 1497 664 1526 οἱ
690 1493 906 1541 Πυθαγόρειοι
930 1496 988 1526 καὶ
1013 1492 1171 1534 Πλάτων,
1197 1492 1271 1526 καθ’
1301 1493 1408 1534 αὐτό,
1437 1494 1500 1539 οὐχ

501 1540 542 1576 ὠς
567 1539 776 1581 συμβεβηκός
802 1550 868 1571 τινι
893 1537 1008 1581 ἑτέρῳ,
1038 1538 1112 1570 ἀλλ’
1141 1539 1257 1570 οὐσίαν
1284 1537 1371 1570 αὐτὸ
1398 1536 1432 1569 ὂν
1459 1539 1499 1571 τὸ

506 1584 653 1627 ἄπειρον·

437 1628 524 1664 πλην
553 1629 580 1658 οἱ
607 1627 664 1672 μὲν
689 1626 908 1673 Πυθαγόρειοι
935 1627 967 1658 ἐν
986 1628 1057 1662 τοῖς
1076 1625 1249 1663 αἰσθητοῖς

503 1672 615 1716 ριστὸν
642 1672 775 1703 ποιοῦσι
800 1671 858 1704 τὸν
887 1669 1063 1714 ἀριθμόν),
1089 1671 1147 1702 καὶ
1172 1667 1257 1702 εἶναι

1277 1625 1336 1669 (οὗ
1351 1625 1417 1682 ,γὰρ
1435 1639 1501 1672 χω-

1283 1669 1324 1701 τὸ
1349 1670 1411 1711 εξω
1437 1672 1499 1704 τοῦ

504 1716 645 1760 οὐρανοῦ
680 1716 829 1759 ἄπειρον·
856 1715 998 1747 Πλάτων
1029 1714 1066 1750 δὲ
1099 1714 1162 1755 ἔξω
1194 1714 1253 1758 μὲν
1286 1709 1382 1747 οὐδὲν
1415 1712 1500 1747 εἶναι

503 1762 615 1805 σῶμα,
635 1755 714 1792 οὐδὲ
739 1760 803 1797 τοὶς
823 1754 930 1800 ἰδέας,
949 1754 1009 1791 δια
1028 1759 1069 1794 τὸ
1086 1754 1172 1803 μηδέ
1189 1770 1253 1790 που
1271 1755 1355 1790 εἶναι
1374 1758 1497 1801 αὐτοῖς,

505 1805 546 1837 τὸ
571 1803 687 1849 μέντοι
714 1804 848 1848 ἄπειρον
873 1806 931 1836 καὶ
957 1804 989 1836 ἐν
1014 1807 1085 1841 τοῖς
1104 1802 1276 1840 αἰσθητοῖς
1293 1804 1352 1834 καὶ
1368 1803 1400 1835 ἑν
1420 1803 1501 1835 ὲκεί-

504 1861 575 1886 ναις
602 1845 702 1881 εἶναι.

437 1895 502 1926 Καὶ
530 1895 558 1924 οἱ
583 1892 641 1936 μὲν
669 1892 709 1924 τὸ
736 1891 871 1936 ἄπειρον
897 1889 982 1923 εἶναι
1008 1892 1049 1926 τό
1069 1891 1198 1935 ἄρτιον·
1217 1891 1324 1923 τοῦτο
1343 1891 1407 1937 γοὶρ
1427 1892 1502 1924 ἐνα-

506 1935 810 1981 πολαμβανόμενον
835 1938 892 1967 καὶ
914 1936 980 1968 ὑπὸ
999 1938 1062 1969 τοῦ
1082 1936 1244 1980 περιττοῦ
1263 1936 1500 1981 περαινόμενον

507 1980 667 2025 παρέχειν
699 1984 771 2018 τοῖς
805 1978 876 2012 οὖσι
910 1980 973 2017 τήν
1006 1982 1173 2024 ἀπειρίαν·
1199 1983 1333 2023 σημεῖον
1360 1975 1388 2011 δ’
1416 1978 1502 2012 εἶναι

507 2024 633 2058 τούτου
660 2025 699 2057 τὸ
725 2025 906 2068 συμβαῖνον
934 2025 989 2058 ἐπὶ
1014 2026 1080 2058 τῶν
1107 2022 1264 2069 ἀριθμῶν·
1298 2024 1504 2069 περιτιθεμέ-

505 2081 567 2101 νων
593 2070 657 2115 γαρ
683 2070 749 2102 τῶν
774 2069 952 2115 γνωμόνων
985 2071 1058 2114 περὶ
1083 2069 1124 2102 τό
1151 2069 1183 2100 ἓν
1208 2070 1266 2100 καὶ
1297 2072 1415 2115 χωρίς,
1445 2068 1503 2102 ὁτὲ

536 2115 567 2147 ἐν
595 2116 678 2147 ἄλλο
705 2114 756 2146 ἀεὶ
780 2113 954 2159 γίγνεσθαι
980 2114 1020 2146 τὸ
1037 2109 1138 2154 εἶδος,
1157 2113 1217 2145 ὁτὲ
1232 2108 1270 2145 δὲ
1288 2114 1334 2146 ἓν.
1360 2113 1502 2147 Πλοίτων

507 2126 544 2194 §e
568 2155 629 2191 δύο
656 2158 704 2189 τοὶ
730 2158 866 2202 ἄπειρα,
893 2159 934 2191 τὸ
959 2158 1048 2204 μέγα
1072 2159 1131 2190 καὶ
1155 2157 1197 2190 τὸ
1221 2157 1348 2203 μικρόν.

440 2205 478 2235 Οἱ
502 2203 540 2239 δὲ
565 2205 638 2248 περὶ
663 2202 788 2246 φύσεως
809 2202 961 2241 ἅπαντες
981 2204 1032 2235 ἀεὶ
1051 2201 1268 2234 ὑποτιθέασιν
1288 2201 1406 2247 ἑτέραν
1425 2203 1505 2235 τινα

508 2247 602 2294 φύσιν
637 2249 684 2289 τῷ
722 2247 843 2292 ἀπείρῳ
876 2248 941 2280 τῶν
974 2246 1163 2293 λεγομένων
1196 2249 1398 2292 στοιχείων,
1435 2247 1502 2278 οἷον

509 2290 594 2335 ὕδωρ
621 2292 641 2329 ἦ
669 2291 752 2334 ἀέρα
777 2290 798 2327 ἦ
823 2291 865 2323 τό
890 2291 1021 2336 μεταξύ
1047 2291 1194 2323 τούτων·
1214 2291 1279 2322 τῶν
1297 2286 1335 2322 δὲ
1357 2302 1506 2333 πεπερα-

508 2336 614 2382 σμένα
639 2336 825 2369 ποιούντων
851 2340 1008 2381 στοιχεῖα
1034 2335 1139 2372 οὐθεὶς
1163 2334 1286 2379 ἄπειρα
1312 2339 1412 2367 ποιεῖ·
1433 2334 1504 2367 ὅσοι

509 2379 527 2415 ὃ
568 2381 692 2424 ἄπειρα
718 2381 851 2412 ποιοῦσι
877 2380 924 2412 τοὶ
947 2383 1117 2425 στοιχεῖα,
1135 2378 1290 2422 καθάπερ
1315 2378 1506 2425 Ἀναξαγό-

509 2440 567 2472 ρας
591 2427 649 2457 καὶ
674 2424 894 2469 Δημόκριτος,
923 2425 938 2457 ὁ
963 2425 1022 2469 μὲν
1048 2425 1084 2456 ἐκ
1110 2425 1175 2455 τῶν
1203 2425 1417 2468 ὁμοιομερῶν,
1438 2425 1453 2456 ὁ
1471 2419 1501 2455 δ’

511 2473 547 2504 ἐκ
573 2471 634 2507 τῆς
661 2472 895 2513 πανσπερμίας
913 2470 980 2502 τῶν
998 2467 1199 2513 σχημάτων,
1218 2469 1264 2510 τῇ
1283 2469 1351 2511 ἀφῇ
1369 2468 1503 2514 συνεχὲς

510 2516 550 2548 τὸ
578 2514 712 2556 ἄπειρον
738 2510 823 2545 εἶναι
849 2516 940 2558 φασί·
966 2515 1023 2545 καὶ
1046 2512 1135 2557 ἑμέν
1162 2513 1275 2545 ὁτιοῦν
1300 2514 1366 2544 τῶν
1383 2516 1502 2557 μορίων

509 2558 595 2592 εἶναι
619 2561 729 2604 μίγμα
762 2558 880 2601 ὁμοίως
911 2559 958 2599 τῷ
992 2559 1097 2590 παντὶ
1129 2551 1189 2589 ’δια
1212 2557 1252 2589 τὸ
1279 2557 1357 2601 ὁρᾶν
1391 2558 1503 2590 ὁτιοῦν

511 2604 544 2646 ἐξ
572 2605 711 2636 ὁτουοῦν
737 2601 947 2648 γιγνόμενον·
968 2601 1121 2634 ἐντεῦθεν
1146 2602 1210 2648 γοὶρ
1236 2602 1321 2633 ἔοικε
1344 2603 1403 2632 καὶ
1422 2602 1504 2645 ὁμοῦ

511 2646 597 2681 ποτὲ
623 2647 742 2679 πάντα
766 2646 933 2691 χρήματα
958 2645 1061 2689 φοίναι
1087 2642 1185 2686 εἶναι,
1205 2647 1271 2678 οἷον
1291 2640 1351 2681 ἥδε
1377 2646 1397 2681 ἡ
1423 2645 1505 2690 σοὶρξ

508 2695 566 2725 καὶ
592 2687 672 2724 τόδε
698 2691 740 2723 *ro*
767 2692 908 2732 ὀστοῦν,
934 2690 1124 2727 καὶόὕτως
1152 2691 1278 2722 ὁτιοῦν·
1304 2690 1362 2720 καὶ
1387 2689 1505 2722 πάντα

513 2738 591 2782 ἄρα·
612 2738 670 2767 καὶ
698 2735 770 2780 ἅμα
796 2738 921 2767 τοίνυν·
943 2735 1031 2779 ἀρχή
1056 2734 1120 2780 γάρ
1147 2734 1184 2766 οὗ
1204 2734 1303 2779 μόνον
1322 2734 1354 2766 ἐν
1374 2734 1506 2775 ἑκάστῳ

512 2780 583 2814 ἐστὶ
610 2781 671 2817 τῆς
697 2775 903 2824 διακρίσεως,
925 2778 1015 2811 ἀλλα
1038 2779 1096 2810 καὶ
1122 2779 1273 2811 πάντων·
1294 2777 1365 2810 ἐπεὶ
1382 2778 1446 2824 γαρ
1463 2779 1505 2811 τὸ

510 2826 706 2872 γιγνόμενον
732 2825 767 2856 ἐκ
794 2825 854 2857 τοῦ
878 2823 1037 2857 τοιούτου
1055 2825 1211 2868 γίγνεται
1229 2822 1403 2865 σώματος,
1423 2823 1508 2855 ποίν-

511 2883 578 2902 των
603 2866 630 2902 δ’
658 2870 728 2901 ἐστὶ
754 2868 881 2915 γένεσις
907 2869 994 2905 πλην
1022 2868 1085 2912 οὐχ
1111 2866 1195 2911 ἅμα,
1214 2870 1271 2900 καί
1298 2877 1376 2899 τινα
1400 2867 1505 2913 ἀρχήν

511 2910 564 2946 δεῖ
586 2912 671 2946 εἶναι
697 2914 758 2950 τῆς
783 2912 954 2958 γενέσεως·
977 2911 1066 2949 αὕτη
1092 2906 1121 2943 δ’
1144 2913 1216 2945 ἐστὶ
1236 2914 1311 2956 μία,
1333 2913 1366 2945 ὃν
1385 2912 1507 2949 ἐκεῖνος

510 2961 610 2990 καλεῖ
640 2958 730 2989 νοῦν·
758 2958 773 2988 ὁ
800 2954 837 2989 δέ
868 2958 943 2994 νοῦς
978 2955 1035 2989 ἀπ’
1067 2955 1171 3001 ἀρχῆς
1203 2956 1293 2994 τινὸς
1324 2956 1506 3012 ἐργάζεται

512 3002 648 3040 νοήσας·
676 3001 762 3033 ὥστε
790 3001 921 3047 ἀνάγκη
956 3001 1039 3045 ὁμοῦ
1071 3000 1158 3033 ποτὲ
1191 3001 1309 3033 πάντα
1341 3012 1425 3033 ειναι
1450 3002 1507 3032 καὶ

515 3046 679 3090 ἄρξασθαί
706 3057 790 3078 ποτε
815 3044 1008 3089 κινούμενα.
1036 3045 1240 3089 Δημόκριτος
1266 3041 1294 3077 δ’
1317 3040 1412 3078 οὐδὲν
1438 3044 1508 3077 ἕτε-

513 3102 567 3132 ρον
603 3091 637 3132 ἐξ
668 3090 782 3133 ἐτέρου
815 3088 988 3136 γίγνεσθαι
1020 3090 1086 3121 τῶν
1117 3089 1258 3132 πρώτων
1291 3092 1400 3133 φησίν·
1432 3089 1505 3122 ἀλλ’

514 3134 599 3178 ὅμως
625 3147 663 3181 γε
689 3135 776 3167 αὐτὸ
801 3134 842 3167 τὸ
863 3134 972 3165 κοινὸν
994 3135 1092 3176 σῶμα
1112 3133 1272 3167 ἁπάντων
1295 3134 1386 3166 ἐστὶν
1406 3132 1507 3178 ἀρχῆ,

513 3178 645 3225 μεγέθει
669 3178 764 3211 κατά
788 3178 888 3222 μόρια
913 3179 971 3210 καὶ
990 3177 1146 3223 σχήματι
1167 3173 1335 3222 διαφέρον.
1357 3178 1433 3210 Ὅτι
1450 3177 1509 3221 μέν

515 3222 570 3255 οὖν
605 3223 822 3268 προσήκουσα
855 3225 925 3259 τοῖς
956 3225 1102 3266 φυσικοῖς
1128 3222 1148 3258 ἢ
1175 3221 1314 3266 θεωρία,
1344 3218 1447 3259 δῆλον
1473 3222 1509 3253 ἐκ

571 3267 577 3277 1

514 3279 659 3301 τουτων.

449 3342 602 3388 Εὑλόγως
628 3343 664 3375 δέ
690 3346 746 3375 καὶ
775 3342 881 3388 ἀρχήν
909 3342 996 3375 αὐτὸ
1024 3341 1156 3375 τιθέασι
1182 3341 1321 3380 παντες·
1344 3342 1422 3374 οὔτε
1447 3341 1511 3386 γάρ

531 3387 626 3423 ,οίτην
654 3388 740 3420 αὑτό
760 3387 869 3419 οἷόντε
888 3383 986 3428 εἶναι,
1007 3386 1086 3419 οὔτε
1107 3386 1212 3423 ἄλλην
1234 3387 1396 3431 ὑπάρχειν
1416 3386 1512 3427 αὐτῷ

515 3398 656 3473 Ξύναμιν
684 3431 771 3467 πλην
796 3432 837 3468 ὠς
865 3430 984 3475 ἀρχήν·
1013 3431 1155 3464 ἅπαντα
1180 3431 1244 3475 γοὶρ
1271 3430 1290 3467 ἦ
1319 3430 1406 3475 ἀρχή
1433 3431 1454 3468 ἦ
1477 3431 1511 3471 ἒξ

520 3475 636 3517 ἀρχῆς·
664 3477 725 3506 τοῦ
750 3471 787 3506 δὲ
814 3476 890 3507 ἀπεί
914 3487 949 3507 ου
976 3476 1035 3507 οὐκ
1061 3476 1151 3507 ἔστιν
1179 3475 1280 3520 ἀρχῆ·
1308 3477 1357 3512 εἴη
1383 3475 1447 3520 γοίρ
1473 3475 1510 3507 ἂν

520 3517 627 3550 αὑτοῦ
653 3519 766 3562 πέρας.
787 3518 863 3551 Ἔτι
888 3486 924 3552 ἕξ
941 3522 999 3550 καὶ
1020 3519 1185 3565 ἀγένητον
1205 3522 1262 3552 καὶ
1283 3517 1452 3573 ἄφθαρτον
1471 3520 1511 3557 ὠς

521 3561 608 3605 ἀρχή
634 3573 682 3598 τις
710 3560 805 3593 οὖσα·
834 3562 874 3594 τό
901 3575 936 3597 τε
962 3564 1026 3608 γοὶρ
1051 3563 1229 3610 γενόμενον
1258 3561 1388 3609 ἀναγκη
1416 3563 1511 3601 τέλος

518 3607 654 3645 λαβεῖν,
680 3609 736 3637 καὶ
763 3608 908 3644 τελευτή
935 3608 1045 3645 ποίσης
1073 3609 1144 3640 ἐστὶ
1177 3608 1309 3652 φθορᾶς.
1350 3606 1425 3649 Διό,
1452 3619 1511 3639 κα-

1552 914 1570 934 *
1593 915 1757 953 Quoniam
1786 923 1893 948 autem
1916 917 1954 948 de
1978 924 2088 949 natura
2120 917 2247 948 scientia
2271 924 2316 948 est
2346 916 2425 948 circa
2454 915 2612 957 magnitu-

1619 959 1707 990 dines
1732 967 1763 991 et
1784 968 1911 1002 tempus
1930 968 1960 992 et
1975 968 2112 1000 motum,
2129 971 2270 1003 quorum
2285 960 2541 1002 unumquodque
2561 970 2615 991 ne-

1620 1014 1704 1035 cesse
1737 1012 1783 1036 est
1812 1011 1867 1036 aut
1897 1005 2058 1036 infinitum
2089 1012 2144 1036 aut
2175 1004 2302 1036 finitum
2332 1014 2399 1035 esse
2433 1003 2521 1047 (etsi
2549 1014 2615 1035 non

1620 1058 1717 1078 omne
1733 1049 1773 1079 sit
1795 1048 1955 1080 infinitum
1970 1057 2025 1081 aut
2040 1049 2177 1085 finitum,
2194 1056 2230 1080 ut
2245 1049 2350 1089 passio
2370 1055 2425 1079 aut
2439 1054 2615 1089 punctum:

1621 1092 1732 1123 talium
1757 1093 1842 1123 enim
1865 1093 1997 1124 fortasse
2019 1093 2145 1124 nullum
2168 1103 2293 1124 necesse
2317 1099 2364 1123 est
2385 1092 2419 1122 in
2441 1093 2540 1123 altero
2558 1092 2616 1122 ho-

1618 1146 1692 1166 rum
1715 1135 1822 1179 esse);
1847 1137 2036 1168 conveniens
2055 1137 2165 1178 utique
2185 1136 2242 1167 erit
2257 1136 2295 1167 de
2319 1143 2430 1167 natura
2452 1135 2615 1176 negotian-

1617 1186 1683 1211 tem
1706 1181 1745 1211 de
1767 1180 1890 1212 infinito
1915 1181 2109 1212 considerare
2125 1181 2149 1211 si
2167 1187 2213 1211 est
2235 1187 2290 1211 aut
2312 1189 2379 1210 non
2401 1185 2458 1219 est,
2475 1186 2505 1211 et
2520 1178 2546 1209 si
2561 1185 2617 1218 est,

1618 1224 1697 1264 quid
1720 1231 1775 1255 est.

1551 1267 1569 1287 *
1584 1267 1718 1308 Signum
1745 1275 1853 1299 autem
1875 1269 1965 1309 quod
1987 1268 2082 1299 huius
2105 1268 2250 1299 scientiae
2266 1267 2395 1308 propria
2410 1266 2618 1299 consideratio

1620 1312 1659 1342 de
1681 1312 1752 1352 ipso
1782 1319 1846 1343 est:
1876 1322 1987 1343 omnes
2016 1312 2102 1343 enim
2133 1312 2188 1353 qui
2219 1312 2366 1343 videntur
2396 1310 2620 1343 rationabiliter

1620 1356 1756 1396 tetigisse
1780 1356 1965 1387 huiusmodi
1988 1356 2236 1397 philosophiam,
2260 1356 2400 1387 fecerunt
2422 1356 2555 1387 verbum
2578 1355 2617 1386 de

1620 1398 1755 1430 infinito.

1553 1443 1594 1475 Et
1613 1453 1724 1474 omnes
1756 1450 1910 1484 tanquam
1932 1443 2126 1484 principium
2157 1443 2322 1485 quoddam
2349 1450 2474 1484 ponunt
2506 1439 2619 1474 eorum

1620 1497 1702 1528 quae
1726 1494 1808 1518 sunt.
1825 1487 1889 1518 Alii
1912 1487 2054 1528 quidem,
2077 1487 2352 1529 quemadmodum
2375 1485 2574 1528 Pythagorici
2589 1492 2620 1518 et

1621 1531 1722 1570 Plato,
1735 1541 1791 1571 per
1814 1541 1859 1570 se,
1882 1541 1949 1562 non
1965 1532 2046 1563 sicut
2068 1531 2210 1563 accidens
2226 1532 2319 1563 alicui
2343 1531 2440 1570 alteri,
2461 1531 2516 1561 sed
2539 1530 2620 1561 sicut

1621 1575 1829 1606 substantiam
1850 1575 1959 1616 ipsum
1982 1586 2048 1606 esse
2070 1575 2241 1607 infinitum.

1553 1619 1677 1650 Praeter
1698 1619 1761 1650 hoc
1783 1620 1874 1661 quod
1895 1619 2094 1661 Pythagorici
2116 1620 2247 1660 quidem
2268 1620 2302 1650 in
2325 1619 2522 1650 sensibilibus
2547 1617 2620 1661 (ne-

1620 1673 1684 1704 que
1714 1662 1799 1693 enim
1822 1664 2012 1694 abstractum
2035 1663 2154 1694 faciunt
2176 1661 2377 1706 numerum),
2394 1670 2424 1694 et
2447 1673 2513 1694 esse
2537 1668 2621 1693 extra

1622 1707 1744 1738 caelum
1759 1706 1939 1738 infinitum:
1963 1707 2053 1738 Plato
2076 1714 2183 1738 autem
2206 1714 2290 1739 extra
2309 1706 2436 1738 nullum
2459 1716 2525 1737 esse
2553 1716 2620 1737 cor-

1621 1761 1681 1790 pus
1705 1760 1808 1791 neque
1830 1751 1927 1790 ideas,
1952 1761 1990 1782 eo
2014 1752 2103 1792 quod
2126 1762 2285 1793 nusquam
2308 1751 2371 1782 sint
2387 1751 2490 1791 ipsae,
2513 1757 2620 1781 tamen

1620 1793 1781 1825 infinitum
1804 1801 1835 1826 et
1856 1795 1889 1825 in
1913 1795 2112 1826 sensibilibus
2136 1802 2167 1826 et
2189 1795 2222 1826 in
2245 1795 2306 1826 illis
2330 1805 2406 1826 esse.

1555 1895 1622 1927 *Et
1637 1896 1670 1926 hi
1684 1896 1815 1937 quidem
1830 1895 1991 1927 infinitum
2006 1906 2072 1927 esse
2084 1903 2202 1936 parem:
2219 1896 2270 1926 hic
2286 1895 2417 1937 quidem
2432 1895 2518 1926 enim
2534 1905 2620 1927 com-

1622 1940 1794 1981 prehensus
1834 1947 1864 1970 et
1895 1940 1954 1970 sub
1984 1940 2097 1980 impari
2126 1940 2287 1979 reclusus,
2311 1939 2438 1970 adhibet
2468 1939 2506 1970 iis
2538 1948 2620 1980 quae

1624 1991 1698 2015 sunt
1725 1983 1921 2015 infinitatem.
1951 1984 2085 2024 Signum
2113 1991 2219 2015 autem
2246 1983 2341 2015 huius
2365 1990 2411 2014 est
2434 1983 2523 2024 quod
2546 1993 2620 2014 con-

1624 2028 1714 2068 tingit
1732 2028 1766 2058 in
1782 2027 1932 2059 numeris.
1950 2027 2192 2068 Circumpositis
2207 2029 2292 2058 enim
2307 2027 2524 2068 gnomonibus
2541 2027 2621 2058 circa

1624 2082 1726 2103 unum
1750 2078 1781 2102 et
1804 2078 1898 2110 extra,
1915 2071 2094 2112 *aliquando
2118 2071 2248 2112 quidem
2272 2072 2366 2102 aliam
2388 2071 2454 2101 fieri
2471 2071 2620 2111 speciem,

1625 2116 1797 2156 aliquando
1814 2122 1921 2146 autem
1944 2126 2052 2146 unam.
2069 2115 2086 2135 *
2100 2115 2190 2146 Plato
2205 2122 2312 2146 autem
2330 2116 2396 2146 duo
2412 2114 2544 2154 infinita,
2555 2125 2622 2145 ma-

1625 2170 1725 2200 gnum
1749 2166 1780 2190 et
1801 2169 1945 2200 parvum.

1559 2204 1623 2242 Qui
1656 2210 1764 2234 autem
1786 2203 1825 2234 de
1848 2210 1959 2234 natura
1991 2213 2102 2233 omnes
2135 2212 2259 2243 semper
2291 2202 2461 2234 subiiciunt
2492 2202 2622 2233 alteram

1625 2248 1786 2289 quandam
1810 2254 1955 2278 naturam
1986 2247 2143 2278 dictorum
2167 2247 2398 2278 elementorum
2419 2245 2562 2285 infinito,
2586 2251 2623 2277 ut

1625 2302 1743 2332 aquam
1765 2298 1820 2322 aut
1843 2301 1947 2321 aerem
1974 2297 2030 2322 aut
2060 2291 2204 2321 medium
2222 2290 2350 2322 horum.
2382 2290 2486 2321 Finita
2517 2296 2624 2321 autem

1625 2335 1808 2366 facientium
1829 2335 2002 2374 elementa,
2027 2335 2134 2365 nullus
2157 2334 2278 2366 infinita
2301 2334 2383 2366 facit.
2418 2334 2623 2375 Quicumque

1625 2386 1732 2410 autem
1754 2378 1875 2409 infinita
1903 2378 2022 2409 faciunt
2044 2379 2217 2417 elementa,
2241 2378 2516 2419 quemadmodum
2539 2380 2624 2408 Ana-

1624 2434 1755 2464 xagoras
1779 2430 1809 2454 et
1831 2422 2043 2461 Democritus,
2059 2422 2111 2453 ille
2137 2422 2267 2463 quidem
2290 2432 2327 2452 ex
2349 2422 2504 2453 similibus
2528 2421 2622 2462 parti-

1626 2469 1685 2498 bus
1699 2490 1708 2506 ,
1732 2467 1783 2498 hic
1806 2473 1913 2497 autem
1947 2476 1984 2497 ex
2016 2466 2104 2497 omni
2129 2466 2248 2496 semine
2270 2466 2443 2506 figurarum
2469 2475 2524 2506 per
2547 2475 2623 2496 con-

1625 2518 1746 2542 tactum
1765 2510 1954 2541 continuum
1969 2509 2128 2540 infinitum
2148 2520 2215 2540 esse
2234 2509 2317 2540 dicit.
2331 2510 2349 2529 *
2362 2510 2404 2541 Et
2418 2509 2470 2541 hic
2492 2509 2623 2551 quidem

1626 2555 1800 2597 quamlibet
1813 2561 1934 2594 partem
1949 2564 2015 2584 esse
2031 2554 2172 2585 similiter
2187 2554 2317 2584 mixtam
2331 2560 2411 2592 toto,
2424 2563 2461 2584 ex
2477 2563 2515 2584 eo
2535 2553 2625 2594 quod

1625 2600 1710 2630 videt
1733 2598 1897 2640 quodlibet
1927 2608 1963 2628 ex
1986 2598 2128 2639 quolibet
2150 2597 2236 2628 fieri:
2259 2597 2332 2629 hinc
2362 2597 2479 2628 etenim
2501 2597 2624 2628 videtur

1627 2650 1657 2674 et
1680 2643 1775 2673 simul
1808 2642 1978 2683 aliquando
2008 2652 2119 2673 omnes
2147 2652 2195 2672 res
2227 2641 2350 2672 firmare
2383 2651 2464 2680 esse,
2489 2641 2525 2672 ut
2547 2641 2624 2672 haec

1628 2697 1699 2718 caro
1724 2694 1754 2718 et
1785 2687 1846 2717 hoc
1877 2696 1913 2716 os
1937 2693 1967 2716 et
1989 2686 2032 2716 sic
2063 2686 2246 2727 quodlibet:
2271 2692 2301 2716 et
2324 2685 2432 2716 omnia
2453 2685 2571 2726 itaque,
2595 2690 2626 2715 et

1628 2731 1722 2761 simul
1745 2731 1848 2770 igitur.
1870 2730 2063 2770 Principium
2087 2730 2173 2760 enim
2196 2740 2261 2760 non
2290 2730 2397 2760 solum
2418 2729 2452 2759 in
2475 2738 2625 2770 unoquo-

1627 2785 1691 2816 que
1707 2774 1954 2815 disgregationis,
1971 2774 2025 2804 sed
2052 2781 2082 2805 et
2100 2773 2247 2804 omnium
2273 2780 2328 2804 est.
2355 2773 2518 2811 Quoniam
2541 2773 2626 2804 enim

1623 2819 1712 2860 quod
1741 2818 1797 2857 fit,
1828 2828 1864 2848 ex
1891 2818 2076 2849 huiusmodi
2099 2817 2135 2849 fit
2164 2825 2315 2858 corpore;
2341 2817 2488 2848 omnium
2520 2823 2627 2848 autem

1629 2870 1675 2894 est
1698 2862 1872 2903 generatio,
1892 2869 2111 2903 praeterquam
2134 2863 2223 2903 quod
2251 2871 2317 2892 non
2341 2861 2454 2899 simul;
2469 2868 2499 2892 et
2523 2861 2625 2902 quod-

1629 2908 1703 2937 dam
1726 2907 1918 2947 principium
1942 2916 2008 2937 esse
2027 2913 2153 2946 oportet
2175 2905 2394 2946 generationis.
2418 2906 2490 2936 Hoc
2519 2910 2626 2935 autem

1629 2958 1675 2982 est
1692 2961 1804 2988 unum,
1821 2951 1910 2991 quod
1925 2950 1977 2981 ille
1990 2957 2083 2981 vocat
2104 2950 2307 2981 intellectum.
2324 2949 2500 2980 Intellectus
2519 2955 2626 2979 autem

1629 3005 1666 3025 ex
1698 2995 1852 3035 principio
1886 2994 2028 3035 quodam
2051 3001 2199 3034 operatur
2230 2993 2423 3034 intelligens:
2447 3002 2543 3034 quare
2572 3002 2624 3023 ne-

1630 3049 1714 3069 cesse
1737 3045 1782 3069 est
1806 3039 1901 3069 simul
1925 3037 2095 3078 aliquando
2123 3037 2231 3068 omnia
2259 3037 2373 3076 fuisse,
2397 3043 2428 3068 et
2451 3036 2626 3077 incoepisse

1630 3082 1750 3113 moveri
1774 3082 1956 3122 aliquando.
1978 3082 1995 3101 *
2015 3082 2215 3112 Democritus
2243 3087 2351 3112 autem
2381 3080 2459 3111 nihil
2493 3081 2626 3111 alterum

1631 3137 1667 3157 ex
1681 3126 1778 3157 altero
1802 3125 1868 3156 fieri
1891 3125 2068 3166 primorum
2094 3125 2183 3156 dicit:
2201 3126 2256 3156 sed
2274 3132 2379 3156 tamen
2406 3124 2512 3165 ipsum
2536 3134 2625 3155 com-

1631 3180 1728 3200 mune
1753 3179 1867 3210 corpus
1897 3169 2044 3199 omniurn
2073 3179 2138 3199 esse
2163 3169 2354 3210 principium
2387 3169 2625 3209 magnitudine,

1631 3214 1808 3245 secundum
1825 3220 1926 3254 partes
1942 3220 1972 3244 et
1988 3212 2087 3253 figura
2111 3213 2288 3244 differens.*
2301 3213 2398 3250 Quod
2418 3213 2547 3254 quidem
2570 3212 2626 3252 igi·

1631 3264 1682 3289 tur
1716 3258 1905 3288 conveniens
1937 3257 1976 3288 sit
2009 3257 2146 3299 physicis
2181 3257 2257 3288 haec
2283 3257 2471 3297 speculatio,
2495 3256 2624 3287 manife-

1632 3309 1718 3332 stum
1741 3311 1778 3332 ex
1801 3301 1858 3332 his.
2060 3333 2066 3339 ,

1565 3345 1803 3377 Rationabiliter
1833 3351 1939 3375 autem
1963 3352 1993 3376 et
2016 3345 2206 3386 principium
2229 3345 2336 3385 ipsum
2355 3351 2481 3386 ponunt
2503 3354 2624 3375 omnes.

1632 3390 1742 3430 Neque
1776 3389 1860 3419 enirn
1880 3389 1992 3420 frustra
2024 3389 2172 3430 possibile
2204 3396 2250 3420 est
2273 3389 2379 3430 ipsum
2412 3399 2498 3428 esse,
2522 3396 2624 3429 neque

1633 3434 1726 3464 aliam
1743 3433 1801 3473 ipsi
1818 3433 1917 3464 inesse
1934 3433 2109 3474 potentiam
2127 3433 2186 3464 nisi
2201 3433 2281 3464 sicut
2296 3433 2497 3474 principium:
2518 3431 2626 3462 omnia

1633 3477 1717 3508 enim
1733 3477 1924 3518 principium
1943 3484 2027 3516 sunt,
2052 3484 2106 3508 aut
2130 3487 2166 3507 ex
2187 3477 2358 3517 principio:
2383 3475 2496 3507 infiniti
2519 3482 2625 3506 autem

1634 3531 1699 3552 non
1732 3528 1778 3552 est
1810 3521 2019 3562 principium;
2053 3527 2132 3551 esset
2163 3520 2248 3551 enim
2281 3521 2389 3561 utique
2422 3519 2492 3550 finis
2514 3518 2623 3559 ipsius.

1634 3565 1780 3606 Amplius
1804 3572 1910 3596 autem
1940 3571 1970 3595 et
1992 3564 2168 3604 ingenitum
2196 3571 2227 3595 et
2249 3562 2504 3604 incorruptibile,
2529 3562 2553 3592 si
2578 3569 2626 3593 est

1634 3609 1798 3650 quoddam
1830 3608 2040 3649 principium:
2069 3608 2295 3648 quodcumque
2319 3607 2404 3638 enim
2426 3605 2476 3645 fit,
2501 3615 2624 3636 necesse

2644 925 2654 935 α

2689 931 2727 953 ap.
2741 930 2772 947 xv.
2788 924 2858 948 Text.

2643 957 2679 978 24.

2646 1275 2656 1285 '
2668 1275 2737 1298 Text.
2751 1281 2785 1304 ²!-

2648 1907 2657 1916 ·
2671 1905 2739 1928 Text.
2753 1905 2791 1928 26.

2647 2125 2659 2134 ⁸
2672 2124 2742 2146 Text.
2755 2129 2789 2152 ²7·

2651 2516 2660 2525 ·
2673 2515 2741 2546 Text.
2754 2515 2791 2538 28.

2653 3090 2662 3099 ·
2675 3088 2744 3111 Text.
2758 3094 2794 3118 29.

2654 3222 2663 3231 ·
2675 3221 2743 3244 Text.
2756 3226 2794 3250 3⁰-
