2840 4004
345 231 406 255 XIV

346 313 393 340 se
429 299 708 347 conveniunt,
743 311 853 352 pene
893 298 992 339 certi
1027 312 1175 340 sumus
1210 299 1323 340 istud
1361 300 1639 341 solummodo
1673 301 1829 342 factum
1863 314 1957 342 esse
1992 315 2068 355 per
2103 305 2370 358 singularem
2408 308 2524 350 ordi-

346 361 560 401 nationem
593 360 820 400 Timothei.

471 423 601 462 Anno
643 420 757 461 1506
791 421 1046 475 reproducta
1079 427 1144 462 est
1186 422 1290 462 haec
1325 422 1473 471 editio;
1508 423 1550 463 in
1589 429 1737 464 nostro
1772 425 2000 478 exemplari
2037 425 2220 479 primum
2261 428 2407 470 folium
2446 431 2524 472 ab-

345 483 526 523 scissum
561 488 644 531 est;
675 495 728 522 ex
761 483 942 537 registro
977 489 1119 523 tamen
1152 489 1268 537 patet
1301 484 1525 537 quomodo
1559 484 1780 539 inceperit,
1816 499 1969 540 nempe
2000 487 2185 541 Emptor
2216 491 2260 528 et
2294 489 2438 539 lector,
2472 498 2520 532 ut

346 544 605 599 praecedens
639 543 781 584 editio
805 545 852 584 In
886 544 970 584 fine
1004 543 1118 584 idem
1151 545 1270 598 quod
1304 545 1394 594 ista,
1419 545 1496 586 sed
1530 553 1629 600 post
1667 564 1680 583 «
1704 547 1942 588 viridario»
1972 549 2076 589 haec
2109 550 2272 604 pergit:
2303 567 2318 587 α
2341 552 2522 606 Impres-

346 619 441 646 sum
475 606 606 645 Anno
641 604 802 645 domini
843 604 958 646 1506
993 605 1060 646 die
1096 604 1152 646 25
1186 607 1388 661 Augusto
1423 607 1571 659 (sz'c).›

471 666 641 706 Eodem
675 680 788 706 anno
830 666 944 707 1506
978 667 1173 720 apparuit
1205 668 1352 716 editio,
1389 681 1499 721 quae
1531 669 1662 709 habet
1694 670 1718 710 f.
1763 683 1828 711 1a:
1869 688 1883 706 «
1907 672 2056 712 Habes
2089 672 2240 713 lector
2255 673 2297 713 in
2325 673 2407 714 hoc
2439 687 2521 715 vo-

346 727 504 768 lumine
538 728 670 768 libros
705 734 804 768 octo
838 728 1114 781 physicorum
1148 729 1431 770 Aristotelis...
1463 743 1560 770 cum
1594 731 1935 784 expositionibus
1968 734 2167 788 Angelici
2201 734 2390 775 doctoris
2423 749 2523 776 san-

347 789 521 829 ctissimi
555 789 751 829 Thomae
786 789 1015 843 Aquinatis
1049 789 1218 830 noviter
1241 796 1281 830 et
1314 791 1495 831 lectione
1530 792 1760 832 multorum
1795 793 1991 834 codicum
2035 795 2357 849 diligentissime
2381 810 2523 838 corre-

348 850 423 890 ctis
448 856 489 890 et
511 850 747 891 emendatis
771 864 847 904 per
863 851 1264 891 excellentissimum
1281 852 1433 892 artium
1457 858 1498 892 et
1521 853 1756 894 medicinae
1779 853 2000 896 doctorem
2015 857 2254 897 Dominum
2272 858 2523 912 magistrum

347 912 664 965 Hieronymum
709 912 763 952 de
798 911 978 952 Oleariis
1002 911 1301 953 Veronensem
1324 931 1337 950 ›>
1379 920 1455 954 etc.
1479 914 1527 954 In
1560 914 2205 969 dedicatione(‹111ustrissimo
2228 919 2412 973 Principi
2434 919 2523 960 Ve-

347 974 555 1014 netiarum
603 973 835 1014 Leonardo
876 974 1120 1014 Lauretano
1164 975 1457 1028 Hieronymus
1504 976 1682 1030 Bopilus
1715 977 1979 1018 Veronensis
2018 979 2226 1032 Physicus
2259 980 2303 1020 S.
2327 981 2409 1021 D...
2433 981 2523 1021 Ve-

346 1035 469 1075 netiis
503 1041 654 1088 quarto
679 1034 895 1075 Kalendas
919 1035 1141 1076 Februarii
1178 1048 1290 1076 MDVI
1321 1035 1365 1091 ›)
1388 1036 1582 1077 librarius
1621 1038 1864 1079 nominatur
1885 1039 2038 1080 Simon
2071 1041 2274 1089 Luerius;
2309 1042 2526 1095 exemplar

347 1096 466 1150 quod
501 1097 723 1136 consulere
756 1097 987 1151 potuimus,
1023 1097 1065 1137 in
1098 1098 1182 1144 fine
1217 1098 1421 1146 mutilum,
1456 1098 1667 1153 originem
1701 1099 1899 1141 editionis
1931 1101 2015 1141 alio
2039 1101 2173 1141 modo
2197 1114 2284 1142 non
2317 1102 2523 1155 patefecit.

346 1158 639 1211 Hieronymus
672 1158 834 1212 primus
868 1164 932 1198 est
965 1158 1038 1212 qui
1071 1159 1316 1200 versionem
1359 1160 1623 1214 Argyropyli
1665 1161 1864 1215 antiquae
1898 1162 2035 1211 addit,
2066 1162 2185 1216 quod
2219 1169 2261 1203 et
2292 1169 2523 1217 sequentes

345 1219 513 1260 faciunt.
539 1220 644 1260 Item
678 1219 870 1260 adiunxit
911 1239 922 1255 ‹
954 1220 1143 1261 tabulam
1176 1221 1231 1261 ad
1266 1234 1416 1261 omnes
1451 1222 1648 1262 materias
1683 1228 1724 1262 et
1756 1223 2082 1276 quaestiones.»

471 1282 707 1334 Anonyma
750 1281 896 1335 quoad
938 1295 1209 1323 recensorem
1253 1288 1318 1322 est
1361 1282 1491 1323 editio
1539 1283 1637 1323 anni
1688 1283 1824 1336 1517;
1857 1284 1882 1324 f.
1929 1285 2042 1337 147b
2079 1298 2128 1333 2,
2161 1291 2261 1338 post
2298 1285 2523 1327 Summam
2576 1306 2580 1310 ·

346 1342 679 1383 Lincolniensis:
723 1362 735 1378 ‹
767 1343 961 1384 Venetiis
996 1344 1190 1398 impensa
1222 1343 1429 1384 heredum
1463 1344 1683 1396 quondam
1717 1344 1878 1384 domini
1918 1345 2143 1385 Octaviani
2186 1346 2306 1386 Scoti
2338 1347 2523 1388 Modoe-

347 1404 494 1444 tiensis
527 1418 577 1444 ac
610 1404 827 1445 sociorum
869 1417 920 1456 14
956 1405 1048 1445 Iulii
1089 1404 1214 1458 1517.
1247 1423 1262 1441 »
1301 1406 1348 1444 In
1383 1411 1530 1444 nostro
1565 1405 1796 1458 exemplari
1829 1405 1929 1445 nihil
1963 1405 2016 1446 de
2048 1406 2355 1446 commentario
2390 1407 2522 1456 deest,

349 1465 548 1519 quamvis
583 1466 782 1506 deficiant
814 1479 891 1506 sex
924 1466 1059 1520 prima
1091 1466 1209 1506 solia:
1241 1465 1409 1505 videtur
1442 1478 1546 1520 ergo
1580 1465 1684 1506 haec
1718 1466 1847 1506 editio
1879 1466 2035 1507 habere
2071 1466 2276 1516 indicem;
2310 1468 2524 1509 recensio—

349 1540 448 1567 nem
483 1528 655 1568 exhibet
687 1540 837 1581 parum
872 1527 1135 1567 differentem
1169 1527 1223 1567 ab
1259 1526 1519 1567 editionibus
1542 1526 1811 1580 praecedenti
1846 1533 1887 1568 et
1918 1528 2125 1582 sequenti.
2150 1529 2271 1569 Haec
2305 1528 2435 1570 editio
2457 1530 2522 1571 in-

346 1589 560 1643 telligatur
591 1590 659 1636 III,
694 1600 735 1636 V,
768 1608 803 1636 α,
838 1588 911 1628 ubi
946 1601 1122 1628 erronee
1156 1588 1336 1629 habetur
1373 1588 1517 1629 Venet.
1553 1588 1686 1639 [544.
1776 1614 1796 1630 0

471 1651 602 1690 Anno
644 1648 757 1700 1545
792 1649 987 1704 apparuit
1026 1649 1156 1690 editio
1190 1650 1308 1690 cuius
1341 1649 1486 1689 titulus
1520 1655 1601 1690 est:
1642 1666 1656 1685 ‹
1681 1649 1784 1689 Divi
1817 1650 2012 1691 Thomae
2046 1650 2275 1704 Aquinatis
2309 1651 2520 1706 expositio
2558 1689 2560 1691 .

347 1711 389 1751 in
423 1711 666 1751 Aristotelis
689 1711 822 1751 libros
856 1711 909 1751 de
938 1710 1121 1764 Physica
1143 1711 1480 1759 Auscultatione,
1505 1724 1602 1751 cum
1635 1710 1807 1751 duobus
1829 1712 2015 1753 textibus
2047 1712 2263 1753 communi
2287 1718 2329 1752 et
2349 1713 2520 1754 Ioannis

346 1773 622 1827 Argyropyli,
647 1786 815 1813 summa
849 1786 945 1813 cum
980 1772 1199 1827 diligentia
1241 1778 1465 1813 correctos.
1502 1772 1716 1827 Apposita
1755 1779 1819 1813 est
1851 1773 1892 1814 in
1925 1773 2130 1827 principio
2171 1773 2226 1814 ad
2264 1779 2402 1814 totum
2435 1774 2521 1815 fere

347 1847 456 1888 opus
505 1834 813 1888 compendiosa
843 1834 999 1874 tabula.
1035 1835 1082 1874 In
1125 1834 1234 1882 fine,
1270 1834 1544 1888 quaestiones
1581 1833 1635 1874 de
1670 1834 1816 1875 formis
1865 1834 2057 1875 eiusdem
2095 1848 2127 1875 s.
2164 1835 2380 1876 Doctoris.
2414 1836 2521 1876 Item

346 1895 528 1936 Summa
557 1895 856 1936 Linconiensis
899 1896 942 1936 in
976 1895 1154 1936 eosdem
1183 1895 1465 1949 Physicorum
1488 1895 1633 1936 libros
1657 1895 1850 1936 Venetiis
1871 1908 2040 1937 MDXLV.
2065 1914 2079 1933 »
2108 1897 2155 1936 In
2178 1897 2263 1937 fine
2286 1896 2521 1938 Commen-

346 1957 439 1997 tarii
461 1957 485 1998 f.
517 1959 598 1998 132
623 1971 670 1998 a:
708 1974 721 1993 «
749 1957 993 2011 Expliciunt
1024 1957 1360 2011 praeclarissima
1394 1957 1749 1998 Commentaria...
1784 1963 1883 2011 post
1915 1970 2067 1998 omnes
2099 1957 2202 1998 alias
2236 1958 2521 1998 correctiones

347 2032 459 2059 nunc
494 2018 668 2059 demum
691 2032 862 2059 summo
896 2018 1039 2059 studio
1063 2032 1321 2073 summoque
1354 2019 1501 2059 labore
1536 2032 1632 2059 cum
1656 2018 1828 2059 duobus
1850 2019 2029 2060 testibus
2064 2019 2332 2073 impressioni
2366 2019 2476 2060 data.
2499 2037 2515 2056 »
2548 2032 2551 2035 ·

346 2081 453 2121 Post
491 2080 716 2121 Summam
749 2080 1063 2121 Lincolniensis
1096 2081 1120 2121 f.
1147 2091 1228 2133 147
1254 2081 1302 2120 b:
1344 2097 1358 2116 α
1382 2080 1575 2120 Venetiis
1610 2080 1651 2120 in
1675 2080 1844 2121 officina
1866 2080 2099 2121 haeredum
2135 2081 2182 2121 B.
2213 2080 2523 2121 Lucaeantonii

346 2142 492 2182 Iuntae
532 2142 779 2182 Florentini.
819 2143 950 2182 Anno
980 2142 1159 2183 Domini
1181 2154 1337 2182 MDXLV
1360 2143 1511 2182 Mense
1546 2142 1759 2181 Octobris.
1787 2159 1801 2178 »
1842 2141 2053 2193 Quisnam
2076 2142 2285 2182 curaverit
2307 2142 2522 2182 recensio-

347 2216 458 2251 nem,
494 2203 642 2244 nullibi
674 2204 945 2258 exprimitur;
980 2203 1100 2258 quod
1133 2203 1240 2244 forte
1274 2203 1470 2258 indigitat
1518 2202 1750 2243 editionem
1798 2215 1893 2243 esse
1926 2208 2090 2243 tantum
2136 2202 2522 2257 reproducfionem.

347 2265 672 2319 Compendiosa
704 2265 850 2305 tabula
889 2278 977 2305 non
1011 2271 1075 2306 est
1107 2265 1384 2319 alphabetica‚
1419 2264 1497 2305 sed
1531 2263 1838 2304 Commentarii
1871 2265 2063 2318 sequitur
2095 2263 2335 2304 decursum.

470 2325 605 2367 Iidem
628 2327 834 2367 haeredes
857 2327 1004 2367 Iuntae
1027 2340 1140 2367 anno
1165 2326 1272 2367 1551
1298 2339 1458 2366 novam
1482 2325 1712 2366 editionem
1735 2325 1870 2365 moliti
1892 2331 2002 2374 sunt,
2019 2325 2139 2365 cuius
2159 2325 2420 2365 characteres
2436 2324 2521 2365 iam

347 2401 435 2428 non
468 2394 568 2428 sunt
599 2388 782 2443 gothici;
816 2394 959 2428 tamen
992 2388 1016 2429 f.
1041 2390 1128 2441 37a
1157 2401 1190 2437 1,
1215 2388 1344 2429 habet
1377 2387 1642 2442 diagramma
1664 2386 1898 2427 detractum
1920 2387 1974 2426 ab
1999 2385 2154 2426 eodem
2179 2391 2409 2439 typo,'quo
2442 2397 2521 2439 pro

346 2450 475 2503 priori
510 2449 697 2490 editione
731 2463 888 2504 operae
921 2450 987 2490 usi
1021 2455 1130 2490 sunt.
1178 2450 1246 2490 En
1278 2449 1443 2489 titulus:
1485 2465 1499 2484 α
1523 2448 1567 2488 S.
1592 2448 1788 2488 Thomae
1825 2446 2053 2501 Aquinatis
2100 2447 2147 2487 in·
2181 2453 2280 2487 octo
2313 2447 2521 2500 Physico-

347 2524 441 2551 rum
475 2511 718 2552 Aristotelis
751 2512 883 2552 libros
908 2511 1223 2552 commentaria.
1248 2512 1316 2551 Ex
1341 2509 1634 2550 vetustissimo
1657 2522 1706 2549 ac
1728 2508 1937 2549 fidissimo
1961 2521 2090 2549 manu
2111 2507 2268 2562 scripto
2293 2507 2522 2562 exemplari

347 2586 482 2626 nuper
515 2572 839 2628 diligentissime
883 2573 1090 2628 castigata
1123 2579 1165 2612 et
1205 2571 1311 2612 locis
1351 2570 1673 2625 quamplurimis
1711 2570 1940 2625 integritati
1979 2570 2185 2610 restituta:
2227 2582 2325 2610 cum
2363 2569 2520 2623 duplici

346 2640 486 2675 textus
519 2635 754 2683 tralatione,
781 2635 956 2688 antiqua
976 2640 1017 2674 et
1039 2633 1303 2688 Argyropyli
1327 2632 1569 2687 recognitis
1594 2632 1667 2672 Ad
1690 2632 1794 2672 haec
1817 2631 1996 2672 accessit
2021 2630 2201 2671 Roberti
2223 2631 2522 2671 Linconiensis

346 2696 390 2736 in
424 2696 602 2737 eosdem
636 2696 854 2737 Summa.
859 2695 1085 2736 Venetiis
1118 2694 1234 2748 apud
1267 2695 1422 2742 luntas,
1447 2707 1560 2734 anno
1583 2705 1705 2734 MDLI.
1730 2711 1743 2730 »
1783 2693 2099 2734 Recensionem
2122 2692 2285 2733 curavit
2309 2692 2523 2733 Romulus

347 2757 521 2805 Fabius,
546 2763 592 2797 ut
613 2757 759 2797 videre
794 2762 858 2797 est
880 2756 922 2796 in
957 2756 1136 2810 epistola
1169 2756 1501 2809 nuncupatoria.
1537 2773 1552 2791 ‹<
1581 2755 1810 2795 Francisco
1833 2754 2022 2795 Venerio
2046 2743 2248 2795 Andreae
2280 2754 2329 2794 F.
2347 2753 2522 2794 Patritio

347 2819 517 2858 Veneto
541 2818 753 2859 Romulus
776 2818 938 2858 Fabius
962 2817 1234 2858 Florentinus
1269 2817 1352 2858 S.-
1370 2818 1558 2857 Naturae
1593 2817 1837 2857 communia
1870 2828 2151 2871 cognoscere,
2186 2815 2230 2855 id
2268 2814 2388 2869 quod
2421 2819 2522 2854 octo

347 2879 465 2919 libris
498 2880 707 2933 Physicae
740 2879 1060 2920 auscultationis
1094 2878 1236 2933 quivis
1269 2878 1387 2918 facile
1422 2878 1594 2932 assequi
1626 2884 1783 2931 potest,
1818 2890 1906 2917 non
1945 2877 2086 2917 minus
2119 2876 2174 2916 ad
2206 2875 2410 2916 tuendam
2441 2874 2522 2915 ho-

348 2941 511 2981 minum
544 2941 725 2981 salutem
758 2941 1045 2981 necessarium
1078 2954 1128 2980 ac
1162 2946 1452 2994 opportunum
1491 2946 1718 2993 putamus,
1767 2952 1897 2993 quam
1930 2937 2161 2993 singularia
2202 2937 2334 2991 ipsius
2368 2949 2521 2990 opera,

349 3007 391 3042 et
424 3015 572 3043 eorum
606 3002 816 3057 singulas,
855 3008 983 3056 atque
1030 3001 1198 3048 abditas
1239 3002 1519 3056 proprietates
1561 2999 1901 3055 apprehendere:
1935 2999 2093 3053 quibus
2129 3004 2275 3039 exacte
2313 2997 2520 3052 cognitis,

347 3063 544 3104 homines
577 3063 631 3104 ad
665 3063 730 3104 sui
765 3063 1138 3104 conservationem
1177 3063 1341 3116 absque
1375 3062 1520 3116 aliquo
1556 3075 1696 3102 errore
1729 3061 1789 3102 uti
1816 3062 1998 3102 valeant.
2032 3059 2081 3100 Id
2104 3060 2232 3115 igitur
2252 3058 2523 3100 animadver-

346 3130 504 3174 tentes,
541 3131 581 3166 et
613 3125 694 3165 hos
727 3125 860 3165 libros
893 3125 1074 3179 primam
1109 3137 1203 3165 esse
1236 3124 1450 3165 Naturalis
1484 3123 1684 3164 scientiae
1717 3128 1898 3177 partem,
1933 3135 1982 3162 ac
2015 3127 2240 3176 propterea
2273 3120 2422 3161 ceteris
2457 3119 2521 3160 di-

347 3187 556 3241 gniorem,
592 3192 633 3227 et
666 3187 803 3242 magis
838 3187 1133 3234 necessariam,
1152 3186 1205 3226 de
1229 3186 1576 3226 doctissimorum
1598 3185 1821 3225 hominum
1844 3183 2053 3224 sententia
2076 3182 2322 3231 iudicantes,
2342 3181 2523 3237 dignum

347 3249 591 3302 putavimus
626 3248 721 3289 illos
754 3262 780 3288 a
811 3249 961 3288 IUNTIS
995 3254 1166 3289 nostrae
1200 3261 1325 3288 curae
1359 3247 1459 3287 fidei
1493 3246 1770 3294 commissos,
1806 3259 1893 3299 qua
1934 3245 2119 3286 maxima
2152 3243 2242 3284 fieri
2275 3243 2396 3298 potui
2430 3242 2523 3284 dili·

347 3310 502 3363 gentia,
538 3323 677 3351 novae
712 3309 982 3364 impressioni
1016 3323 1292 3378 praeparare:
1327 3315 1374 3349 ut
1406 3308 1557 3349 animis
1590 3307 1884 3348 studiosorum
1918 3319 2012 3347 eam
2047 3306 2330 3347 eximeremus
2353 3304 2521 3359 opinio-

349 3383 447 3410 nem
482 3384 567 3424 qua
598 3372 773 3412 forsitan
806 3372 902 3412 illos
935 3372 1004 3412 vel
1038 3371 1212 3412 minime
1245 3370 1348 3411 alias
1372 3371 1526 3425 legere,
1551 3370 1619 3410 vel
1643 3369 1754 3423 siqui
1783 3369 1985 3437 legerent,
2010 3367 2171 3408 nullum
2195 3380 2248 3408 ex
2271 3366 2321 3407 iis
2343 3366 2521 3406 fructum

349 3444 499 3484 capere
533 3444 578 3472 se
612 3446 741 3487 posse
777 3433 997 3474 dicebant:
1033 3439 1123 3474 tum
1157 3432 1276 3486 quod
1308 3432 1442 3472 vitiati
1477 3437 1605 3479 erant,
1641 3437 1683 3471 et
1716 3430 1886 3479 concisi,
1920 3436 2010 3470 tum
2039 3428 2158 3483 quod
2191 3428 2339 3469 crebra
2359 3425 2518 3466 verbo-

349 3505 443 3532 rum
477 3498 518 3533 et
550 3494 853 3535 sententiarum
882 3495 1137 3543 obscuritas,
1172 3494 1242 3535 vel
1276 3494 1317 3534 in
1352 3493 1681 3534 Commentariis
1714 3493 1782 3533 vel
1817 3492 1858 3532 in
1892 3491 2024 3545 ipsius
2047 3489 2289 3531 Aristotelis
2313 3485 2521 3528 contexti-

349 3553 442 3602 bus,
478 3554 550 3607 qui
583 3555 774 3608 pluribus
807 3556 912 3596 locis
945 3557 1014 3597 vel
1051 3556 1189 3598 manci
1223 3561 1341 3597 erant
1373 3555 1441 3596 vel
1477 3554 1798 3596 Commentario
1821 3566 1908 3593 non
1932 3550 2262 3606 respondebant,
2287 3547 2520 3604 legentium
