2898 3996
1109 254 1220 290 CAP.
1249 254 1336 300 vn,
1366 253 1516 290 LECT.
1546 254 1635 290 xlv

2376 253 2451 298 415

870 493 1167 550 LECTIO
1205 492 1862 569 DECIMAQUARTA

363 655 611 688 MULTIPLICI
635 654 827 686 RATIONE
851 653 1129 684 OSTENDITUR
1152 651 1274 689 QUOD
1299 652 1398 683 LOCI
1423 653 1624 683 MUTATIO
1647 653 1727 683 EST
1751 654 1883 683 PRIMA
1907 654 2037 684 INTER
2060 653 2205 684 OMNES
2228 635 2377 684 MOTUS

285 791 331 826 Οὐ
359 792 425 836 μην
459 791 547 825 ἀλλά
576 791 635 822 καὶ
665 789 768 825 ἄλλην
803 787 1044 840 ποιησαμένοις
1075 787 1181 842 ἀρχγῖν
1214 789 1341 831 μᾶλλον

353 837 451 869 ἔσται
477 837 550 877 περὶ
575 833 707 867 τούτων
733 831 884 876 φανερόν.
914 834 1082 863 Σκεπτεον
1108 844 1171 877 γαρ
1198 832 1340 876 πότερον

353 875 530 924 ἐνδέχεταί
555 887 633 910 τινα
663 878 788 912 κίνησιν
819 873 904 906 εἶναι
935 877 1057 920 συνεχῆ
1091 874 1111 911 ἦ
1145 875 1198 907 οὔ·
1231 878 1288 907 καὶ
1314 877 1342 907 εἱ

353 918 544 967 ἐνδέχεται,
571 923 622 958 τίς
649 919 752 961 αὕτη,
777 921 836 950 καὶ
860 921 911 956 τίς
933 919 1047 962 πρώτη
1074 921 1138 951 τῶν
1167 919 1339 956 κινήσεων·

350 962 454 1003 δῆλον
479 965 542 1011 γάρ
568 966 627 1004 ὥς,
653 965 743 1008 εἴπερ
771 964 957 1008 ἀναγκαῖον
982 963 1041 1007 μέν
1069 963 1121 994 ἀεὶ
1145 966 1270 1000 κίνησιν
1298 961 1340 994 εἶ-

350 1022 418 1052 ναι,
445 1009 560 1054 πρώτη
585 1004 615 1040 δ’
643 1003 703 1044 ἥδε
728 1009 786 1039 καὶ
810 1007 967 1051 συνεχής,
991 1006 1044 1039 ὅτι
1069 1007 1110 1038 τὸ
1136 1008 1269 1050 πρῶτον
1294 1018 1342 1037 κι-

350 1055 426 1086 νοῦν
450 1057 534 1085 κινεῖ
555 1051 688 1089 ταύτην
714 1052 778 1088 την
809 1053 955 1092 κίνησιν,
984 1051 1023 1088 ἦν
1051 1051 1236 1096 ἀναγκαῖον
1261 1054 1339 1095 μίαν

348 1101 406 1130 καὶ
432 1097 495 1134 τήν
521 1094 630 1133 αὐτήν
655 1093 740 1127 εἶναι
763 1097 820 1127 καὶ
845 1096 968 1140 συνεχῆ
992 1097 1050 1127 καὶ
1076 1094 1223 1137 πρώτην.

283 1143 385 1185 Τριῶν
411 1137 438 1173 δ’
463 1139 565 1173 οὐσῶν
589 1140 764 1181 κινήσεων,
783 1140 846 1177 τῆς
871 1151 908 1171 τε
930 1139 1024 1171 κατά
1041 1137 1179 1184 μέγεθος
1202 1140 1259 1170 καὶ
1278 1139 1341 1175 τῆς

348 1186 445 1218 κατά
466 1184 576 1222 ,πάθος
599 1186 655 1216 καὶ
682 1184 742 1220 τῆς
767 1183 863 1216 κατά
886 1183 1007 1224 τόπον,
1026 1183 1065 1220 ἦν
1090 1183 1259 1226 καλοῦμεν
1285 1193 1337 1227 φο-

349 1229 422 1273 ράν,
451 1229 582 1266 ταύτην
610 1226 794 1274 ἀναγκαῖον
812 1224 896 1259 εἶναι
918 1226 1069 1272 πρώτην·
1090 1222 1258 1260 ἀδύνατον
1276 1226 1340 1273 γάρ

350 1273 488 1314 αὔξησιν
506 1270 591 1305 εἶναι
611 1271 818 1309 ἀλλοιώσεως
835 1271 882 1315 μή
903 1270 1197 1316 προϋπαρχούσης·
1219 1270 1260 1303 τὸ
1277 1270 1340 1316 γάρ

351 1317 579 1361 αὐξανόμενον
606 1316 679 1348 ἔστι
704 1315 762 1359 μὲν
789 1317 831 1354 ὠς
857 1317 956 1359 ὁμοίῳ
982 1315 1189 1356 αὐξάνεται,
1216 1315 1288 1347 ἔστι
1331 1315 1338 1324 ’

350 1362 392 1399 ὠς
411 1359 567 1405 ἀνομοίῳ’
595 1359 700 1405 τροφή
719 1359 783 1405 γάρ
799 1359 940 1405 λέγεται
959 1361 1006 1400 τῷ
1028 1359 1168 1400 ἐναντίῳ
1186 1359 1227 1391 τὸ
1248 1359 1342 1391 ἐναν-

350 1407 435 1438 τίον.
468 1407 689 1450 Προσγίνεται
713 1401 751 1436 δέ
775 1405 842 1436 πᾶν
874 1402 1047 1449 γινόμενον
1081 1402 1192 1447 ὅμοιον
1227 1404 1338 1446 ὁμοίῳ.

346 1449 494 1494 Ἀνάγκη
521 1447 578 1481 οὖν
605 1449 779 1480 ἀλλοίωσιν
812 1445 896 1481 εἶναι
926 1447 990 1483 τήν
1016 1448 1060 1485 εἰς
1086 1448 1256 1480 τάναντία
1287 1459 1341 1491 με-

350 1493 517 1533 ταβολήν.
544 1491 652 1525 Ἀλλά
675 1492 741 1536 μήν
767 1493 797 1522 εἴ
819 1504 857 1537 γε
885 1492 1099 1533 ἀλλοιοῦται,
1123 1488 1175 1523 δεῖ·
1198 1502 1231 1523 τι
1256 1488 1340 1523 εἶναι

349 1536 390 1569 τὸ
418 1534 574 1569 ἀλλοιοῦν
605 1538 665 1568 καὶ
690 1537 806 1568 ποιοῦν
833 1536 868 1567 ἐκ
901 1537 963 1568 τοῦ
987 1530 1126 1579 δυνάμει
1155 1535 1274 1579 θερμοῦ
1300 1536 1340 1568 τὸ

348 1581 496 1627 ἐνεργείᾳ
521 1580 650 1624 Θερμόν.
678 1581 784 1616 Δῆλον
807 1578 862 1612 οὐν
882 1579 935 1613 ὅτι
953 1579 994 1611 τὸ
1013 1581 1122 1611 κινοῦν
1142 1579 1205 1624 οὐχ
1223 1581 1340 1623 ὁμοίως

350 1624 432 1669 ἔχει,
454 1623 524 1658 ἀλλ’
549 1626 608 1657 ὁτὲ
628 1625 687 1668 μὲν
713 1624 892 1670 ἐγγύτερον
918 1624 977 1655 ὁτὲ
993 1619 1031 1655 δὲ
1054 1623 1260 1666 πορρώτερον
1278 1625 1341 1655 τοῦ

351 1668 589 1712 ἀλλοιουμένου
616 1667 700 1701 ἐστί.
734 1670 855 1701 Ταῦτα
880 1667 908 1700 δ’
939 1667 1015 1700 ἄνευ
1040 1669 1141 1712 φορᾶς
1168 1668 1226 1699 οὐκ
1251 1663 1342 1699 ἐνδέ-

347 1724 449 1757 χεται
479 1712 655 1757 ὑπάρχειν.
689 1713 725 1744 Εἰ
753 1713 816 1757 α”ρα
844 1710 972 1758 ἀνάγκη
1000 1711 1065 1742 αἰεὶ
1089 1714 1215 1748 κίνησιν
1241 1708 1338 1752 εἶναι,

352 1757 481 1803 ἀνάγκη
506 1759 564 1789 καὶ
588 1756 690 1812 φοράν
718 1755 769 1789 ἀεὶ
793 1754 878 1788 εἶναι
903 1755 1037 1799 πρώτην
1063 1756 1128 1787 τῶν
1159 1755 1339 1796 κινήσεων,

348 1803 406 1833 καὶ
431 1803 544 1845 φορᾶς,
570 1802 598 1832 εἰ
623 1813 712 1834 εστιν
739 1802 759 1837 η
785 1801 844 1844 μὲν
870 1800 986 1844 πρώτη
1015 1800 1035 1836 ἡ
1060 1794 1090 1830 δ’
1118 1798 1257 1844 ὑστέρα,
1276 1799 1340 1836 τήν

348 1846 496 1889 πρώτην.

274 1929 352 1961 Ἔτι
376 1922 414 1959 δὲ
432 1919 570 1959 πάντων
587 1927 652 1959 τῶν
674 1926 888 1971 παθημάτων
915 1926 1001 1971 ἀρχή
1023 1925 1187 1964 πύκνωσις
1203 1928 1261 1957 καὶ
1278 1926 1343 1970 μά-

348 1982 458 2008 νωσις·
482 1974 541 2002 καὶ
564 1971 628 2016 γάρ
653 1971 740 2015 βαρύ
771 1973 828 2003 καὶ
860 1972 982 2016 κοῦφον
1012 1973 1070 2002 καὶ
1095 1970 1249 2015 μαλακὸν
1282 1972 1339 2002 καὶ

349 2015 490 2070 σκληρὸν
514 2017 571 2046 καὶ
596 2014 713 2058 θερμὸν
737 2017 795 2047 καὶ
820 2014 941 2060 ψυχρᾶν
969 2015 1178 2052 πυκνότητες
1204 2010 1340 2046 δοκοῦσι

348 2061 406 2091 καὶ
425 2058 630 2102 αραιότητες
647 2055 732 2091 εἶναί
754 2070 853 2097 τινες.
879 2059 1044 2096 Πόκνωσις
1062 2054 1099 2090 δὲ
1118 2060 1176 2090 καὶ
1194 2058 1339 2101 μάνωσις

350 2102 516 2148 σύγκρισις
548 2105 605 2134 καὶ
630 2098 812 2145 διάκρισις,
838 2102 912 2135 καθ’
939 2103 976 2140 ot<
1001 2102 1127 2149 γένεσις
1153 2104 1212 2134 καὶ
1236 2102 1342 2147 φθορά

348 2146 490 2192 λέγεται
515 2147 581 2178 τῶν
607 2147 736 2179 οὐσιῶν.
765 2147 1010 2200 ξυγκρινόμενα
1034 2142 1071 2178 δὲ
1095 2149 1151 2179 καὶ
1176 2142 1341 2191 διακρινό-

349 2202 434 2235 μενα
461 2190 591 2236 ἀνάγκη
617 2191 714 2223 κατοὶ
737 2203 844 2223 τοπον
870 2190 1110 2234 μεταβάλλειν.
1143 2190 1251 2222 Ἀλλά
1275 2190 1349 2234 μὴν,

348 2236 407 2266 καὶ
425 2235 487 2267 τοῦ
506 2234 734 2277 αὐξανομένου
755 2236 813 2267 καὶ
830 2234 1001 2279 φθίνοντος
1018 2234 1231 2279 μεταβάλλει
1247 2235 1342 2266 κατά

349 2277 458 2311 τόπον
484 2278 523 2311 τὸ
549 2277 699 2325 μέγεθος.

275 2322 353 2355 Ἔτι
383 2325 440 2354 καὶ
470 2323 622 2355 ἐντεῦθεν
656 2323 896 2354 ἐπισκοποῦσιν
930 2323 1028 2355 ἔσται
1059 2322 1198 2366 φανερὸν
1234 2321 1287 2353 ὅτι
1320 2323 1340 2358 ἢ

349 2367 435 2411 φοραὶ
459 2366 587 2411 πρώτη.
621 2366 666 2398 Τὸ
691 2366 755 2413 γάρ
786 2368 940 2410 πρῶτον,
967 2366 1075 2411 ὥσπερ
1107 2368 1165 2397 καὶ
1195 2366 1250 2398 ἐπὶ
1275 2367 1340 2399 τῶν

352 2409 482 2452 ἄλλων,
509 2410 598 2444 οὕτω
622 2412 680 2442 καὶ
707 2411 760 2442 ἐπὶ
790 2410 947 2448 κινήσεως
975 2409 1013 2442 ἀν
1037 2409 1174 2456 λέγοιτο
1200 2412 1343 2442 πλεονα-

374 2455 428 2492 ὥς·
453 2454 596 2501 λέγεται
627 2455 692 2500 γάρ
722 2466 746 2486 π
770 2453 904 2498 ότερον,
937 2454 975 2486 οὖ
1004 2466 1042 2486 τε
1073 2454 1119 2498 μή
1153 2454 1249 2492 ὄντος
1282 2455 1341 2486 οὐκ

350 2510 450 2531 εσται
475 2498 602 2540 τᾶλλα,
620 2499 727 2532 ἐκεῖνο
772 2499 780 2510 ’
802 2499 879 2531 ἄνευ
905 2499 970 2531 τῶν
997 2498 1122 2530 ἄλλων·
1146 2500 1205 2530 καὶ
1229 2498 1271 2530 τό
1294 2499 1341 2540 τῷ

349 2541 467 2587 χρόνῳ,
492 2545 551 2585 καί
576 2543 617 2576 τὰ
640 2544 718 2576 κατ’
747 2543 893 2575 olo-low.-

276 2584 371 2618 “Ὦστ’
400 2587 474 2618 ἐπεὶ
497 2590 623 2624 κίνησιν
649 2587 708 2630 μὲν
736 2588 922 2632 ἀναγκαῖον
948 2582 1033 2617 εἶναι
1057 2586 1215 2630 συνεχῶς,
1242 2586 1290 2622 εἴη
1309 2582 1337 2616 δ’

353 2630 391 2663 ἂν
416 2631 560 2675 συνεχῶς
585 2629 605 2667 ἦ
631 2632 652 2667 ἡ
678 2631 819 2676 συνεχὴς
844 2631 864 2667 ἦ
891 2631 911 2666 ἡ
929 2629 1075 2684 ἐφεξῆς,
1107 2632 1236 2674 μᾶλλον
1261 2629 1292 2660 δ’
1321 2631 1341 2666 ἡ

351 2674 506 2718 συνεχής·
531 2677 588 2706 καὶ
615 2674 749 2714 βέλτιον
775 2675 897 2719 συνεχῆ
923 2687 943 2710 η
970 2674 1086 2717 ἐφεξῆς
1116 2672 1212 2714 εἶναι,
1240 2673 1281 2705 τό
1305 2668 1343 2705 δὲ

352 2718 486 2759 βέλτιον
514 2719 564 2751 ἀεὶ
590 2717 875 2762 ὑπολαμβάνομεν
907 2716 938 2749 ἐν
964 2718 1010 2759 τῇ
1035 2717 1129 2760 φύσει
1161 2717 1249 2761 ὐπάρ
1277 2729 1341 2759 ειν,

354 2763 392 2795 ἀν
420 2759 442 2803 ᾗ
465 2757 630 2803 δυνατόν,
656 2758 800 2794 δυνατὸν
830 2757 867 2793 δὲ
893 2762 1014 2806 συνεχῆ
1040 2758 1125 2793 εἶναι
1150 2757 1219 2806 (δει
1269 2761 1345 2797 η’σε-

353 2818 412 2839 ται
427 2802 465 2838 δὲ
483 2805 633 2850 ὕστερον·
653 2806 707 2837 νῦν
729 2801 766 2837 δέ
784 2803 876 2838 τοῦθ’
898 2804 1117 2847 ὑποκείσθω),
1135 2808 1191 2837 καὶ
1211 2804 1342 2842 ταύτην

353 2845 511 2894 οὐδεμίαν
539 2850 643 2887 ἄλλην
671 2849 772 2882 οἷόντ’
802 2847 887 2881 εἶναι
914 2849 984 2882 ἀλλ’
1014 2847 1034 2886 ἦ
1059 2849 1183 2894 φοράν,
1212 2849 1341 2906 ἀνάγκη

352 2894 416 2930 τήν
442 2894 544 2938 φοράν
569 2891 654 2925 εἶναι
680 2893 827 2937 πρώτην.
854 2889 1004 2937 Οὐδεμία
1027 2893 1091 2938 γάρ
1114 2892 1243 2939 ἀνάγκη
1263 2905 1343 2925 ουτε

354 2937 515 2979 αὔξεσθαι
548 2937 627 2970 οὔτε
662 2936 878 2970 ἀλλοιοῦσθαι
907 2937 946 2970 το“
976 2936 1171 2980 φερόμενον,
1201 2933 1277 2969 οὐδὲ
1301 2932 1343 2974 δή

352 2981 502 3028 γίνεσθαι
527 2981 548 3018 ἦ
573 2981 772 3026 φθείρεσθαι·
800 2981 931 3014 τούτων
956 2977 993 3012 δὲ
1022 2977 1180 3025 οὐδεμίαν
1214 2976 1346 3026 ἐνδέχε-

354 3037 414 3057 ται
438 3027 502 3063 τῆς
532 3027 689 3071 συνεχοῦς
723 3026 769 3070 μη
801 3025 919 3067 οὔσης,
951 3026 990 3062 ἦν
1021 3030 1105 3057 κινεῖ
1136 3025 1177 3058 τὸ
1209 3027 1343 3068 πρῶτον

352 3080 476 3102 κινουν.

278 3153 356 3184 Ἔτι
379 3151 484 3196 χρόνῳ
516 3151 664 3205 πρωτην·
692 3157 761 3190 τοῖς
786 3153 850 3198 γάρ
885 3147 1002 3190 ἀϊδίοις
1036 3152 1135 3196 μόνον
1166 3148 1343 3197 ἐνδέχεται

353 3195 515 3227 κινεῖσθαι
541 3207 687 3234 ταυτην.

282 3237 372 3271 Ἀλλ’
403 3239 448 3282 ἐφ’
478 3238 548 3276 ἑνὸς
577 3239 634 3282 μὲν
669 3240 809 3271 ὁτουοῦν
839 3240 905 3271 τῶν
939 3238 1085 3283 ἐχόντων
1118 3238 1245 3284 γένεσιν
1279 3239 1343 3291 τήν

354 3283 456 3326 φοράν
483 3283 667 3328 ἀναγκαῖον
694 3281 847 3318 ὑστάτην
866 3279 951 3313 εἶναι
973 3294 1038 3314 των
1063 3282 1236 3318 κινήσεων·
1255 3294 1345 3325 μετα

354 3326 418 3372 γάρ
450 3326 491 3359 τὰ
521 3325 677 3381 γενέσθαι
711 3327 841 3369 πρῶτον
878 3323 1051 3362 ἀλλοίωσις
1087 3327 1145 3357 καὶ
1184 3324 1342 3366 αὔξησις,

354 3370 441 3413 φορά
463 3365 491 3401 δ’
512 3365 578 3407 ηδη
597 3369 861 3412 τετελειωμένων
886 3371 1010 3406 κίνησίς
1029 3368 1131 3401 ἐστιν.
1158 3367 1252 3400 Ἀλλ’
1274 3368 1345 3401 ἕτε-

354 3425 407 3457 ρον
435 3413 565 3458 ἀνάγκη
595 3412 786 3456 κινούμενον
812 3410 896 3444 εἶναι
920 3412 1016 3445 κατά
1039 3412 1140 3455 φοράν
1167 3412 1342 3455 πρότερον,

356 3458 372 3488 ὃ
396 3459 454 3489 καὶ
472 3461 533 3495 τῆς
554 3457 712 3503 γενέσεως
740 3459 847 3489 αἴτιον
875 3456 972 3488 ἔσται
999 3460 1067 3493 τοῖς
1089 3456 1286 3502 γινομένοις,
1306 3457 1344 3488 οὐ

354 3500 547 3546 γινόμενον,
575 3501 642 3532 οἷον
668 3501 708 3533 τὸ
733 3501 897 3546 γεννῆσαν
923 3500 984 3533 τοῦ
1009 3499 1245 3546 γεννηθέντος,
1273 3500 1344 3532 ἐπεὶ

354 3546 464 3590 δόξειέ
493 3550 523 3597 γ’
555 3549 592 3581 ἂν
618 3550 638 3586 ἡ
664 3548 790 3595 γένεσις
822 3546 907 3580 εἶναι
937 3548 1052 3591 πρώτη
1087 3549 1153 3580 τῶν
1184 3547 1344 3584 κινήσεων

1395 792 1411 811 *
1426 794 1468 822 At
1483 802 1558 822 vero
1578 792 1662 822 aliud
1682 791 1864 822 facientibus
1884 792 2074 832 principium
2088 793 2187 832 magis
2204 792 2261 822 erit
2276 793 2314 822 de
2329 793 2365 822 iis
2386 803 2451 823 ma-

1462 835 1620 866 nifestum.
1639 836 1913 866 Considerandum
1932 836 2016 866 enim
2039 843 2084 866 est
2103 843 2210 866 utrum
2229 836 2367 876 aliquem
2383 847 2451 867 mo-

1461 887 1531 910 tum
1547 879 1699 918 contingit
1715 889 1781 909 esse
1798 880 1984 910 continuum
2008 887 2062 910 aut
2085 887 2169 910 non:
2192 886 2221 910 et
2237 880 2262 909 si
2289 881 2451 920 contingit,

1461 923 1607 963 quis⁷hic‚
1623 930 1653 953 et
1668 923 1738 963 quis
1759 923 1879 962 primus
1896 930 1941 953 est
1964 930 2123 954 motuum.
2140 923 2343 954 Manifestum
2367 925 2451 954 enim

1461 968 1560 1007 quod,
1572 967 1596 996 si
1612 967 1821 997 necessarium
1838 974 1883 997 est
1899 977 2021 1007 semper
2036 974 2162 997 motum
2179 975 2255 1005 esse;
2266 968 2386 1007 primus
2398 979 2451 998 au-

1460 1017 1526 1040 tem
1549 1010 1599 1040 hic
1623 1017 1653 1040 et
1676 1011 1845 1041 continuus
1864 1017 1919 1048 est,
1937 1011 2010 1051 quia
2031 1012 2170 1051 primum
2194 1021 2325 1041 movens
2345 1019 2452 1043 movet

1460 1054 1567 1093 ipsum
1591 1061 1734 1084 motum:
1760 1055 1968 1084 necessarium
1988 1062 2032 1085 est
2056 1065 2158 1085 unum
2181 1062 2211 1086 et
2229 1055 2366 1085 eundem
2385 1066 2451 1086 esse

1462 1104 1492 1128 et
1515 1097 1702 1127 continuum
1726 1105 1755 1128 et
1778 1098 1927 1137 primum.

1394 1141 1410 1160 *
1422 1141 1538 1172 Tribus
1554 1147 1659 1171 autem
1676 1141 1874 1171 existentibus
1890 1142 2039 1180 motibus,
2056 1142 2118 1172 alio
2133 1142 2263 1182 quidem
2277 1143 2452 1173 secundum

1460 1185 1721 1224 magnitudinem,
1736 1192 1766 1215 et
1784 1185 1846 1214 alio
1866 1186 2039 1215 secundum
2056 1186 2244 1225 passionem,
2266 1193 2295 1216 et
2311 1187 2452 1227 quodam

1462 1229 1636 1259 secundum
1648 1229 1767 1267 locum,
1777 1239 1873 1269 quem
1885 1239 2035 1259 vocamus
2052 1229 2114 1259 loci
2128 1230 2351 1268 mutationem3
2366 1230 2451 1260 hunc

1461 1273 1671 1303 necessarium
1685 1279 1731 1302 est
1744 1272 1884 1312 primum
1901 1282 1977 1302 esse.
2003 1273 2198 1312 Impossibile
2215 1274 2299 1303 enim
2315 1281 2361 1304 est
2377 1284 2452 1314 aug-

1461 1323 1606 1347 mentum
1622 1327 1699 1354 esse,
1715 1316 1895 1346 alteratione
1911 1326 1977 1346 non
1992 1317 2225 1355 praeexistente.
2250 1318 2346 1354 Quod
2368 1318 2453 1347 enim

1462 1367 1691 1400 augmentatur,
1709 1367 1754 1390 est
1777 1360 1906 1400 quidem
1929 1367 2081 1400 tanquam
2100 1360 2194 1390 simili
2218 1368 2452 1400 augmentetur,

1462 1411 1508 1435 est
1531 1411 1637 1435 autem
1651 1411 1803 1444 tanquam
1819 1403 1970 1441 dissimili.
1997 1404 2200 1435 Contrarium
2215 1405 2300 1434 enim
2323 1405 2452 1435 alimen-

1461 1455 1532 1479 tum
1555 1448 1667 1478 dicitur
1700 1447 1873 1486 contrari03
1905 1448 2046 1478 adiicitur
2078 1455 2183 1478 autem
2216 1459 2311 1479 omne
2336 1449 2454 1479 factum

1461 1492 1561 1522 simile
1585 1491 1688 1522 simili.
1711 1493 1845 1522 Necesse
1871 1498 1916 1522 est
1934 1492 2027 1531 igitur
2049 1492 2265 1523 alterationem
2284 1493 2317 1522 in
2332 1500 2453 1523 contra-

1461 1536 1506 1566 ria
1529 1546 1594 1566 esse
1626 1535 1843 1566 mutationem.
1872 1538 1914 1566 At
1936 1545 2011 1565 vero
2036 1535 2061 1565 si
2084 1536 2281 1574 alterabitur,
2304 1537 2455 1576 indigebit

1461 1590 1528 1610 esse
1551 1581 1682 1610 alterans
1706 1586 1736 1610 et
1754 1589 1848 1619 agens
1872 1589 1908 1610 ex
1931 1579 2071 1619 potentia
2094 1580 2195 1610 calido
2219 1587 2288 1610 actu
2307 1580 2452 1611 calidum.

1461 1623 1664 1654 Manifestum
1687 1623 1781 1663 igitur
1803 1624 1890 1663 quod
1907 1633 2038 1653 movens
2054 1634 2120 1653 non
2139 1623 2280 1654 similiter
2295 1634 2327 1654 se
2343 1624 2453 1662 habet3

1461 1668 1515 1698 secl
1538 1668 1707 1708 aliquando
1731 1667 1861 1707 quidem
1888 1667 2036 1707 propius,
2063 1667 2232 1708 aliquando
2256 1674 2362 1698 autem
2384 1669 2454 1698 lon-

1460 1711 1530 1751 gius
1555 1712 1581 1741 ei
1601 1712 1689 1751 quod
1713 1711 1866 1741 alteratur.
1891 1712 1977 1741 Haec
1997 1718 2103 1741 autem
2118 1711 2183 1741 sine
2198 1712 2259 1742 loci
2279 1712 2453 1742 mutatione

1461 1765 1527 1785 non
1551 1755 1703 1794 contingit
1718 1765 1793 1785 esse.
1819 1755 1851 1785 Si
1875 1765 1948 1795 ergo
1972 1765 2097 1785 necesse
2121 1762 2166 1786 est
2183 1765 2306 1795 semper
2328 1763 2454 1786 motum

1462 1809 1540 1836 esse,
1554 1809 1677 1829 necesse
1694 1805 1739 1829 est
1749 1805 1779 1829 et
1794 1799 1855 1828 loci
1871 1799 2080 1829 mutationem
2096 1809 2218 1839 semper
2233 1809 2308 1837 esse,
2319 1800 2454 1839 primam

1461 1850 1627 1873 motuum:
1649 1849 1679 1872 et
1701 1842 1734 1872 in
1756 1842 1818 1872 loci
1842 1843 2027 1880 mutatione,
2045 1843 2070 1872 si
2090 1841 2135 1873 es‘t
2159 1843 2217 1873 alia
2240 1843 2370 1883 quidem
2393 1844 2454 1884 pri-

1461 1897 1523 1925 ma,
1548 1887 1607 1916 alia
1629 1897 1704 1916 vero
1727 1886 1892 1926 posterior,
1916 1886 2060 1926 primam.

1394 1931 1540 1971 Amplius
1560 1938 1676 1968 autem,
1701 1930 1846 1960 omniurn
1865 1940 2050 1970 passionum
2065 1930 2256 1970 principium
2275 1931 2409 1961 densitas
2426 1938 2456 1962 et

1460 1974 1580 2005 raritas:
1606 1982 1636 2005 et
1657 1984 1749 2014 grave
1766 1984 1903 2015 namque
1923 1981 1952 2004 et
1971 1975 2048 2012 leve,
2067 1981 2096 2004 et
2118 1974 2215 2004 molle
2230 1981 2260 2005 et
2278 1975 2408 2013 durum,
2426 1982 2456 2006 et

1461 2019 1598 2049 calidum
1622 2025 1651 2049 et
1675 2018 1839 2058 frigidum,
1872 2018 2036 2058 densitates
2059 2018 2204 2048 videntur
2228 2028 2293 2048 esse
2324 2025 2354 2049 et
2381 2019 2455 2049 rari-

1461 2070 1538 2093 tates
1562 2063 1727 2103 quaedam.
1759 2062 1901 2092 Densitas
1936 2069 2042 2092 autem
2065 2068 2095 2092 et
2126 2062 2232 2092 raritas
2256 2063 2454 2102 congregatio

1463 2113 1493 2137 et
1516 2106 1701 2146 disgregatio
1734 2112 1817 2144 sunt,
1849 2103 2024 2136 secundum
2048 2115 2125 2146 quas
2153 2106 2311 2146 generatio
2335 2113 2365 2136 et
2388 2117 2454 2137 cor-

1461 2150 1567 2189 ruptio
1583 2149 1695 2180 dicitur
1717 2150 1971 2180 substantiarum.
1997 2150 2086 2187 Quae
2106 2157 2212 2180 autem
2229 2157 2455 2190 congregantur

1463 2201 1493 2224 et
1515 2193 1749 2232 disgregantur,
1782 2203 1906 2223 necesse
1930 2200 1977 2224 est
1998 2194 2174 2224 secundum
2196 2195 2304 2224 locum
2328 2194 2452 2225 mutari.

1461 2239 1504 2267 At
1529 2247 1603 2267 vero
1628 2237 1682 2266 sed
1706 2237 1772 2266 eius
1804 2237 1892 2277 quod
1923 2244 2142 2276 augmentatur
2165 2244 2195 2268 et
2218 2238 2455 2269 decrementum

1462 2281 1616 2320 patientis,
1642 2287 1781 2310 mutatur
1804 2281 1979 2310 secundum
2001 2281 2109 2311 locum
2132 2281 2328 2321 magnitudo.

1395 2323 1411 2340 *
1425 2325 1572 2364 Amplius
1589 2332 1618 2355 et
1634 2324 1706 2354 hinc
1722 2324 1989 2354 considerantibus
2005 2324 2062 2355 erit
2071 2325 2274 2355 manifestum
2290 2326 2378 2366 quod
2393 2325 2455 2356 loci

1462 2368 1596 2399 mutatio
1620 2368 1730 2408 prima.
1755 2368 1897 2398 Primum
1921 2368 2015 2405 enim,
2033 2368 2113 2398 sicut
2127 2375 2157 2399 et
2171 2368 2203 2398 in
2219 2369 2297 2407 aliis,
2317 2369 2360 2400 sic
2379 2376 2410 2399 et
2422 2369 2455 2399 in

1463 2419 1554 2442 motu
1587 2412 1706 2442 dicetur
1729 2411 1838 2452 utique
1861 2411 2040 2442 multifarie.
2073 2412 2194 2442 Dicitur
2216 2419 2322 2443 autem
2345 2413 2452 2453 prius,

1417 2456 1419 2458 ’
1463 2466 1528 2497 quo
1553 2466 1617 2486 non
1637 2456 1784 2486 existente
1808 2466 1873 2485 non
1897 2462 1988 2486 erunt
2011 2456 2079 2494 alia,
2096 2456 2174 2486 illud
2197 2466 2271 2486 vero
2298 2457 2364 2487 sine
2387 2457 2455 2487 reli-

1464 2500 1551 2541 quis;
1568 2507 1598 2530 et
1624 2507 1776 2540 tempore,
1794 2506 1824 2530 et
1849 2500 2023 2530 secundum
2046 2500 2260 2544 substantiam.

1398 2592 1513 2629 Quare,
1529 2591 1681 2632 quoniam
1705 2598 1830 2621 motum
1847 2591 1976 2631 quidem
1996 2602 2119 2622 necesse
2143 2599 2188 2623 est
2211 2603 2277 2623 esse
2296 2593 2454 2631 continue,

1464 2635 1520 2665 erit
1543 2635 1652 2676 utique
1676 2635 1824 2665 continue
1851 2642 1905 2665 aut
1928 2636 1983 2675 qui
2007 2636 2193 2674 continuus,
2217 2643 2271 2667 aut
2298 2637 2353 2677 qui
2378 2647 2454 2667 con-

1465 2686 1639 2719 sequenter.
1664 2679 1762 2718 Magis
1786 2686 1891 2709 autern
1915 2679 1970 2720 qui
1995 2680 2183 2718 continuus;
2207 2687 2237 2711 et
2261 2680 2391 2720 dignius‘
2409 2687 2455 2711 est

1465 2723 1654 2753 continuum
1685 2733 1782 2763 quam
1815 2730 2041 2763 consequenter
2075 2731 2162 2754 esse:
2192 2724 2316 2764 dignius
2349 2731 2456 2755 autem

1465 2777 1588 2807 semper
1606 2767 1778 2806 accipimus
1801 2767 1832 2796 in
1856 2774 1966 2797 natura
1981 2777 2058 2804 esse,
2083 2768 2108 2797 si
2132 2768 2279 2808 possibile
2299 2775 2353 2798 est.
2378 2768 2455 2798 Pos-

1465 2811 1552 2840 sibile
1576 2818 1682 2841 autem
1706 2818 1751 2841 est
1775 2810 1961 2841 continuum
1989 2821 2055 2841 esse
2079 2810 2326 2853 (monstrabitur
2349 2819 2455 2842 autem

1464 2854 1630 2894 posterius,
1654 2865 1738 2884 nunc
1757 2861 1863 2884 autem
1882 2854 1942 2885 hoc
1957 2853 2184 2897 supponatur):
2205 2862 2235 2886 et
2249 2855 2334 2886 hunc
2353 2865 2455 2896 neque

1465 2908 1567 2928 unum
1586 2898 1670 2928 aliud
1690 2898 1837 2938 possibile
1854 2905 1900 2928 est
1918 2909 1994 2936 esse,
2019 2899 2073 2929 sed
2089 2906 2142 2930 aut
2157 2899 2219 2930 loci
2235 2899 2453 2930 mutationem.

1464 2943 1597 2972 Necesse
1612 2949 1658 2972 est
1675 2942 1769 2981 igitur
1787 2942 1849 2972 loci
1865 2942 2074 2973 mutationem
2091 2953 2156 2973 esse
2175 2943 2319 2983 primam.
2344 2944 2455 2983 Neque

1465 2996 1529 3016 una
1552 2986 1637 3016 enim
1657 2986 1821 3016 necessitas
1853 2993 1899 3016 est
1922 2996 2024 3026 neque
2047 2987 2240 3027 augmentari
2259 2991 2361 3027 neque
2381 2987 2454 3017 alte—

1464 3030 1524 3060 rari
1541 3029 1629 3070 quod
1645 3029 1756 3060 fertur:
1782 3040 1856 3060 nam
1871 3039 1974 3070 neque
1990 3030 2055 3060 fieri
2070 3038 2123 3062 aut
2139 3031 2308 3070 corrumpi.
2328 3031 2454 3060 Horum

1465 3080 1570 3104 autem
1594 3083 1696 3114 neque
1721 3084 1822 3103 unum
1845 3074 2011 3113 contingit,
2033 3074 2091 3104 nisi
2118 3075 2285 3105 continuus
2301 3074 2339 3104 sit
2357 3084 2454 3114 quem

1462 3124 1570 3147 movet
1593 3117 1730 3157 primum
1755 3127 1895 3147 movens.

1398 3161 1416 3178 '²'
1426 3161 1539 3191 Adhuc
1554 3168 1697 3200 ternpore
1707 3161 1793 3200 prior
1807 3168 1866 3190 est:
1883 3167 2071 3200 perpetuum
2087 3161 2171 3190 enim
2183 3160 2336 3199 contingit
2347 3159 2452 3190 solum

1465 3204 1585 3234 moveri
1610 3205 1785 3234 secundum
1808 3204 1902 3234 hunc.

1399 3248 1459 3278 Sed
1468 3247 1500 3277 in
1512 3257 1577 3278 uno
1594 3248 1723 3288 quidem
1739 3247 1845 3287 aliquo
1856 3247 2039 3276 habentium
2054 3246 2296 3285 generationem,
2307 3246 2368 3276 loci
2381 3256 2451 3277 mu-

1465 3291 1615 3321 tationem
1635 3301 1759 3321 necesse
1775 3298 1820 3320 est
1829 3297 2021 3329 postremam
2037 3297 2184 3320 motuum
2199 3299 2274 3320 esse.
2285 3290 2360 3320 Post
2368 3290 2452 3320 enim

1465 3334 1571 3374 ipsum
1597 3334 1661 3364 fieri
1681 3334 1838 3374 primum,
1859 3333 1998 3363 alteratio
2018 3340 2048 3363 et
2068 3340 2290 3372 augmentum:
2319 3334 2373 3363 sed
2391 3334 2452 3364 loci

1464 3378 1598 3408 mutatio
1624 3378 1686 3407 iarn
1712 3377 1921 3417 perfectorum
1951 3383 2057 3406 motus
2081 3383 2135 3407 est.
2160 3377 2220 3407 Sed
2244 3377 2377 3407 alterum
2400 3387 2452 3407 ne-

1466 3430 1548 3451 cesse
1559 3428 1684 3451 motum
1703 3430 1768 3450 esse
1779 3420 1952 3450 secundum
1962 3420 2022 3450 loci
2033 3420 2241 3450 mutationem
2257 3420 2353 3460 prius,
2364 3421 2453 3461 quod

1466 3471 1496 3499 et
1509 3464 1716 3503 generationis
1740 3473 1832 3493 causa
1848 3463 1904 3493 erit
1927 3463 1974 3493 his
1993 3473 2073 3503 quae
2087 3463 2168 3494 fiunt
2187 3474 2252 3494 non
2268 3464 2396 3502 factum,
2417 3471 2454 3495 ut

1466 3517 1615 3546 generans
1639 3508 1703 3537 eius
1723 3508 1810 3547 quod
1830 3514 2001 3546 generatur.
2027 3507 2188 3544 Quoniam
2202 3507 2324 3538 videtur
2343 3508 2451 3548 utique

1466 3551 1623 3590 generatio
1652 3561 1716 3580 esse
1741 3550 1841 3590 prima
1868 3557 2034 3589 motuum,
2068 3558 2195 3591 propter
2217 3551 2249 3581 id
2271 3552 2360 3592 quod
2386 3551 2451 3582 fieri

2478 801 2559 855 ἐξεφ.
2570 807 2612 823 vn.
2621 801 2690 823 Text.

2477 1150 2487 1160 '¹
2502 1148 2569 1171 Text.
2583 1155 2615 1177 55.

2482 2333 2492 2343 ·
2506 2332 2573 2354 Text.
2587 2333 2623 2360 56.

2479 3169 2489 3179 ·
2503 3167 2569 3190 Text.
2583 3174 2617 3196 57.
