2898 3996
200 729 212 740 ⁸
225 728 295 749 Num.
306 734 354 755 seq.

200 781 209 789 ·
224 779 287 801 Lect.
302 785 321 806 1,
337 785 362 800 11.

188 1884 198 1891 ⁶
212 1881 281 1903 Num.
297 1889 345 1910 seq.

210 2039 280 2061 Num.
294 2046 318 2066 4.

186 2939 264 2986 ’ΥΞιὲία
280 2945 390 2965 runos-v

181 3049 189 3056 ·
203 3047 226 3068 in
241 3047 292 3069 add.
307 3048 389 3070 puoch.

568 363 874 406 ,-.,·,·,“05κ]110111
903 356 1156 404 Philosophus
1174 354 1301 403 posuit
1325 354 1488 390 rationes

510 406 528 430 ‘⁸
564 419 587 451 5⁶
607 407 610 410 ”
653 410 683 455 <7⁴⁴⁴
698 411 745 447 ad
761 410 1039 447 ostendendum
1056 415 1203 443 motum
1220 418 1372 454 semper
1394 419 1486 452 esse,

643 464 651 478 '⁴
670 463 683 509 ξ
697 463 757 499 1110
771 462 877 511 ponit
896 461 1057 497 rationes
1078 466 1207 496 contra
1221 460 1488 517 Anaxagoram

522 543 525 545 ,
579 507 588 516 Ι
641 505 679 542 ”’Ψ
698 522 734 551 01
762 514 1048 563 Empedoclem,
1079 511 1141 560 qui
1168 510 1396 547 contrarium
1419 522 1487 558 po-

435 568 586 604 nebant.
616 568 664 603 Et
693 567 789 603 circa
816 567 890 602 1100
915 565 990 601 duo
1020 564 1125 600 facit.
1154 563 1278 612 primo
1297 562 1404 611 ponit
1432 574 1488 598 ra-

435 619 576 656 tionem
598 626 727 656 contra
747 630 878 655 eorum
897 617 1143 666 positionem;
1171 615 1337 652 secundo
1359 621 1488 650 contra

434 672 616 708 10110110111
638 683 753 719 quam
773 670 1047 719 supponebant,
1073 668 1142 704 ibi:
1171 667 1347 704 Similiter
1363 672 1487 703 autem

433 729 470 760 et
494 724 616 760 dicere
633 724 653 743 *
675 730 742 760 010.

486 776 586 812 Dicit
600 788 688 823 ergo
702 773 955 824 primo,quod
976 785 1063 809 cum
1084 779 1278 809 ostensum
1299 754 1488 820 sit*quod

433 835 559 864 motus
581 840 734 876 semper
761 835 826 874 est,
857 838 934 862 non
965 826 1032 862 erit
1060 825 1263 861 dicendum
1292 823 1395 872 quod
1424 823 1488 859 ali-

432 880 586 928 quando
606 880 653 916 sit
670 887 799 917 motus
819 886 855 915 et
874 878 1075 927 aliquando
1096 889 1186 922 non,
1203 876 1297 913 sicut
1316 876 1489 912 dixerunt

432 933 684 981 Empedocles
709 939 745 969 et
763 934 1022 978 Anaxagoras:
1052 929 1104 966 sic
1125 929 1226 966 enim
1252 928 1374 965 dicere
1394 928 1489 964 sicut

431 985 501 1034 ipsi
519 992 738 1033 posuerunt,
764 983 988 1020 assimilatur
1006 982 1157 1019 cuidam
1183 981 1378 1029 figmento,
1400 981 1488 1029 quia

431 1037 570 1074 scilicet
589 1038 731 1085 absque
752 1036 894 1073 ratione
913 1037 987 1072 hoc
1010 1035 1220 1084 ponebant;
1245 1046 1360 1071 omne
1383 1034 1484 1071 enirn

431 1090 535 1138 quod
556 1089 709 1138 ponitur
732 1089 874 1137 absque
899 1087 1042 1124 ratione
1065 1086 1126 1124 vel
1150 1087 1369 1124 auctoritate
1394 1087 1487 1124 divi-

429 1154 489 1188 na,
511 1142 681 1178 fictitium
703 1153 783 1178 esse
801 1140 962 1178 videtur.
983 1140 1196 1177 Auctoritas
1216 1147 1343 1176 autem
1359 1139 1487 1176 divina

428 1195 620 1243 praevalet
652 1193 763 1230 etiam
794 1193 927 1230 rationi
954 1194 1171 1239 humanae,
1211 1193 1328 1229 multo
1367 1192 1486 1240 magis

429 1259 545 1295 quarn
578 1246 777 1283 auctoritas
811 1245 966 1283 alicuius
1001 1245 1218 1295 philosophi
1251 1245 1487 1294 praevaleret

429 1299 538 1336 alicui
559 1299 670 1336 debili
699 1298 844 1346 rationi,
866 1311 981 1347 quam
1006 1298 1138 1346 aliquis
1157 1310 1253 1346 puer
1280 1297 1484 1334 induceret.

428 1353 519 1389 Non
549 1364 636 1399 ergo
665 1351 915 1388 assimilantur
942 1351 1124 1399 figmento
1153 1363 1251 1398 quae
1278 1360 1347 1399 per
1365 1350 1483 1387 fidem

428 1412 611 1450 tenentur,
632 1404 716 1441 licet
735 1405 877 1452 absque
897 1404 1040 1441 ratione
1061 1404 1274 1440 credantur:
1297 1403 1485 1440 credimus

429 1457 530 1494 enim
573 1457 721 1494 divinae
759 1457 966 1493 auctoritati
1004 1456 1191 1492 miraculis
1230 1456 1484 1504 approbatae,

427 1509 522 1547 idest
540 1509 608 1546 illis
629 1509 805 1558 operibus
826 1521 923 1558 quae
949 1510 1051 1546 solus
1070 1510 1175 1545 Deus
1202 1509 1323 1545 facere
1346 1516 1481 1557 potest.

483 1575 517 1599 2.
547 1562 694 1599 Deinde
722 1574 809 1598 cum
838 1561 942 1598 dicit:
972 1561 1149 1598 Similiter
1175 1567 1298 1598 autem
1328 1567 1364 1598 et
1389 1562 1484 1598 dice-

427 1627 468 1652 re
497 1622 586 1661 etc.,
617 1615 743 1651 obiicit
771 1621 900 1651 contra
921 1615 1106 1651 rationem
1137 1614 1196 1651 eui
1215 1614 1481 1651 innitebantur.

426 1669 475 1704 Et
503 1667 600 1704 circa
627 1668 701 1703 hoc
729 1667 797 1704 tria
820 1667 927 1704 facit:
955 1667 1080 1716 primo
1108 1667 1216 1715 ponit
1234 1667 1344 1704 istam
1373 1667 1483 1704 ratio-

425 1732 514 1757 nem
535 1731 616 1756 esse
636 1720 981 1766 inconvenientem3
1007 1720 1176 1756 secundo
1197 1719 1360 1757 ostendit
1378 1720 1484 1768 quod

425 1772 751 1810 inconvenientior
780 1780 858 1809 erat
885 1772 1097 1810 secundum
1122 1772 1353 1822 positionem
1381 1774 1483 1810 Ana-

424 1838 598 1873 xagorae,
610 1838 726 1875 quam
746 1826 958 1863 secundum
976 1825 1207 1875 positionem
1223 1825 1480 1873 Empedoclis,

425 1879 488 1915 ibi:
507 1879 559 1915 At
574 1891 664 1916 vero
684 1878 775 1915 nihil
793 1879 1077 1915 inordinatum*
1088 1886 1170 1924 ete.;
1187 1877 1294 1915 tertio
1320 1878 1483 1915 ostendit

425 1931 529 1979 quod
548 1944 618 1968 nec
637 1931 848 1968 secundum
878 1931 1098 1980 opinionem
1119 1930 1364 1980 Empedoclis
1394 1943 1482 1967 con-

422 1984 619 2021 venienter
637 1996 676 2020 se
697 1985 828 2031 habet,
849 1983 921 2021 ibi:
942 1984 1016 2020 Sed
1041 1990 1078 2020 et
1104 1989 1247 2033 oportet
1272 1985 1344 2020 hoc
1361 1983 1482 2020 dicen-

423 2043 494 2073 tem
509 2038 529 2058 *
544 2044 612 2074 etc.
638 2037 738 2074 Dicit
766 2049 854 2084 ergo
882 2037 1021 2085 primo,
1047 2037 1153 2085 quod
1176 2036 1345 2073 similiter
1368 2036 1481 2073 etiam

421 2090 496 2126 hoc
521 2090 671 2127 videtur
705 2102 786 2126 esse
815 2090 1000 2136 fictitium,
1030 2089 1135 2138 quod
1163 2089 1296 2137 aliquis
1330 2101 1478 2138 ponens

422 2150 571 2179 motum
599 2142 832 2192 quandoque
861 2155 942 2179 esse
969 2150 1005 2179 et
1028 2141 1259 2191 quandoque
1278 2154 1357 2178 non
1386 2154 1479 2189 esse,

422 2195 519 2232 dicat
546 2196 619 2232 hoc
647 2208 717 2244 pro
746 2195 911 2243 ratione,
943 2195 1047 2244 quod
1074 2195 1149 2231 hoc
1176 2195 1262 2232 ideo
1293 2202 1362 2241 est,
1393 2194 1482 2242 quia

421 2256 551 2285 natum
573 2256 627 2285 est
655 2247 707 2285 sic
736 2260 838 2296 esse,
869 2255 905 2285 et
922 2249 996 2285 hoc
1025 2255 1173 2296 oportet
1201 2247 1372 2295 accipere
1400 2255 1480 2284 tan-

421 2313 537 2349 quam
564 2301 812 2350 principium;
842 2301 936 2337 sicut
964 2301 1219 2349 Empedocles
1246 2300 1397 2337 videtur
1426 2300 1478 2337 di-

421 2366 516 2401 cere,
539 2354 642 2403 quod
657 2355 730 2391 hoc
750 2353 855 2402 quod
874 2366 932 2391 res
947 2353 986 2390 in
1000 2361 1107 2402 parte
1125 2353 1308 2402 temporis
1327 2360 1480 2389 teneant

421 2407 624 2444 amicitiam
662 2415 698 2444 et
725 2407 763 2443 in
790 2415 896 2455 parte
929 2406 1112 2455 tempor1s
1149 2413 1302 2443 teneant
1338 2405 1479 2443 discor-

421 2459 520 2496 diam
551 2467 587 2496 et
614 2467 852 2507 moveantur,
883 2467 919 2496 et
946 2460 1051 2508 quod
1078 2459 1117 2495 in
1146 2458 1274 2495 medio
1304 2465 1477 2507 tempore

419 2513 624 2560 quiescant,
654 2512 750 2549 inest
769 2514 880 2549 rebus
910 2525 955 2549 ex
977 2512 1219 2558 necessitate3
1249 2511 1344 2548 sicut
1363 2511 1393 2548 si
1413 2512 1476 2548 ali-

419 2566 501 2613 quis
539 2565 677 2602 diceret
714 2578 831 2615 quare
869 2565 1033 2602 calidum
1072 2564 1263 2611 calefacit,
1306 2564 1395 2612 quia
1424 2564 1477 2601 sic

418 2630 572 2655 necesse
598 2626 653 2655 est
673 2631 754 2655 esse
772 2624 801 2666 α,
823 2626 860 2655 01
886 2619 961 2655 1100
980 2618 1185 2666 accipiatur
1204 2616 1311 2666 quasi
1338 2616 1475 2665 princi-

417 2671 535 2720 pium,
548 2672 651 2720 quod
667 2671 832 2708 calidum
853 2670 1054 2708 calefaciat.
1073 2669 1250 2707 Similiter
1269 2669 1476 2718 accipiebat

418 2725 670 2773 Empedocles
686 2725 792 2773 quasi
806 2724 1046 2773 principium,
1063 2723 1168 2772 quod
1182 2734 1336 2759 necesse
1353 2729 1407 2758 est
1422 2722 1475 2759 sic

419 2789 511 2824 esse,
532 2777 761 2826 quandoque
782 2789 839 2813 res
859 2776 1006 2814 moveri
1030 2788 1100 2825 per
1119 2775 1334 2821 amicitiam,
1356 2787 1473 2823 quan-

419 2829 542 2878 doque
571 2843 639 2879 per
667 2829 907 2878 discordiam,
938 2837 973 2866 et
1002 2829 1232 2878 quandoque
1266 2828 1471 2877 quiescere.

417 2883 465 2918 Et
492 2883 586 2919 forte
615 2883 726 2920 etiam
747 2883 886 2920 eodem
915 2883 1032 2919 modo
1062 2882 1202 2919 diceret
1229 2883 1473 2928 Anaxagoras

417 2942 453 2971 et
467 2935 525 2971 alii
544 2943 728 2984 ponentes
752 2948 873 2972 unum
891 2935 1119 2994 principium
1139 2934 1318 2979 activum,
1339 2934 1474 2982 quod*

417 2995 565 3035 oportet
584 2988 656 3024 1100
676 2989 845 3036 accipere
866 2988 972 3036 quasi
990 2987 1235 3036 principium,
1266 2987 1371 3036 quod
1389 2999 1472 3023 mo-

415 3047 474 3076 tus
489 3040 668 3089 inceperit
685 3049 887 3090 postquam
906 3041 1084 3078 *infinito
1105 3048 1277 3089 tempore
1294 3051 1372 3076 non
1392 3039 1469 3076 fuit.

471 3093 505 3130 3.
535 3093 682 3130 Deinde
711 3106 798 3130 cum
828 3093 934 3130 dicit:
967 3094 1019 3130 At
1042 3105 1132 3131 vero
1163 3092 1254 3130 nihil
1280 3092 1470 3130 inordina-

415 3151 491 3182 tum
512 3153 598 3193 etc.,
629 3146 791 3182 ostendit
819 3146 922 3194 quod
941 3146 1011 3182 hac
1032 3146 1175 3183 ratione
1200 3145 1470 3183 inconvenien-

415 3198 486 3234 tius
505 3199 678 3235 utebatur
697 3201 939 3246 Anaxagoras
959 3211 1074 3247 quarn
1095 3199 1363 3248 Empedocles.
1389 3200 1470 3236 Ma-

416 3250 590 3288 nifestum
612 3258 666 3288 est
685 3251 786 3288 enim
806 3251 909 3300 quod
930 3264 1018 3288 curn
1043 3251 1196 3300 ponitur
1219 3251 1359 3300 aliquid
1389 3264 1469 3288 esse

416 3304 521 3352 quasi
549 3303 786 3352 principium,
816 3311 964 3353 oportet
992 3304 1163 3353 accipere
1192 3305 1296 3353 quod
1323 3305 1398 3341 1100
1426 3304 1472 3341 511

469 3464 495 3495 α)
515 3470 614 3488 necesse
632 3467 671 3489 est
689 3471 752 3489 esse.
764 3472 896 3490 -necesse
915 3469 953 3490 est
972 3465 1058 3491 dicere
1076 3465 1276 3495 AIKQSTXYa,
1289 3465 1335 3490 sed
1354 3465 1372 3489 S
1391 3473 1470 3498 supra

1040 275 1383 315 PHYSICORUM
1410 273 1756 311 ARISTOTELIS
1786 275 1880 311 LIB.
1909 275 1995 311 VIII

1542 351 1753 388 secundum
1778 352 1830 388 rei
1859 359 2049 399 naturam;
2070 354 2144 390 hoc
2173 362 2239 401 est,
2259 362 2300 391 ut
2319 362 2451 392 natura
2480 355 2534 392 rei
2556 356 2602 393 sit

1542 404 1622 440 talis
1647 404 1750 452 quod
1779 405 1853 440 hoc
1873 404 1906 440 ei
1927 405 2139 442 conveniat.
2171 406 2233 443 Sic
2262 407 2363 444 0111111
2392 408 2599 457 accipimus

1543 456 1648 504 quasi
1676 456 1925 515 principium,
1961 458 2065 506 quod
2094 470 2210 495 omne
2243 466 2363 497 totum
2393 460 2516 498 maius
2545 468 2600 498 est

1543 520 1611 544 sua
1637 515 1755 556 parte,
1785 509 1873 557 quia
1900 510 1975 546 11οο
2004 517 2058 546 051
2086 511 2132 547 de
2161 511 2305 548 ratione
2331 519 2366 548 et
2385 520 2517 550 natura
2544 520 2599 550 1ο-

1542 560 1625 606 tius,
1644 561 1747 608 quod
1768 561 1923 598 excedat
1939 563 1958 583 1
1973 562 2087 610 partis
2102 563 2360 610 quantitatem.
2377 565 2488 602 Unde
2508 566 2600 602 Em-

1542 612 1721 661 pedocles
1750 613 1913 662 dicebat,
1933 615 1986 651 sic
2005 620 2133 663 aptum
2162 621 2291 652 natum
2312 628 2407 661 esse,
2431 617 2552 654 (10115
2543 630 2599 654 111-

1541 665 1703 724 telligere
1723 666 1828 715 quod
1851 667 1926 703 hoc
1946 667 2071 704 esset*
2085 668 2348 717 accipiendum
2367 669 2475 718 quasi
2499 670 2600 719 prin-

1543 716 1694 766 cipium.
1716 719 1764 755 Et
1783 718 1950 756 similiter
1968 722 2214 768 Anaxagoras
2238 721 2388 767 diceret,
2409 721 2494 759 licet
2521 735 2600 760 non

1543 770 1767 818 exprimeret
1787 772 1818 807 ’1.
1850 771 1926 808 Sed
1954 773 2196 810 manifestum
2217 781 2272 810 est
2291 750 2395 822 quod
2419 775 2520 811 nulla
2540 787 2598 812 res

1542 823 1732 871 naturalis,
1753 835 1825 860 nec
1853 824 1994 873 aliquid
2018 838 2152 863 eorum
2181 838 2278 875 quae
2306 827 2520 864 naturaliter
2544 839 2600 865 re·

1542 874 1612 910 bus
1642 876 1884 923 conveniunt,
1905 883 2028 925 potest
2057 891 2138 915 esse
2159 879 2302 928 absque
2331 879 2482 926 ordine3
2512 880 2601 929 quia

1541 934 1674 964 natura
1695 935 1750 964 est
1778 940 1891 965 causa
1914 929 2171 968 ordinationis.
2196 931 2380 969 Videmus
2405 932 2507 969 enim
2534 945 2600 970 na-

1540 986 1663 1016 turam
1691 979 1729 1017 in
1757 980 1834 1017 suis
1863 981 2041 1030 operibus
2062 983 2229 1020 ordinate
2259 984 2306 1021 de
2334 997 2411 1022 uno
2440 985 2478 1022 in
2497 985 2599 1022 aliud

1540 1033 1764 1081 procedere:
1795 1034 1899 1082 quod
1932 1047 2021 1083 ergo
2050 1048 2128 1073 non
2164 1037 2279 1073 habet
2307 1037 2472 1086 aliquem
2501 1037 2600 1075 ordi-

1540 1097 1642 1133 nem,
1662 1097 1741 1122 non
1770 1093 1826 1122 est
1852 1087 2063 1124 secundum
2091 1095 2278 1135 naturam,
2299 1101 2371 1126 nec
2397 1097 2522 1138 potest
2539 1103 2600 1127 ac—

1541 1137 1613 1186 cipi
1640 1145 1682 1174 ut
1708 1137 1947 1198 principium.
1970 1141 2047 1177 Sed
2075 1141 2152 1178 duo
2181 1141 2327 1178 infinita
2353 1154 2431 1179 non
2459 1143 2601 1180 habent

1541 1191 1714 1227 ordinem
1743 1191 1823 1228 ad
1815 1192 1996 1240 invicem,
2026 1193 2115 1241 quia
2140 1193 2275 1230 infiniti
2295 1194 2344 1232 ad
2372 1193 2562 1232 infinitum
2578 1197 2598 1217 *
2628 1199 2695 1227 ’Μ

1540 1243 1642 1279 nulla
1670 1250 1726 1280 est
1751 1244 1970 1293 proportio,
1991 1245 2117 1283 omnis
2137 1254 2264 1283 autern
2289 1246 2384 1284 ordo
2403 1239 2601 1297 proportio

1540 1296 1729 1344 quaedam
1759 1304 1823 1334 est.
1846 1297 1908 1334 Sic
1937 1309 2026 1346 ergo
2054 1305 2157 1347 patet
2185 1299 2291 1348 quod
2318 1299 2511 1360 quiescere
2539 1312 2597 1338 res

1539 1356 1712 1398 tempore
1739 1349 1909 1397 infinito,
1940 1358 1976 1387 et
2002 1359 2135 1400 postea
2162 1351 2327 1401 incipere
2355 1353 2504 1390 moveri
2531 1362 2600 1402 per

1539 1401 1728 1438 infinitum
1757 1410 1920 1452 tempus,
1941 1403 2022 1440 sine
2039 1404 2115 1441 hoc
2143 1405 2248 1453 quod
2273 1404 2319 1442 sit
2346 1404 2472 1454 aliqua
2492 1405 2598 1443 diffe-

1539 1454 1656 1491 rentia
1676 1454 1770 1491 inter
1797 1456 1872 1492 hoc
1890 1463 2042 1505 tempus
2071 1464 2107 1494 et
2124 1457 2227 1505 illud,
2248 1466 2365 1506 quare
2394 1469 2495 1495 nunc
2518 1470 2599 1496 ma-

1538 1507 1592 1555 gis
1621 1519 1738 1556 quam
1765 1508 1869 1556 prius
1897 1517 2025 1547 motus
2053 1510 2139 1556 fiat3
2160 1522 2284 1559 neque
2312 1511 2489 1548 iterum*
2508 1511 2599 1549 assi-

1538 1572 1652 1608 gnare
1681 1560 1847 1609 aliquam
1885 1562 1998 1599 aliam
2035 1562 2314 1600 ordinationem
2346 1562 2442 1600 inter
2473 1563 2598 1613 aliqua

1539 1613 1628 1661 duo,
1650 1625 1814 1662 quorum
1842 1627 1920 1651 uno
1949 1615 2164 1662 deficiente,
2195 1616 2354 1653 alterum
2382 1615 2535 1665 incipiat
2563 1623 2599 1654 et

1537 1666 1604 1703 fiat
1627 1674 1766 1713 motus,
1786 1674 1828 1703 ut
1845 1669 2091 1716 Anaxagoras
2109 1669 2293 1717 ponebat:
2318 1669 2392 1706 hoc
2407 1670 2427 1690 ⁴*
2442 1681 2522 1707 non
2541 1677 2596 1707 est

1537 1731 1635 1767 opus
1662 1726 1829 1756 naturae.
1856 1719 1956 1766 Quia
1984 1721 2168 1769 quidquid
2194 1729 2250 1758 est
2267 1722 2306 1758 in
2327 1722 2347 1743 *
2367 1729 2512 1771 natura,
2533 1729 2598 1760 aut

1537 1783 1688 1820 semper
1713 1771 1938 1819 simpliciter,
1958 1773 2054 1810 idest
2083 1774 2220 1811 eodem
2249 1774 2384 1821 modo,
2406 1787 2445 1812 se
2465 1775 2595 1822 habet,

1537 1831 1573 1860 et
1591 1836 1670 1861 non
1689 1824 1892 1872 aliquando
1912 1825 1976 1872 sic,
1993 1826 2196 1875 aliquando
2216 1834 2344 1864 autem
2364 1827 2484 1874 aliter,
2501 1827 2596 1865 sicut

1536 1877 1630 1924 ignis
1659 1889 1811 1926 semper
1838 1889 1988 1915 sursum
2017 1879 2149 1925 fertur;
2178 1887 2243 1916 aut
2265 1879 2390 1928 aliqua
2419 1880 2511 1917 ratio
2541 1887 2598 1918 est

1536 1942 1652 1978 quare
1681 1942 1759 1967 non
1787 1942 1939 1979 semper
1972 1939 2028 1968 est
2056 1932 2194 1969 eodem
2223 1932 2363 1979 modo,
2394 1932 2488 1969 sicut
2515 1945 2596 1970 non

1536 1994 1689 2031 semper
1716 1982 1892 2019 animalia
1922 1992 2104 2032 crescunt,
2129 1986 2196 2022 sed
2225 1985 2455 2033 quandoque
2485 1985 2594 2022 dimi-·

1535 2043 1712 2082 nuuntur,
1731 2042 1766 2072 et
1779 2036 1854 2072 hoc
1869 2036 1984 2073 habet
2003 2037 2168 2086 aliquam
2189 2036 2373 2074 rationem
2382 2038 2413 2074 ’1.
2427 2037 2489 2074 Sic
2503 2050 2593 2086 ergo
2621 2041 2631 2051 '

1535 2100 1614 2124 non
1632 2088 1782 2126 videtur
1795 2089 1815 2109 ’1
1830 2090 2042 2127 secundum
2063 2098 2236 2127 naturam
2255 2090 2476 2139 procedere,
2489 2090 2631 2139 quod'

1534 2140 1682 2177 infinito
1707 2148 1878 2189 tempore
1908 2154 1968 2178 res
1995 2142 2207 2191 quieverint
2227 2144 2259 2190 ’1,
2289 2150 2326 2180 01
2343 2143 2631 2192 postmodum'

1533 2193 1682 2230 moveri
1709 2193 1916 2242 inceperint
1935 2196 1967 2241 ’1,
1987 2202 2030 2232 111
2056 2197 2300 2243 Anaxagoras
2323 2196 2462 2245 posuit.
2482 2196 2594 2234 Unde
2621 2208 2631 2217 ·

1533 2246 1668 2283 melius
1698 2253 1753 2283 est
1780 2247 1886 2294 quod
1914 2247 2068 2295 dicatur,
2090 2248 2185 2285 sicut
2208 2249 2463 2297 Empedocles
2492 2249 2592 2297 dixit,

1532 2300 1594 2336 vel
1623 2299 1854 2348 quicumque
1883 2300 1976 2337 alius
2005 2300 2172 2338 similiter
2197 2301 2372 2351 opinatus
2401 2309 2468 2349 est,
2489 2303 2594 2351 quod

1532 2358 1655 2388 totum
1678 2352 1900 2389 universum
1920 2353 1958 2389 in
1978 2353 2144 2402 quadarn
2163 2361 2269 2402 parte
2288 2354 2469 2403 temporis
2489 2354 2593 2403 quie-

1533 2405 1619 2451 scit,
1651 2412 1687 2441 et
1713 2405 1849 2441 iterum
1877 2414 2056 2443 movetur
2083 2406 2121 2443 in
2149 2406 2221 2443 alia
2254 2414 2359 2455 parte
2387 2407 2599 2456 temporis;*

1532 2458 1620 2506 quia
1647 2458 1723 2494 iam
1752 2458 1827 2494 hoc
1863 2466 1988 2506 potest
2014 2459 2155 2495 habere
2189 2459 2355 2508 aliquam
2390 2459 2592 2497 ordinatio-

1531 2523 1637 2547 nem:
1662 2509 1756 2547 finiti
1778 2509 1879 2546 enim
1899 2511 1947 2548 ad
1966 2511 2115 2548 finitum
2134 2519 2260 2560 potest
2279 2524 2360 2548 esse
2379 2512 2588 2561 proportio.

1584 2565 1652 2600 Est
1671 2570 1798 2599 autem
1819 2564 2138 2601 considerandum
2167 2565 2271 2613 quod
2299 2565 2481 2602 sententia
2501 2565 2592 2602 fidei

1530 2623 1680 2653 nostrae
1700 2627 1779 2652 non
1799 2623 1853 2652 est
1872 2616 2002 2653 similis
2019 2617 2199 2665 positioni
2218 2619 2478 2665 Anaxagorae.
2499 2618 2591 2655 Non

1531 2669 1632 2706 enim
1655 2668 1836 2718 ponimus
1864 2676 1949 2706 ante
1979 2670 2165 2707 mundum
2193 2669 2338 2707 infinita
2358 2670 2478 2719 spatia
2495 2677 2591 2708 tem-

1527 2722 1651 2771 poris,
1687 2721 1792 2758 cuius
1830 2721 1876 2758 sit
1907 2734 2062 2759 necesse
2095 2723 2265 2771 accipere
2302 2723 2591 2772 proportionem

1528 2775 1578 2811 ad
1605 2777 1756 2823 tempus
1785 2786 1968 2822 sequens:
2006 2775 2074 2812 sed
2108 2783 2313 2824 antequam
2341 2776 2508 2813 mundus
2535 2776 2590 2813 in-

1529 2828 1679 2877 ciperet,
1700 2828 1780 2865 sola
1806 2827 1879 2864 Dei
1897 2827 2058 2876 simplex
2081 2828 2278 2865 aeternitas
2304 2828 2383 2877 fuit,
2412 2828 2508 2866 sicut
2535 2828 2589 2866 di-

1529 2888 1631 2917 ctum
1652 2888 1707 2917 est
1716 2882 1746 2927 ³¹²,
1764 2892 1860 2929 quae
1882 2888 1937 2917 est
1952 2881 2110 2918 omnino
2131 2889 2233 2918 extra
2253 2893 2371 2929 genus
2390 2881 2583 2930 temporis.

1579 2946 1617 2980 4.
1638 2933 1787 2970 Deinde
1809 2945 1896 2971 cum
1925 2933 2029 2971 dicit:
2059 2934 2134 2971 Sed
2150 2940 2186 2970 et
2202 2939 2346 2982 oportet
2369 2934 2441 2970 hoc
2467 2934 2589 2971 dicen-

1527 2992 1599 3023 tem
1620 2994 1700 3034 etc.,
1718 2986 1882 3023 ostendit
1901 2986 2004 3034 quod
2023 2998 2095 3023 nec
2114 2986 2226 3023 etiarn
2247 2985 2472 3034 Empedocli
2498 2998 2587 3024 con-

1525 3039 1630 3076 venit
1642 3038 1660 3068 Ρ
1677 3038 1869 3088 praedicta
1889 3039 1909 3060 *²
1925 3039 2029 3076 ratio.
2051 3039 2100 3075 Et
2117 3039 2242 3087 primo
2266 3038 2430 3076 ostendit
2447 3051 2588 3088 propo-

1526 3092 1657 3138 situm;
1678 3091 1848 3128 secundo
1866 3091 2028 3128 excludit
2042 3092 2236 3140 quandam
2251 3091 2385 3128 falsam
2401 3091 2587 3129 existima-

1525 3144 1684 3191 tionem,
1715 3144 1783 3181 ibi:
1821 3144 1982 3181 Omnino
2011 3144 2109 3181 enim
2133 3144 2349 3181 existimare
2364 3145 2383 3166 *
2399 3152 2467 3182 010.
2488 3144 2589 3182 Dicit

1525 3210 1614 3246 ergo
1633 3197 1771 3246 primo,
1793 3197 1898 3246 quod
1928 3196 2041 3233 etiarn
2061 3197 2126 3246 qui
2154 3197 2229 3233 hoc
2249 3196 2336 3234 dicit
2359 3198 2465 3246 quod
2493 3198 2585 3235 Em-

1523 3251 1702 3300 pedocles
1731 3249 1831 3296 dixit,
1854 3261 1932 3286 non
1961 3256 2110 3299 oportet
2138 3249 2242 3298 quod
2270 3250 2395 3287 solum
2424 3250 2588 3287 affirmet

1525 3305 1629 3353 quod
1657 3303 1755 3350 dicit,
1777 3303 1846 3340 sed
1875 3302 1989 3340 0110111
2018 3302 2123 3352 quod
2151 3302 2314 3350 assignet
2342 3315 2499 3340 causam
2528 3302 2586 3340 sui

1577 3464 1602 3498 β)
1623 3465 1777 3497 Empedocli
1795 3464 1925 3490 convenit.
1939 3478 1957 3483 —
1977 3464 2119 3490 secundum
2140 3463 2323 3496 Empedoclem
2342 3463 2464 3489 convenit
2482 3462 2552 3488 DsG.
2566 3474 2585 3481 -·

416 3497 501 3522 dicere
515 3498 599 3522 scribit
613 3506 675 3523 esse.
687 3499 768 3524 -Pro
787 3500 941 3532 accipiatur,
956 3501 1086 3532 accipitur
1106 3501 1146 3525 ed.
1166 3507 1183 3524 a
1204 3505 1229 3524 et
1249 3500 1323 3525 codd.
1337 3507 1390 3524 exc.
1405 3500 1437 3525 T.
1450 3514 1469 3519 -
1523 3500 1620 3525 Eadem
1634 3500 1678 3525 lin.
1693 3508 1740 3532 pro
1754 3499 1831 3529 ratio,
1847 3499 1918 3525 ratio
1932 3498 2068 3531 responsio
2083 3499 2114 3530 N,
2130 3499 2175 3524 sed
2190 3499 2311 3532 expungit
2324 3498 2430 3524 ration—
2438 3498 2488 3523 Pro
2500 3503 2583 3530 quan-

418 3532 478 3556 Post
498 3533 588 3557 lincam
608 3542 653 3565 pro
673 3542 773 3559 necesse
787 3538 825 3559 est
843 3535 880 3560 sic
899 3543 960 3564 esse,
977 3536 1046 3567 quod
1065 3535 1159 3559 hubent
1179 3535 1297 3564 PHMTb,
1315 3542 1416 3560 necesse
1433 3535 1468 3560 sit
1522 3535 1583 3560 dam
1588 3535 1690 3568 salsam
1700 3534 1934 3564 existimationem,
1942 3539 2018 3567 prout
2027 3534 2086 3559 hab.
2095 3517 2138 3564 P'b,
2147 3534 2282 3566 quandam
2293 3533 2488 3574 responsionem
2499 3531 2582 3560 codd.

416 3566 453 3590 sic
471 3574 524 3591 esse
543 3567 578 3597 D,
601 3569 638 3593 sic
658 3576 757 3593 necesse
775 3569 809 3594 sit
828 3577 882 3595 csse
902 3570 933 3600 V,
953 3577 1053 3595 necesse
1072 3573 1110 3595 est
1129 3570 1225 3602 NRpG,
1245 3576 1346 3595 necesse
1359 3570 1395 3594 sit
1413 3576 1468 3595 esse
1521 3570 1655 3602 quandam
1670 3570 1799 3595 rationem
1813 3570 1854 3594 ed.
1867 3576 1899 3597 a:
1918 3574 1943 3594 et
1957 3569 1990 3594 im
2008 3569 2150 3601 respective
2167 3577 2239 3594 num.
2256 3569 2269 3594 5
2285 3576 2332 3602 pro
2346 3567 2580 3595 existimationem,

418 3603 493 3625 ceteri
513 3587 611 3626 codices
631 3608 655 3627 ct
674 3605 749 3628 ediito
767 3612 792 3629 a.

1521 3604 1715 3636 responsionem
1734 3604 1828 3629 habent
1848 3604 1931 3634 codd,
1952 3603 2082 3629 rationem
2101 3604 2141 3629 ed.
2159 3611 2186 3629 a.

2628 571 2636 581 ’
2647 571 2739 593 excedit
2755 572 2800 594 rab
2817 577 2840 596 et

2627 597 2696 619 codd.
2710 603 2760 620 exc.
2779 605 2839 622 1111πο
2890 614 2893 615 ⁷

2627 629 2740 646 Huxonsz.

2627 676 2689 697 eet
2700 683 2723 698 Ρ.

2767 782 2839 804 aar!

2627 780 2838 838 r?)exepx;¹rtm;etir(?)
2877 827 2879 833 ,

2627 833 2840 860 exprimeretur-oo.

2693 1201 2838 1228 mma

2626 1227 2812 1274 ἰιιιοτμεῐοφας
2819 1233 2836 1250 τ

2650 1517 2687 1537 eet
2698 1514 2751 1538 add.
2760 1521 2837 1538 sorno

2625 1674 2635 1684 ·
2649 1673 2710 1695 entu-
2723 1673 2823 1697 -dcmo,
2855 1677 2864 1691 ἰ

2624 1730 2634 1740 ·
2648 1730 2673 1752 tn
2686 1736 2735 1753 om.
2748 1736 2770 1753 ιν.

2849 2854 2863 2871 t..
2883 2869 2885 2873 .

2617 2890 2712 2939 :briga
2721 2888 2883 2940 pmii*

2615 3075 2624 3084 ·
2638 3072 2709 3096 Num.
2722 3078 2745 3096 a.

2614 3153 2623 3162 ·
2638 3150 2709 3174 Num.
2723 3156 2775 3179 κς.
2879 3170 2888 3177 ,,
