2950 4004
222 311 232 322 ⁸
247 313 270 331 et
283 315 398 334 PACfflOQs
413 313 435 331 et

222 343 237 358 α
246 337 267 362 b;
281 343 328 358 orn.
344 342 379 357 nr.

321 417 327 431 t

223 469 232 479 ⁶
248 469 309 490 Lect.
326 474 398 495 praec.
412 474 434 488 n.

224 501 238 520 ι,
249 503 272 521 4·

224 574 233 584 ³
249 575 272 594 et
285 573 351 594 mab.

224 934 234 944 ⁸
258 935 310 954 sunt
326 933 409 954 νημαι).
426 944 435 948 -

225 965 312 980 causae
326 965 372 980 om.
384 959 436 980 rab.

226 1044 235 1053 ⁸
248 1043 403 1069 Lect.v1n,n,
414 1042 436 1063 6.

220 1778 230 1787 ’⁸
245 1776 316 1797 aliam
330 1781 431 1801 ,temon-v

221 1810 242 1825 x.
265 1802 367 1829 aliquam
389 1808 430 1827 ογ,

220 1829 319 1850 alteram
328 1828 378 1849 edd.
389 1834 403 1848 a
411 1828 430 1848 b.

221 2044 230 2054 ⁸
250 2043 387 2070 manifestat
404 2048 432 2063 m·-

222 2076 303 2090 οΗΝια.

222 2149 231 2158 “
247 2148 279 2169 ad
297 2154 343 2168 om.
358 2154 432 2173 Aixoq

222 2181 306 2201 srvxpn
322 2178 341 2194 ct
357 2174 393 2194 ab.

222 2254 300 2280 “quam
312 2253 388 2274 dictae
396 2259 431 2274 Εο,

461 219 508 255 86

461 305 608 344 motus,
640 297 751 334 etiam
776 299 795 319 ’⁵²
819 298 968 334 fortuna
994 305 1029 334 et
1057 309 1164 333 casus
1192 296 1240 333 ad
1275 296 1377 333 idern
1405 308 1522 344 genus

462 350 702 388 reducuntur.
747 350 824 388 Sed
856 358 1003 397 tamen,
1048 350 1136 398 quia
1165 361 1273 385 casus
1307 356 1342 384 et
1373 349 1522 385 fortuna

463 411 549 440 sunt
578 415 711 439 causae
743 416 812 452 per
837 403 1028 449 accidens,
1059 414 1191 452 eorum
1211 410 1219 423 ‘
1239 401 1438 437 multitudo
1469 407 1523 436 est

463 455 759 502 indeterminata,
788 463 829 492 ut
857 468 970 504 supra
998 455 1017 475 '¹‘
1047 454 1188 492 dictum
1218 461 1282 491 est.

523 520 579 545 12.
591 508 738 544 Deinde
755 520 842 544 curn
858 508 959 544 dicit:
981 508 1166 548 Quoniam
1181 513 1305 543 autem
1321 517 1428 542 casus
1439 512 1520 550 etc„

465 560 627 597 excludit
646 559 869 608 opinionem
891 560 1114 609 ponentium
1138 559 1329 596 fortunam
1347 559 1409 594 vel
1425 559 1444 578 *
1463 569 1521 593 ca-

465 626 549 649 sum
570 624 651 649 esse
672 625 825 649 causam
846 612 938 648 caeli
963 620 998 648 et
1025 611 1200 648 omnium
1225 611 1520 648 mundanorum.

464 666 513 702 Et
528 665 616 702 dicit
636 666 739 713 quod
754 665 842 713 quia
862 677 969 701 casus
986 672 1021 701 et
1035 665 1184 701 fortuna
1199 671 1286 700 sunt
1305 675 1439 698 causae
1454 674 1523 710 per

464 717 638 754 accidens
658 729 791 754 eorum
820 729 983 765 quorum
1003 717 1210 753 intellectus
1230 723 1266 752 et
1285 722 1417 751 natura
1437 721 1522 750 sunt

465 782 599 806 causae
618 782 687 818 per
705 783 761 816 se3
793 782 905 806 causa
933 776 1059 806 autem
1087 781 1156 816 per
1175 767 1350 805 accidens
1370 779 1447 803 non
1467 774 1523 803 est

463 823 566 870 prior
585 834 629 858 ea
649 835 747 870 quae
775 830 830 858 est
857 834 925 870 per
949 833 1000 868 se,
1030 821 1124 857 sicut
1152 821 1241 857 nihil
1260 832 1328 868 per
1347 819 1522 856 accidens

465 882 520 911 est
537 875 640 923 prius
656 887 700 911 eo
717 874 821 922 quod
837 882 891 911 est
906 886 974 922 per
989 885 1045 919 se;
1062 872 1228 920 sequitur
1243 871 1347 920 quod
1363 884 1471 908 casus
1488 879 1523 908 et

464 928 612 964 fortuna
631 927 702 964 sint
722 928 741 947 ’¹‘
757 939 890 963 causae
914 925 1140 974 posteriores
1169 937 1285 974 quam
1314 924 1522 961 intellectus

1099 218 1443 255 PHYSICORUM
1470 215 1813 254 ARISTOTELIS
1844 215 1937 251 LIB.
1969 215 2000 250 II

1578 294 1617 330 in
1637 294 1741 342 quod
1769 293 1860 340 quid
1889 300 1954 339 est,
1983 292 2079 329 idest
2107 292 2146 330 in
2174 294 2446 342 definitionem,
2475 304 2516 333 ut
2538 304 2642 345 patet

1579 347 1618 382 in
1637 345 1816 382 omnibus
1835 344 2106 391 immobilibus,
2136 345 2230 383 sicut
2248 355 2334 384 sunt
2351 349 2639 396 mathematica3

1579 399 1617 435 in
1637 398 1775 445 quibus
1794 405 1949 446 propter
1978 397 2068 446 quid
2097 398 2286 436 reducitur
2306 401 2354 437 ad
2378 400 2639 439 definitionem

1579 450 1668 486 recti
1692 451 1754 486 vel
1780 450 2075 487 commensurati
2102 451 2163 487 vel
2192 451 2348 488 alicuius
2367 453 2515 490 alterius
2534 455 2640 503 quod

1579 503 1858 539 demonstratur
1885 502 1923 539 in
1947 503 2223 540 mathematicis
2243 505 2274 542 *.
2297 505 2397 542 Cum
2417 505 2519 552 enim
2547 507 2639 544 defi-

1578 555 1669 592 nitio
1699 555 1788 592 recti
1817 555 1943 603 anguli
1970 556 2030 603 sit,
2060 556 2166 605 quod
2195 557 2440 595 constituatur
2468 570 2513 595 ex
2540 559 2639 596 linea

1578 619 1691 656 super
1719 608 1831 645 ali-am
1866 608 2022 646 cadente
2053 609 2088 656 ²¹²,
2127 621 2225 657 quae
2263 622 2308 647 ex
2344 617 2502 658 utraque
2534 619 2640 660 parte

1578 660 1688 697 faciat
1716 661 1813 698 duos
1842 661 2000 708 angulos
2029 663 2226 710 aequales;
2259 663 2289 700 si
2324 670 2526 712 quaeratur
2552 675 2639 712 pro-

1577 720 1660 761 pter
1679 713 1770 762 quid
1785 713 1853 750 iste
1868 714 2027 761 angulus
2041 714 2087 751 sit
2102 715 2121 736 *²
2138 723 2271 761 rectus,
2288 717 2538 765 respondetur
2552 716 2641 765 quia

1579 766 1812 803 constituitur
1831 778 1877 802 ex
1894 766 1993 803 linea
2021 767 2177 804 faciente
2206 768 2303 805 duos
2322 770 2481 817 angulos
2501 781 2640 817 aequa-

1577 819 1631 854 les
1660 831 1705 855 ex
1732 826 1890 867 utraque
1927 826 2050 867 parte3
2086 827 2121 856 et
2148 820 2198 857 ita
2227 828 2283 858 est
2318 821 2357 858 in
2386 822 2477 859 aliis.
2509 823 2640 869 Quan—

1578 871 1704 920 doque
1738 883 1831 909 vero
1865 871 2054 909 reducitur
2090 880 2245 921 propter
2273 874 2364 922 quid
2399 874 2438 911 in
2471 875 2639 924 primum

1577 936 1740 962 movens
1754 923 1777 970 λ;
1793 931 1835 961 ut
1842 930 2000 972 propter
2013 925 2103 973 quid
2115 925 2233 974 aliqui
2242 927 2539 975 pugnaverant?
2552 928 2639 976 quia

464 988 500 1016 et
518 987 661 1016 natura.
692 980 800 1016 Unde
830 979 860 1014 si
887 985 1051 1026 ponatur
1079 978 1183 1026 quod
1213 989 1321 1014 casus
1343 977 1389 1013 sit
1409 990 1523 1014 causa
1568 977 1695 1025 furati
1706 982 1807 1014 sunt:
1822 977 1897 1014 hoc
1912 977 2014 1014 enim
2030 985 2085 1014 est
2099 978 2204 1026 quod
2219 978 2386 1016 incitavit
2399 979 2447 1017 ad
2456 992 2637 1028 pugnam.

465 1032 568 1078 caeli,
595 1031 688 1068 sicut
707 1031 861 1078 quidam
885 1037 1112 1079 posuerunt,
1134 1038 1175 1066 ut
1203 1041 1316 1078 supra
1340 1031 1360 1051 '²‘
1380 1030 1522 1068 dictum

463 1091 528 1129 est;
549 1091 725 1131 sequetur
752 1083 857 1131 quod
884 1083 1089 1119 intellectus
1119 1090 1155 1119 et
1178 1090 1310 1120 natura
1333 1095 1402 1131 per
1419 1083 1523 1131 prius

462 1137 533 1174 sint
548 1149 660 1172 causa
679 1135 891 1184 aliquorum
912 1135 1083 1181 aliorum,
1105 1143 1141 1171 et
1158 1143 1291 1184 postea
1309 1135 1422 1172 totius
1441 1136 1522 1173 uni-

461 1189 560 1225 versi
578 1194 602 1225 ².
625 1189 750 1225 Causa
779 1189 890 1226 etiam
919 1188 1030 1225 totius
1058 1187 1223 1224 universi
1242 1188 1345 1237 prior
1365 1200 1447 1225 esse
1466 1189 1522 1226 vi-

463 1241 570 1278 detur
597 1253 713 1289 quarn
743 1254 856 1278 causa
884 1241 1039 1278 alicuius
1066 1241 1182 1288 partis
1209 1241 1399 1287 universi;
1434 1254 1522 1279 cum

462 1293 650 1342 quaelibet
667 1306 754 1342 pars
781 1294 947 1331 universi
971 1292 1162 1330 ordinetur
1181 1295 1230 1331 ad
1249 1294 1521 1342 perfectionem

460 1346 638 1383 universi.
669 1347 754 1383 Hoc
774 1354 899 1383 autem
927 1346 1076 1383 videtur
1103 1346 1386 1394 inconveniens,
1416 1347 1522 1396 quod

462 1399 585 1446 aliqua
604 1399 674 1435 alia
694 1411 806 1436 causa
825 1399 870 1435 sit
888 1399 991 1447 prior
1010 1411 1125 1447 quam
1146 1411 1191 1436 ea
1211 1411 1309 1448 quae
1333 1407 1389 1436 est
1408 1413 1522 1437 causa

463 1451 573 1488 caeli:
603 1452 704 1488 unde
724 1452 995 1489 inconveniens
1016 1459 1070 1488 est
1089 1451 1194 1500 quod
1214 1464 1323 1489 casus
1343 1452 1388 1489 sit
1407 1466 1522 1490 causa

463 1503 564 1540 caeli.

521 1557 576 1593 13.
599 1556 927 1594 Considerandum
947 1565 1003 1594 est
1021 1565 1148 1594 autem
1178 1557 1284 1605 quod
1303 1557 1334 1594 si
1353 1570 1398 1594 ea
1422 1570 1520 1606 quae

461 1609 609 1645 fortuito
647 1610 707 1645 vel
733 1609 927 1646 casualiter
958 1610 1144 1657 accidunt,
1174 1609 1270 1647 idest
1296 1618 1445 1658 praeter
1467 1610 1522 1647 in-

459 1661 665 1698 tentionem
703 1674 902 1698 causarum
940 1662 1179 1709 inferiorum,
1219 1662 1446 1700 reducantur
1482 1664 1520 1700 in

459 1714 623 1762 aliquam
649 1727 803 1752 causam
832 1715 1067 1763 superiorem
1096 1715 1335 1753 ordinantem
1355 1716 1454 1765 ipsa,
1483 1716 1522 1753 in

460 1766 740 1815 comparatione
762 1768 810 1804 ad
829 1767 930 1805 illam
952 1769 971 1790 *²
993 1781 1146 1806 causam
1166 1781 1245 1805 non
1263 1777 1424 1817 possunt
1448 1769 1520 1806 dici

458 1820 605 1856 fortuita
625 1820 685 1856 vel
706 1820 890 1858 casualia:
914 1821 1016 1858 unde
1036 1822 1097 1858 illa
1118 1833 1231 1858 causa
1250 1822 1422 1870 superior
1441 1834 1520 1859 non

458 1880 581 1921 potest
609 1873 679 1910 dici
708 1874 867 1910 fortuna.

518 1938 574 1972 14.
604 1925 749 1962 Deinde
779 1939 867 1963 cum
897 1926 1004 1963 dicit:
1039 1927 1144 1969 Quae
1171 1932 1295 1963 autem
1323 1933 1410 1964 sunt
1432 1939 1519 1964 cau-

457 1990 522 2015 sae
541 1986 622 2024 etc.,
644 1979 805 2016 ostendit
833 1979 939 2026 quod
967 1992 1104 2016 causae
1128 1992 1207 2016 non
1227 1987 1313 2016 sunt
1332 1981 1458 2028 plures
1477 1979 1520 2016 iis

459 2043 556 2079 quae
575 2039 661 2068 sunt
680 2032 810 2069 dictae.
829 2032 944 2078 Quod
965 2032 1120 2080 quidem
1141 2032 1399 2070 manifestatur
1417 2033 1436 2053 ’¹⁵'
1455 2032 1519 2069 sic.

460 2085 545 2120 Hoc
573 2084 677 2133 quod
706 2085 789 2122 dico
818 2091 975 2133 propter
1002 2085 1110 2133 quid,
1141 2085 1286 2134 quaerit
1313 2085 1359 2123 de
1390 2098 1518 2131 causa;

460 2137 526 2174 sed
546 2137 593 2174 ad
612 2138 631 2158 '¹‘
643 2144 799 2186 propter
818 2138 907 2186 quid
932 2150 1011 2175 non
1030 2138 1280 2187 respondetur
1299 2138 1369 2175 nisi
1396 2138 1521 2186 aliqua

461 2189 644 2226 dictarum
665 2203 879 2238 causarum;
905 2204 982 2228 non
1002 2191 1111 2239 igitur
1129 2199 1216 2228 sunt
1238 2192 1364 2240 plures
1385 2203 1520 2228 causae

460 2255 576 2290 quam
603 2255 700 2291 quae
729 2244 848 2281 dictae
877 2252 962 2281 sunt
983 2245 1013 2281 *ζ
1035 2245 1084 2281 Et
1111 2244 1186 2281 hoc
1215 2252 1269 2281 est
1288 2244 1393 2292 quod
1421 2244 1519 2291 dicit,

461 2295 565 2344 quod
589 2296 663 2332 hoc
682 2296 785 2344 quod
804 2297 898 2335 ,dico
922 2303 1078 2346 propter
1105 2297 1203 2345 quid,
1231 2304 1286 2334 tot
1306 2305 1360 2334 est
1388 2309 1520 2334 secun-

461 2349 552 2385 dum
590 2361 818 2397 numerum,
862 2358 955 2398 quot
996 2358 1082 2387 sunt
1121 2362 1256 2387 causae
1294 2349 1518 2398 praedictae.

1578 1029 1822 1078 Quandoque
1842 1036 1970 1067 autem
1986 1031 2006 1052 *²
2022 1030 2212 1068 reducitur
2231 1030 2269 1068 in
2290 1043 2444 1068 causam
2464 1033 2638 1079 finalem;

1576 1089 1618 1119 ut
1645 1082 1675 1119 si
1703 1094 1933 1131 quaeramus
1962 1082 2067 1119 cuius
2096 1095 2210 1120 causa
2237 1083 2352 1132 aliqui
2379 1091 2560 1132 pugnant,
2584 1097 2638 1122 re-

1577 1135 1796 1183 spondetur,
1817 1143 1859 1172 ut
1880 1135 2134 1172 dominentur.
2161 1136 2405 1184 Quandoque
2430 1145 2558 1174 autern
2582 1150 2639 1174 re-

1577 1187 1725 1225 ducitur
1757 1188 1796 1224 in
1829 1200 1983 1224 causam
2015 1188 2271 1234 materialem3
2305 1197 2347 1226 ut
2374 1189 2404 1226 si
2437 1197 2640 1238 quaeratur

1576 1253 1693 1289 quare
1713 1240 1813 1278 istud
1833 1253 1970 1289 corpus
1991 1247 2046 1277 est
2066 1241 2318 1290 corruptibile,
2339 1243 2590 1291 respondetur
2605 1244 2636 1289 ²²⁶,

1576 1294 1664 1342 quia
1685 1293 1941 1342 compositum
1961 1300 2017 1329 est
2036 1304 2082 1329 ex
2111 1294 2315 1331 contrariis.
2346 1295 2408 1332 Sic
2428 1308 2518 1344 ergo
2536 1303 2639 1345 patet

1575 1347 1643 1384 has
1672 1359 1754 1383 esse
1785 1358 1929 1393 causas,
1960 1353 1996 1382 et
2023 1352 2088 1382 tot.

1635 1400 1691 1436 15.
1704 1400 1872 1436 Necesse
1889 1406 1944 1436 est
1958 1405 2086 1436 autem
2101 1405 2264 1446 quatuor
2279 1412 2362 1436 esse
2378 1412 2520 1437 causas.
2538 1401 2639 1447 Quia

1576 1464 1664 1489 cum
1694 1464 1808 1488 causa
1840 1451 1886 1488 sit
1917 1451 1966 1488 ad
1998 1463 2116 1500 quam
2149 1452 2317 1500 sequitur
2349 1465 2432 1490 esse
2467 1453 2638 1500 alterius,

1576 1517 1658 1542 esse
1687 1505 1767 1542 eius
1795 1504 1901 1553 quod
1927 1505 2043 1541 habet
2071 1516 2238 1552 causam,
2266 1513 2391 1554 potest
2410 1505 2641 1544 considerari

1575 1557 1790 1606 dupliciter:
1820 1569 1898 1594 uno
1927 1557 2046 1594 modo
2076 1557 2263 1605 absolute,
2294 1566 2330 1595 et
2357 1558 2410 1595 sic
2439 1571 2554 1596 causa
2581 1571 2638 1596 es-

1576 1610 1686 1648 sendi
1714 1618 1769 1647 est
1795 1610 1918 1647 forma
1955 1622 2023 1659 per
2052 1622 2168 1659 quam
2206 1610 2347 1660 aliquid
2380 1618 2435 1648 est
2462 1611 2502 1648 in
2529 1619 2637 1658 actu;

1576 1663 1648 1700 alio
1677 1663 1796 1700 modo
1826 1663 2038 1700 secundum
2067 1663 2172 1711 quod
2205 1663 2252 1700 de
2280 1664 2449 1712 potentia
2483 1672 2568 1701 ente
2596 1665 2639 1702 fit

1576 1723 1661 1753 actu
1691 1728 1768 1752 ens.
1807 1716 1856 1752 Et
1883 1715 1972 1764 quia
2001 1728 2116 1753 omne
2149 1717 2256 1765 quod
2283 1724 2339 1753 est
2374 1717 2413 1753 in
2446 1716 2636 1766 potentia,

1576 1768 1765 1806 reducitur
1785 1768 1833 1806 ad
1853 1776 1980 1805 actum
2008 1781 2077 1817 per
2104 1769 2143 1806 id
2171 1769 2275 1818 quod
2300 1776 2355 1806 est
2373 1777 2459 1807 actu
2479 1782 2562 1815 ens;
2594 1782 2639 1807 ex

1574 1822 1649 1858 hoc
1677 1834 1832 1858 necesse
1868 1829 1922 1858 est
1955 1834 2037 1858 esse
2067 1821 2161 1858 duas
2194 1822 2284 1859 alias
2313 1834 2466 1870 causas,
2501 1822 2640 1860 scilicet

1575 1874 1786 1921 materiam,
1807 1882 1843 1910 et
1875 1882 2050 1922 agentem
2078 1874 2143 1923 qui
2165 1875 2185 1896 *²
2199 1875 2345 1912 reducit
2371 1875 2569 1912 materiam
2591 1876 2638 1914 de

1574 1927 1742 1976 potentia
1756 1927 1795 1964 in
1810 1933 1948 1964 actum.
1965 1926 2074 1964 Actio
2091 1934 2218 1965 autem
2238 1927 2380 1976 agentis
2401 1928 2450 1966 ad
2471 1928 2640 1977 aliquid*

1576 1980 1868 2017 determinatum
1897 1979 2026 2027 tendit,
2047 1980 2143 2017 sicut
2162 1981 2210 2017 ab
2230 1981 2356 2029 aliquo
2387 1981 2638 2019 determinato

1574 2033 1759 2082 principio
1787 2033 1979 2081 procedit:
2019 2045 2110 2070 nam
2139 2045 2254 2070 omne
2283 2046 2399 2082 agens
2432 2034 2506 2082 agit
2533 2035 2639 2083 quod

1577 2093 1631 2123 est
1659 2085 1729 2122 sibi
1758 2085 2009 2131 conveniens;
2038 2085 2077 2122 id
2106 2093 2234 2123 autem
2267 2086 2316 2124 ad
2350 2087 2455 2135 quod
2482 2087 2600 2125 tendit
2619 2089 2640 2110 '¹‘

1576 2138 1672 2175 actio
1702 2138 1857 2186 agentiS,
1883 2138 2018 2175 dicitur
2046 2151 2159 2175 causa
2186 2138 2320 2177 finalis.
2352 2139 2414 2177 Sic
2441 2139 2551 2188 igitur
2575 2153 2639 2178 ne-

1577 2204 1681 2228 cesse
1717 2199 1771 2228 est
1804 2203 1884 2228 esse
1919 2204 2052 2228 causas
2081 2199 2254 2241 quatuor.
2290 2192 2368 2230 Sed
2400 2193 2489 2242 quia
2516 2193 2640 2231 forma

1577 2252 1631 2281 est
1660 2257 1773 2281 causa
1801 2244 1949 2281 essendi
1978 2244 2170 2292 absolute,
2206 2245 2300 2282 aliae
2328 2258 2422 2283 vero
2451 2253 2525 2283 tres
2553 2254 2640 2284 sunt

1577 2309 1713 2334 causae
1729 2297 1878 2334 essendi
1893 2297 2105 2334 seeundum
2120 2298 2224 2345 quod
2239 2298 2380 2347 aliquid
2394 2298 2528 2347 accipit
2543 2311 2638 2346 esse;

1575 2349 1662 2387 inde
1692 2357 1747 2386 est
1775 2349 1880 2398 quod
1899 2349 1937 2386 in
1965 2349 2226 2387 immobilibus
2254 2363 2332 2388 non
2354 2351 2640 2389 considerantur

461 2401 704 2450 Quandoque
733 2403 835 2439 enim
863 2411 1018 2452 propter
1046 2403 1137 2451 quid
1170 2403 1360 2439 reducitur
1386 2402 1519 2439 ultimo
1546 2399 1550 2452 Ι
1576 2403 1669 2439 aliae
1698 2410 1772 2439 tres
1801 2414 1949 2449 causae,
1980 2402 2047 2439 sed
2075 2403 2200 2439 solum
2230 2415 2344 2446 causa
2371 2403 2550 2441 formalis.

514 2550 530 2581 ι)
551 2557 678 2574 eorum.-
693 2557 784 2575 earum
804 2551 878 2575 codd.
899 2559 950 2576 exc.
970 2551 1164 2581 MNQR.-Pro
1183 2554 1223 2575 est
1243 2551 1464 2579 indeterminata,
1484 2553 1523 2575 est

460 2585 631 2610 interminata
650 2585 703 2616 EG,
719 2593 770 2610 non
785 2589 824 2611 est
837 2587 1014 2611 determinata
1033 2587 1113 2611 HN.-
1124 2590 1153 2611 ut
1171 2587 1251 2611 etiam
1270 2592 1353 2617 supra
1367 2585 1466 2610 dictum
1483 2588 1522 2610 est

458 2620 593 2650 EGHMN,
610 2624 638 2645 ut
656 2628 738 2653 supra
752 2621 832 2646 etiam
847 2622 947 2647 dictum
969 2625 1008 2646 est
1025 2621 1262 2651 ACIKOSTVXY‚
1283 2624 1311 2645 ut
1325 2627 1407 2652 supra
1422 2620 1520 2645 dictum

459 2658 497 2679 est
519 2655 598 2679 etiam
618 2656 669 2681 Rz.

513 2691 537 2722 κ)
562 2694 588 2715 et
610 2695 704 2723 postea
730 2691 810 2716 totius
830 2692 954 2717 universi.
971 2704 991 2710 —-
1009 2695 1035 2716 et
1054 2691 1147 2723 potius
1172 2691 1288 2716 universi
1312 2691 1368 2723 pK,
1393 2694 1420 2715 et
1440 2690 1520 2716 totius

461 2726 576 2750 universi
594 2731 640 2751 cet.
659 2741 678 2746 -
700 2727 787 2752 Causa
810 2727 934 2752 etiam...
950 2727 1040 2758 partis
1065 2726 1181 2751 universi
1204 2726 1287 2751 omitt.
1307 2726 1419 2758 CIQpL;
1440 2726 1520 2758 prior

460 2767 561 2786 esse...
575 2762 665 2793 partis
684 2762 800 2787 universi
818 2763 901 2787 omitt.
919 2761 1073 2786 ADOTVX.
1094 2762 1143 2786 Pro
1166 2762 1252 2786 Causa
1271 2761 1350 2786 etiam
1366 2761 1447 2786 totius
1461 2761 1518 2785 uni-

1577 2550 1693 2590 um'vfrsi
1712 2550 1769 2580 EG,
1789 2557 1870 2575 causa
1888 2554 1976 2575 autem
2001 2550 2082 2575 totius
2101 2550 2218 2576 universi
2235 2551 2271 2581 F,
2290 2556 2372 2576 causa
2390 2551 2459 2576 enim
2479 2551 2560 2577 totius
2580 2552 2637 2577 uni-

1576 2592 1644 2610 versi
1664 2590 1721 2610 cett.

1628 2619 1655 2653 λ)
1676 2620 1701 2644 in
1717 2621 1837 2652 primum
1858 2628 1972 2646 movens.
1986 2635 2004 2639 —
2019 2621 2045 2646 in
2056 2621 2176 2653 primam
2191 2625 2337 2647 moventem
2356 2622 2460 2651 DEGH‚
2475 2623 2501 2647 in
2516 2622 2637 2654 primum

1575 2658 1721 2680 moventem
1739 2655 1889 2686 FMNRYZ,
1903 2656 1929 2680 in
1945 2656 2036 2688 primo
2056 2660 2202 2681 moventem
2222 2655 2296 2686 C‚'1'n
2313 2657 2403 2689 primo
2422 2661 2542 2682 movente
2561 2662 2608 2682 cet.
2620 2670 2638 2677 -

1574 2691 1624 2715 Pro
1638 2695 1828 2723 pugnaverant
1853 2691 1916 2724 quia
1927 2691 2020 2724 sur-ati
2044 2695 2120 2721 sunt,
2142 2692 2322 2717 detraxerunt
2343 2693 2407 2725 quia
2432 2692 2555 2718 iniurian'
2575 2695 2639 2718 sunt

1574 2726 1628 2757 EG,
1641 2729 1811 2751 certaverunt
1829 2727 2006 2759 respondetur
2024 2727 2087 2760 quia
2102 2727 2196 2760 furati
2213 2731 2276 2753 sunt
2300 2728 2361 2758 HN,
2380 2731 2551 2754 certaverunt
2574 2728 2638 2760 quia

1565 2761 1657 2794 furati
1675 2765 1736 2786 sunt
1755 2766 1802 2786 cet.
1822 2767 1846 2786 et
1869 2770 1959 2794 margo
1979 2762 2011 2787 G.
2023 2775 2041 2782 -
2054 2763 2094 2787 LS
2113 2768 2224 2795 pergunt
2243 2763 2292 2788 hoc
2310 2763 2378 2788 enim
2399 2763 2520 2789 incitavit
2538 2770 2583 2788 eos
2600 2762 2638 2788 ad

461 2797 542 2825 versi,
562 2803 642 2822 causa
660 2801 699 2822 est
718 2797 798 2822 totius
818 2797 934 2822 universi
951 2797 1146 2830 ADOTVXpK,
1161 2803 1242 2822 causa
1261 2797 1328 2822 enim
1350 2795 1448 2830 (autem
1464 2795 1517 2830 sG)
1566 2804 1688 2829 pugnam
1695 2804 1704 2826 ;
1723 2804 1766 2822 eos
1786 2797 1844 2822 add.
1859 2798 1935 2822 etiam
1955 2797 2056 2822 FOYZ.

1099 3169 1998 3222 *wax-W·—

2667 513 2677 524 ’
2692 514 2854 535 mathematica
2864 520 2878 535 ν

2667 539 2688 566 b,
2703 540 2787 561 mathe.
2802 539 2838 561 ed.
2854 546 2877 562 a.

2666 618 2677 629 '⁵
2691 618 2809 640 cadentem
2821 625 2878 641 nm

2666 650 2722 670 κων.

2668 728 2715 748 'etl
2718 733 2876 750 utrumn:-

2667 1042 2678 1052 *
2692 1047 2748 1064 vero
2761 1048 2846 1065 num.

2666 1246 2676 1257 ⁸
2691 1248 2715 1267 et
2725 1251 2752 1268 re
2840 1248 2879 1268 mr

2666 1278 2751 1294 ιιιιτια
2767 1289 2777 1299 ,
2799 1275 2823 1294 et
2838 1278 2878 1295 re-

2665 1298 2811 1327 spondeam
2834 1302 2879 1321 cet.

2666 1331 2714 1346 exc.
2730 1330 2782 1347 eux.

2665 1882 2676 1893 ⁴
2695 1887 2756 1910 quae
2775 1887 2878 1909 usqu,

2667 1907 2731 1936 quad
2742 1914 2764 1929 P.

2665 1939 2676 1950 ¹·
2691 1937 2790 1966 aliquod
2799 1938 2850 1960 rab.

2666 2096 2677 2107 ⁴
2691 2096 2792 2118 intendit
2804 2096 2857 2118 rab.
