2982 4022
9 862 12 865 ’
52 862 136 878 ΒΊὟΧΥ.

1146 219 1256 255 CAP.
1287 220 1353 267 111,
1383 219 1533 255 LECT.
1562 219 1613 256 vl

292 299 410 337 finitio
429 300 542 336 totius
562 299 716 337 definiti.
739 299 843 336 Sicut
861 299 967 347 bipes
985 298 1138 346 ponitur
1156 297 1193 333 in
1214 297 1345 334 defini-

53 359 264 409 {offigi'm
291 352 393 389 tione
418 352 594 398 hominis,
617 361 653 389 et
671 352 859 401 quaedam
885 352 956 388 alia
976 352 996 372 ‘¹‘
1014 357 1206 398 ponuntur
1224 349 1262 386 in
1283 349 1346 385 de-

204 401 210 407 ’
292 404 461 442 finitione
490 405 636 453 bipedis
663 406 725 441 vel
753 404 943 450 animalis,
975 414 1019 438 ex
1047 401 1184 450 quibus
1213 401 1345 438 defini-

292 465 351 493 tur
376 458 516 493 homo:
545 457 776 506 impossibile
810 463 865 492 est
891 463 1019 500 autem
1053 454 1158 502 quod
1184 461 1347 504 ponatur

290 510 409 546 homo
443 509 482 546 in
510 509 728 546 definitione
761 508 926 556 bipedis,
956 513 1020 542 aut
1051 506 1090 542 in
1127 505 1345 542 definitione

291 561 448 598 alicuius
467 574 600 598 eorum
620 573 717 610 quae
741 560 880 596 cadunt
897 559 936 595 in
956 558 1175 595 definitione
1201 558 1346 606 bipedis

290 614 353 651 vel
371 614 558 660 animalis3
583 612 749 662 alioquin
770 618 868 648 esset
886 610 1054 647 definitio
1084 610 1281 655 circularis,
1312 617 1348 646 et

293 673 391 703 esset
416 666 518 703 idem
544 665 647 714 prius
676 672 711 701 et
739 663 937 712 posterius,
959 670 995 699 et
1013 662 1138 699 notius
1167 669 1203 698 et
1221 662 1347 698 minus

291 726 448 764 notum3
484 717 608 754 omnis
645 716 747 753 enim
786 715 952 753 definitio
988 723 1042 752 est
1079 727 1124 751 ex
1158 715 1346 763 prioribus

293 778 329 807 et
358 769 582 816 notioribus,
618 776 658 806 ut
690 769 729 805 in
756 769 807 806 VI
840 770 877 805 T
872 768 964 815 opic.
989 769 1008 789 ³⁵
1037 767 1179 804 dicitur.
1210 768 1258 803 Et
1287 779 1346 803 ea-

291 822 380 860 dem
408 821 569 868 ratione,
600 833 688 858 cum
716 821 755 857 in
784 820 1003 858 definitione
1035 820 1202 856 hominis
1230 820 1305 856 albi
1326 821 1346 840 '¹‘

53 778 64 790 “
78 778 136 805 cap.
149 783 180 805 Ν,
194 782 218 799 n.
231 781 264 798 2.-

52 806 80 826 ut
98 805 168 831 patet
188 803 213 824 in
237 802 267 823 VI

54 830 135 858 Topic.
148 834 265 853 Λεαιιοα

55 880 228 930 ggssstg'gfflg
288 881 454 923 ponatur
476 874 618 920 album,
647 886 725 910 non
747 880 802 910 est
819 873 997 922 possibile
1026 873 1131 920 quod
1158 871 1196 908 in
1216 872 1347 908 defini-

52 935 64 945 ·
83 922 138 981 atg'g
151 920 264 979 03'1·a,2'¹g
290 926 391 962 tione
411 926 485 962 albi
504 927 524 946 ¹*
551 933 715 975 ponatur
740 926 859 962 homo
880 926 998 962 albus.
1029 925 1097 961 His
1123 923 1232 971 igitur
1260 937 1346 972 sup-

50 965 263 1032 fflss’dssab„
288 978 421 1027 positis
437 979 468 1024 ²¹²,
498 978 551 1015 sic
570 986 863 1026 argumentatur.
895 978 934 1014 Si
962 978 1069 1026 bipes
1099 984 1154 1013 est
1172 976 1347 1013 accidens

7 1042 26 1070 ν’,
51 1017 129 1075 9¹⁷⁰„
161 1037 236 1083 ’,ἵζ’-
289 1030 436 1068 homini
450 1031 481 1078 ³¹³,
501 1043 656 1068 necesse
685 1038 741 1067 est
766 1032 828 1067 vel
857 1030 961 1078 quod
982 1030 1028 1067 sit
1046 1029 1221 1066 accidens
1240 1042 1346 1077 sepa-

0 1088 12 1113 [¹¹
25 1085 38 1118 ,“
51 1089 63 1100 ·
75 1088 130 1112 eni
141 1088 266 1118 contingat

23 1135 25 1138 .
50 1116 110 1144 met
125 1114 160 1136 tic
173 1115 263 1135 contin-

24 1169 31 1204 :
49 1171 132 1190 Dm.

17 1247 34 1286 ξ’,
49 1250 64 1262 ⁸
79 1249 151 1271 etiam
171 1254 220 1270 om.
233 1253 263 1269 m:

0 1312 3 1315 ·
49 1281 212 1330 fedamiam
223 1306 261 1322 or.

17 1388 29 1426 J>
49 1405 124 1427 *sea
142 1405 165 1427 n·
183 1405 235 1427 rab.
251 1416 262 1421 -

16 1499 23 1506 2.
49 1483 62 1496 '⁵
74 1472 148 1505 a'uen·
161 1489 263 1509 anemo,

290 1083 417 1130 rabile,
439 1090 475 1120 et
493 1084 546 1120 sic
565 1083 753 1131 continget
770 1084 789 1104 *
807 1083 1003 1120 hominem
1031 1095 1110 1119 non
1138 1094 1220 1118 esse
1245 1082 1347 1130 bipe-

291 1137 391 1182 dem,
412 1137 517 1183 quod
537 1143 592 1172 est
614 1136 845 1185 impossibile
865 1142 894 1181 κ;
918 1136 980 1172 vel
1000 1135 1067 1171 erit
1085 1135 1345 1182 inseparabile,

149 1202 164 1219 κ
291 1196 327 1224 et
354 1188 407 1224 sic
440 1187 629 1237 oportebit
660 1188 765 1237 quod
796 1189 914 1225 homo
948 1195 1111 1237 ponatur
1137 1187 1176 1223 in
1204 1187 1346 1224 ratione

290 1241 452 1289 bipedis,
476 1241 580 1289 quod
609 1248 664 1277 est
683 1241 796 1278 etiarn
817 1242 836 1263 *
864 1240 1095 1289 impossibile
1124 1239 1212 1288 quia
1239 1240 1346 1288 bipes

287 1293 441 1342 ponitur
467 1294 507 1330 in
539 1293 682 1330 ratione
708 1295 727 1315 ’'t'
756 1293 848 1331 eius.
887 1293 1124 1342 Impossibile
1155 1299 1209 1328 est
1239 1292 1348 1340 igitur

289 1346 394 1394 quod
421 1346 528 1395 bipes
556 1346 602 1383 sit
621 1346 795 1383 accidens
813 1346 971 1392 homini,
993 1354 1029 1382 et
1048 1345 1183 1382 eadem
1203 1345 1346 1382 ratione

288 1410 414 1447 neque
442 1396 591 1435 animal.
614 1399 654 1436 Si
675 1411 770 1436 vero
785 1399 805 1420 *
834 1398 977 1448 dicatur
1000 1398 1104 1447 quod
1123 1398 1238 1434 ambo
1261 1406 1348 1434 sunt

289 1451 496 1488 accidentia
530 1451 639 1488 alicui
676 1451 736 1487 alii
766 1452 816 1497 ²¹²,
842 1459 1061 1499 sequeretur
1095 1451 1200 1500 quod
1234 1450 1346 1487 etiam

287 1505 406 1540 homo
435 1504 579 1541 accidat
606 1503 715 1540 alicui
743 1504 846 1540 alteri
869 1505 900 1540 ³⁸.
931 1504 1007 1540 Sed
1030 1504 1105 1540 hoc
1124 1511 1180 1540 est
1206 1503 1347 1551 impos-

50 1143 98 1171 με
117 1139 187 1162 codd.
212 1145 262 1161 exc.

47 1431 100 1480 ant
110 1431 180 1453 codd.
190 1437 239 1453 exc.
247 1437 263 1452 u

52 1515 133 1532 ΙΪὟΧΥ.

74 1536 120 1558 ’Μ
131 1542 168 1558 η’
288 1556 415 1593 sibile:
448 1556 525 1592 iam
559 1556 660 1592 enim
693 1568 807 1604 supra
844 1555 985 1592 dictum
1023 1563 1078 1592 est
1115 1556 1219 1604 quod
1256 1556 1346 1592 illud

287 1609 391 1656 quod
410 1620 501 1645 vere
531 1615 586 1644 est
608 1608 699 1644 nulli
727 1607 872 1654 accidit,
901 1608 1021 1644 homo
1050 1615 1178 1644 autem
1207 1620 1346 1656 suppo-

4 1672 17 1697 s
47 1666 134 1688 'illud
147 1672 260 1688 ⁰¹¹¹·ssOE
286 1661 386 1704 nitur
410 1673 491 1698 esse
513 1660 604 1697 illud
624 1662 644 1682 ‘¹²
674 1661 778 1709 quod
796 1673 886 1698 vere
908 1668 973 1706 est,
1002 1668 1043 1696 ut
1071 1672 1116 1696 ex
1145 1660 1344 1708 superiori-

47 1698 184 1719 toan-vn.

286 1714 358 1750 bus
384 1720 497 1762 patet.
528 1713 644 1760 Quod
672 1721 801 1750 autem
829 1720 1007 1761 sequatur
1033 1713 1231 1749 hominem
1251 1713 1345 1749 acci-

410 1847 424 1860 Q

287 1877 403 1910 margine
416 1884 446 1903 ea
460 1876 563 1902 adiecit:
578 1876 592 1901 b
602 1881 632 1901 ut
642 1883 755 1900 errorem
771 1876 909 1907 corrigeret
922 1875 998 1900 aliam
1012 1875 1082 1900 viam
1095 1875 1211 1907 ingressa
1228 1876 1341 1906 videtur3

287 1920 346 1937 nam
360 1912 431 1943 infra,
445 1912 603 1943 impossibile
617 1914 656 1936 est
672 1914 774 1941 autem,
789 1911 876 1936 omisit
894 1914 991 1940 autem,
1005 1911 1163 1942 coniungens
1183 1918 1276 1942 nempe
1295 1911 1343 1934 im-

283 1947 408 1979 possibile
421 1950 462 1972 est
470 1954 530 1971 cum
541 1946 627 1971 verbis
640 1947 711 1978 quod
719 1947 744 1971 si
752 1946 842 1978 aliqua
850 1949 990 1978 ponuntur
1002 1946 1121 1977 superius
1134 1945 1238 1977 positis:
1253 1945 1343 1970 nihilo-

287 1981 375 2007 minus
393 1989 499 2007 sensum
518 1989 640 2007 mancum
653 1981 764 2014 reliquit.
779 1982 856 2006 Piana
867 1981 1035 2005 omissionem
1049 1981 1064 2005 b
1078 1981 1186 2005 correxit
1200 1981 1343 2005 secundum

288 2017 402 2042 codices:
422 2021 509 2041 tamen
527 2024 579 2041 non
597 2017 707 2041 restituit
725 2020 822 2045 autem,
847 2016 916 2048 quod
936 2023 1028 2040 omnes
1048 2016 1123 2040 codd.
1134 2021 1158 2040 et
1181 2023 1198 2040 a
1216 2015 1344 2040 habent.-

289 2051 352 2077 Post
365 2052 482 2085 definitio
495 2051 577 2076 totius
591 2051 694 2083 definiti
701 2069 708 2082 ,
721 2059 811 2083 margo
824 2051 847 2075 G
861 2051 946 2080 habet,
965 2051 1006 2075 vel
1020 2054 1077 2075 tota
1095 2051 1212 2083 definitio
1233 2050 1343 2083 definiti.

341 2086 369 2118 κ)
388 2087 458 2118 quod
476 2089 516 2111 est
534 2086 700 2118 impossibile.
712 2100 732 2105 —
746 2086 816 2118 quod
829 2088 870 2110 est
881 2085 1039 2117 impossibile
1051 2086 1089 2110 ad
1101 2086 1187 2111 minus
1201 2085 1342 2110 secundum

288 2121 464 2153 aptitudinem
479 2121 512 2150 O,
531 2121 576 2145 sed
591 2121 656 2153 sapit
674 2121 905 2153 interpolationem.
916 2134 935 2138 —
947 2120 987 2144 vel
1001 2120 1052 2144 erit
1064 2120 1238 2151 inseparabile
1251 2120 1345 2144 habent

289 2155 422 2184 PDEGab,
437 2157 478 2181 vel
495 2156 548 2180 erit
561 2163 613 2187 per
630 2162 658 2180 se
676 2156 718 2180 vel
736 2155 909 2187 inseparabile
927 2155 1048 2179 accidens
1061 2155 1091 2184 Β,
1105 2155 1146 2179 vel
1159 2155 1211 2179 erit
1223 2155 1346 2179 accidens

290 2191 464 2222 inseparabile
482 2191 520 2220 H,
541 2191 582 2215 vel
599 2191 651 2215 erit
668 2197 720 2222 per
741 2197 770 2215 se
792 2190 914 2215 accidens
933 2194 989 2220 cet„
1008 2190 1055 2214 sed
1074 2189 1099 2213 in
1117 2190 1137 2214 Z
1157 2197 1233 2221 supra
1248 2196 1300 2220 per
1317 2197 1346 2214 se

290 2226 412 2257 scriptum
431 2230 471 2250 est
489 2225 677 2256 inseparabile‚·
696 2225 728 2249 cf.
747 2230 805 2250 ante
824 2225 937 2249 medium
956 2224 1032 2248 huius
1051 2224 1150 2249 numeri
1170 2225 1291 2249 accidens
1305 2225 1343 2256 in:

288 2261 436 2291 separabile
453 2263 480 2285 et
492 2267 544 2292 per
561 2267 597 2285 se.
609 2274 628 2278 ——
641 2260 719 2284 Linea
738 2267 794 2292 seq.
809 2267 855 2292 pro
874 2260 900 2284 in
916 2259 1027 2288 ratione,
1041 2259 1067 2284 in
1088 2259 1239 2292 definitione
1253 2259 1344 2283 ABCG

289 2294 497 2325 IKOQSTVXY,
516 2295 551 2320 al.
566 2295 669 2319 ratione
687 2302 776 2326 margo
795 2295 821 2320 S.

342 2329 370 2362 λ)
388 2330 488 2355 scilicet
500 2330 602 2354 animal
615 2333 641 2354 et
655 2330 732 2361 bipes.
742 2344 761 2348 -
770 2331 838 2354 Haec
850 2337 903 2354 om.
917 2330 989 2362 GpE.
1001 2329 1051 2354 Pro
1069 2329 1102 2353 de
1116 2329 1214 2358 eodem,
1231 2329 1263 2353 de
1277 2336 1306 2353 eo
1322 2326 1344 2353 N

289 2364 346 2395 1³23
360 2372 407 2396 pro
421 2365 530 2394 dicetur,
551 2365 649 2389 dicitur·
662 2365 788 2394 GMNRZ.
803 2365 935 2389 diceretur
949 2365 989 2388 ed.
1007 2371 1040 2393 a,·
1053 2364 1151 2388 scilicet
1164 2365 1265 2388 animal
1275 2365 1345 2395 bipes

286 2407 342 2424 om.
365 2400 400 2430 D;
419 2407 466 2432 pro
485 2400 569 2432 bipes,
588 2403 614 2424 et
629 2400 699 2431 bipes
719 2399 960 2424 PDEFGLMNTab
985 2404 1073 2423 contra
1096 2400 1220 2423 intentum
1235 2407 1256 2423 s.
1274 2399 1344 2423 Tho-

288 2441 361 2465 mae;
375 2434 438 2459 item
450 2435 515 2459 linea
530 2442 586 2467 seq.
600 2442 648 2467 pro
661 2435 762 2460 animal
776 2435 854 2466 bipes,
870 2435 972 2459 animal
984 2437 1010 2459 et
1024 2434 1095 2466 bipes
1106 2434 1312 2459 PDEFGMTab.

2413 229 2458 254 21

1400 296 1487 332 dere
1508 297 1611 333 alteri
1631 297 1660 333 si
1680 296 1819 333 animal
1845 303 1880 332 et
1898 296 2004 344 bipes
2024 296 2126 332 alteri
2147 296 2320 333 accidunt
2341 298 2377 343 ³¹²,
2407 296 2462 332 sic
2490 306 2499 314 ·
2513 305 2623 327 accidant
2634 312 2702 347 nugax

1400 348 1630 385 manifestat:
1660 349 1749 397 quia
1782 348 1829 385 de
1858 361 2101 396 quocumque
2136 349 2311 385 dicuntur
2343 349 2458 385 ambo
2488 338 2612 379 ‹Liitqssrzgf'
2636 339 2700 354 ‘³⁶⁹¹'

1401 413 1591 447 seorsum,
1622 401 1759 437 scilicet
1778 401 1915 437 animal
1945 408 1980 437 et
1999 401 2106 448 bipes
2124 398 2148 447 ³,
2179 401 2225 437 de
2247 401 2385 437 eodem
2406 401 2460 437 di·
2585 403 2603 429 λ

1401 461 1504 489 cetur
1520 458 1734 501 'utrumque
1763 453 1892 500 simul,
1927 453 2065 489 scilicet
2091 453 2236 489 animal
2267 453 2389 501 bipes;
2425 460 2460 489 et

1401 506 1447 542 de
1477 517 1721 554 quocumque
1743 505 1875 541 dicitur
1894 505 2038 542 animal
2064 506 2179 552 bipes,
2201 505 2334 542 dicitur
2353 505 2459 554 quod

1401 565 1456 594 est
1485 570 1529 593 ex
1558 558 1631 604 eis,
1661 557 1799 594 scilicet
1830 559 1960 603 homo,
1995 557 2082 605 quia
2110 558 2200 593 nihil
2229 558 2331 594 aliud
2355 560 2374 577 ⁴*
2405 565 2459 594 est

1399 610 1518 646 homo
1549 622 1664 658 quam
1693 610 1832 646 animal
1861 610 1977 657 bipes.
2009 609 2071 646 Sic
2099 610 2208 657 igitur
2235 617 2337 658 patet
2356 609 2460 658 quod

1401 662 1431 698 si
1454 669 1618 710 ponatur
1644 674 1765 698 unum
1793 669 1939 698 tantum
1969 674 2047 710 ens,
2077 674 2155 698 non
2182 670 2343 710 possunt
2365 663 2459 710 poni

1399 722 1523 762 partes
1558 715 1824 762 quantitativae
1849 720 1885 760 μ,
1916 726 2038 762 neque
2077 722 2201 763 partes
2236 714 2459 762 magnitudi-
2585 730 2604 754 μ

1400 767 1469 813 nis,
1490 779 1615 815 neque
1633 775 1757 814 partes
1778 766 1941 803 rationis.
1964 767 2026 803 Sic
2045 767 2154 814 igitur
2173 767 2340 815 sequitur
2355 767 2458 815 quod

1402 831 1516 855 omne
1547 832 1612 856 ens
1640 819 1686 855 sit
1715 820 1761 856 de
1790 831 1951 855 numero
1985 819 2285 866 indivisibilium,
2315 832 2362 855 ne
2390 832 2458 867 po-

1401 879 1532 908 nentes
1555 884 1676 908 unum
1706 884 1772 908 ens
1801 883 1983 919 cogamur
2001 884 2144 920 ponere
2170 873 2289 908 multa
2306 879 2461 920 propter

1400 931 1536 972 partes.

1398 1020 1400 1022 ¹
1461 988 1517 1012 11.
1548 976 1837 1012 commentator
1865 984 1992 1012 autem
2013 977 2033 997 ³¹⁴
2054 976 2140 1013 dicit
2169 976 2273 1025 quod
2301 977 2367 1023 ibi,
2389 976 2463 1012 Sed
2488 983 2588 1031 {tag'gm
2608 989 2686 1005 om·a

1402 1029 1503 1076 quod
1528 1039 1615 1064 vere
1637 1034 1692 1065 est
1714 1035 1796 1075 etc.,
1817 1029 1924 1076 ponit
1943 1029 2150 1065 secundam
2170 1029 2355 1066 rationem
2370 1030 2459 1065 Par·
2534 1016 2552 1037 p
2569 1025 2573 1030 ⁴

1402 1081 1563 1117 menidis
1579 1081 1627 1117 ad
1642 1081 1922 1117 ostendendum
1943 1081 2047 1128 quod
2068 1094 2133 1118 ens
2152 1082 2197 1118 sit
2211 1094 2344 1128 unum,
2362 1094 2460 1130 quae

1401 1134 1482 1170 talis
1502 1141 1567 1170 est.
1589 1134 1668 1170 Ens
1689 1133 1794 1181 quod
1815 1141 1868 1169 est
1887 1146 2008 1169 unum
2029 1141 2084 1170 est
2103 1135 2309 1171 substantia
2329 1142 2364 1171 et
2382 1143 2461 1170 non

1402 1186 1575 1222 accidens
1604 1188 1661 1232 (et
1683 1198 1752 1234 per
1771 1186 2018 1222 substantiam
2046 1186 2211 1234 intelligit
2231 1188 2250 1208 *²
2280 1189 2459 1235 corpus):

1401 1239 1431 1275 si
1451 1246 1578 1275 autem
1608 1251 1745 1286 corpus
1772 1238 1862 1275 illud
1883 1240 1901 1257 ἦ
1932 1239 2119 1275 dividatur
2137 1239 2175 1275 in
2196 1239 2289 1276 duas
2317 1239 2460 1275 medie·
2487 1245 2700 1294 gzt'll-ugvssggt-ugmg

1400 1299 1504 1339 tates,
1535 1291 1702 1339 sequitur
1729 1291 1834 1339 quod
1862 1303 1928 1327 ens
1957 1292 2101 1328 dicatur
2129 1292 2174 1328 de
2203 1300 2361 1340 utraque
2381 1304 2459 1327 me·
2487 1287 2544 1319 ›¹14⁵‹-

1402 1344 1537 1381 dietate
1557 1351 1594 1380 et
1621 1343 1668 1380 de
1690 1351 1914 1392 congregato
1934 1350 1945 1364 ⁹
1975 1357 2019 1380 ex
2040 1344 2103 1381 eis.
2134 1345 2183 1380 Et
2200 1345 2274 1380 hoc
2292 1345 2354 1381 vel
2373 1356 2460 1392 pro·
2586 1356 2598 1372 v

1402 1397 1499 1434 cedit
1516 1396 1555 1432 in
1573 1396 1774 1442 infinitum,
1796 1397 1900 1446 quod
1921 1404 1975 1433 est
1995 1397 2227 1446 impossibile
2248 1397 2460 1433 secundum

1400 1450 1543 1498 ipsum;
1573 1457 1637 1486 aut
1656 1449 1724 1486 erit
1751 1449 1917 1487 dividere
1945 1462 2066 1498 usque
2095 1450 2143 1487 ad
2170 1457 2325 1498 puncta,
2355 1448 2460 1498 quod

1402 1503 1514 1539 etiam
1532 1503 1551 1523 '¹‘
1571 1509 1625 1538 est
1644 1501 1892 1550 impossibile:
1920 1502 2023 1539 unde
2038 1503 2078 1524 ³¹³*
2097 1511 2246 1551 oportet
2269 1502 2374 1551 quod
2394 1514 2460 1538 ens
2487 1511 2575 1532 'etiam
2584 1517 2700 1536 omnm.

2487 1538 2507 1547 ¹·
2529 1538 2589 1558 unde
2606 1544 2653 1558 om.
2671 1538 2698 1563 b,

1401 1554 1446 1591 sit
1471 1567 1592 1591 unum
1620 1554 1854 1591 indivisibile.
1886 1555 1963 1591 Sed
1982 1556 2076 1591 haec
2106 1555 2288 1603 expositio
2319 1562 2461 1591 extorta
2489 1564 2700 1590 ergocodd-excs

2489 1593 2510 1610 et
2525 1595 2549 1610 α.

1402 1614 1456 1643 est
1484 1614 1520 1642 et
1548 1614 1678 1643 contra
1696 1604 1710 1630 ξ
1737 1607 1984 1644 intentionem
2008 1608 2229 1655 Aristotelis,
2260 1608 2355 1644 sicut
2373 1607 2460 1644 satis
2591 1621 2603 1651 ξ

2487 563 2496 573 “
2511 563 2578 584 aliud
2591 570 2639 585 om.
2654 570 2697 586 nr:

2487 591 2525 610 est
2530 589 2597 610 aliud
2603 591 2684 612 recab.

2489 1193 2497 1202 ·
2513 1193 2654 1221 intelligitur
2667 1200 2691 1215 x.

1400 1666 1555 1707 apparet
1573 1659 1732 1695 litteram
1753 1660 1960 1708 inspicienti
1981 1662 2191 1698 secundum
2210 1660 2376 1709 primam
2398 1672 2460 1696 ex—

1398 1719 1641 1760 posmonem.

1450 1876 1478 1909 μ.)
1488 1878 1582 1907 partes
1597 1875 1800 1907 quantitativae.
1810 1887 1828 1894 ›-
1840 1878 1931 1907 partes
1944 1875 2080 1907 quantitas
2094 1876 2159 1906 AlK,
2175 1882 2256 1907 neque
2264 1879 2360 1907 partes
2374 1884 2458 1908 quan-

1396 1911 1459 1935 titas
1475 1911 1547 1943 pEG,
1561 1918 1642 1942 neque
1656 1913 1751 1942 partes
1771 1910 1930 1942 quantitatis
1944 1915 1992 1934 cet.
2006 1918 2058 1935 exc.
2074 1911 2097 1935 O
2112 1911 2155 1942 qui
2170 1919 2223 1935 om.
2236 1924 2255 1930 —-
2269 1918 2352 1943 neque
2363 1916 2458 1943 partes

1398 1945 1591 1978 magnitudinis
1604 1953 1657 1970 om.
1667 1946 1721 1975 CB3
1737 1952 1818 1977 neque
1832 1948 1926 1977 partes
1940 1945 2052 1970 rationis
2066 1953 2118 1970 om.
2130 1946 2204 1970 codd.
2217 1954 2270 1970 exc.
2285 1946 2402 1971 CFMsB:
2423 1952 2459 1971 ta-

1397 1989 1457 2005 men
1471 1981 1539 2005 CFM
1557 1989 1609 2004 non
1627 1981 1734 2004 omnino
1753 1988 1812 2005 cum
1827 1981 1845 2005 P
1860 1981 2029 2010 conveniunt,
2049 1989 2109 2004 nam
2129 1981 2149 2005 C
2168 1981 2244 2005 habet
2267 1988 2350 2013 neque
2364 1985 2460 2013 partes

1397 2016 1510 2040 rationis
1529 2016 1569 2040 vel
1587 2015 1760 2048 definitioniS,
1780 2016 1799 2040 F
1819 2023 1900 2048 neque
1920 2015 2092 2048 definitionis,
2112 2016 2138 2039 M
2157 2023 2238 2048 neque
2252 2020 2347 2047 partes
2366 2017 2459 2049 defini-

1397 2051 1485 2075 tionis.
1497 2064 1516 2069 —-
1529 2051 1557 2075 In
1575 2049 1626 2075 fine
1645 2051 1744 2075 numeri
1763 2058 1810 2083 pro
1825 2053 1966 2082 ponentes,
1982 2051 2108 2082 ponendo
2128 2051 2185 2075 edd.
2204 2052 2246 2076 ab
2266 2056 2292 2076 et
2310 2052 2384 2076 codd.
2404 2060 2458 2077 exc.

1397 2086 1511 2110 FMNRZ
1527 2090 1551 2110 et
1564 2086 1585 2110 C
1604 2087 1648 2118 qui
1666 2094 1719 2110 om.
1739 2093 1771 2110 ne
1786 2089 1942 2118 ponentes...
1956 2089 2072 2117 partes„

1450 2120 1474 2152 ν)
1493 2124 1519 2145 et
1537 2121 1570 2145 de
1588 2124 1758 2153 congregato.
1771 2135 1790 2139 -
1803 2125 1829 2145 et
1847 2121 1918 2153 quod
1936 2121 2109 2153 congregatio
2123 2121 2154 2151 D,
2169 2124 2195 2146 et
2207 2121 2278 2153 quod
2292 2125 2457 2154 congregata

1397 2154 1432 2185 E,
1452 2159 1478 2180 et
1495 2156 1567 2187 quod
1585 2159 1765 2188 congregatur
1779 2157 1820 2181 ed.
1833 2163 1863 2185 a,
1884 2156 1930 2180 sed
1950 2156 2085 2187 corrigitur
2103 2156 2128 2180 in
2147 2159 2173 2180 et
2189 2160 2365 2189 congregato,
2386 2158 2457 2188 quod

1397 2195 1446 2215 cet.
1465 2191 1566 2214 codices
1581 2191 1674 2215 habent
1687 2198 1739 2215 exc.
1755 2191 1805 2222 sG;
1820 2194 1983 2223 congregato
2004 2191 2043 2215 ed.
2057 2191 2087 2219 b,·
2101 2191 2142 2222 pG
2157 2191 2210 2215 abr.
2223 2205 2242 2210 -
2255 2192 2305 2215 Pro
2320 2192 2456 2223 procedit,

1397 2225 1468 2256 quod
1483 2225 1715 2255 habentPCDLY,
1731 2226 1844 2251 intendit
1857 2227 1891 2256 M,
1905 2226 1990 2251 tendit
2006 2226 2036 2255 Ν,
2051 2226 2121 2250 cedit
2135 2226 2163 2257 F,
2178 2227 2252 2251 cadit
2267 2226 2317 2256 ΒΖ,
2328 2227 2458 2258 procede-

1398 2263 1439 2284 ret
1459 2260 1492 2289 H,
1507 2260 1636 2291 procedet
1655 2265 1703 2285 cet.

1451 2292 1473 2326 ξ)
1493 2295 1626 2326 expositio
1645 2298 1755 2320 extorta
1773 2299 1812 2320 est
1830 2299 1857 2320 et
1874 2299 1977 2320 contra.
1991 2310 2009 2314 —
2022 2296 2155 2327 expositio
2173 2300 2213 2321 est
2232 2300 2327 2322 contra
2345 2297 2386 2321 ed.
2401 2304 2419 2321 a
2433 2301 2459 2321 et

1397 2329 1470 2361 pEG.
1479 2343 1498 2348 -
1508 2330 1558 2354 Pro
1571 2333 1691 2361 apparet,
1705 2331 1775 2363 quod
1788 2339 1841 2355 om.
1856 2331 1892 2363 pl,
1902 2334 1980 2362 patet
1994 2331 2021 2355 Z.
2034 2345 2051 2349 —
2068 2331 2117 2355 Pro
2128 2331 2245 2356 litteram
2259 2332 2414 2363 inspicienti,
2430 2332 2456 2356 in

1397 2365 1488 2389 littera
1507 2365 1645 2396 aspicienti
1663 2365 1701 2394 H;
1719 2365 1859 2396 aspicienti
1877 2366 1952 2390 etiam
1971 2366 2054 2396 DEG,
2074 2367 2223 2398 respicienti
2241 2367 2273 2397 C,
2294 2367 2457 2398 inspiciendo

1397 2400 1428 2423 L.
1443 2400 1549 2424 Codices
1569 2407 1621 2424 exc.
1637 2400 1725 2431 HpEG
1744 2401 1769 2424 in
1783 2399 1833 2425 fine
1845 2401 1949 2431 addunt,
1959 2401 2101 2426 secundum
2115 2401 2235 2433 primam
2254 2402 2457 2434 expositionem,

1398 2435 1492 2466 quibus
1510 2442 1602 2459 ornnes
1621 2435 1680 2459 editi
1700 2441 1794 2460 carent.

2207 2478 2223 2494 *t
