2982 4022
0 3616 1 3620 „
0 3342 27 3587 TQWW

72 371 86 418 ¹⁸²
97 369 148 423 135b.
162 369 181 396 1,
196 369 246 390 ieet.
261 368 283 394 8,

71 474 82 486 ⁸
98 473 180 501 plures
199 474 283 500 partes

72 499 182 521 animalis
195 504 231 520 m.

70 740 83 752 ⁸
96 745 148 762 eam
155 745 203 761 om.
214 738 282 760 codd.

71 772 121 788 exe.
135 771 216 787 nmsr.

70 793 82 803 ⁸
96 791 166 814 Num.
180 797 229 819 seq.

71 897 83 908 ⁸
89 895 258 918 mundanarum
268 901 282 916 a

70 928 188 944 amnne
194 925 215 943 ex
223 927 284 943 mar-

70 955 101 976 go
115 955 138 970 κ.

69 1054 83 1065 ⁸
88 1053 124 1080 fit
131 1052 199 1074 codd.
208 1058 256 1075 exc.
266 1058 280 1074 Β

70 1085 182 1102 omn.

167 1115 179 1132 6

67 1635 80 1646 ⁸
94 1635 181 1657 semiue
194 1641 241 1657 om.
256 1641 279 1657 Β.

167 1672 182 1701 ζ

1151 227 1262 263 CAP.
1293 226 1359 276 IV,
1390 226 1539 262 LECT.
1569 226 1636 263 VII

311 308 378 345 sed
406 307 595 344 multoties
627 307 666 344 in
694 307 772 343 aliis
801 306 968 353 mundis,
995 318 1090 354 quos
1118 305 1286 354 ponebat
1313 303 1366 340 in-

310 360 447 398 finities
461 360 544 397 fieri
564 367 600 396 et
620 360 823 408 corrumpi,
840 367 880 395 ut
895 371 1009 407 supra
1024 359 1043 380 '¹‘
1060 358 1200 394 dictum
1222 364 1288 402 est,
1305 368 1369 392 aer

311 413 416 450 aliter
444 412 637 449 ordinatur
655 412 750 449 inter
772 420 897 460 partes
924 410 1103 448 universi.
1125 411 1174 446 Et
1201 409 1368 446 similiter

312 466 461 503 dicebat
480 465 584 513 quod
601 465 786 514 plurimae
805 471 929 513 partes
949 463 1169 500 animalium
1190 463 1210 483 ³‘
1230 462 1326 498 fiunt
1346 474 1367 498 a

311 519 478 564 fortuna;
499 518 592 554 sicut
619 517 722 566 quod
742 517 779 553 in
806 516 930 565 prima
954 515 1216 555 constitutione
1235 514 1368 551 mundi

309 571 453 607 fiebant
481 571 601 619 capita
629 570 707 607 sine
736 569 893 606 cervice.

365 624 400 659 6.
422 623 569 660 Deinde
598 635 686 659 cum
714 621 818 658 dicit:
839 622 934 657 Sunt
959 626 1083 656 autem
1112 619 1264 667 quidam
1285 625 1366 665 etc.‚

310 675 417 724 ponit
435 675 642 712 secundam
663 674 894 722 opinionem.
924 674 973 709 Et
997 672 1094 709 circa
1121 673 1194 708 hoc
1220 671 1296 708 duo
1317 672 1367 707 fa-

311 728 375 764 cit:
394 728 519 776 primo
546 727 652 776 ponit
680 738 783 771 eam;
813 725 981 762 secundo
1009 725 1200 774 improbat
1228 736 1314 760 eam
1335 725 1366 770 ²³²,

311 780 379 816 ibi:
398 780 449 817 Et
473 780 630 816 multum
649 780 720 815 hoc
737 779 757 800 '¹‘
776 786 844 815 etc.
865 778 965 815 Dicit
993 790 1080 825 ergo
1108 777 1233 825 primo
1263 778 1367 824 quod

310 832 466 880 quidam
499 831 669 868 dixerunt
715 843 845 868 casum
883 843 964 867 esse
1003 842 1156 867 causam
1204 829 1295 866 caeli
1333 838 1368 866 et

310 883 483 921 omnium
501 884 664 932 partium
684 884 818 921 mundi
833 885 869 930 *;
891 891 927 920 et
946 883 1121 920 dicebant
1135 882 1238 930 quod
1258 894 1367 919 revo-

308 935 399 985 lutio
427 937 580 984 mundi,
617 945 653 974 et
688 944 814 973 motus
849 936 1038 973 stellarum
1075 935 1302 982 distinguens
1333 943 1367 972 et

308 996 472 1026 statuens
491 997 613 1026 totum
630 989 851 1026 universum
871 989 1022 1025 inferius
1042 988 1251 1024 secundum
1266 989 1367 1024 hunc

308 1042 494 1088 ordinem,
511 1042 556 1079 sit
570 1043 590 1064 '¹‘
605 1054 628 1078 a
647 1054 747 1079 casu.
763 1043 813 1078 Et
830 1042 925 1078 haec
942 1041 1093 1078 videtur
1111 1052 1192 1077 esse
1213 1040 1341 1089 opinio
1356 1047 1367 1061 ‘

308 1095 527 1142 Democriti,
550 1094 704 1132 dicentis
733 1095 836 1143 quod
865 1106 910 1130 ex
934 1106 1120 1130 concursu
1148 1100 1364 1130 atomorum

307 1160 377 1196 per
396 1159 436 1184 se
464 1147 675 1194 mobilium,
698 1148 845 1184 caelum
865 1154 901 1183 et
919 1154 1018 1183 totus
1042 1146 1207 1183 mundus
1237 1158 1365 1183 casua-

308 1200 390 1236 liter
418 1200 638 1237 constitutus
667 1207 732 1236 est.

361 1265 397 1300 7.
418 1252 565 1290 Deinde
595 1265 683 1289 cum
712 1252 815 1289 dicit:
843 1253 893 1288 Et
919 1252 1076 1288 multum
1098 1253 1174 1288 —hoc
1201 1252 1365 1288 admira-

308 1305 406 1341 tione
434 1312 523 1352 etc.,
553 1305 743 1354 improbat
770 1306 868 1342 hanc
885 1304 1113 1354 positionem
1143 1304 1289 1341 duabus
1309 1317 1365 1341 ra-

308 1357 482 1394 tionibus.
505 1358 679 1404 Quarum
705 1357 828 1407 prima
849 1365 903 1394 est
922 1357 1026 1405 quod
1046 1357 1292 1394 admiratione
1313 1357 1365 1394 di-

308 1422 426 1458 gnum
439 1410 589 1447 videtur
608 1410 711 1459 quod
740 1410 916 1447 animalia
936 1417 972 1446 et
988 1411 1138 1459 plantae
1163 1422 1242 1446 non
1269 1411 1366 1447 fiunt

308 1475 331 1499 a
358 1463 518 1510 fortuna,
540 1463 606 1500 sed
626 1464 673 1500 ab
693 1463 881 1500 intellectu
899 1464 961 1500 vel
989 1471 1132 1509 natura,
1153 1463 1215 1499 vel
1234 1475 1256 1499 a
1274 1476 1365 1511 qua-

309 1527 471 1563 cumque
492 1515 564 1552 alia
584 1528 697 1552 causa
715 1515 980 1552 determinata:
1002 1516 1105 1564 quod
1135 1527 1179 1552 ex
1208 1516 1282 1552 hoc
1300 1528 1365 1565 pa-

307 1575 359 1604 tet
386 1568 489 1615 quod
518 1580 596 1605 non
624 1581 670 1605 ex
697 1580 940 1616 quocumque
970 1568 1113 1604 semine
1138 1568 1275 1615 aliquid
1304 1581 1365 1616 ge-

307 1627 468 1667 neratur,
490 1619 558 1657 sed
578 1632 623 1657 ex
643 1620 890 1657 determinato
911 1621 1055 1658 semine
1076 1622 1096 1640 ⁴*
1115 1621 1158 1656 fit
1175 1621 1306 1668 homo,
1330 1629 1366 1658 et

308 1684 353 1709 ex
381 1672 629 1710 determinato
655 1673 800 1710 semine
829 1673 929 1710 oliva
948 1673 972 1710 ζ.
993 1674 1043 1710 Et
1071 1685 1157 1709 cum
1177 1673 1246 1709 ista
1273 1673 1364 1710 infe-

306 1725 407 1762 riora
424 1738 503 1763 non
521 1726 614 1763 fiant
633 1738 655 1762 a
683 1726 842 1772 fortuna,
864 1725 1020 1774 dignum
1041 1733 1096 1762 est
1115 1725 1363 1763 admiratione

307 1778 411 1827 quod
436 1779 582 1816 caelum
606 1786 643 1815 et
667 1791 712 1815 ea
731 1791 828 1826 quae
857 1786 943 1815 sunt
961 1778 1147 1816 diviniora
1165 1778 1261 1815 inter
1281 1792 1363 1816 sen-

307 1831 426 1868 sibilia
443 1831 641 1868 manifesta
660 1832 781 1878 nobis,
803 1831 940 1868 scilicet
957 1839 1081 1880 partes
1110 1832 1243 1868 mundi
1267 1844 1364 1869 sem-

305 1884 485 1933 piternae,
506 1884 578 1921 sint
596 1897 618 1921 a
638 1897 737 1932 casu,
759 1892 795 1921 et
813 1897 891 1921 non
909 1885 1074 1921 habeant
1092 1884 1257 1932 aliquam
1279 1897 1364 1921 cau-

306 1948 389 1973 sam
418 1936 716 1985 determinatam,
737 1937 831 1974 sicut
858 1937 1036 1974 animalia
1064 1944 1100 1973 et
1126 1938 1286 1985 plantae.
1316 1939 1365 1974 Et

306 1989 337 2027 si
363 1990 438 2026 hoc
466 2002 600 2027 verum
629 1998 695 2038 est,
716 1990 872 2038 dignum
896 1990 1024 2027 fuisset
1050 1989 1231 2038 insistere,
1253 1998 1289 2027 et
1307 2003 1363 2027 as-

306 2042 453 2090 signare
487 2043 673 2080 rationem
710 2055 828 2091 quare
862 2043 915 2079 sic
949 2050 1059 2079 esset:
1094 2043 1198 2092 quod
1235 2051 1363 2080 tamen

307 2095 448 2143 antiqui
476 2096 818 2144 praetermiserunt.

362 2149 396 2184 8.
414 2148 630 2185 Secundam
646 2148 831 2184 rationem
845 2147 961 2197 ponit,
973 2147 1039 2184 ibi:
1056 2148 1249 2189 Quomodo
1265 2149 1363 2185 enim

307 2211 350 2236 eo
378 2201 479 2248 quod
504 2201 612 2238 aliter
631 2209 712 2248 etc.‚
733 2200 882 2237 dicens:
904 2200 1112 2247 Quomodo
1138 2208 1262 2248 potest
1282 2213 1362 2237 ess-e

305 2264 442 2290 verum
471 2253 576 2301 quod
604 2253 776 2290 caelestia
805 2266 964 2302 corpora
985 2253 1057 2290 sint
1084 2265 1106 2290 a
1135 2265 1234 2301 casu,
1257 2261 1292 2294 et
1310 2253 1363 2290 in—

307 2416 500 2448 KOTWtYsR,
513 2417 610 2442 collisit
627 2424 655 2442 se
673 2417 929 2450 DEFGHMQssz,
946 2418 1042 2443 collisit
1060 2419 1100 2443 vel
1113 2419 1219 2452 collegit
1237 2425 1264 2443 se
1283 2419 1313 2450 N,
1328 2420 1367 2443 al-

307 2452 363 2477 licit
381 2459 408 2477 se
426 2453 476 2484 pR.
488 2467 507 2470 —
519 2453 576 2477 Lin.
591 2460 656 2485 seq„
669 2461 715 2484 pro
734 2456 828 2482 stante,
844 2453 958 2478 durante
977 2453 1050 2478 codd.

361 2487 382 2520 ε)
403 2488 439 2512 Et
456 2487 520 2513 haec
538 2488 643 2512 videtur
669 2495 725 2512 esse
743 2488 869 2520 opinia-
884 2489 953 2513 Haec
971 2489 1050 2513 verba
1068 2496 1120 2513 orn.
1137 2489 1323 2521 KOTXpA1V5
1343 2493 1368 2514 et

308 2530 353 2547 om
371 2522 409 2555 Y;
428 2525 454 2547 et
467 2523 531 2548 haec
541 2523 601 2556 suit
613 2523 701 2555 opinio
721 2524 765 2552 ΞΑ,
781 2523 924 2548 secundum
939 2524 1038 2548 dictum
1053 2524 1122 2554 NsV,
1142 2524 1183 2549 vel
1195 2524 1300 2549 videtur
1314 2531 1368 2549 esse

308 2557 397 2590 opinio
416 2565 505 2590 margo
525 2558 554 2588 N,
570 2558 653 2583 secuti
671 2558 819 2590 opinionem
839 2559 872 2588 C,
894 2559 1043 2583 testimonio
1062 2559 1094 2590 sl,
1115 2562 1141 2584 et
1159 2559 1264 2584 videtur
1281 2559 1369 2593 fuisse

308 2592 397 2625 opinio
411 2593 469 2624 EG,
483 2596 508 2618 et
521 2593 585 2618 haec
603 2593 708 2618 videtur
722 2593 810 2625 opinio
824 2594 856 2624 H,
871 2597 898 2618 et
912 2592 950 2626 (et
962 2602 1015 2618 om.
1029 2594 1065 2626 Z)
1085 2594 1149 2619 haec
1162 2594 1267 2619 videtur
1281 2595 1369 2626 opinio

302 2627 390 2661 fuisse
407 2628 578 2658 BDFMQRZ.
592 2629 643 2652 Pro
662 2629 809 2654 Democriti
827 2629 945 2657 dicentis,
965 2629 1118 2654 Democrito
1132 2629 1234 2654 dicente
1244 2630 1312 2654 sX.—
1321 2631 1370 2654 Le-

310 2663 394 2694 gimus
409 2670 468 2687 cum
486 2663 589 2688 PLSab.
598 2676 617 2682 -
629 2663 679 2688 Pro
689 2664 839 2693 casualiter,
859 2664 1002 2689 causaliter
1020 2665 1122 2695 PHXY,
1137 2665 1261 2690 casuliter
1275 2666 1315 2690 ed.
1330 2666 1352 2690 b.

2432 234 2480 271 77

1422 303 1557 340 seriora
1586 316 1684 340 non:
1715 316 1802 340 curn
1832 311 1868 340 et
1900 303 2003 339 aliter
2039 303 2210 340 videatur
2240 314 2321 338 esse
2350 302 2479 338 incon-

1422 356 1590 403 veniens,
1612 369 1656 392 ex
1684 357 1758 392 hoc
1787 356 1868 404 ipso
1889 356 1992 404 quod
2021 355 2081 392 illa
2110 355 2294 391 nobiliora
2322 362 2423 400 sunt;
2445 362 2481 390 et

1423 408 1546 444 adhuc
1567 408 1679 445 etiam
1701 410 1721 430 ’⁸
1745 408 2068 445 inconvenientius
2088 408 2297 444 secundum
2317 420 2362 444 ea
2382 419 2480 455 quae

1422 460 1623 497 videntur?
1651 461 1836 498 Videmus
1866 461 1966 497 enim
1995 461 2098 508 quod
2127 460 2164 496 in
2193 461 2298 497 caelo
2327 460 2416 496 nihil
2439 460 2482 496 fit

1423 525 1445 549 a
1473 525 1578 559 casu;
1600 513 1638 550 in
1665 514 1722 550 his
1752 522 1878 550 autem
1907 513 2164 560 inferioribus,
2195 525 2292 561 quae
2322 525 2399 549 non
2428 512 2481 549 di-

1424 573 1557 602 cuntur
1585 578 1666 602 esse
1696 578 1717 602 a
1746 579 1845 613 casu,
1867 567 1984 602 multa
2011 566 2187 602 videntur
2214 565 2429 612 contingere
2458 577 2480 601 a

1422 618 1582 655 fortuna.
1608 618 1845 655 Rationabile
1873 626 1999 655 autem
2034 627 2130 655 esset
2158 631 2177 654 e
2207 631 2392 655 converso
2421 630 2481 654 ac-

1424 670 1546 707 cidere
1581 671 1790 708 secundum
1828 684 1961 707 eorum
1989 671 2237 719 positionem;
2267 678 2307 707 ut
2344 670 2482 707 scilicet

1422 723 1460 759 in
1488 723 1557 760 illis
1586 724 1842 761 invenirentur
1861 724 1984 771 aliqua
2003 723 2085 760 fieri
2114 737 2135 760 a
2156 736 2244 760 casu
2271 724 2332 759 vel
2357 736 2382 759 a
2407 724 2480 760 for-

1422 783 1524 824 tuna,
1545 789 1710 824 quorum
1740 789 1846 813 casus
1874 778 1936 813 vel
1973 776 2122 812 fortuna
2151 783 2206 812 est
2239 788 2372 822 causa;
2402 788 2480 812 non

1422 836 1550 865 autem
1579 829 1616 865 in
1644 829 1712 866 illis
1741 842 1905 877 quorum
1934 841 2012 865 non
2042 836 2097 865 est
2125 841 2249 865 causa.

1476 894 1511 929 9.
1539 881 1686 919 Deinde
1708 895 1795 918 cum
1815 882 1917 919 dicit:
1947 883 2042 918 Sunt
2060 887 2183 918 autem
2203 882 2366 929 quidam,
2398 889 2478 927 etc.‚

1420 934 1527 982 ponit
1545 934 1691 971 tertiam
1711 935 1930 983 opinionem
1958 934 2004 970 de
2023 935 2183 971 fortuna.
2205 935 2253 970 Et
2272 934 2359 970 dicit
2378 934 2480 982 quod

1421 986 1649 1034 quibusdam
1685 988 1834 1024 videtur
1869 987 1972 1035 quod
2001 987 2150 1023 fortuna
2177 986 2223 1023 sit
2256 999 2383 1033 causa,
2414 986 2480 1023 sed

1420 1039 1674 1076 immanifesta
1702 1040 1902 1076 intellectui
1929 1041 2119 1086 humano,
2149 1052 2194 1076 ac
2222 1039 2253 1075 si
2287 1039 2332 1075 sit
2359 1039 2479 1087 quod-

1421 1093 1510 1130 dam
1539 1093 1711 1130 divinum
1732 1100 1767 1129 et
1786 1105 1899 1141 supra
1921 1092 2096 1129 homines
2114 1093 2145 1128 *.
2161 1092 2349 1128 Volebant
2378 1092 2479 1128 enim

1420 1146 1524 1194 quod
1554 1158 1689 1182 omnes
1717 1145 1856 1182 fortuiti
1880 1153 2038 1182 eventus
2067 1145 2335 1182 reducerentur
2353 1145 2392 1181 in
2416 1145 2479 1181 ali-

1421 1211 1537 1247 quam
1566 1198 1734 1236 divinam
1773 1210 1926 1235 causam
1955 1197 2212 1244 ordinantem,
2244 1197 2337 1234 sicut
2364 1210 2433 1234 nos
2461 1199 2480 1219 *

1419 1251 1599 1300 ponimus
1636 1251 1765 1288 omnia
1795 1252 1814 1272 '¹‘
1852 1250 2016 1287 ordinari
2050 1263 2117 1299 per
2152 1250 2319 1287 divinam
2352 1251 2479 1298 provi-

1421 1304 1600 1342 dentiam.

1474 1357 1549 1394 Sed
1578 1356 1753 1406 quamvis
1781 1357 1875 1392 haec
1904 1355 2031 1404 opinio
2060 1356 2198 1392 habeat
2223 1368 2355 1392 veram
2385 1355 2480 1392 radi-

1421 1422 1516 1456 cem,
1537 1422 1615 1446 non
1642 1417 1771 1446 tamen
1789 1409 1888 1445 bene
1915 1409 1974 1446 usi
1998 1416 2084 1445 sunt
2111 1409 2266 1445 nomine
2294 1409 2477 1445 fortunae.

1420 1463 1513 1499 Illud
1534 1462 1635 1498 enim
1657 1462 1828 1499 divinum
1849 1461 2027 1498 ordinans
2047 1474 2125 1498 non
2142 1469 2267 1510 potest
2286 1461 2357 1511 dici
2376 1462 2438 1497 vel
2460 1463 2479 1483 Ψ

1419 1515 1608 1552 nominari
1645 1515 1814 1561 fortuna;
1847 1515 1935 1562 quia
1964 1514 2174 1551 secundum
2208 1514 2313 1562 quod
2341 1514 2479 1562 aliquid

1418 1568 1614 1617 participat
1637 1568 1822 1604 rationem
1840 1568 1903 1604 vel
1923 1567 2111 1614 ordinem,
2138 1567 2277 1604 recedit
2295 1580 2317 1603 a
2336 1567 2478 1604 ratione

1419 1622 1601 1658 fortunae.
1642 1620 1751 1657 Unde
1781 1620 1900 1667 magis
1933 1620 2046 1657 debet
2083 1620 2155 1656 dici
2189 1621 2337 1656 fortuna
2366 1632 2479 1658 causa

1419 1673 1571 1710 inferior
1587 1674 1618 1720 ²¹³,
1634 1685 1732 1720 quae
1752 1673 1798 1709 de
1819 1685 1859 1709 se
1874 1685 1952 1709 non
1970 1673 2085 1709 habet
2104 1673 2276 1710 ordinem
2297 1673 2344 1710 ad
2366 1685 2478 1710 even·
2505 1685 2516 1695 ⁸

1418 1734 1499 1762 tum
1528 1725 1734 1772 fortuitum,
1755 1738 1872 1773 quarn
1901 1738 2014 1762 causa
2037 1726 2209 1774 superior
2229 1727 2259 1773 *,
2281 1726 2311 1762 si
2331 1739 2406 1775 qua
2433 1727 2478 1763 sit

1419 1778 1607 1816 ordinans.
1620 1778 1883 1815 Praetermittit
1897 1785 2025 1815 tamen
2041 1779 2060 1799 Ψ·
2071 1779 2350 1826 inquisitionem
2366 1780 2477 1816 huius

1419 1831 1626 1880 opinionis,
1662 1839 1743 1867 tum
1772 1831 1861 1878 quia
1889 1831 2034 1868 excedit
2061 1839 2181 1868 metas
2210 1832 2383 1869 scientiae
2412 1845 2476 1869 na-

1417 1884 1555 1932 turalis,
1576 1892 1658 1921 tum
1691 1884 1780 1932 quia
1807 1884 1902 1920 infra
1921 1884 1940 1905 '¹‘
1959 1884 2171 1921 manifestat
2196 1885 2299 1932 quod
2328 1885 2476 1922 fortuna

1418 1950 1496 1974 non
1525 1944 1580 1974 est
1600 1949 1712 1974 causa
1739 1949 1808 1985 per
1827 1949 1878 1983 se,
1901 1937 1967 1974 sed
1986 1950 2055 1986 per
2074 1937 2258 1975 accidens.
2280 1938 2389 1975 Unde
2408 1951 2476 1986 per

1419 2003 1463 2027 ea
1490 2002 1588 2038 quae
1617 1997 1846 2038 sequuntur,
1873 1991 2070 2038 quomodo
2100 2003 2139 2026 se
2168 1991 2306 2027 habeat
2343 1991 2389 2028 de
2418 1991 2474 2028 his

1418 2043 1658 2092 opinionibus
1678 2043 1797 2090 magis
1814 2044 1834 2064 ’¹‘
1850 2043 1916 2079 erit
1934 2043 2186 2080 manifestum.
2204 2045 2253 2080 Et
2271 2043 2356 2080 ideo
2387 2057 2474 2081 con-

1418 2096 1531 2133 cludit
1559 2096 1662 2144 quod
1682 2096 1729 2133 ad
1746 2096 1973 2133 evidentiam
1993 2097 2129 2133 harum
2145 2097 2369 2145 opinionum
2385 2110 2473 2134 con-

1417 2149 1659 2186 siderandum
1680 2157 1735 2186 est
1754 2149 1843 2197 quid
1864 2149 1908 2186 sit
1928 2150 2076 2186 fortuna
2097 2157 2132 2186 et
2146 2163 2272 2196 casus;
2294 2158 2330 2187 et
2347 2158 2473 2187 utrum

1417 2201 1488 2238 sint
1524 2202 1626 2238 idem
1662 2203 1724 2239 vel
1753 2202 1853 2239 aliud
1883 2204 1920 2248 *3
1951 2209 1986 2238 et
2018 2203 2215 2251 quomodo
2249 2204 2475 2241 reducantur

1417 2254 1464 2291 ad
1494 2267 1626 2291 causas
1653 2255 1874 2303 praedictas.

1473 2419 1497 2452 ζ)
1517 2423 1543 2445 et
1561 2428 1598 2445 ex
1616 2420 1792 2445 determinato
1810 2421 1908 2446 semine
1931 2422 2009 2446 oliva.
2022 2436 2040 2441 --
2054 2425 2080 2447 et
2097 2429 2134 2447 ex
2155 2423 2330 2448 determinato
2349 2424 2419 2448 oliva
2433 2432 2477 2449 co-

1422 2456 1490 2480 dices
1504 2455 1671 2486 BDFNRYZ,
1686 2459 1712 2480 et
1730 2463 1767 2480 ex
1785 2456 1961 2481 determinata
1979 2457 2050 2481 oliva
2069 2458 2193 2482 editiones
2214 2458 2255 2482 ab
2274 2463 2299 2483 et
2317 2459 2417 2483 codices
2430 2460 2477 2483 AK

1421 2491 1588 2520 MOQSTVX
1608 2495 1633 2515 et
1651 2491 1733 2523 prima
1751 2499 1844 2515 manus
1863 2492 1980 2516 codicum
1999 2493 2070 2523 HIL,
2089 2495 2116 2517 et
2133 2500 2170 2517 ex
2188 2493 2364 2518 determinata
2383 2494 2474 2519 radice

1416 2526 1451 2558 fit
1470 2526 1540 2550 oliva
1559 2526 1606 2555 sH,
1625 2529 1651 2550 et
1669 2533 1705 2550 ex
1723 2526 1900 2551 determinata
1925 2527 2038 2551 materia
2056 2528 2126 2552 oliva
2145 2529 2182 2559 sl,
2201 2531 2228 2552 et
2245 2536 2282 2553 ex
2301 2528 2477 2553 determinata

1422 2560 1493 2585 oliva
1509 2561 1545 2594 fit
1564 2561 1661 2592 planta
1680 2562 1730 2591 sL,
1753 2565 1779 2586 et
1797 2569 1834 2586 ex
1857 2562 2032 2586 determinato
2055 2563 2154 2587 semine
2177 2563 2261 2588 olivae
2286 2564 2369 2594 oliva,
2396 2567 2422 2588 et
2440 2571 2477 2588 ex

1424 2595 1601 2620 determinata
1617 2597 1730 2620 materia
1742 2597 1778 2629 fit
1790 2600 1880 2621 statua
1894 2597 1934 2621 vel
1946 2597 2021 2622 aliud
2033 2598 2172 2630 artificiale
2186 2598 2215 2623 C.
2224 2612 2244 2616 —
2257 2598 2330 2628 Infra,
2346 2606 2393 2631 pro
2407 2599 2477 2624 inter

1423 2631 1564 2660 sensibilia,
1580 2631 1649 2656 inter
1663 2632 1800 2656 seminalia
1814 2631 1909 2656 habent
1927 2633 2027 2657 codices
2046 2633 2195 2664 ACKTVX,
2211 2633 2279 2658 inter
2292 2634 2425 2658 sensualia
2439 2635 2475 2659 al.

1423 2666 1556 2691 sensibilia
1575 2666 1652 2691 habet
1670 2667 1695 2691 S.

2508 412 2519 422 ⁸
2528 413 2551 432 et
2557 417 2664 436 cexsrvx.
2671 418 2719 433 om.

2509 441 2552 459 cet.
2568 444 2616 459 exc.
2631 445 2718 460 nunno.

2506 1105 2516 1116 ⁸
2530 1105 2641 1127 hominem
2656 1112 2692 1127 Ec.

2507 1206 2518 1216 ⁸
2531 1211 2574 1226 nos
2589 1212 2635 1226 om.
2651 1206 2701 1227 pah.

2506 1261 2517 1271 ⁸
2532 1266 2560 1281 ea
2571 1260 2638 1282 codd.
2652 1265 2673 1282 et
2688 1267 2711 1282 a.

2507 1471 2518 1481 ⁸
2526 1471 2574 1492 dici
2583 1472 2618 1493 vel
2627 1479 2674 1494 om.
2683 1479 2717 1494 uz.

2531 1685 2669 1712 inferiorum
2689 1693 2717 1708 Ac

2505 1717 2586 1733 Ντνγῑ.

2504 1742 2516 1752 ⁸
2530 1743 2674 1770 superiorum
2689 1750 2709 1764 z.

2504 1791 2516 1802 ⁸
2530 1792 2605 1811 autem
2619 1797 2687 1812 uuaz.

2502 1895 2513 1906 ⁸
2528 1895 2589 1917 Lect.
2598 1901 2645 1923 seq.
2658 1901 2680 1917 n.
2693 1896 2715 1917 8.

2504 1928 2566 1949 seqq.

2501 2053 2513 2063 ⁸
2526 2054 2603 2100 Zingis
2614 2061 2661 2076 om.
2677 2060 2713 2076 ΡΠ

2501 2085 2530 2100 na
2547 2095 2552 2101 .

2504 2213 2515 2224 ⁸
2530 2215 2552 2233 el
2562 2213 2627 2234 aliud
2640 2212 2692 2234 add.
2701 2218 2714 2233 Ε

2505 2245 2541 2260 ro.
