2898 3996
173 2303 181 2311 “
198 2301 262 2323 Lect.
279 2307 294 2323 1.

172 2511 181 2519 ⁶
197 2509 263 2530 Lect.
274 2516 295 2530 v.

175 2538 194 2545 ⁶·
211 2535 327 2557 dividitur
337 2542 385 2556 om.

177 2563 228 2589 pah,
242 2566 263 2584 et
275 2562 305 2583 ita
320 2562 386 2584 infra.

177 2673 188 2683 ⁴
203 2672 265 2694 Lect.
282 2679 330 2700 seq.

175 2939 183 2947 ·
199 2937 269 2958 Num.
286 2943 320 2958 ιο.

177 3098 185 3105 ”
200 3096 271 3117 Νιιιιι.
286 3102 308 3124 9.

180 3304 188 3312 ·
203 3302 273 3324 Num.
289 3308 309 3330 3.

178 3355 189 3366 ·
205 3354 275 3376 Num.
289 3361 312 3380 4.

418 282 492 317 228

1051 282 1397 319 PHYSICORUM
1424 284 1772 321 ARISTOTELIS
1802 285 1895 322 LIB.
1925 285 1961 322 V

413 359 454 389 ‘H
485 358 544 413 μὲν
583 357 637 390 οὖν
673 359 770 390 κατοί
784 341 1010 414 συμβεβηκὸς
1045 358 1224 412 μεταβολή
1259 359 1414 414 ἀφείσθω·
1445 359 1478 392 ἐν
1534 362 1749 393 *Secundum
1765 362 1895 403 quidem
1917 362 2013 404 igitur
2030 364 2172 396 accidens
2198 367 2332 398 mutatio
2361 367 2549 399 dimittatur:
2566 368 2600 399 in

485 401 591 434 ἅπασί
625 415 662 434 τε
687 402 752 448 γάρ
782 402 854 434 ἐστι
885 405 942 434 καὶ
971 403 1021 434 ἀεὶ
1052 404 1111 434 καὶ
1142 401 1295 436 πάντων·
1321 415 1341 439 η
1367 398 1404 435 δε
1432 403 1478 447 μη

481 446 577 478 κατὰ
600 447 810 489 συμβεβηκὸς
837 446 895 478 οὐκ.
921 446 953 478 ἑν
981 445 1121 488 ἅπασιν,
1142 445 1216 479 ἀλλ’
1238 446 1271 479 ἐν
1297 451 1368 485 τοῖς
1387 448 1481 480 ἐναν-

482 493 565 528 τίοις
590 490 681 522 καὶ’
673 503 704 522 εν
730 495 802 529 τοῖς
827 490 958 533 μεταξυ
983 493 1040 523 καὶ
1067 492 1099 523 ὲν
1127 491 1316 534 ἀντιφάσει.
1348 491 1478 525 Τουτου

483 531 519 566 δὲ
545 537 656 572 πίστις
683 534 718 566 ἑκ
744 536 806 573 τῆς
837 536 968 589 ἐπαγω
982 536 1032 572 ἧς.

410 579 469 610 Ἐκ
494 574 531 610 δὲ
558 581 619 610 τοῦ
645 578 754 623 αξετα
759 592 776 610 υ
801 591 840 622 με
845 579 961 619 ταβοίλ
987 591 1014 611 ει
1042 580 1102 620 [ὠς
1128 578 1163 620 ἐξ
1187 578 1378 633 εναντίου].

483 634 542 654 ται
565 623 630 669 γάρ
658 623 752 665 αὐτῷ
778 625 819 661 ὠς
845 625 985 664 ἐναντίῳ
1012 623 1084 656 ὄντι
1110 623 1190 678 πρὸς
1212 622 1314 657 eudes
1318 634 1386 665 ρον·
1407 635 1479 656 εστι

482 666 545 711 γάρ
571 679 640 705 πως
666 668 707 700 τὸ
732 667 863 712 μεταξυ
893 668 940 700 τοὶ
965 669 1064 712 ἄκρα.
1100 668 1156 700 Διὸ
1180 670 1237 700 καὶ
1263 669 1371 700 τοῦτο
1397 680 1476 712 προς

482 712 592 743 ἐκεῖνα
616 710 711 743 καὶ’
701 716 812 744 εκεῖνα
837 712 915 756 πρὸς
942 713 1048 744 τοῦτο
1073 712 1214 767 λέγεταί
1234 725 1303 749 πως
1321 711 1476 753 ἐναντία,

482 756 549 787 οἷον
576 757 596 792 ἡ
623 756 706 809 μέση
734 757 853 800 βαρεῖα
879 756 958 810 πρὸς
985 769 1047 793 την
1072 769 1179 794 νητην
1203 758 1262 788 καὶ
1288 755 1381 797 ὀξεῖα
1390 757 1478 810 πρὸς

483 800 546 836 τήν
574 800 731 842 ύποίτην,
762 803 819 833 καὶ
846 801 887 833 τὸ
913 801 1010 854 φαιὸν
1034 801 1150 833 λευκὸν
1185 801 1264 846 πρὸς
1290 801 1331 834 τό
1357 811 1396 844 με
1385 800 1477 842 ίλοιν,

481 846 538 876 καὶ
564 843 670 889 μέλαν
697 845 776 890 πρὸς
804 845 844 878 τὸ
869 844 1000 879 λευκόν.

467 960 607 988 8ΥΝοι>3ι3
635 977 668 981 --
700 970 723 987 ι.
746 961 955 997 Argumentum
978 966 1006 988 et
1029 959 1131 988 divisio
1153 966 1245 988 textus
1266 966 1294 988 et
1315 959 1387 988 libri.
1416 959 1481 987 Tri-

409 999 529 1038 pliciter
543 999 725 1037 distinguitur
739 1006 835 1028 motus
846 1009 904 1037 per
917 1009 948 1028 se
962 1009 979 1028 a
994 1006 1076 1027 motu
1089 1009 1144 1037 per
1158 999 1293 1029 accidens
1305 1015 1326 1022 ·-
1339 1006 1366 1028 2.
1382 999 1480 1028 Primo

413 1049 447 1067 ex
468 1046 547 1076 parte
575 1040 697 1068 mobilis.
722 1041 797 1067 Nam
818 1049 905 1067 omne
927 1040 1008 1076 quod
1028 1046 1249 1075 transmutatur,
1270 1038 1361 1068 tribus
1385 1039 1480 1068 modis

414 1079 517 1107 dicitur
537 1079 734 1107 transmutari:
750 1081 777 1115 α)
789 1088 846 1117 per
867 1079 1010 1113 accidens,
1026 1079 1098 1107 sicut
1119 1089 1186 1108 cum
1200 1079 1322 1108 dicimus
1336 1079 1478 1107 musicum

413 1119 576 1154 ambulare;
599 1120 626 1155 b)
648 1119 828 1156 simpliciter,
844 1119 895 1147 sed
916 1119 1074 1147 secundum
1089 1125 1208 1165 partem
1224 1120 1291 1155 (hoc
1312 1125 1355 1147 est
1376 1128 1477 1147 secun-

414 1159 482 1186 dum
511 1159 624 1194 aliud),
647 1159 719 1187 sicut
747 1168 851 1195 corpus
873 1158 976 1187 dicitur
1003 1168 1112 1194 sanari,
1135 1167 1203 1196 quia
1224 1165 1341 1187 sanatur
1361 1158 1478 1195 oculus;

413 1200 439 1233 c)
454 1207 548 1235 neque
563 1199 723 1227 secundum
738 1198 879 1234 accidens,
895 1208 989 1236 neque
1004 1199 1164 1227 secundum
1177 1205 1299 1236 partem,
1319 1199 1370 1227 sed
1379 1199 1479 1236 primo

413 1244 440 1266 et
457 1247 515 1276 per
529 1247 576 1272 se,
599 1238 671 1266 sicut
685 1238 877 1275 calefactibile
892 1245 1024 1267 movetur
1045 1240 1203 1267 secundum
1219 1237 1444 1267 calefactionem.
1461 1255 1479 1260 —

415 1279 440 1306 3.
463 1279 597 1307 Secundo
620 1288 653 1307 ex
674 1284 755 1315 parte
776 1278 925 1307 moventis.
949 1279 1023 1306 Nam
1045 1278 1131 1307 etiam
1153 1287 1273 1306 movens
1291 1278 1394 1306 dicitur
1415 1287 1478 1306 mo—

412 1327 478 1346 vere
500 1318 659 1355 tripliciter.
682 1320 710 1354 a)
728 1327 786 1355 per
806 1318 955 1352 accidens,
978 1318 1050 1346 sicut
1072 1318 1198 1347 musicus
1220 1317 1366 1352 aedificat3
1379 1317 1412 1362 ,¹⁷)
1434 1327 1478 1345 se-

412 1359 538 1386 cundum
548 1364 675 1396 partem,
690 1358 862 1395 inquantum
876 1357 973 1395 aliqua
992 1367 1059 1395 pars
1074 1358 1135 1386 eius
1155 1363 1265 1391 movet3
1287 1358 1313 1392 c)
1331 1356 1431 1394 primo
1452 1362 1480 1385 et

408 1407 467 1436 per
487 1408 534 1433 se,
565 1398 637 1427 sicut
658 1398 785 1426 medicus
807 1404 897 1426 sanat.
920 1414 939 1419 -
958 1407 988 1444 4.
1010 1399 1117 1426 Textus
1147 1397 1313 1425 subdivisio.
1341 1395 1477 1433 Quinque

412 1437 574 1466 necessaria
588 1438 625 1466 ad
644 1443 766 1472 motum,
788 1437 894 1466 scilicet
910 1438 1040 1475 primum
1056 1447 1183 1471 movens,
1197 1446 1216 1465 a
1230 1445 1288 1474 quo
1310 1444 1415 1472 nempe
1437 1442 1479 1464 est

412 1477 586 1515 principium
608 1484 714 1513 motus,
736 1477 896 1505 subiectum
918 1477 1031 1512 mobile,
1054 1483 1166 1514 tempus
1187 1476 1216 1504 in
1238 1485 1297 1513 quo
1315 1481 1358 1503 est
1371 1481 1478 1512 motus,

412 1524 441 1546 et
462 1519 521 1546 duo
542 1518 666 1553 termini,
681 1527 756 1545 unus
771 1525 789 1544 a
803 1526 857 1554 quo
872 1516 970 1553 incipit
985 1523 1091 1551 motus,
1110 1523 1137 1544 et
1151 1516 1223 1544 alius
1239 1516 1267 1543 in
1282 1524 1365 1553 quem
1381 1522 1478 1544 motus

411 1558 551 1595 procedit.
574 1575 593 1579 -
616 1558 641 1585 5.
665 1557 831 1585 Subiectum
854 1557 934 1593 quod
954 1556 1052 1594 primo
1074 1561 1102 1583 et
1118 1565 1176 1594 per
1197 1564 1227 1584 se
1249 1561 1390 1592 movetur,
1409 1556 1479 1584 alte-

412 1608 477 1626 rum
499 1604 542 1626 est
562 1599 598 1626 ab
619 1604 743 1633 utroque
764 1596 903 1624 termino:
926 1605 993 1624 narn
1016 1602 1112 1624 motus
1134 1601 1176 1623 est
1197 1595 1226 1623 in
1247 1595 1376 1624 subiecto
1398 1596 1478 1633 quod

412 1644 553 1672 movetur,
569 1646 630 1665 non
644 1643 740 1665 autem
763 1636 792 1664 in
813 1636 911 1673 aliquo
932 1635 1132 1672 terminorum,
1156 1635 1204 1672 qui
1219 1644 1272 1663 nec
1293 1642 1411 1664 movent
1425 1645 1478 1664 nec

412 1684 574 1706 moventur.
598 1694 616 1698 -
636 1678 773 1704 Attamen
795 1678 875 1722 quod
897 1682 1030 1704 movetur
1046 1686 1104 1714 per
1131 1675 1278 1709 accidens,
1299 1682 1395 1712 potest
1416 1685 1478 1704 esse

412 1718 534 1746 alterum
562 1717 771 1745 terminorum:
800 1716 930 1761 privatio
959 1716 1036 1744 enim
1065 1722 1093 1744 et
1120 1715 1300 1744 contrarium
1326 1722 1479 1743 moventur

412 1767 463 1795 per
484 1757 624 1785 accidens.
646 1772 667 1779 -
688 1757 714 1785 6.
737 1758 791 1784 Per
813 1755 1004 1784 mutationem
1026 1756 1152 1784 aufertur
1174 1754 1314 1784 terminus
1335 1764 1353 1783 a
1374 1764 1428 1792 quo
1450 1761 1478 1783 et

637 1880 710 1917 ’4⁸
722 1887 742 1913 μ
755 1874 931 1916 ostquam
943 1866 1198 1915 Philosophus
1213 1865 1478 1903 determinavit

687 1935 742 1985 Ἦ
756 1921 803 1957 de
818 1927 927 1957 motu
942 1927 978 1956 et
993 1919 1039 1956 de
1050 1919 1109 1956 his
1125 1931 1222 1967 quae
1235 1930 1475 1978 consequun-

504 1801 734 2125 Ὶῷψ

490 2046 508 2058 <v

499 2119 502 2127 ,

689 1974 738 2023 ,λ
755 1980 815 2009 tur
837 1981 987 2010 motum
1006 1972 1045 2009 in
1071 1972 1283 2019 communi,
1312 1972 1373 2008 hic
1399 1971 1475 2008 iam

740 2067 741 2070 Ἰ
760 2026 904 2063 accedit
922 2026 971 2063 ad
986 2025 1235 2063 dividendum
1254 2032 1415 2061 motum.
1429 2025 1478 2061 Et

689 2076 743 2110 ff
756 2078 933 2116 dividitur
957 2078 996 2115 in
1015 2086 1141 2127 partes
1162 2078 1266 2115 duas.
1293 2079 1336 2115 In
1353 2077 1477 2127 prima

651 2127 654 2129 ⁵
695 2148 699 2150 >
724 2118 830 2180 ‘agit
849 2133 895 2169 de
916 2131 1100 2170 divisione
1117 2139 1244 2169 motus
1264 2131 1475 2168 secundum

413 2186 519 2236 quod
540 2186 738 2223 dividitur
731 2198 769 2222 m
793 2185 954 2234 species;
984 2185 1022 2221 in
1042 2185 1208 2222 secunda
1223 2184 1270 2222 de
1291 2184 1476 2221 divisione

414 2248 542 2278 motus
557 2240 594 2276 in
608 2247 734 2288 partes
753 2238 1032 2287 quantitativas,
1054 2245 1090 2274 et
1103 2237 1200 2274 hoc
1192 2250 1231 2274 in
1247 2245 1352 2274 sexto
1367 2237 1476 2284 libro,

414 2294 484 2330 ibi:
514 2293 556 2329 Si
581 2299 704 2329 autem
730 2298 783 2328 est
809 2292 1025 2328 continuum
1049 2292 1069 2312 ·
1094 2298 1161 2327 etc.
1194 2290 1322 2327 Prima
1350 2298 1477 2327 autem

413 2359 501 2395 pars
521 2345 725 2383 dividitur
718 2358 757 2382 ιιι
778 2345 871 2382 duas
891 2351 918 2381 α.
941 2345 982 2380 In
997 2344 1121 2393 prima
1142 2343 1216 2391 agit
1231 2343 1277 2380 de
1294 2343 1477 2381 divisione

414 2407 541 2437 motus
560 2399 599 2436 in
625 2412 711 2436 suas
735 2398 897 2447 species3
917 2397 955 2434 in
984 2397 1152 2434 secunda
1175 2396 1248 2444 agit
1273 2396 1319 2433 de
1337 2397 1478 2434 unitate

415 2461 451 2490 et
480 2453 720 2502 oppositione
744 2459 883 2498 motus,
905 2450 977 2487 ibi:
1006 2452 1095 2487 Post
1120 2451 1212 2487 haec
1235 2455 1360 2487 autem
1378 2450 1478 2486 dica-

415 2518 498 2542 mus
513 2506 602 2554 quid
619 2512 673 2543 est
689 2505 823 2542 simul
811 2506 830 2526 ’³‘
846 2512 915 2541 etc.
928 2503 1057 2540 Prima
1072 2503 1251 2540 dividitur
1261 2503 1323 2524 *³*
1317 2516 1354 2540 ιιι
1371 2503 1476 2540 duas.

415 2561 458 2596 In
489 2559 613 2608 prima
646 2558 835 2606 distinguit
868 2564 1018 2594 motum
1051 2568 1120 2605 per
1154 2569 1193 2593 se
1223 2569 1245 2593 a
1272 2564 1380 2593 motu
1412 2568 1481 2604 per

416 2612 610 2658 accidens;
632 2612 670 2649 in
691 2611 857 2649 secunda
873 2610 1005 2648 dividit
1023 2617 1173 2646 motum
1191 2621 1261 2657 per
1275 2621 1315 2645 se
1335 2609 1373 2645 in
1393 2621 1479 2645 suas

417 2665 573 2714 species,
596 2665 665 2702 ibi·
691 2665 877 2707 Quoniam
897 2669 1022 2700 autem
1051 2662 1172 2699 omnis
1195 2662 1389 2698 mutatio*
1409 2669 1477 2698 etc.

417 2719 545 2756 Prima
565 2718 769 2756 dividitur
762 2730 800 2754 in
829 2718 934 2754 duas.
958 2715 1002 2752 In
1029 2715 1152 2764 prima
1179 2714 1370 2762 distinguit
1396 2726 1478 2751 mo-

416 2780 499 2808 tum
536 2784 605 2820 per
641 2784 681 2808 se
710 2784 732 2808 a
769 2778 877 2807 motu
910 2781 979 2817 per
1016 2767 1206 2813 accidens3
1236 2767 1275 2804 in
1312 2767 1479 2804 secunda

416 2825 794 2874 praetermittendum
823 2824 934 2860 docet
953 2827 1102 2857 motum
1126 2831 1195 2868 per
1223 2820 1414 2867 accidens,
1446 2827 1481 2856 et

417 2877 746 2916 determinandum
776 2888 858 2912 esse
878 2874 925 2912 de
954 2881 1061 2910 motu
1081 2885 1150 2922 per
1178 2885 1229 2919 se,
1254 2873 1321 2909 ibi:
1343 2874 1479 2910 Secun-

416 2932 505 2968 dum
535 2931 681 2979 quidem
704 2929 819 2978 igitur
846 2927 1017 2964 accadens
1036 2927 1055 2947 '¹‘
1075 2933 1143 2963 ete.
1175 2926 1284 2962 Circa
1310 2926 1479 2974 primum

417 2986 493 3022 duo
523 2983 623 3020 tacit:
652 2982 776 3031 primo
802 2979 992 3028 distinguit
1014 2986 1163 3016 motum
1182 2991 1251 3027 per
1269 2991 1309 3016 se
1330 2991 1352 3016 a
1371 2987 1479 3016 motu

415 3049 484 3086 per
521 3036 716 3081 accidens;
747 3035 914 3071 secundo
954 3032 1115 3081 epilogat
1150 3031 1366 3081 praedicta,
1401 3031 1477 3068 ibi.

421 3089 615 3132 Quomodo
635 3088 817 3137 quidem*
837 3093 905 3123 etc.
932 3085 1132 3133 Distinguit
1151 3092 1278 3121 autem
1298 3084 1336 3121 in
1355 3084 1478 3133 prima

414 3149 521 3192 parte
550 3149 698 3178 motum
726 3153 795 3190 per
820 3151 859 3176 se
885 3151 907 3176 a
931 3146 1039 3176 motu
1058 3149 1126 3187 per
1149 3137 1336 3185 accidens,
1365 3137 1477 3186 tripli-

417 3196 521 3233 citer:
551 3195 675 3244 primo
705 3193 860 3252 quidem
890 3204 934 3229 ex
965 3199 1070 3240 parte
1108 3190 1277 3237 mobi1is3
1308 3190 1476 3227 secundo

417 3261 462 3286 ex
489 3256 594 3297 parte
623 3246 829 3293 moventis,
858 3245 924 3282 ibi:
954 3247 1022 3283 Est
1047 3250 1172 3282 autem
1201 3249 1235 3280 et
1261 3244 1298 3280 in
1326 3254 1476 3280 moven-

417 3308 450 3338 te
497 3303 516 3323 ’¹‘
546 3308 627 3346 etc.;
657 3300 765 3337 tertio
795 3311 839 3336 ex
867 3306 972 3347 parte
998 3297 1159 3345 termini,
1189 3297 1256 3334 ibi:
1291 3297 1476 3339 Quoniam

417 3360 540 3391 autem
569 3329 627 3390 «act⁷
653 3353 795 3401 aliquid
827 3353 846 3373 ²*
874 3359 942 3389 etc.

472 3418 506 3443 2.
527 3406 626 3443 Dicit
660 3418 748 3454 ergo
781 3405 905 3454 primo
934 3404 1040 3454 quod
1068 3416 1183 3441 omne
1211 3408 1475 3450 transmutans,

472 3546 498 3578 α)
518 3546 608 3571 Rima
627 3550 714 3571 autem
729 3554 796 3578 pars
815 3546 944 3571 dividitur
964 3546 988 3570 in
1010 3545 1116 3570 duait.-
1130 3547 1218 3570 autem
1236 3551 1289 3568 om.
1304 3543 1410 3574 DHQR,
1429 3550 1477 3568 au-

419 3585 470 3606 tem
481 3589 548 3613 pars
561 3589 613 3606 om.
628 3581 657 3611 F,
670 3585 757 3606 autem
767 3589 833 3613 pars
844 3581 974 3606 dividitur
983 3588 1036 3605 om.
1049 3581 1111 3605 Pab.
1121 3594 1141 3599 -
1150 3580 1263 3612 Pergunt
1273 3579 1333 3604 EG:
1346 3578 1375 3603 1η
1385 3578 1477 3611 prima

419 3616 486 3641 enim
501 3616 559 3649 agit
575 3616 606 3640 de
619 3616 746 3641 divisione
756 3619 842 3642 motus
854 3616 996 3641 secundum
1010 3616 1082 3649 quod
1092 3615 1222 3641 dividitur
1232 3614 1258 3640 in
1269 3614 1366 3646 species
1380 3621 1450 3640 suas.

1601 406 1750 437 omnibus
1773 406 1859 438 enim
1875 414 1930 446 est,
1955 413 1986 439 et
2006 417 2148 449 semper,
2171 416 2203 440 et
2228 410 2384 442 omnium.
2415 411 2505 449 Quae
2523 422 2598 443 vero

1601 461 1666 481 non
1683 451 1859 481 secundum
1882 451 2025 482 accidens
2042 459 2098 491 est,
2118 463 2184 484 non
2199 454 2292 492 estin
2308 455 2480 494 omnibus3
2497 456 2599 487 sedin

1601 495 1762 525 contrariis
1779 501 1810 526 et
1832 495 1954 534 mediis,
1972 503 2002 527 et
2027 496 2060 526 in
2084 497 2339 530 contradictione.
2364 498 2469 529 Huius
2492 507 2599 532 autem

1600 538 1676 569 fides
1700 549 1737 569 ex
1759 539 1942 570 inductione
1965 546 2021 571 est.

1534 582 1582 613 Ex
1596 583 1702 613 medio
1722 590 1828 614 autem
1845 590 2001 615 mutatur:
2022 584 2121 615 utitur
2143 585 2228 615 enim
2251 586 2321 626 ipso
2346 586 2427 618 sicut
2441 588 2530 628 quod
2553 593 2599 619 est

1601 627 1792 658 contrarium
1816 628 1855 658 ad
1879 634 2059 669 utrumque.
2084 629 2141 660 Est
2159 629 2244 660 enim
2267 630 2509 671 quodammodo
2531 641 2599 662 me-

1601 671 1690 701 dium
1725 671 1844 702 ultima.
1879 672 1970 703 Unde
2001 679 2031 703 et
2062 673 2124 704 hoc
2158 674 2197 704 ad
2226 673 2361 711 i11a‚et
2387 675 2441 706 illa
2470 675 2510 706 ad
2537 675 2599 707 hoc

1600 715 1842 755 quodammodo
1862 716 2010 747 dicuntur
2033 717 2205 748 contraria.
2230 725 2266 749 ut
2287 728 2349 749 vox
2371 718 2476 750 media
2497 719 2599 759 gravis

1601 759 1640 788 ad
1663 758 1819 799 ultimam,
1836 760 1958 791 subtilis
1973 761 2012 791 ad
2029 768 2218 800 extremam,
2243 769 2273 793 et
2293 762 2419 794 fuscum
2435 763 2543 794 album
2559 763 2599 794 ad

1600 802 1742 842 nigrum,
1768 810 1799 834 et
1821 804 1947 844 nigrum
1970 805 2010 835 ad
2033 805 2150 836 album.

1535 959 1692 997 acquiritur
1713 959 1851 989 terminus
1872 961 1911 989 ad
1931 970 2031 999 quem:
2052 963 2129 991 unde
2157 963 2278 991 mutatio
2298 963 2411 992 videtur
2437 972 2597 1001 repugnare

1534 999 1660 1028 termino
1679 1009 1696 1029 a
1717 1010 1776 1038 quo
1798 1007 1826 1028 et
1847 1001 2077 1030 convenientiam
2091 1003 2196 1030 habere
2217 1012 2284 1031 cum
2304 1002 2429 1031 termino
2447 1004 2484 1031 ad
2499 1012 2596 1048 quem,

1535 1046 1562 1068 et
1575 1039 1642 1068 ideo
1657 1048 1674 1068 a
1685 1041 1808 1069 termino
1822 1041 1861 1069 ad
1875 1050 1958 1078 quem
1973 1042 2070 1080 magis
2083 1042 2327 1073 denominatum-
2307 1052 2365 1079 -.7
2381 1043 2484 1071 Utrum
2499 1043 2596 1072 termi-

1534 1079 1563 1107 ni
1578 1086 1684 1116 motus,
1700 1079 1772 1108 sicut
1793 1080 1913 1116 albedo,
1935 1089 1969 1108 ex
1990 1091 2049 1118 quo
2063 1090 2125 1109 non
2140 1088 2307 1116 moventur,
2322 1091 2372 1110 seu
2394 1091 2454 1110 non
2469 1089 2535 1110 sunt
2549 1092 2596 1111 su-

1533 1119 1659 1147 biectum
1681 1127 1792 1155 motus,
1815 1119 1872 1148 sint
1892 1127 1989 1148 motus
2010 1120 2147 1158 quidam?
2169 1122 2369 1157 Respondetur
2395 1122 2475 1158 quod
2496 1121 2519 1150 si
2540 1122 2597 1151 hoc

1533 1165 1666 1195 ponatur,
1689 1159 1818 1196 sequitur
1833 1159 2047 1195 inconveniens,
2069 1169 2174 1196 nempe
2189 1161 2269 1197 quod
2283 1167 2380 1188 motus
2401 1160 2437 1188 sit
2457 1160 2597 1190 terminus

1533 1205 1646 1227 motus:
1674 1199 1753 1227 unde
1780 1208 1841 1227 non
1868 1205 1910 1227 est
1938 1199 2093 1237 dicendum
2121 1200 2200 1236 quod
2227 1200 2331 1228 albedo
2353 1199 2388 1228 sit
2415 1207 2525 1236 motus,
2545 1201 2597 1229 sed

1533 1238 1685 1266 dealbatio.
1707 1255 1726 1260 —
1748 1239 1775 1266 8.
1799 1237 1875 1273 Quia
1895 1238 2010 1266 termini
2030 1245 2127 1266 motus
2148 1245 2215 1268 sunt
2235 1239 2313 1268 aliud
2330 1248 2348 1268 a
2362 1239 2462 1268 mobili
2483 1246 2511 1268 et
2531 1249 2596 1268 mo-

1532 1284 1624 1312 vente,
1653 1277 1788 1305 dividitur
1812 1278 1897 1306 tertio
1919 1284 2016 1306 motus
2043 1287 2077 1306 ex
2098 1285 2178 1315 parte
2206 1279 2410 1314 terminorum,
2437 1280 2595 1308 secundum

1533 1326 1607 1353 quos
1622 1323 1716 1353 potest
1731 1317 1834 1345 iterum
1848 1317 1938 1353 accipi
1959 1317 1989 1345 in
2003 1324 2086 1346 motu
2100 1317 2207 1355 aliquid
2229 1319 2308 1355 quod
2322 1325 2364 1347 est
2374 1328 2432 1357 per
2452 1319 2596 1354 accidens,

1533 1363 1560 1384 et
1582 1356 1691 1393 aliquid
1715 1357 1796 1393 quod
1825 1363 1867 1384 est
1894 1357 2051 1388 secundum
2075 1363 2192 1396 partem
2219 1363 2247 1386 et
2267 1359 2424 1387 secundum
2452 1359 2546 1394 aliud,
2567 1365 2597 1388 et

1532 1395 1641 1433 aliquid
1663 1397 1743 1433 quod
1764 1402 1807 1424 est
1823 1396 1924 1434 primo
1951 1402 1979 1425 et
1995 1406 2054 1435 per
2074 1406 2114 1426 se.
2136 1398 2288 1426 Ponuntur
2308 1398 2447 1444 exempla,
2469 1405 2497 1427 et
2519 1399 2598 1427 acci-

1532 1435 1650 1472 piuntur
1671 1445 1704 1464 ex
1726 1442 1806 1472 parte
1832 1436 1947 1464 termini
1974 1437 2012 1465 ad
2033 1445 2130 1474 quem,
2154 1437 2223 1475 quia
2243 1437 2289 1466 hic
2309 1437 2399 1475 magis
2427 1437 2597 1467 denominat

1533 1482 1655 1504 motum.
1672 1493 1691 1497 -
1706 1475 1788 1504 Ratio
1809 1485 1899 1512 quare
1920 1485 1981 1504 non
2000 1476 2140 1505 dividitur
2155 1483 2252 1506 motus
2266 1486 2300 1506 ex
2313 1483 2394 1514 parte
2414 1477 2561 1514 temporis.
2577 1494 2598 1500 -

1532 1524 1559 1552 9.
1582 1515 1770 1552 Epilogantur
1790 1514 1944 1552 praedicta.
1960 1533 1979 1537 —
1997 1525 2040 1544 10.
2062 1516 2184 1545 Mutatio
2205 1526 2256 1554 per
2276 1516 2408 1546 accidens
2427 1517 2598 1546 dimittenda

1533 1561 1589 1583 est.
1612 1564 1681 1583 nam
1697 1562 1793 1583 motus
1810 1563 1861 1592 per
1881 1555 2014 1584 accidens
2035 1562 2077 1584 est
2097 1555 2351 1593 indeterminatus,
2373 1563 2439 1586 cum
2460 1557 2510 1586 uni
2531 1557 2595 1586 infi-

1532 1594 1591 1623 nita
1611 1594 1723 1631 possint
1744 1594 1882 1631 accidere;
1904 1596 1958 1623 sub
1979 1602 2039 1624 arte
2059 1602 2156 1624 autem
2177 1605 2238 1625 non
2258 1597 2366 1625 cadunt
2386 1596 2440 1625 ιιί3ἰ
2462 1596 2596 1626 determi-

1531 1641 1607 1663 nata.
1622 1650 1642 1655 —
1661 1644 1704 1662 ιι.
1728 1635 1825 1663 Motus
1846 1641 1888 1663 est
1909 1635 1938 1663 in
1959 1635 2071 1670 mediis,
2087 1642 2228 1673 quatenus
2247 1636 2388 1674 contingit
2404 1636 2595 1666 mutationem

1532 1674 1592 1702 fieri
1615 1683 1648 1702 ex
1669 1673 1766 1703 medio
1783 1675 1820 1703 ad
1834 1681 1989 1712 utrumque
2011 1682 2204 1704 extremorum
2226 1682 2255 1704 et
2269 1685 2284 1704 e
2299 1685 2449 1705 converso.
2464 1677 2595 1706 Medium

1532 1713 1609 1742 enim
1631 1720 1773 1751 quatenus
1794 1715 1881 1743 habet
1901 1715 2133 1744 convenientiam
2154 1725 2220 1745 cum
2241 1722 2366 1754 utroque
2393 1722 2531 1752 extremo,
2552 1722 2595 1745 est

1532 1754 1753 1791 quodammodo
1774 1761 1929 1791 utrumque
1950 1754 2089 1791 ipsorum.

1530 1864 1625 1901 idest
1648 1872 1939 1903 transmutatum
1966 1865 1995 1913 β,
2025 1866 2143 1903 tribus
2162 1866 2288 1904 modis
2317 1867 2451 1904 dicitur
2477 1875 2594 1909 trans-

1530 1917 1678 1955 mutari.
1707 1918 1794 1955 Uno
1825 1918 1925 1956 enim
1953 1920 1972 1940 ss
1998 1919 2117 1957 modo
2147 1919 2281 1957 dicitur
2308 1919 2450 1969 aliquid
2476 1927 2593 1958 trans·
2619 1938 2628 1947 ·

1530 1971 1667 2007 mutari
1686 1983 1755 2020 per
1783 1971 1975 2019 accidens,
1998 1972 2094 2010 sicut
2113 1985 2200 2010 curn
2220 1972 2382 2010 dicimus
2402 1973 2593 2011 musicum

1531 2024 1738 2071 ambulare,
1768 2025 1952 2073 quoniam
1982 2026 2002 2047 *³
2030 2025 2091 2062 hic
2109 2026 2240 2072 homo,
2262 2026 2322 2062 cui
2349 2026 2483 2064 accidit
2510 2037 2631 2072 esse,⁴

1531 2077 1732 2122 musicum,
1745 2079 1924 2115 ambulat.
1936 2078 2022 2115 Alio
2041 2078 2160 2115 modo
2176 2078 2310 2116 dicitur
2323 2079 2461 2128 aliquid
2475 2086 2594 2117 trans-

1531 2129 1709 2193 mutari*
1730 2131 1957 2180 simpliciter,
1980 2131 2069 2180 quia
2097 2131 2222 2180 aliqua
2248 2143 2336 2180 pars
2365 2132 2444 2169 eius
2471 2139 2594 2170 muta-
2619 2148 2632 2159 ⁸

1531 2184 1627 2219 tura.

1533 2288 1667 2326 dicitur
1686 2289 1787 2326 enim
1809 2290 1931 2327 sanari
1961 2303 2099 2339 corpus
2127 2290 2309 2339 animalis,
2331 2291 2420 2340 quia
2443 2298 2597 2330 sanatur

1533 2342 1665 2378 oculus
1693 2350 1757 2379 aut
1785 2343 1933 2386 thorax,
1954 2343 2050 2380 idest
2075 2351 2219 2393 pectus,
2240 2356 2337 2392 quae
2361 2351 2448 2382 sunt
2469 2353 2595 2394 partes

1532 2394 1646 2432 totius
1675 2395 1855 2444 corporis.
1881 2396 2012 2432 Tertio
2041 2397 2160 2434 modo
2189 2396 2322 2434 dicitur
2341 2396 2484 2447 aliquid
2510 2409 2594 2436 mo·

1532 2447 1630 2494 veri,
1651 2448 1756 2496 quod
1783 2449 1804 2469 *
1822 2459 1945 2497 neque
1966 2449 2177 2486 secundum
2206 2449 2380 2487 accidens
2404 2458 2593 2499 movetur,
2621 2461 2632 2471 ·

1532 2513 1657 2549 neque
1686 2501 1897 2538 secundum
1916 2509 2081 2550 partem,
2102 2502 2171 2539 sed
2198 2515 2243 2539 ex
2263 2515 2308 2539 eo
2337 2504 2441 2552 quod
2468 2503 2594 2553 ipsum
2650 2502 2656 2508 ’

1533 2560 1711 2591 movetur
1729 2554 1852 2603 primo
1883 2562 1918 2591 et
1944 2567 2014 2603 per
2041 2567 2098 2602 se3
2118 2563 2160 2592 ut
2185 2567 2255 2604 per
2281 2555 2356 2592 hoc
2375 2556 2480 2605 quod
2508 2556 2596 2594 dicit

1526 2607 1655 2654 primo
1678 2607 1707 2653 *,
1726 2608 1944 2645 excludatur
1962 2615 2089 2645 motus
2109 2607 2319 2655 secundum
2337 2616 2504 2658 partem3
2523 2622 2594 2660 per
2621 2624 2630 2633 ·

1533 2659 1571 2696 id
1599 2636 1707 2708 quod⁷
1733 2660 1821 2698 dicit
1849 2661 1869 2682 *
1896 2661 2099 2698 secundum
2126 2673 2183 2708 se,
2219 2661 2439 2699 excludatur
2466 2670 2631 2701 motus·

1531 2724 1600 2760 per
1628 2713 1814 2751 accidens.
1849 2714 1934 2751 Hoc
1962 2722 2090 2751 autem
2117 2726 2186 2763 per
2208 2727 2248 2751 se
2268 2715 2411 2752 mobile
2429 2715 2596 2754 variatur

1533 2766 1744 2803 secundum
1765 2766 1933 2804 diversas
1958 2767 2103 2816 species
2122 2775 2260 2814 motus3
2282 2767 2377 2805 sicut
2404 2769 2594 2807 alterabile

1535 2826 1589 2855 est
1613 2819 1754 2856 mobile
1781 2820 1991 2857 secundum
2020 2820 2292 2868 alterationem,
2314 2828 2350 2858 et
2377 2826 2595 2882 augmenta-

1534 2872 1607 2908 bile
1629 2873 1847 2910 secundum
1874 2881 2132 2922 augmentum.
2162 2875 2212 2911 Et
2238 2874 2374 2911 iterum
2402 2874 2441 2911 in
2469 2874 2599 2924 specie

1534 2925 1760 2962 alterationis
1793 2925 1918 2963 differt
1936 2926 2114 2973 sanabile,
2136 2927 2240 2975 quod
2267 2934 2444 2964 movetur
2462 2939 2594 2965 secun-

1535 2978 1627 3015 dum
1661 2979 1910 3026 sanationem,
1941 2987 1977 3016 et
2005 2979 2256 3028 calefactibile,
2285 2979 2390 3029 quod
2417 2987 2596 3018 movetur

1533 3032 1744 3068 secundum
1774 3031 2068 3069 calefactionem.

1587 3084 1621 3120 3.
1634 3084 1782 3121 Deinde
1798 3097 1885 3121 cum
1902 3085 2003 3122 dicit:
2018 3086 2088 3122 Est
2099 3091 2223 3122 autem
2234 3085 2315 3123 etin
2329 3091 2500 3123 movente
2509 3093 2592 3134 etc,

1532 3135 1721 3184 distinguit
1749 3145 1897 3175 motum
1920 3151 1989 3187 per
2014 3148 2062 3175 ‘se
2082 3151 2104 3175 a
2131 3145 2240 3175 motu
2266 3150 2335 3187 per
2354 3138 2528 3177 accidens
2549 3151 2593 3176 ex

1531 3197 1636 3238 parte
1656 3190 1858 3228 moventis.
1880 3191 1928 3228 Et
1949 3190 2035 3228 dicit
2053 3191 2158 3240 quod
2177 3190 2344 3229 similiter
2361 3191 2554 3241 praedicta
2573 3194 2592 3211 ³

1532 3242 1735 3291 distinctio,
1764 3256 1863 3293 quae
1891 3243 2014 3292 posita
2041 3252 2097 3281 est
2126 3256 2170 3281 ex
2198 3252 2304 3293 parte
2325 3245 2495 3304 mobilis,
2524 3257 2592 3295 po-

1530 3303 1601 3333 test
1628 3296 1767 3334 attendi
1795 3297 1832 3334 in
1851 3298 2082 3334 *rn.ovente
2103 3297 2316 3346 Tripliciter
2339 3298 2440 3335 enim
2461 3297 2629 3335 dicitur·

1531 3349 1669 3409 aliquid
1698 3362 1865 3387 movere.
1893 3351 1979 3388 Uno
2013 3350 2131 3388 modo
2164 3363 2233 3400 per
2269 3351 2460 3398 accidens,
2499 3350 2594 3388 sicut

1531 3403 1698 3440 musicus
1718 3403 1902 3441 aedificat.
1927 3404 2012 3441 Alio
2042 3403 2160 3442 modo
2194 3404 2404 3442 secundum
2433 3411 2590 3454 partem,

1584 3543 1609 3579 β)
1630 3548 1821 3575 transmutans„
1836 3545 1904 3571 idest
1923 3547 2140 3571 transmutatum.
2151 3559 2170 3565 -
2183 3548 2366 3571 transmutans
2384 3547 2410 3570 et
2428 3550 2503 3570 omne
2521 3543 2592 3577 quod

1531 3583 1727 3606 transmutatur
1745 3581 1773 3611 F,
1789 3583 1971 3606 transmutans
1986 3581 2053 3606 idest
2071 3588 2148 3606 omne
2162 3582 2368 3606 transmutatum
2387 3579 2444 3611 MN,
2457 3582 2589 3604 transmu-

1531 3619 1590 3641 tans
1610 3619 1817 3642 transmutatum
1837 3617 1867 3646 S;
1887 3616 1956 3642 idest
1974 3618 2180 3641 transmutatum
2199 3623 2253 3641 om.
2273 3615 2322 3648 pk.

2625 374 2720 398 ‘Text.
2734 375 2758 398 6.

1630 2183 1752 2229 ,sicut
1771 2184 1902 2220 omnia
1921 2197 2019 2233 quae
2040 2184 2214 2221 dicuntur
2229 2184 2364 2221 mutari
2384 2185 2595 2223 secundum
2622 2205 2632 2215 ·
2665 2189 2671 2196 '

1530 2242 1666 2284 partes.
1689 2237 1738 2273 Et
1755 2236 1862 2285 ponit
1881 2237 2132 2286 exemplum
2123 2238 2327 2274 1n*motu
2346 2238 2595 2276 alterationis.
2621 2258 2632 2268 .
2653 2246 2660 2253 ·

2620 3201 2714 3225 'Num
2729 3208 2806 3231 pnec-

2643 3313 2673 3330 εκ
2686 3308 2738 3336 ἐμω
2751 3307 2805 3331 rab.
2836 3301 2854 3342 ᾖ»
