2898 3996
15 511 26 533 ’,
69 511 81 523 ⁴⁸
94 511 194 532 maxime
207 516 243 532 m.

12 1047 13 1050 =
35 1041 38 1044 ⁴
66 1036 79 1048 ⁸
93 1036 118 1057 in
131 1035 182 1057 rab.

25 1130 39 1143 ⁴*
66 1140 78 1149 ·
85 1138 230 1160 voluntarius
238 1144 278 1160 co-

32 1187 39 1194 „
65 1164 132 1186 dices
145 1170 195 1186 exc.
209 1171 260 1186 uu.

1165 270 1274 306 CAP.
1305 270 1353 315 II,
1384 270 1532 306 LECT.
1563 273 1611 307 III

306 360 384 385 uno
404 360 541 395 genere
569 348 664 385 inter
692 349 768 385 duo
798 348 1043 385 determinata
1072 355 1247 394 extrema,
1268 346 1362 383 sicut

307 401 345 437 in
365 401 552 437 coloribus
572 401 667 437 inter
694 401 823 437 album
852 407 888 437 et
915 400 1074 447 nigrum,
1105 400 1143 436 in
1163 399 1360 447 saporibus

306 453 402 489 inter
433 453 541 489 dulce
575 461 610 490 et
641 466 825 490 amarum.
866 454 907 489 In
935 452 1136 500 quantitate
1169 458 1296 487 autem
1325 457 1361 486 et

306 506 403 552 loco,
420 506 579 542 alterum
593 505 749 542 istorum
765 505 959 542 manifeste
976 505 995 525 *²²
1009 503 1206 544 invenitur,
1223 502 1361 538 scilicet

307 558 552 595 continuitas:
581 558 649 595 sed
676 558 794 604 aliud,
828 555 967 593 scilicet
994 555 1160 591 maxima
1189 554 1360 590 distantia

308 610 642 647 determinatorum
663 617 928 654 extremorum,
945 619 1022 644 non
1038 606 1227 643 invenitur
1241 606 1279 642 in
1295 607 1357 653 eis,

307 662 337 699 si
365 662 576 699 secundum
605 672 852 699 communem
880 659 1064 696 rationem
1093 658 1304 706 quantitatis
1325 666 1360 694 et

306 715 378 751 loci
406 714 651 763 accipiantur3
680 713 748 750 sed
776 713 900 748 solum
929 711 1139 747 secundum
1167 711 1272 758 quod
1300 723 1359 747 ac-

308 767 493 816 cipiuntur
511 767 550 803 in
568 766 692 814 aliqua
711 777 750 801 re
771 763 1036 809 determinata;
1066 763 1160 799 sicut
1178 763 1216 799 in
1235 763 1359 811 aliqua

307 819 432 867 specie
465 817 636 855 animalis
672 817 733 853 vel
764 817 913 864 plantae
952 823 1006 851 est
1042 815 1165 863 aliqua
1202 815 1359 852 minima

307 871 502 920 quantitas,
520 881 543 906 a
570 881 646 917 qua
662 868 790 916 incipit
808 875 934 904 motus
959 868 1160 915 augmenti,
1182 875 1218 904 et
1236 868 1359 916 aliqua

306 922 483 967 maxima,
513 921 562 957 ad
589 933 705 969 quarn
733 920 963 957 terminatur.
995 920 1171 956 Similiter
1191 920 1301 956 etiam
1321 920 1359 956 in

305 975 390 1010 loco
423 974 664 1011 inveniuntur
697 973 772 1010 duo
801 972 950 1009 termini
985 972 1148 1008 maxime
1184 972 1359 1008 distantes

304 1038 372 1075 per
391 1025 714 1074 comparationem
733 1025 781 1062 ad
809 1032 957 1061 motum
986 1025 1162 1072 aliquem,
1183 1036 1206 1060 a
1223 1025 1243 1044 ³⁴
1267 1036 1359 1072 quo-

306 1091 390 1115 rum
418 1091 496 1115 uno
530 1078 658 1126 incipit
684 1085 830 1124 motus,
860 1085 896 1114 et
918 1077 957 1113 in
990 1077 1092 1113 aliud
1119 1076 1358 1122 terminatur,

305 1132 384 1168 sive
413 1132 459 1168 sit
481 1139 608 1167 motus
636 1130 813 1167 naturalis
840 1129 920 1166 sive
946 1129 1135 1166 violentus
1164 1129 1194 1164 *.

359 1197 394 1232 7.
411 1183 558 1220 Deinde
575 1195 662 1220 curn
679 1183 775 1219 dicit:
791 1182 926 1230 Neque
940 1187 994 1218 est
1005 1182 1043 1218 in
1057 1182 1108 1218 ad
1120 1181 1261 1228 aliquid
1275 1188 1355 1226 etc.,

305 1237 468 1273 ostendit
487 1235 592 1284 quod
611 1247 688 1272 non
708 1243 763 1272 est
781 1242 908 1271 motus
927 1234 965 1271 in
984 1246 1120 1282 genere
1140 1234 1191 1270 ad
1207 1233 1357 1281 aliquid.

306 1291 348 1326 In
376 1300 621 1337 quocumque
655 1288 755 1324 enim
784 1299 919 1335 genere
957 1294 1012 1323 est
1047 1299 1117 1335 per
1143 1299 1184 1323 se
1212 1293 1358 1331 motus,

305 1342 396 1379 nihil
424 1341 520 1378 illius
548 1340 694 1388 generis
723 1340 768 1377 de
797 1352 900 1377 novo
930 1339 1118 1376 invenitur
1144 1339 1182 1375 in
1211 1338 1358 1386 aliquo,

306 1395 448 1442 absque
481 1394 560 1430 eius
592 1393 820 1438 mutatione3
859 1392 952 1429 sicut
983 1404 1108 1429 novus
1146 1392 1250 1427 color
1281 1402 1359 1426 non

305 1447 494 1484 invenitur
521 1446 558 1482 in
586 1445 712 1494 aliquo
741 1446 907 1482 colorato
941 1445 1083 1492 absque
1119 1444 1197 1480 eius
1230 1444 1359 1480 altera-

305 1500 418 1537 tione.
449 1498 525 1536 Sed
545 1498 724 1545 contingit
747 1498 794 1534 de
813 1509 917 1534 novo
945 1508 1080 1533 verum
1110 1508 1191 1532 esse
1220 1495 1359 1544 aliquid

306 1552 458 1589 relative
479 1550 551 1588 dici
571 1550 620 1587 ad
639 1551 796 1586 alterum
817 1551 931 1586 altero
952 1556 1109 1596 mutato,
1129 1549 1212 1597 ipso
1232 1555 1360 1584 tamen

305 1617 384 1641 non
411 1610 567 1640 mutato.
603 1603 704 1650 Ergo
733 1609 860 1639 motus
893 1614 971 1638 non
1001 1609 1056 1638 est
1081 1613 1149 1649 per
1177 1613 1216 1637 se
1244 1600 1282 1636 in
1311 1601 1361 1636 ad

305 1657 456 1705 aliquid,
486 1655 553 1692 sed
581 1655 705 1691 solum
732 1667 801 1703 per
828 1654 1017 1700 accidens,
1047 1654 1271 1702 inquantum
1291 1652 1359 1689 sci-

305 1709 390 1746 licet
417 1709 465 1746 ad
499 1707 663 1756 aliquam
700 1707 949 1744 mutationem
988 1706 1228 1754 consequitur
1259 1717 1360 1741 nova

305 1762 456 1808 relatio;
490 1761 584 1797 sicut
611 1760 659 1796 ad
689 1760 937 1796 mutationem
970 1759 1181 1796 secundum
1214 1758 1362 1806 quanti-

305 1821 420 1851 tatem
450 1813 617 1861 sequitur
645 1813 849 1860 aequalitas
876 1813 938 1849 vel
966 1811 1222 1860 inaequalitas,
1253 1817 1288 1846 et
1316 1822 1360 1846 ex

305 1867 512 1903 mutatione
555 1865 765 1902 secundum
802 1864 1020 1913 qualitatem
1064 1863 1265 1901 similitudo
1299 1863 1361 1900 vel

306 1919 580 1956 dissimilitudo.

360 1973 394 2009 8.
425 1973 511 2008 Hoc
530 1979 658 2008 autem
686 1969 791 2018 quod
813 1969 874 2006 hic
903 1969 1046 2014 dicitur,
1068 1968 1105 2004 in
1133 1968 1361 2016 quibusdam

306 2037 384 2061 non
409 2025 560 2062 videtur
583 2024 724 2060 habere
745 2022 1001 2068 difficultatem
1022 2026 1046 2068 ⁷,
1067 2021 1106 2057 in
1133 2020 1361 2069 quibusdam

307 2085 433 2114 autem
462 2077 524 2114 sic.
556 2077 651 2113 Sunt
679 2075 780 2111 enirn
809 2074 999 2122 quaedam
1033 2073 1231 2109 relationes
1264 2085 1361 2121 quae

306 2142 384 2166 non
413 2137 499 2166 sunt
532 2128 672 2176 aliquid
703 2127 849 2164 realiter
883 2126 921 2162 in
950 2139 996 2162 eo
1024 2126 1071 2162 de
1109 2137 1184 2173 quo
1213 2125 1359 2173 praedi-

308 2189 448 2219 cantur.
484 2181 601 2227 Quod
633 2179 787 2228 quidem
831 2178 1060 2226 quandoque
1099 2177 1276 2224 contingit
1317 2188 1362 2212 ex

306 2242 411 2283 parte
439 2234 631 2281 utriusque
661 2231 832 2278 extremi,
862 2230 957 2267 sicut
985 2242 1072 2266 cum
1102 2229 1232 2266 dicitur
1259 2229 1362 2265 idem

309 2287 432 2324 eidem
460 2286 579 2323 idem:
608 2286 702 2322 haec
731 2284 832 2321 enim
865 2283 1063 2319 identitatis
1091 2281 1218 2318 relatio
1247 2281 1285 2317 in
1308 2281 1361 2317 in-

307 2340 458 2376 finitum
483 2337 798 2386 multiplicaretur,
820 2336 850 2372 si
869 2335 1057 2384 quaelibet
1085 2347 1144 2370 res
1169 2341 1266 2370 esset
1293 2333 1362 2369 sibi

309 2392 444 2429 eadem
471 2403 540 2439 per
567 2390 787 2427 relationem
816 2389 1004 2425 additam:
1038 2387 1280 2424 manifestum
1310 2393 1364 2422 est

310 2445 411 2482 enim
431 2443 536 2493 quod
564 2442 758 2491 quodlibet
786 2441 854 2478 sibi
874 2441 944 2490 ipsi
965 2448 1019 2477 est
1043 2440 1156 2477 idem.
1187 2440 1255 2475 Est
1274 2450 1362 2485 ergo

307 2498 404 2534 haec
422 2496 551 2534 relatio
571 2495 782 2532 secundum
811 2493 996 2530 rationem
1024 2499 1181 2538 tantum,
1206 2491 1363 2539 inquan-

309 2557 390 2586 tum
420 2549 557 2586 scilicet
582 2560 700 2585 unam
739 2555 774 2584 et
806 2546 967 2583 eandem
1001 2557 1082 2582 rem
1110 2544 1203 2581 ratio
1232 2543 1365 2592 accipit

309 2610 350 2639 ut
365 2602 441 2639 duo
458 2609 625 2638 extrema
643 2599 842 2636 relationis.
861 2600 909 2635 Et
927 2598 1093 2635 similiter
1113 2605 1167 2633 est
1185 2597 1224 2633 in
1238 2596 1364 2633 multis

259 2679 261 2681 ·
311 2655 401 2691 aliis.
433 2653 633 2700 Quaedam
651 2664 744 2690 vero
765 2652 961 2688 relationes
982 2658 1078 2696 sunt,
1109 2661 1269 2698 quarum
1290 2661 1366 2685 una

28 2965 47 2971 ‘'
75 2980 89 2992 ⁸
111 2980 137 3003 s.
163 2980 208 3002 Th.
234 2981 285 3002 ieet.

77 3006 285 3034 xvn;nid.1ib.1v‚

22 3039 28 3066 j·
47 3050 56 3071 ,ἦ
75 3037 128 3061 etp.
142 3039 180 3060 xv,
195 3038 218 3055 n.
233 3033 255 3055 8.

311 2706 458 2743 realiter
495 2714 550 2742 est
585 2705 624 2741 in
659 2717 737 2741 uno
767 2711 956 2751 extremo,
993 2710 1029 2739 et
1056 2702 1127 2739 alia
1154 2702 1364 2738 secundum

312 2759 498 2796 rationem
526 2764 671 2794 tantum
700 2757 738 2793 in
766 2757 902 2802 altero,
932 2755 1027 2792 sicut
1053 2754 1206 2791 scientia
1235 2762 1270 2790 et
1297 2754 1365 2790 sci-

312 2811 402 2848 bile:
423 2810 548 2847 scibile
578 2810 679 2846 enim
709 2809 862 2846 relative
887 2808 1029 2854 dicitur,
1046 2819 1123 2843 non
1138 2807 1226 2855 quia
1240 2807 1365 2854 ipsum

313 2864 468 2900 refertur
494 2875 562 2911 per
591 2862 753 2910 aliquam
782 2860 1000 2898 relationem
1034 2859 1072 2895 in
1099 2859 1181 2907 ipso
1211 2859 1366 2895 existen-

312 2924 402 2963 tem,
432 2916 499 2953 sed
527 2915 615 2965 quia
643 2913 742 2951 aliud
771 2914 927 2950 refertur
955 2913 1003 2949 ad
1031 2912 1169 2960 ipsum,
1198 2919 1239 2948 ut
1265 2918 1367 2959 patet

313 2982 381 3018 per
395 2968 670 3016 Philosophum
686 2967 723 3002 in
742 2966 776 3002 V
794 2966 1007 3014 Metaphys.
1025 2965 1044 2985 *
1061 2966 1108 3000 Et
1127 2964 1294 3000 similiter
1313 2971 1367 3000 est

315 3033 402 3058 curn
437 3021 616 3057 columna
653 3019 785 3056 dicitur
821 3018 949 3055 dextra
986 3017 1155 3054 animali:
1196 3017 1366 3053 dextrum

315 3074 416 3110 enim
444 3081 481 3109 et
508 3073 698 3109 sinistrum
732 3078 818 3107 sunt
846 3071 1045 3107 relationes
1074 3070 1191 3106 reales
1224 3069 1262 3105 in
1290 3069 1367 3105 ani-

314 3125 423 3172 mali,
458 3125 546 3174 quia
578 3125 616 3161 in
645 3125 697 3160 eis
725 3123 966 3160 inveniuntur
999 3122 1267 3159 determinatae
1294 3122 1367 3158 vir-

315 3174 424 3225 tutes,
453 3177 491 3213 in
510 3177 647 3225 quibus
674 3175 894 3213 huiusmodi
921 3174 1118 3211 relationes
1145 3174 1366 3210 fundantur:

315 3231 353 3267 in
373 3230 550 3266 columna
578 3237 705 3265 autem
733 3241 811 3265 non
839 3235 926 3264 sunt
953 3227 1163 3263 secundum
1188 3238 1280 3273 rem,
1301 3227 1368 3262 sed

315 3282 527 3320 secundum
546 3281 730 3317 rationem
748 3287 905 3326 tantum,
927 3279 1015 3327 quia
1033 3290 1111 3314 non
1129 3279 1243 3314 habet
1260 3290 1367 3325 prae-

317 3335 432 3372 dictas
459 3334 626 3380 virtutes,
655 3344 752 3381 quae
773 3339 858 3368 sunt
884 3331 1129 3367 fundamenta
1156 3331 1292 3366 harum
1312 3342 1367 3366 re-

316 3388 510 3424 lationum.
542 3385 741 3432 Quaedam
760 3395 853 3420 vero
883 3382 1035 3419 relativa
1058 3389 1155 3428 sunt,
1175 3381 1213 3418 in
1233 3382 1367 3429 quibus

370 3499 397 3533 γ)
418 3500 444 3524 in
463 3498 618 3531 quibusdam
638 3505 688 3522 non
709 3498 814 3522 videtur
831 3497 926 3522 habere
944 3496 1135 3529 difficultatem.
1147 3508 1167 3512 -
1181 3495 1248 3524 Palm
1266 3494 1292 3518 in
1311 3494 1368 3526 qui-

318 3535 427 3560 busdam
438 3535 541 3567 quidem
555 3532 670 3567 (quidem
683 3532 910 3564 om FGHNRpE)
926 3538 976 3556 non
990 3531 1066 3555 habet
1076 3530 1256 3562 difficultatem
1270 3529 1370 3553 codd.—

2386 272 2460 319 237

1417 359 1461 383 ex
1480 356 1584 395 parte
1611 349 1803 397 utriusque
1832 350 1986 386 extremi
2014 350 2202 386 invenitur
2229 349 2357 386 relatio
2383 361 2462 385 rea-

1416 399 1496 435 liter
1524 400 1694 446 existens,
1724 402 1817 438 sicut
1845 403 1882 438 in
1911 402 2131 450 aequalitate
2151 410 2187 438 et
2205 402 2460 438 similitudine:

1416 451 1453 486 in
1468 459 1625 500 utraque
1642 454 1660 474 ²³²
1681 454 1780 490 enim
1803 454 1989 491 invenitur
2007 454 2191 502 quantitas
2210 455 2271 490 vel
2291 454 2460 503 qualitas,

1416 515 1512 551 quae
1541 512 1595 540 est
1623 506 1732 541 huius
1762 506 1947 542 relationis
1976 507 2090 543 radix.
2127 507 2174 542 Et
2201 506 2321 543 simile
2350 506 2462 542 etiam

1415 564 1569 603 apparet
1597 557 1634 592 in
1662 557 1786 593 multis
1815 559 1892 594 aliis
1921 558 2171 596 relationibus.

1469 610 1510 644 In
1529 608 1596 645 illis
1614 609 1724 656 igitur
1743 610 1981 647 relationibus
2001 623 2096 658 quae
2118 623 2194 647 non
2213 618 2361 659 ponunt
2380 622 2461 646 rern

1415 660 1579 708 aliquam
1599 661 1668 697 nisi
1687 661 1725 697 in
1744 674 1821 698 uno
1847 671 2112 709 extremorum,
2133 675 2210 699 non
2228 663 2377 699 videtur
2396 662 2463 698 dif-

1414 713 1511 749 ficile
1526 713 1630 760 quod
1649 721 1791 750 mutato
1811 714 1872 750 illo
1894 724 2072 761 extremo,
2089 716 2126 750 in
2146 727 2221 763 quo
2237 715 2364 751 relatio
2384 727 2463 751 rea-

1414 765 1494 801 liter
1523 765 1657 812 existit,
1688 766 1733 802 de
1762 779 1864 803 novo
1894 767 2036 804 dicatur
2063 767 2202 814 aliquid
2235 768 2386 803 relative
2415 768 2462 803 de

1415 818 1541 863 altero,
1563 819 1704 866 absque
1725 819 1780 854 sui
1800 821 2025 865 mutatione,
2052 832 2139 855 cum
2159 819 2247 855 nihil
2267 820 2300 855 ei
2320 819 2464 855 realiter

1415 870 1600 906 adveniat.
1632 871 1707 907 Sed
1730 871 1768 907 in
1796 872 1865 907 illis
1893 873 1930 908 in
1958 872 2093 920 quibus
2122 872 2249 907 relatio
2278 872 2465 908 invenitur

1415 922 1561 958 realiter
1587 923 1625 958 in
1653 931 1813 971 utroque
1848 933 2118 970 extremorum,
2146 924 2295 960 videtur
2314 924 2462 960 difficile

1415 974 1519 1021 quod
1539 974 1678 1022 aliquid
1699 976 1850 1012 relative
1872 976 2015 1012 dicatur
2042 977 2088 1013 de
2107 988 2184 1012 uno
2204 988 2272 1024 per
2290 976 2463 1012 mutatio-

1415 1037 1504 1061 nem
1533 1027 1680 1062 alterius
1709 1028 1851 1075 absque
1871 1029 2075 1064 mutatione
2091 1029 2163 1064 sui:
2194 1040 2281 1064 cum
2309 1028 2397 1064 nihil
2417 1028 2463 1064 de

1415 1089 1518 1113 novo
1536 1079 1554 1098 Ψ
1584 1079 1758 1114 adveniat
1777 1080 1883 1116 alicui
1904 1081 2047 1128 absque
2071 1080 2278 1117 mutatione
2307 1080 2386 1116 eius
2406 1080 2464 1116 cui

1415 1129 1577 1166 advenit.
1607 1131 1717 1167 Unde
1746 1131 1947 1168 dicendum
1977 1140 2031 1168 est
2057 1134 2160 1180 quod
2183 1133 2213 1168 si
2240 1132 2370 1180 aliquis
2397 1145 2465 1180 per

1416 1193 1523 1217 suam
1544 1182 1791 1219 mutationem
1813 1184 1992 1219 efficiatur
2011 1185 2102 1220 mihi
2121 1185 2296 1232 aequalis,
2309 1197 2371 1221 me
2386 1197 2464 1221 non

1415 1241 1571 1281 mutato,
1601 1235 1670 1271 ista
1689 1236 1709 1256 ²¹²
1728 1236 1929 1283 aequalitas
1957 1236 2080 1283 primo
2109 1244 2187 1273 erat
2214 1237 2252 1272 in
2280 1249 2341 1272 me
2370 1249 2463 1284 quo·
2491 1250 2502 1260 ⁸

1415 1286 1643 1333 dammodo,
1674 1287 1767 1323 sicut
1793 1288 1813 1307 *
1841 1288 1879 1323 in
1907 1300 1975 1323 sua
2008 1288 2151 1334 radice,
2182 1300 2226 1324 ex
2253 1288 2328 1336 qua
2354 1289 2467 1325 habet

1416 1351 1497 1375 esse
1516 1340 1633 1375 reale:
1659 1351 1703 1375 ex
1731 1341 1805 1376 hoc
1833 1340 1933 1376 enirn
1954 1340 2057 1388 quod
2075 1341 2198 1376 habeo
2217 1341 2330 1376 talem
2350 1353 2465 1389 quan-

1414 1391 1573 1438 titatem,
1604 1392 1784 1440 competit
1811 1392 1902 1428 mihi
1931 1392 2034 1440 quod
2063 1392 2133 1428 sim
2153 1393 2318 1440 aequalis
2347 1393 2467 1429 omni-

1415 1444 1486 1480 bus
1514 1444 1593 1491 illis,
1624 1444 1685 1492 qui
1717 1445 1877 1481 eandem
1915 1444 2159 1492 quantitatem
2186 1446 2336 1481 habent.
2367 1446 2466 1482 Cum

1416 1508 1503 1544 ergo
1542 1497 1673 1545 aliquis
1702 1497 1749 1534 de
1777 1509 1880 1533 novo
1909 1496 2042 1545 accipit
2073 1497 2174 1534 illam
2203 1498 2466 1545 quantitatem,

1415 1549 1484 1585 ista
1504 1549 1718 1586 communis
1747 1550 1852 1586 radix
1871 1549 2102 1597 aequalitatis
2132 1550 2400 1587 determinatur
2419 1551 2466 1587 ad

1414 1601 1548 1638 istum:
1580 1609 1615 1638 et
1647 1602 1731 1638 ideo
1760 1602 1850 1639 nihil
1879 1602 2030 1638 advenit
2058 1602 2148 1638 mihi
2183 1602 2229 1639 de
2261 1614 2365 1639 novo
2398 1615 2467 1651 per

1414 1656 1489 1691 hoc
1516 1655 1620 1702 quod
1652 1655 1789 1702 incipio
1828 1667 1908 1691 esse
1946 1654 2048 1691 alteri
2084 1655 2247 1703 aequalis
2283 1667 2351 1703 per
2388 1655 2467 1691 eius

1415 1707 1676 1743 mutationem.

1469 1771 1504 1806 9.
1535 1759 1682 1796 Deinde
1707 1771 1794 1796 cum
1815 1759 1920 1795 dicit:
1948 1759 2082 1807 Neque
2106 1760 2249 1808 agentis
2269 1767 2350 1806 etc.,
2379 1772 2466 1808 pro-

1416 1812 1480 1848 bat
1512 1813 1615 1860 quod
1652 1824 1730 1848 non
1766 1812 1811 1848 sit
1843 1819 1968 1848 motus
2001 1811 2038 1848 in
2075 1823 2209 1858 genere
2247 1812 2399 1849 actionis
2432 1819 2468 1848 et

1410 1865 1606 1911 passionis.
1644 1864 1753 1900 Actio
1788 1864 1888 1900 enirn
1915 1865 1935 1884 '¹‘
1963 1871 1998 1899 et
2029 1863 2153 1912 passio
2187 1876 2266 1900 non
2293 1864 2467 1901 differunt

1417 1917 1586 1953 subiecto
1616 1929 1638 1952 a
1666 1924 1785 1963 motu,
1808 1917 1873 1953 sed
1908 1916 2051 1953 addunt
2078 1916 2242 1964 aliquam
2271 1917 2465 1964 rationem,

1416 1977 1458 2005 ut
1484 1969 1522 2005 in
1545 1969 1652 2005 tertio
1680 1971 1700 1990 '³‘
1728 1970 1870 2006 dictum
1900 1976 1964 2005 est.
1993 1969 2103 2006 Unde
2131 1969 2233 2005 idem
2262 1977 2317 2005 est
2345 1969 2466 2006 dicere

1417 2022 1521 2069 quod
1548 2030 1675 2058 motus
1704 2022 1749 2058 sit
1768 2022 1805 2058 in
1833 2034 1942 2069 agere
1973 2029 2008 2057 et
2034 2021 2126 2069 pati,
2149 2029 2184 2057 et
2210 2022 2314 2070 quod
2341 2029 2466 2058 motus

1417 2074 1463 2110 sit
1499 2074 1537 2110 in
1570 2081 1688 2111 motu.
1729 2074 1838 2110 Circa
1874 2075 1948 2110 hoc
1979 2086 2070 2121 ergo
2105 2074 2174 2110 tria
2210 2074 2315 2111 facit:
2343 2074 2466 2122 primo

1415 2127 1596 2174 proponit
1622 2127 1726 2174 quod
1760 2127 1935 2172 intendit;
1965 2126 2132 2163 secundo
2166 2127 2301 2174 probat
2328 2139 2466 2175 propo-

1417 2179 1546 2225 situm,
1575 2179 1644 2215 ibi:
1673 2179 1801 2215 Primo
1830 2179 1976 2226 quidem
2009 2179 2106 2215 enim
2140 2179 2320 2228 contingit
2338 2180 2357 2200 ³¹⁸
2377 2186 2467 2225 etc.;

1416 2230 1522 2266 tertio
1551 2231 1658 2278 ponit
1685 2231 1877 2279 quandam
1906 2231 2180 2267 distinctionem
2213 2231 2260 2268 ad
2288 2231 2469 2280 propositi

1417 2283 1768 2329 manifestationem,
1788 2283 1856 2319 ibi:
1881 2283 2039 2320 Omnino
2058 2289 2181 2319 autem
2196 2284 2372 2331 quoniam
2391 2296 2469 2320 mo-

1416 2341 1523 2372 vetur
1539 2337 1559 2356 ³*
1579 2343 1645 2372 etc.
1662 2356 1686 2363 -—
1702 2335 1802 2372 Dicit
1825 2347 1912 2382 ergo
1944 2335 2067 2384 primo
2097 2336 2200 2383 quod
2224 2335 2317 2372 sicut
2344 2344 2470 2372 motus

1418 2400 1495 2424 non
1515 2395 1570 2424 est
1589 2388 1667 2424 eius
1688 2388 1792 2436 quod
1811 2395 1866 2424 est
1885 2387 1933 2423 ad
1953 2387 2102 2435 aliquid,
2123 2387 2173 2424 ita
2193 2388 2304 2424 etiam
2324 2400 2401 2425 non
2416 2396 2471 2425 est

1418 2440 1558 2488 agentis
1579 2447 1614 2476 et
1631 2440 1815 2488 patientis,
1835 2452 1959 2487 neque
1980 2440 2102 2486 etiam,
2121 2447 2161 2476 ut
2188 2441 2357 2477 absolute
2374 2443 2393 2462 *
2417 2442 2470 2476 lo-

1418 2505 1591 2541 quamur,
1613 2501 1668 2529 est
1687 2492 1876 2529 moventis
1905 2500 1968 2528 aut
1995 2492 2107 2528 moti:
2137 2492 2224 2540 quia
2249 2505 2327 2532 non
2346 2501 2470 2541 potest

1420 2557 1499 2582 esse
1521 2546 1623 2593 quod
1644 2545 1775 2593 aliquis
1795 2552 1919 2581 motus
1939 2545 1985 2581 sit
2003 2544 2157 2581 alicuius
2180 2551 2315 2591 motus,
2346 2557 2469 2593 neque

1419 2598 1521 2646 quod
1550 2598 1737 2645 generatio
1767 2597 1812 2634 sit
1839 2597 2106 2644 generationis,
2141 2609 2236 2645 quae
2270 2604 2355 2633 sunt
2386 2609 2469 2646 spe-

1421 2650 1494 2686 cies
1523 2650 1760 2696 mutationis;
1789 2662 1912 2698 neque
1933 2649 2044 2686 etiam
2064 2650 2167 2697 quod
2190 2649 2405 2686 mutationis
2425 2650 2470 2686 sit

1420 2703 1594 2750 mutatio,
1625 2715 1721 2751 quae
1751 2710 1805 2739 est
1832 2714 1949 2750 genus
1978 2714 2110 2738 eorum
2139 2709 2175 2738 et
2203 2701 2315 2738 etiam
2345 2714 2469 2738 corru-

1419 2755 1568 2804 ptionis.

1480 2820 1535 2844 io.
1565 2807 1714 2844 Deinde
1740 2820 1826 2844 cum
1861 2807 1965 2844 dicit:
2002 2807 2171 2843 Primum
2198 2807 2343 2854 quidem
2371 2807 2468 2842 enim

1420 2860 1601 2909 contingit
1627 2867 1708 2906 etc.,
1737 2861 1872 2908 probat
1890 2860 1994 2908 quod
2012 2858 2227 2896 mutationis
2252 2871 2328 2895 non
2352 2859 2470 2907 possit

1422 2925 1502 2949 esse
1531 2912 1709 2958 mutati03
1741 2920 1776 2949 et
1802 2913 1875 2949 hoc
1902 2924 1970 2960 per
1997 2924 2061 2948 sex
2090 2911 2260 2948 rationes.
2298 2912 2470 2957 Quarum

1420 2965 1543 3013 prima
1572 2973 1642 3011 est,
1674 2965 1761 3014 quia
1782 2966 1801 2986 ²⁸
1821 2965 1850 3001 si
1878 2964 2093 3001 mutationis
2121 2964 2166 3002 sit
2193 2964 2368 3010 mutatio,
2398 2964 2471 3000 hoc

1420 3025 1544 3066 potest
1571 3017 1720 3065 intelligi
1749 3017 1953 3066 dupliciter.
1988 3018 2072 3054 Uno
2102 3016 2219 3054 modo
2247 3024 2288 3052 ut
2315 3016 2470 3052 mutatio

1422 3070 1467 3107 sit
1485 3070 1701 3106 mutationis
1726 3071 1819 3106 sicut
1844 3070 1997 3106 subiecti
2021 3071 2124 3118 quod
2153 3076 2348 3104 movetur:
2377 3068 2470 3104 sicut

1422 3123 1546 3171 aliqua
1565 3123 1721 3159 mutatio
1743 3130 1797 3159 est
1823 3122 2002 3167 hominis,
2025 3122 2111 3169 quia
2138 3122 2256 3158 homo
2276 3127 2467 3165 movetur,

1421 3183 1510 3223 puta
1531 3175 1577 3211 de
1606 3174 1779 3211 albedine
1803 3175 1841 3210 in
1874 3174 2116 3221 nigredinem.
2143 3172 2204 3209 Sic
2233 3183 2320 3218 ergo
2347 3177 2470 3219 potest

1421 3227 1571 3274 intelligi
1591 3227 1694 3275 quod
1713 3234 1838 3263 motus
1858 3234 1920 3262 aut
1934 3226 2090 3262 mutatio
2111 3225 2156 3261 sit
2174 3222 2387 3259 mutationis
2407 3229 2470 3258 aut

1421 3287 1547 3315 motus
1574 3287 1615 3315 ut
1643 3279 1817 3324 subiecti,
1855 3278 1904 3313 ita
1941 3277 2076 3313 scilicet
2112 3275 2214 3324 quod
2246 3282 2370 3310 motus
2406 3281 2469 3310 aut

1421 3331 1577 3367 mutatio
1606 3338 1823 3375 moveatur;
1847 3337 1937 3377 puta
1966 3329 2068 3376 quod
2097 3328 2253 3364 calescat
2280 3334 2343 3362 aut
2370 3326 2468 3362 infri-

1420 3383 1565 3429 gidetur
1582 3384 1643 3419 vel
1663 3389 1861 3419 moveatur
1879 3381 2085 3417 secundum
2105 3380 2231 3415 locum
2255 3385 2319 3415 aut
2337 3390 2469 3415 secun-

1421 3502 1511 3519 omnes
1531 3495 1610 3519 nostri
1630 3495 1703 3519 codd.
1717 3500 1742 3518 et
1760 3493 1816 3517 edd.
1829 3493 1870 3517 ab
1889 3500 1917 3517 ac
1936 3493 2025 3517 Venet.
2050 3492 2123 3524 ¹545·
2142 3493 2192 3517 Per
2209 3492 2271 3518 haec
2288 3497 2374 3517 tamen
2392 3493 2470 3517 verba

1422 3530 1546 3554 sententia
1560 3529 1599 3553 hic
1613 3530 1743 3553 enunciata
1763 3527 1862 3560 plenius
1881 3529 2020 3560 respondet
2037 3527 2066 3552 iis
2080 3535 2147 3560 quae
2161 3527 2224 3552 infra
2242 3528 2267 3552 in
2286 3527 2335 3552 hoc
2347 3535 2418 3552 num.
2433 3527 2470 3551 di-

319 3570 392 3600 Quae
411 3569 555 3594 immediate
574 3573 718 3601 sequuntur
742 3575 846 3600 nempe,
861 3567 886 3592 in
908 3566 1062 3598 quibusdam
1081 3568 1169 3589 autem
1187 3564 1231 3593 sic,
1250 3563 1370 3588 omittunt
1423 3569 1521 3594 cuntur,
1537 3565 1565 3588 In
1585 3563 1636 3589 illis
1655 3564 1737 3596 igitur
1756 3562 1925 3587 relationibus
1943 3567 1990 3587 etc.

2490 465 2501 476 ³*
2515 467 2611 493 utroque
2629 466 2689 487 codd
2694 482 2701 488 .

2491 1086 2500 1095 ·
2522 1085 2550 1106 de
2570 1091 2629 1107 novo
2651 1091 2699 1106 om.

2491 1117 2527 1132 tc.

2517 1251 2562 1271 ista
2573 1256 2619 1272 om.
2632 1250 2700 1273 codd.

2492 1299 2502 1308 ‘
2515 1298 2603 1319 scilicet
2616 1298 2683 1320 codd.

2493 1875 2502 1883 '
2517 1877 2591 1895 autem
2609 1869 2700 1896 codices

2494 1907 2541 1922 exc.
2552 1907 2647 1922 nrnxnz.

2494 1979 2504 1989 ⁸
2519 1978 2580 2000 Lect.
2591 1985 2612 1999 v.
2623 1984 2661 2000 nn.
2671 1984 2701 2005 io,

2495 2011 2521 2026 11.

2496 2188 2506 2198 '¹
2519 2188 2589 2210 Num.
2603 2194 2651 2215 seq.

2497 2346 2505 2355 ·
2519 2345 2588 2366 Num.
2605 2345 2635 2366 18.

2496 2450 2507 2460 ⁸
2521 2449 2646 2470 absolutius
2660 2454 2701 2470 co-

2497 2475 2567 2496 dices.

2497 2976 2507 2986 ⁸
2522 2975 2575 3002 quia
2591 2981 2637 2996 om.
2655 2981 2677 2997 ι’.
