2950 4004
38 3369 44 3376 ‚⁷
63 3345 215 3374 Philoeophus
264 3344 276 3368 l
285 3360 293 3368 .

48 3378 72 3394 ’-.
93 3379 216 3395 nummu
319 3380 325 3385 *-

70 3593 82 3603 ιι
119 3585 142 3607 in
157 3586 201 3608 hoc

731 306 745 315 s
1099 286 1210 322 CAP.
1240 287 1291 333 x,
1322 286 1470 330 LECT.
1501 289 1572 325 xv

2350 305 2421 341 197

854 532 1154 588 LECTIO
1193 534 1821 613 DECIMAQUINTA

478 689 752 722 DISPUTATUR
774 690 833 720 AN
856 689 1028 720 TEMPUS
1051 689 1134 728 SIT,
1156 690 1214 720 ET
1238 690 1393 722 UTRUM
1417 692 1482 723 SlT
1506 693 1611 724 IDEM
1634 695 1751 726 NUNC
1777 696 1819 726 IN
1842 697 1965 728 Toro
1989 699 2193 730 TEMPORE

246 828 429 876 Ἐχόμενον
447 825 484 861 δὲ
501 830 567 861 τῶν
590 827 767 872 εἰρημένων
793 827 883 859 ἐστὶν
911 826 1060 859 ἐπελθεῖν
1080 829 1153 868 περὶ
1178 826 1310 871 χρόνου·

319 873 452 917 πρῶτον
477 868 516 904 δὲ
539 874 650 910 καλῶς
683 873 752 917 ἔχει
781 867 991 914 διαπορῆσαι
1017 872 1090 914 περὶ
1116 871 1225 902 αὐτοῦ
1256 874 1312 903 καὶ

318 912 377 948 διαὶ
393 917 460 949 τῶν
478 917 681 962 ἐξωτερικῶν
707 916 829 962 λόγων,
849 916 993 969 πότερον
1015 916 1081 948 τῶν
1100 915 1204 948 ὄντων
1223 915 1313 947 ἐστὶν

319 959 339 997 ἦ
365 962 432 992 τῶν
485 960 505 997 ἠ
532 960 650 1003 ὄντων,
676 958 753 993 εἶτα
778 962 828 997 τίς
853 960 875 996 τ’)
899 970 993 1003 φυσις
1019 959 1141 991 αὐτοῦ.

244 1007 321 1041 *Ὅτι
345 1005 404 1048 μὲν
432 1017 488 1038 ουν
513 1004 534 1042 ἦ
561 1004 643 1043 ὅλως
675 1003 734 1037 οὐκ.
765 1005 856 1036 ἔστιν
882 1002 904 1041 ἦ
929 1003 1025 1050 μόγις
1056 1005 1115 1035 καὶ
1148 997 1313 1046 ἀμυδρῶς,

321 1046 357 1080 έκ
381 1046 489 1082 τῶνδέ
514 1061 564 1087 τις
593 1048 631 1082 div
650 1047 888 1082 ὑποπτεύσειε·
908 1049 949 1080 τό
968 1047 1026 1092 μέν
1048 1048 1112 1093 γάρ
1132 1048 1242 1079 αὐτοῦ
1260 1047 1315 1092 γέ-

320 1104 398 1138 γονε
421 1098 478 1126 καὶ
505 1092 565 1127 οὐκ
584 1093 669 1135 ἔστι,
688 1093 730 1126 τὸ
745 1088 784 1124 δέ
803 1091 918 1134 μέλλει
937 1093 995 1124 καὶ
1016 1093 1110 1124 οὔπω
1128 1091 1235 1124 ἐστίν.
1256 1090 1315 1123 Ἐκ

319 1135 356 1171 δὲ
381 1138 512 1171 τούτων
544 1141 602 1170 καὶ
629 1139 644 1170 ὁ
672 1138 805 1181 ἄπειρος
839 1138 898 1168 καὶ
929 1138 945 1168 ὀ
977 1137 1029 1168 ἀεὶ
1056 1135 1314 1180 λαμβανόμενος

319 1183 435 1228 χρόνος
464 1181 730 1229 σόγκειταιὴτό
760 1177 788 1213 δ’
819 1181 855 1212 ἐκ
883 1180 929 1224 μή
964 1181 1068 1213 ὄντων
1101 1182 1315 1226 συγκείμενον

321 1225 493 1262 ἀδύνατον
521 1225 560 1258 ἄν
585 1221 694 1266 δόξειε
720 1226 875 1269 μετέχειν
902 1222 1029 1262 οὐσίας.

253 1318 335 1363 Πρός
360 1311 398 1349 δὲ
423 1313 559 1351 τούτοις
585 1313 714 1351 παντὸς
741 1313 918 1356 μεριστοῦ,
949 1309 1071 1356 ἐάνπερ
1098 1309 1141 1353 ᾗ,
1168 1309 1315 1357 ἀνάγκη,

322 1361 380 1394 ὅτε
407 1360 521 1399 ἔστιν,
548 1358 626 1394 ἤτοι
660 1357 779 1390 πάντα
805 1357 852 1390 τοὶ
875 1357 958 1400 μέρη
984 1353 1070 1388 εἶναι
1095 1354 1115 1392 ἦ
1142 1355 1227 1387 ἔνια·
1254 1357 1316 1387 τοῦ

321 1401 359 1437 δὲ
383 1403 502 1450 χρόνου
528 1401 576 1434 τοὶ
599 1401 658 1444 μὲν
683 1401 801 1448 γέγονε
827 1401 875 1434 τοὶ
897 1396 935 1434 δὲ
959 1401 1088 1444 μέλλει,
1115 1400 1187 1431 ἔστι
1212 1395 1241 1430 δ’
1263 1397 1318 1431 οὖ-

320 1445 390 1490 δέν,
411 1449 506 1485 ὄντος
531 1447 703 1490 μεριστοῦ·
729 1445 773 1478 τὸ
799 1440 836 1477 δὲ
859 1446 915 1477 νῦν
942 1445 979 1477 οὗ
1002 1445 1112 1489 μέρος·
1139 1448 1255 1488 μετρεῖ
1278 1456 1316 1476 τε

320 1493 385 1540 γάρ
412 1492 452 1525 τὸ
477 1490 595 1536 μέρος,
624 1492 682 1522 καὶ
711 1489 905 1536 συγκεῖσθαι
937 1485 990 1521 δεῖ
1019 1489 1060 1522 τὸ
1086 1488 1161 1521 ὅλον
1188 1486 1224 1520 ἐκ
1250 1489 1316 1520 τῶν

321 1537 439 1582 μερῶν·
467 1537 483 1568 ὁ
507 1530 545 1566 δὲ
568 1534 684 1580 χοόνος
713 1532 749 1565 οὗ
775 1529 869 1566 δοκεῖ·
889 1532 1084 1579 συγκεῖσθαι
1103 1533 1138 1564 ἐκ
1161 1533 1226 1564 τῶν
1243 1533 1313 1564 νῦν.

247 1583 325 1616 Ἔτι
348 1577 387 1613 δὲ
413 1579 453 1613 τὸ
478 1580 554 1620 νῦν,
624 1581 783 1622 φαίνεται
814 1573 967 1621 διορίζειν
994 1578 1035 1610 το“
1061 1576 1226 1621 παρελθόν
1258 1578 1316 1608 καὶ

321 1626 363 1658 τὸ
388 1624 531 1668 μέλλον,
563 1622 707 1664 πότερον
737 1622 770 1653 ἓν
801 1623 859 1654 καὶ
884 1619 1016 1655 ταύτὸν
1043 1620 1095 1653 ἀεὶ
1119 1619 1270 1665 διαμένει
1296 1619 1316 1657 ἦ

323 1669 405 1702 ἄλλο
429 1669 488 1700 καὶ
515 1667 611 1708 ἄλλο,
640 1667 676 1698 οὐ
701 1661 816 1710 ῥᾴδιον
840 1661 935 1698 ἰδεῖν.

253 1715 291 1746 Εἰ
316 1713 374 1758 μὲν
399 1713 464 1759 γάρ
490 1709 542 1744 ἀεὶ
568 1711 680 1753 ἕτερον
714 1711 772 1741 καὶ
799 1709 929 1754 ἕτερον,
960 1704 1062 1754 μηδὲν
1088 1703 1118 1740 δ’
1148 1707 1222 1740 ἐστὶ
1249 1709 1315 1740 τῶν

322 1755 355 1790 ἐν
381 1758 429 1798 τῷ
454 1755 559 1802 χρόνῳ
587 1755 670 1787 ἄλλο
701 1755 759 1786 καὶ
787 1754 870 1786 ἄλλο
895 1754 991 1798 μέρος
1024 1753 1116 1798 ἅμα,
1145 1753 1160 1784 ὃ
1186 1751 1232 1796 μὴ
1259 1765 1317 1784 πε-

321 1800 442 1847 ριέχει,
469 1799 510 1832 τὸ
535 1794 573 1830 δὲ
598 1797 814 1844 περιέχεται,
840 1797 949 1841 ὥσπερ
977 1799 992 1829 ό
1019 1796 1174 1830 ἐλάττων
1199 1796 1316 1841 χρόνος

322 1846 388 1878 ὑπὸ
413 1845 476 1877 τοῦ
502 1844 667 1884 πλείονος,
693 1843 735 1875 τὸ
759 1837 797 1873 δὲ
821 1844 876 1874 νῦν
902 1843 948 1887 μή
975 1841 1009 1874 ὂν
1035 1840 1197 1886 πρότερον
1222 1841 1260 1873 δὲ
1282 1839 1316 1872 ὂν

323 1888 455 1935 ἀνάγκη
483 1886 645 1931 ἐφθάρθαι
670 1886 770 1927 ποτέ,
791 1889 848 1918 καὶ
875 1887 922 1920 τοὶ
945 1887 1002 1918 νῦν
1030 1885 1102 1930 ἅμα
1126 1885 1184 1929 μὲν
1212 1884 1317 1922 άλλη-

319 1935 390 1972 λοις
415 1932 476 1965 οὐκ.
501 1933 613 1973 ἔσται,
641 1930 802 1976 ἐφθάρθαι
827 1926 865 1964 δὲ
893 1930 1024 1977 ἀνάγκη
1053 1929 1104 1963 ἀεὶ
1129 1930 1170 1962 τὸ
1197 1929 1319 1974 πρότε-

320 1989 387 2023 ρον.
416 1978 473 2009 Ἐν
501 1978 611 2018 ἑαυτῷ
637 1976 695 2020 μέν
723 1973 779 2008 οὖν
806 1974 966 2019 ἐφθάρθαι
984 1973 1049 2020 οὐχ
1075 1973 1184 2006 οἷόντε
1202 1970 1261 2008 διὰ
1277 1973 1317 2006 τὸ

321 2018 407 2054 εἶναι
432 2020 529 2054 τότε·
557 2021 589 2052 ἑν
618 2020 706 2061 ἄλλῳ
739 2015 778 2052 δὲ
806 2021 862 2051 νῦν
889 2018 1048 2064 ἐφθάρθαι
1082 2018 1123 2050 τὸ
1155 2020 1317 2063 πρότερον

320 2066 377 2098 νῦν
409 2066 470 2097 οὐκ
505 2059 695 2109 ἐνδέχεται.
725 2065 838 2097 Ἔστω
866 2064 930 2110 γάρ
962 2059 1133 2096 ἀδύνατον
1170 2062 1316 2107 ἐχόμενα

321 2107 406 2142 εἶναι
426 2108 580 2145 ἀλλήλων
598 2108 647 2141 τοὶ
662 2109 731 2150 νῦν,
750 2108 860 2152 ὥσπερ
882 2108 1011 2154 στιγμή
1029 2107 1187 2152 στιγμῆς.
1217 2109 1315 2151 Εἴπερ

323 2152 379 2186 οὗν
405 2151 438 2185 ἐν
464 2154 512 2194 τῷ
538 2152 654 2206 ἐφεξῆς
682 2150 740 2185 οὐκ
772 2151 957 2197 ἔφθαρται,
987 2150 1059 2184 ἀλλ’
1088 2154 1121 2184 ἑν
1148 2152 1255 2204 ἄλλῳ,
1283 2151 1315 2183 ἐν

322 2202 393 2235 τοῖς
421 2195 553 2242 μεταξυ
586 2201 656 2234 τοῖς
682 2208 738 2228 νυν
771 2198 918 2240 ἀπείροις
953 2195 1041 2228 οὖσιν
1076 2195 1148 2240 ἅμα
1181 2197 1220 2227 ἀν
1250 2197 1337 2233 εἴη·,

322 2243 429 2275 τοῦτο
454 2237 483 2273 δ’
514 2235 698 2274 ἀδύνατον.

248 2329 358 2362 Ἀλλά
381 2329 446 2372 μὴν
473 2324 542 2361 οὐδ’
574 2327 624 2361 ἀεὶ
644 2327 685 2361 τὸ
702 2328 790 2361 αὐτὸ
808 2323 976 2372 διαμένειν
994 2322 1154 2359 δυνατόν·
1182 2322 1315 2364 οὐδενὸς

320 2374 385 2428 χεὶρ
418 2369 591 2417 διαιρετοῦ
625 2372 879 2417 πεπερασμένου
912 2373 944 2404 ἓν
971 2371 1074 2414 πέρας
1101 2372 1213 2409 ἐστίν,
1241 2371 1313 2403 οὔτ’

324 2430 364 2450 αν
390 2417 436 2462 ἐφ’
467 2418 499 2450 ἓν
526 2415 549 2461 ᾗ
573 2416 706 2462 συνεχές
733 2417 811 2450 οὔτε
838 2415 876 2449 ἄν
902 2417 959 2448 ἐπὶ
984 2418 1100 2448 πλείω·
1128 2415 1169 2448 τὸ
1198 2411 1235 2447 δὲ
1260 2417 1315 2447 νῦν

321 2457 424 2516 πέρας
450 2459 536 2503 ἐστί,
563 2463 621 2494 καὶ
645 2460 762 2506 χρόνον
788 2461 861 2493 ἔστι
884 2461 1001 2501 λαβεῖν
1027 2459 1291 2504 πεπερασμένον.

246 2506 324 2540 Ἔτι
349 2519 377 2538 ει
401 2505 442 2540 τό
469 2505 541 2549 ἅμα
566 2503 651 2538 εἶναι
682 2505 778 2538 κατά
801 2504 919 2550 χρόνον
951 2507 1009 2536 καὶ
1039 2504 1127 2548 μήτε
1153 2503 1316 2548 πρότερον

321 2549 409 2595 μήτε
441 2548 578 2595 ὕστερον
604 2549 644 2583 τό
670 2550 702 2581 ἐν
728 2550 776 2590 τῷ
804 2549 898 2591 αὐτῷ
929 2546 1015 2580 εἶναι
1045 2550 1102 2580 καὶ
1129 2546 1160 2580 ἐν
1189 2549 1236 2589 τῷ
1261 2550 1316 2579 νῦν

322 2596 427 2635 ἐστίν,
447 2594 474 2626 εὶ
496 2593 543 2627 τά
567 2606 605 2626 τε
631 2593 793 2638 πρότερον
817 2595 876 2625 καὶ
902 2593 949 2625 τοὶ
974 2592 1111 2636 ὕστερον
1138 2593 1170 2624 ἐν
1192 2594 1239 2633 τῷ
1259 2593 1315 2623 νῦν

322 2634 402 2680 τῳδί
429 2638 539 2678 ἐστιν,
575 2637 647 2682 ἅμα
674 2637 712 2670 ἂν
738 2639 787 2674 εἴη
814 2637 862 2670 τά
887 2637 930 2674 εὶς
958 2637 1031 2674 ἔτος
1062 2636 1227 2682 γενόμενα
1258 2649 1316 2681 μυ·

321 2682 453 2727 ριοστὸν
479 2686 548 2720 τοῖς
573 2681 763 2728 γενομένοις
789 2681 948 2725 τήμερον,
966 2684 1024 2713 καὶ
1043 2683 1121 2714 οὔτε
1140 2680 1314 2725 πρότερον,

323 2726 388 2758 οὔθ’
420 2726 556 2770 ὕστερον
583 2721 678 2757 οὐδὲν
714 2726 796 2757 ἄλλο
827 2726 943 2757 ἄλλου.
976 2727 1049 2768 Περὶ
1082 2725 1140 2769 μὲν
1167 2723 1222 2757 οὖν
1250 2726 1315 2756 τῶν

323 2770 547 2815 ὑπαρχόντων
574 2770 669 2811 αὐτῷ
696 2768 839 2802 τοσαῦτ’
868 2770 955 2802 ἔστω
981 2764 1224 2814 διηπορημένα.

307 2876 456 2904 SYNOPSIS.
481 2891 515 2895 -—
543 2884 566 2902 1.
588 2875 799 2911 Argumentum
823 2881 851 2902 et
871 2874 973 2902 divisio
999 2880 1099 2902 textus.
1123 2891 1141 2895 -
1162 2882 1179 2902 2
1214 2875 1315 2911 Oppo-

254 2916 351 2943 nendo
372 2914 500 2951 arguitur
523 2915 603 2951 quod
623 2920 737 2950 tempus
758 2922 818 2941 non
840 2913 883 2942 sit.
912 2916 940 2950 a)
962 2915 1071 2942 Totum
1099 2920 1212 2950 tempus
1234 2923 1314 2942 com-

253 2954 371 2991 ponitur
385 2964 419 2982 ex
439 2954 483 2982 his
505 2963 578 2990 quae
599 2963 660 2981 non
681 2959 755 2988 sunt,
777 2963 881 2989 nempe
896 2953 1049 2990 praeterito
1071 2960 1098 2981 et
1118 2954 1229 2981 futuro:
1246 2963 1314 2990 ergo

254 3001 297 3022 est
317 2994 396 3022 nihil.
412 3010 431 3015 -
447 2994 473 3021 3.
495 2994 523 3028 b)
544 2994 688 3029 Tempus,
710 2999 742 3020 ut
762 2992 901 3021 divisibile
922 2992 1039 3029 aliquid,
1062 2993 1085 3021 si
1107 2993 1244 3028 existeret,
1264 2994 1314 3021 ha-

254 3034 334 3061 beret
354 3039 465 3069 partem
485 3033 530 3061 vel
550 3039 645 3069 partes
666 3032 832 3067 existentes;
861 3032 1044 3069 praeteritum
1073 3039 1169 3061 autem
1190 3039 1218 3060 et
1239 3033 1314 3060 futu-

255 3082 320 3100 rum
341 3081 402 3100 non
423 3079 490 3100 sunt
510 3072 540 3100 in
560 3078 639 3107 aetu3
661 3078 688 3099 et
711 3071 806 3108 ipsum
827 3081 905 3100 nunc
926 3073 1005 3108 quod
1033 3078 1098 3100 actu
1119 3078 1169 3108 est,
1191 3082 1251 3100 non
1273 3079 1315 3100 est

255 3111 394 3147 temporis
414 3121 490 3148 pars,
505 3121 570 3139 curn
585 3120 680 3148 neque
703 3118 848 3139 mensuret
862 3121 956 3148 neque
980 3118 1138 3148 componat
1158 3118 1280 3148 tempus.
1295 3128 1315 3132 —

255 3160 283 3186 4.
306 3150 469 3179 Subdivisio
489 3157 591 3179 textus.
612 3152 680 3179 Non
701 3157 743 3179 est
757 3151 837 3179 facile
853 3151 924 3179 scire
938 3157 1035 3179 utrum
1057 3151 1086 3179 in
1107 3158 1169 3179 toto
1183 3158 1314 3188 tempore

255 3190 291 3218 sit
317 3199 408 3218 unum
436 3200 514 3218 nunc
541 3199 578 3218 an
605 3191 696 3226 plura.
718 3206 737 3210 —
761 3190 986 3219 5.‘Obiiciendo
1016 3191 1176 3218 ostenditur
1202 3190 1314 3227 primo,

255 3239 316 3258 non
343 3239 405 3257 esse
430 3230 512 3266 plura
539 3239 625 3258 nunc.
657 3231 723 3258 Duo
752 3239 829 3258 nunc
856 3229 941 3257 simul
968 3239 1029 3257 esse
1057 3236 1219 3266 nequeunt,
1248 3239 1314 3257 cum

492 3434 644 3482 primo
673 3433 761 3470 dicit
793 3433 840 3469 de
873 3445 950 3481 quo
987 3440 1041 3469 est
1074 3433 1249 3479 intentio,
1281 3442 1316 3470 et

461 3484 504 3514 ’ν-
521 3499 598 3535 quo
614 3486 745 3522 ordine
760 3484 1047 3533 procedendum
1065 3485 1124 3530 sit;
1146 3486 1313 3522 secundo

532 3538 790 3587 propositum,
820 3537 891 3573 ibi:
930 3537 1038 3578 Quod
1070 3537 1215 3584 quidem
1246 3538 1314 3586 igi-

257 3599 318 3630 tur
338 3594 356 3615 '3
378 3600 444 3629 etc.
467 3591 565 3629 Dicit
593 3603 680 3638 ergo
710 3591 834 3639 primo
864 3591 967 3638 quod
996 3601 1230 3638 consequens
1260 3597 1315 3625 est

1366 834 1383 853 '¹‘
1398 834 1604 876 Consequens
1620 844 1726 868 autem
1742 839 1830 869 dictis
1850 846 1895 870 est
1913 841 2036 879 aggredi
2056 841 2093 870 de
2109 847 2260 880 tempore.
2278 842 2420 874 Primum

1434 886 1539 909 autem
1562 881 1640 911 bene
1664 892 1696 911 se
1719 882 1811 913 habet
1834 893 1995 923 opponere
2019 885 2057 914 de
2084 885 2170 924 ipso,
2196 893 2226 916 et
2249 896 2303 926 per
2326 893 2422 917 extra-

1434 933 1507 972 nea-s
1531 924 1685 963 rationes,
1719 933 1826 956 utrum
1849 928 1887 958 sit
1910 938 2022 958 eorum
2054 938 2135 968 quae
2158 937 2245 968 sunt,
2275 937 2328 960 aut
2356 941 2421 961 non

1435 973 1570 997 entium:
1595 976 1703 1007 postea
1727 980 1807 1010 quae
1830 978 1940 1001 natura
1962 971 2070 1011 ipsius.

1368 1008 1386 1026 ’κ’
1403 1010 1500 1046 Quod
1523 1011 1652 1050 quidem
1674 1013 1768 1052 igitur
1790 1015 1921 1044 omnino
1938 1025 2002 1045 non
2019 1015 2068 1053 sit,
2088 1023 2142 1046 aut
2163 1016 2213 1046 vix
2236 1023 2266 1047 et
2281 1018 2422 1056 obscure,

1436 1064 1472 1083 ex
1487 1054 1535 1084 his
1552 1055 1663 1095 aliquis
1682 1057 1790 1097 utique
1808 1059 1970 1098 concipiet.
1991 1060 2061 1089 Hoc
2081 1060 2209 1100 quidem
2225 1060 2310 1090 enim
2325 1061 2423 1101 ipsius

1436 1097 1523 1137 prius
1547 1098 1664 1129 factum
1688 1108 1746 1137 est,
1775 1108 1805 1131 et
1827 1111 1892 1131 non
1916 1110 1977 1140 est;
2001 1103 2086 1133 aliud
2113 1114 2186 1134 vero
2211 1104 2369 1144 futurum,
2394 1113 2424 1136 et

1437 1142 1583 1172 nondum
1607 1150 1668 1173 est:
1693 1154 1729 1174 ex
1754 1145 1801 1174 his
1825 1153 1929 1175 autem
1953 1154 1983 1177 et
1998 1146 2156 1177 infinitum
2180 1155 2210 1179 et
2230 1159 2352 1189 semper
2374 1159 2423 1180 ac-

1438 1192 1565 1226 ceptum
1588 1193 1712 1226 tempus
1739 1189 1949 1228 componitur.
1974 1191 2020 1220 Ex
2043 1190 2090 1220 his
2114 1198 2219 1222 autern
2254 1202 2334 1233 quae
2358 1203 2423 1224 non

1437 1237 1510 1260 sunt
1534 1231 1764 1271 compositum,
1787 1232 1980 1272 impossibile
2004 1244 2069 1264 esse
2091 1234 2213 1266 videtur
2241 1236 2422 1277 participare

1438 1274 1577 1314 aliquam
1600 1275 1815 1306 substantiam.

1370 1317 1387 1336 ’ἵ
1403 1318 1517 1349 Adhuc
1538 1324 1655 1356 autem,
1677 1319 1780 1349 omnis
1796 1319 1839 1350 rei
1856 1320 2025 1358 divisibilis,
2047 1321 2072 1350 si
2088 1322 2216 1361 quidem
2232 1323 2284 1362 sit,
2300 1333 2423 1354 necesse

1438 1370 1494 1401 est,
1505 1372 1579 1393 cum
1591 1369 1647 1400 est,
1665 1370 1719 1393 aut
1733 1373 1843 1394 omnes
1855 1371 1909 1394 aut
1923 1365 2075 1404 quasdam
2089 1373 2189 1404 partes
2199 1376 2274 1397 esse.
2285 1367 2424 1407 Tempo-

1438 1408 1479 1437 ris
1494 1413 1601 1437 autem
1615 1407 1693 1437 aliae
1707 1407 1816 1445 factae,
1834 1407 1911 1437 aliae
1925 1418 1999 1437 vero
2012 1408 2134 1439 futurae
2150 1417 2238 1440 sunt:
2259 1418 2304 1441 est
2319 1418 2424 1441 autern

1437 1451 1516 1482 nihil
1532 1461 1606 1482 cum
1622 1451 1660 1482 sit
1675 1450 1836 1482 divisibile.
1854 1451 1963 1491 Ipsum
1979 1459 2085 1482 autern
2103 1462 2187 1484 nunc
2202 1464 2268 1483 non
2284 1461 2329 1484 est
2344 1465 2424 1494 pars.

1437 1496 1598 1526 Mensurat
1614 1495 1697 1525 enim
1714 1505 1796 1535 pars,
1813 1501 1843 1525 et
1857 1495 2008 1534 componi
2025 1503 2150 1535 oportet
2163 1504 2267 1527 totum
2284 1507 2320 1527 ex
2334 1498 2426 1538 parti-

1437 1540 1511 1570 bus:
1535 1546 1661 1579 tempus
1678 1545 1785 1570 autem
1803 1549 1869 1569 non
1885 1538 2007 1569 videtur
2023 1541 2174 1580 componi
2191 1551 2227 1571 ex
2241 1541 2316 1581 ipsis
2330 1552 2425 1572 nunc.

1371 1583 1389 1602 ⁴¹¹
1404 1584 1551 1624 Amplius
1575 1589 1682 1614 autem
1713 1583 1820 1622 ipsum
1844 1592 1947 1621 nune,
1977 1584 2065 1623 quod
2089 1584 2209 1615 videtur
2239 1585 2426 1625 distinguere

1437 1627 1639 1668 praeteritum
1663 1633 1693 1657 et
1716 1627 1871 1664 futurum,
1895 1633 2003 1657 utrum
2022 1637 2123 1658 unum
2146 1635 2176 1659 et
2197 1628 2282 1659 idem
2305 1639 2430 1669 semper

1437 1678 1630 1712 permaneat,
1654 1681 1694 1701 an
1717 1670 1803 1701 aliud
1827 1677 1857 1701 et
1880 1670 1976 1709 aliud,
2001 1681 2065 1701 non
2089 1671 2178 1702 facile
2202 1680 2248 1703 est
2266 1673 2351 1704 scire.

1372 1716 1404 1746 Si
1427 1716 1558 1756 quidem
1582 1715 1667 1746 enim
1693 1725 1777 1745 nunc
1808 1725 1931 1755 semper
1954 1715 2086 1745 alterum
2110 1723 2140 1746 et
2168 1717 2315 1755 alterurn,
2340 1717 2427 1747 nulla

1438 1766 1544 1790 autem
1568 1769 1680 1790 eorum
1703 1769 1784 1799 quae
1808 1765 1882 1789 sunt
1903 1758 1936 1788 in
1959 1765 2116 1799 tempore,
2141 1760 2200 1790 alia
2223 1767 2253 1791 et
2276 1760 2335 1791 alia
2357 1771 2427 1800 pars

1438 1803 1534 1834 simul
1557 1810 1621 1841 est,
1653 1813 1734 1843 quae
1757 1813 1823 1832 non
1847 1803 2004 1842 continet,
2030 1803 2090 1833 alia
2112 1814 2185 1834 vero
2215 1805 2425 1843 contineatur,

1438 1848 1519 1878 sicut
1535 1847 1640 1877 minus
1664 1854 1790 1886 tempus
1807 1853 1853 1877 est
1870 1848 1928 1877 sub
1948 1846 2081 1885 maiore3
2105 1848 2210 1887 ipsum
2233 1858 2316 1879 nunc
2340 1850 2426 1890 quod

1428 1902 1505 1922 -non
1528 1898 1593 1931 est,
1621 1891 1708 1931 prius
1732 1897 1839 1921 autem
1867 1891 1946 1928 fuit,
1975 1901 2101 1921 necesse
2120 1899 2165 1922 est
2189 1893 2347 1932 corrumpi
2372 1893 2426 1923 ali-

1438 1936 1586 1976 quando,
1610 1942 1640 1966 et
1663 1935 1731 1975 ipsa
1754 1935 1884 1975 quidem
1913 1945 1998 1965 nunc
2025 1935 2119 1966 simul
2143 1936 2182 1966 ad
2204 1936 2338 1967 invicem
2362 1947 2428 1967 non

1439 1986 1540 2018 erunt,
1558 1986 1743 2020 corruptum
1764 1986 1871 2010 autem
1894 1989 1960 2009 esse
1983 1989 2107 2010 necesse
2131 1987 2176 2010 est
2195 1980 2291 2020 prius.
2315 1981 2350 2010 In
2374 1991 2427 2011 eo-

1438 2024 1511 2054 dem
1531 2024 1661 2064 quidem
1677 2023 1772 2063 igitur
1789 2029 1974 2063 corruptum
1990 2033 2054 2053 esse
2073 2023 2266 2063 impossibile
2283 2031 2338 2064 est,
2355 2035 2426 2065 pro-

1438 2075 1506 2108 pter
1529 2068 1590 2098 hoc
1609 2068 1697 2108 quod
1716 2074 1791 2098 tunc
1811 2074 1866 2098 est.
1892 2068 1926 2097 In
1951 2067 2012 2097 alio
2032 2074 2138 2098 autem
2161 2078 2245 2098 nunc
2269 2069 2426 2109 corrumpi

1437 2112 1543 2152 ipsum
1566 2111 1653 2152 prius
1677 2121 1762 2142 nunc
1778 2121 1843 2141 non
1867 2111 2028 2151 contingit.
2054 2111 2103 2142 Sic
2127 2112 2211 2142 enirn
2233 2111 2426 2152 impossibile

1437 2162 1483 2186 est
1505 2155 1611 2186 habita
1634 2165 1700 2186 esse
1727 2155 1863 2186 invicem
1894 2155 1962 2195 ipsa
1989 2165 2089 2194 nunc,
2118 2162 2154 2186 ut
2175 2163 2330 2196 punctum
2353 2166 2427 2187 cum

1436 2206 1567 2239 punct0.
1600 2199 1632 2230 Si
1655 2200 1749 2240 igitur
1771 2199 1803 2229 in
1828 2210 1865 2230 eo
1894 2200 1982 2240 quod
2015 2207 2241 2240 consequenter
2268 2208 2332 2239 est,
2361 2211 2426 2231 non

1438 2243 1660 2283 corrumpitur,
1684 2243 1785 2274 sedin
1802 2243 1875 2282 alio,
1891 2244 1924 2274 in
1943 2243 2054 2274 mediis
2074 2253 2168 2282 nunc,
2188 2254 2269 2285 quae
2285 2251 2357 2275 sunt
2379 2245 2425 2275 in-

1437 2286 1538 2326 finita,
1562 2287 1658 2317 simul
1681 2287 1746 2318 erit.
1771 2288 1842 2318 Hoc
1866 2293 1972 2318 autem
1995 2287 2189 2328 impossibile
2213 2295 2266 2319 est.

1369 2330 1387 2348 ἦ
1403 2333 1446 2362 At
1468 2341 1542 2362 vero
1566 2341 1669 2371 neque
1692 2341 1776 2361 nunc
1800 2341 1924 2371 semper
1946 2342 2072 2362 manere
2093 2332 2178 2362 idem
2200 2332 2347 2372 possibile
2371 2339 2425 2363 est.

1437 2375 1564 2406 Nullius
1588 2375 1673 2405 enim
1701 2374 1861 2405 divisibilis
1890 2374 1969 2406 finiti
1998 2386 2081 2406 unus
2104 2376 2255 2407 terminus
2279 2384 2339 2415 est,
2368 2386 2426 2407 nec

1437 2419 1463 2449 si
1478 2419 1511 2449 in
1530 2429 1596 2449 uno
1620 2419 1659 2450 sit
1683 2419 1880 2458 continuum,
1897 2429 1954 2450 nec
1978 2419 2003 2450 si
2022 2419 2055 2450 in
2073 2420 2174 2459 plura.
2195 2421 2303 2460 Ipsum
2321 2427 2427 2451 autem

1437 2473 1522 2493 nunc
1545 2463 1697 2493 terminus
1721 2470 1776 2501 est,
1801 2470 1831 2493 et
1853 2470 1979 2503 tempus
2004 2470 2050 2494 est
2072 2464 2211 2503 accipere
2233 2464 2367 2495 finitum.

1370 2507 1388 2525 '²‘
1403 2507 1562 2547 Amplius,
1582 2507 1608 2537 si
1624 2507 1719 2537 simul
1735 2517 1800 2537 esse
1816 2508 1990 2538 secundum
2009 2514 2135 2547 ternpus
2152 2515 2181 2538 et
2197 2518 2254 2550 nec
2269 2509 2355 2548 prius
2370 2518 2426 2539 nec

1437 2551 1610 2591 posterius,
1634 2551 1667 2582 in
1696 2551 1809 2581 eodem
1842 2561 1907 2581 esse
1931 2559 1961 2582 et
1984 2551 2016 2581 in
2040 2552 2110 2592 ipso
2134 2562 2219 2582 nunc
2247 2559 2308 2591 est;
2332 2552 2426 2582 simul

1437 2602 1511 2626 sunt
1534 2605 1614 2635 quae
1637 2595 1670 2625 in
1693 2605 1813 2625 annum
1837 2602 1910 2626 sunt
1932 2595 2151 2633 millesimum,
2179 2595 2226 2626 his
2251 2606 2330 2636 quae
2354 2602 2427 2627 sunt

1438 2639 1548 2677 hodie;
1565 2649 1621 2669 nec
1640 2639 1726 2679 prius
1743 2649 1799 2670 nec
1815 2639 1971 2678 posterius
1990 2639 2069 2670 nihil
2086 2640 2170 2670 aliud
2193 2639 2265 2670 alio.
2282 2639 2300 2657 ἕ
2316 2640 2362 2670 De
2378 2639 2424 2669 his

1438 2683 1568 2724 quidem
1590 2683 1684 2723 igitur
1707 2693 1787 2724 quae
1811 2683 1918 2714 insunt
1939 2683 2010 2723 ipsi,
2035 2690 2083 2714 tot
2105 2684 2252 2724 opposita
2274 2683 2344 2714 sint.

1369 2883 1475 2910 unum,
1497 2881 1597 2911 utpote
1624 2875 1807 2910 indivisibile,
1829 2875 1906 2903 aliud
1928 2875 2073 2903 continere
2100 2884 2160 2902 non
2185 2874 2290 2910 possit;
2312 2874 2334 2901 si
2356 2883 2423 2910 ergo

1369 2914 1425 2942 sint
1446 2914 1514 2949 duo,
1536 2914 1615 2950 prius
1637 2914 1783 2951 corrumpi
1803 2923 1919 2942 necesse
1937 2921 1993 2949 est;
2019 2924 2079 2942 non
2093 2920 2189 2942 autem
2210 2914 2239 2941 in
2261 2914 2322 2950 ipso
2337 2913 2424 2949 priori

1369 2963 1460 2988 nunc,
1483 2953 1553 2981 nihil
1568 2954 1644 2981 enim
1667 2954 1859 2990 corrumpitur
1874 2954 1943 2981 dum
1964 2961 2021 2988 est;
2043 2963 2096 2981 nec
2113 2954 2198 2981 etiam
2213 2953 2242 2980 in
2262 2952 2423 2989 posteriori,

1369 2993 1409 3021 sic
1430 2993 1507 3021 enim
1529 2993 1614 3021 simul
1642 3000 1715 3022 esset
1736 3003 1800 3023 curn
1829 2993 1946 3020 infinitis
1974 3002 2051 3021 nunc
2077 2992 2261 3020 intermediis.
2283 3008 2302 3014 -
2323 2993 2349 3020 6.
2374 2993 2423 3019 Se-

1369 3032 1465 3061 cundo
1488 3032 1647 3060 ostenditur
1661 3034 1741 3069 quod
1760 3042 1820 3060 non
1842 3032 1877 3060 sit
1897 3032 1974 3060 idem
1995 3042 2080 3060 nunc.
2102 3034 2130 3067 a)
2152 3032 2227 3060 Cum
2248 3031 2283 3059 sit
2297 3031 2424 3067 accipere

1368 3079 1482 3108 tempus
1496 3072 1618 3107 finitum,
1640 3073 1720 3100 cuius
1741 3072 1879 3100 terminus
1900 3078 1942 3099 est
1962 3081 2047 3106 nunc,
2069 3078 2097 3099 et
2117 3080 2182 3099 cum
2203 3071 2308 3098 nullius
2329 3070 2423 3098 divisi-

1369 3111 1433 3139 bilis
1454 3111 1526 3139 finiti
1547 3111 1637 3148 possit
1652 3121 1713 3139 esse
1727 3121 1802 3139 unus
1821 3111 1960 3139 terminus
1981 3117 2101 3144 tantum,
2123 3119 2238 3138 necesse
2257 3116 2299 3138 est
2316 3118 2424 3145 ponere

1368 3151 1451 3187 plura
1471 3160 1557 3179 nunc.
1573 3168 1592 3172 -
1607 3161 1632 3187 7.
1653 3152 1680 3186 b)
1703 3151 1732 3178 Si
1753 3151 1782 3178 in
1803 3157 1865 3178 toto
1887 3157 2016 3186 tempore
2037 3150 2072 3177 sit
2093 3150 2168 3177 idern
2189 3158 2274 3184 nunc,
2296 3148 2424 3184 sequitur

1368 3190 1453 3218 simul
1474 3199 1536 3218 esse
1557 3200 1631 3227 quae
1651 3191 1765 3218 fuerunt
1786 3196 1851 3218 ante
1872 3189 1948 3217 mille
1962 3198 2054 3217 annos
2070 3195 2097 3216 et
2112 3197 2185 3224 quae
2207 3194 2273 3215 sunt
2294 3187 2387 3215 hodie.
2403 3203 2422 3208 ·-

1368 3229 1514 3266 Epilogus.

1370 3331 1418 3367 ad
1432 3330 1634 3378 praedicta,
1650 3329 1814 3378 aggredi
1830 3328 1876 3364 de
1896 3335 2082 3375 tempore3
2104 3327 2142 3362 in
2162 3338 2237 3374 quo
2254 3326 2422 3373 designat

1370 3382 1628 3419 difficultatem
1659 3379 1976 3417 considerationis
1998 3379 2046 3414 Et
2065 3378 2157 3414 sicut
2177 3378 2223 3414 de
2242 3379 2421 3426 praemis-

1369 3435 1430 3481 sis,
1450 3434 1500 3470 ita
1527 3442 1563 3470 et
1591 3434 1637 3470 de
1666 3441 1835 3480 tempore
1863 3431 1986 3479 primo
2017 3438 2165 3478 oportet
2188 3432 2420 3479 opponendo

1367 3486 1573 3534 procedere
1605 3498 1676 3534 per
1712 3485 1872 3520 rationes
1900 3489 2115 3528 extraneas,
2145 3483 2239 3520 idest
2271 3484 2318 3520 ab
2344 3484 2422 3520 aliis

1368 3538 1508 3586 positas
1533 3539 1594 3574 vel
1623 3536 1859 3584 sophisticas:
1890 3543 2014 3571 utrum
2035 3535 2171 3572 scilicet
2199 3536 2244 3572 sit
2271 3544 2421 3585 tempus

1368 3591 1429 3626 vel
1458 3603 1551 3635 non;
1578 3598 1612 3626 et
1632 3589 1661 3625 si
1682 3596 1744 3634 est,
1767 3600 1862 3636 quae
1884 3595 1937 3624 est
1957 3595 2088 3624 natura
2109 3588 2198 3625 eius.

2448 848 2531 901 ἓ76εψ.
2549 855 2572 871 x.
2592 849 2659 871 Text.

2448 1027 2459 1039 ⁴
2474 1027 2540 1050 Text.
2555 1028 2592 1051 88.

2449 1328 2459 1338 ⁸
2473 1327 2539 1350 Text.
2555 1329 2591 1357 89.

2452 1588 2463 1599 ⁴⁸
2477 1589 2542 1610 Text.
2557 1596 2595 1617 90.

2452 2339 2462 2350 *
2476 2339 2542 2360 Text.
2558 2345 2588 2367 9¹·

2452 2515 2461 2523 '¹
2476 2513 2541 2535 Text.
2557 2519 2592 2542 92.

2451 2646 2462 2656 ‘
2476 2645 2542 2666 Text.
2557 2650 2592 2672 93.
