2950 4004
252 603 263 613 ⁴
279 602 333 623 inde
347 602 398 623 add.
414 608 442 623 ra
428 602 465 622 a.b

285 663 310 677 se·
317 656 381 684 fecit
394 656 464 677 rab.-

254 683 366 704 balneare
380 689 400 703 Ρ.

315 819 402 834 [sarum
419 819 463 833 om.

253 846 422 892 LTctpii
427 866 463 887 ,8.

253 1024 261 1032 ·
276 1026 299 1044 et
312 1029 357 1044 mo
380 1029 418 1044 srv

331 1030 377 1071 ΜΩ
395 1056 408 1070 ¹³
421 1029 464 1070 ορ·
492 1062 630 1110 aliquid
659 1060 858 1109 impediat:
879 1059 982 1096 unde
1010 1058 1251 1095 manifestum
1278 1066 1334 1095 est
1361 1058 1465 1108 quod
1486 1058 1549 1095 de-

492 248 541 295 96
1125 242 1470 280 PHYSICORUM
1497 241 1844 278 ARISTOTELIS
1874 242 1967 278 LIB.
1997 243 2029 278 11

252 333 340 380 Qalt'qu
343 340 356 355 ο
375 339 413 355 m
415 339 464 358 οατ
492 325 734 362 terminatum
754 324 889 360 finem:
911 334 1062 371 semper
1083 322 1183 358 enim
1204 321 1251 357 ab
1273 320 1440 356 eodem*
1448 319 1549 368 prin-

494 378 590 426 cipio
628 376 845 425 proceditur
878 375 915 412 in
951 375 1115 412 eundem
1144 374 1283 419 finem,
1313 372 1383 408 nisi
1411 372 1551 421 aliquid

493 430 684 479 impediat.
707 428 899 475 Contingit
926 435 1052 464 autem
1081 427 1119 463 id
1148 426 1252 462 cuius
1277 436 1391 461 causa
1417 425 1461 461 fit
1489 424 1551 460 ali-

493 483 595 531 quid,
617 483 819 540 aliquando
848 480 929 517 fieri
950 493 971 516 a
992 481 1151 539 fortuna,
1174 478 1328 526 quando
1357 489 1435 513 non
1462 489 1550 525 pro-

492 544 574 585 pter
601 537 674 572 hoc
704 534 842 581 agitur:
864 534 957 570 sicut
985 533 1014 569 si
1035 531 1167 579 aliquis
1196 538 1393 567 extraneus
1411 529 1550 576 veniat,

494 597 530 625 et
562 588 712 624 recedat
730 588 749 607 ᾖ·
769 588 983 631 balneatus,
1018 585 1178 621 dicimus
1210 584 1284 620 hoc
1317 595 1398 620 esse
1428 595 1450 618 a
1478 582 1550 618 for-

492 649 597 687 tuna,
621 653 666 676 eo
686 640 788 688 quod
817 639 866 675 ita
885 638 979 684 fecit,
1002 649 1041 674 se
1059 638 1078 658 ‘⁴‘
1093 636 1317 683 balneando,
1347 649 1392 673 ac
1415 635 1445 672 si
1463 647 1550 684 pro-

492 702 575 742 pter
602 694 676 729 hoc
702 692 887 737 venisset,
919 702 1005 727 cum
1034 697 1162 726 tamen
1190 696 1344 748 propte-r
1371 690 1446 725 hoc
1473 699 1552 725 non

491 746 655 791 venerit;
676 745 776 781 unde
797 719 1007 781 secdndum
1037 742 1211 779 accidens
1236 749 1291 778 est
1319 742 1444 790 ipsum
1461 741 1551 814 *bal-

492 798 595 836 neari
616 799 779 845 (fortuna
799 797 900 834 enim
921 803 975 832 est
990 795 1036 832 de
1061 807 1221 831 numero
1243 806 1442 830 causarum
1461 794 1551 830 *se-

493 851 659 888 cundum
688 850 872 896 acmdens,
889 857 929 885 ut
955 848 1059 897 prius
1086 849 1106 868 '⁶
1135 847 1275 884 dictum
1305 849 1385 892 est).
1417 846 1492 883 Sed
1522 847 1552 883 si

492 917 642 953 semper
656 912 719 940 aut
737 904 949 950 frequenter
969 900 1001 937 ei
1020 900 1185 937 venienti
1203 900 1278 936 hoc
1296 899 1452 947 accidat,
1474 911 1551 936 non

492 957 625 995 dicitur
652 968 733 993 esse
762 968 783 992 a
816 956 974 991 fortuna.
1002 952 1046 989 In
1074 953 1186 989 rebus
1215 960 1342 989 autem
1376 953 1551 989 naturali-

492 1011 574 1057 bus,
596 1021 672 1046 non
700 1020 768 1057 per
796 1007 969 1044 accidens
1002 1006 1269 1054 sedsssemper
1297 1005 1349 1042 sic
1379 1013 1451 1052 est,
1482 1005 1550 1042 nisi

491 1114 710 1151 terminatus
739 1113 835 1158 finis,
856 1112 920 1161 qui
950 1112 1116 1160 sequitur
1143 1111 1182 1148 in
1210 1119 1354 1158 natura,
1385 1124 1464 1148 non
1492 1123 1551 1148 se·

491 1167 613 1216 quitur
641 1179 663 1203 a
692 1179 792 1214 casu,
813 1167 881 1203 sed
910 1178 955 1203 ex
976 1164 1179 1202 intentione
1209 1172 1375 1201 naturae.
1397 1165 1455 1201 Ex
1474 1177 1550 1213 quo

488 1227 590 1269 patet
618 1219 722 1268 quod
755 1227 886 1256 contra
923 1219 1107 1256 rationem
1136 1225 1292 1254 naturae
1321 1225 1395 1264 est,
1426 1217 1550 1255 dicere

490 1273 594 1322 quod
624 1280 756 1309 natura
784 1284 862 1309 non
890 1280 975 1319 agat
1002 1277 1157 1320 propter
1185 1270 1336 1319 aliquid.

544 1327 578 1362 8.
596 1325 744 1362 Deinde
760 1337 847 1362 cum
860 1325 966 1362 dicit:
987 1324 1257 1361 Inconveniens
1267 1329 1391 1360 autem
1402 1329 1457 1360 est
1465 1330 1548 1370 etc„

491 1378 651 1415 excludit
664 1378 813 1415 tertium
830 1390 874 1414 ex
894 1390 970 1426 quo
990 1377 1123 1426 aliquis
1143 1377 1289 1425 opinari
1302 1383 1427 1425 potest
1445 1377 1551 1425 quod

489 1439 621 1468 natura
649 1443 727 1468 non
756 1439 840 1478 agat
858 1438 1012 1480 propter
1039 1429 1189 1478 aliquid.
1210 1429 1420 1467 Videbatur
1448 1429 1549 1466 enim

490 1484 718 1532 quibusdam
738 1484 841 1532 quod
861 1491 992 1520 natura
1011 1495 1090 1520 non
1115 1490 1200 1530 agat
1222 1489 1378 1532 propter
1397 1482 1549 1530 aliquid,

489 1537 578 1596 quia
606 1549 683 1573 non
718 1537 907 1574 deliberat.
939 1536 1014 1573 Sed
1044 1535 1299 1595 Philosophus
1328 1535 1416 1572 dicit
1447 1536 1550 1584 quod

489 1590 759 1626 inconveniens
795 1598 849 1626 est
884 1590 958 1626 hoc
997 1589 1159 1638 opinari:
1190 1589 1278 1637 quia
1307 1588 1549 1626 manifestum

490 1650 544 1678 est
571 1642 674 1690 quod
704 1654 762 1678 ars
782 1642 856 1690 agit
883 1650 1038 1691 propter
1057 1642 1219 1690 aliquid;
1250 1649 1286 1678 et
1312 1649 1442 1678 tamen
1470 1637 1550 1679 rn'a-

488 1695 664 1731 nifestum
694 1703 748 1731 est
777 1695 879 1743 quod
901 1707 960 1732 ars
988 1707 1067 1732 non
1096 1694 1287 1732 deliberat.
1308 1695 1392 1731 Nec
1421 1694 1549 1731 artifex

490 1747 668 1784 deliberat
695 1748 918 1797 inquantum
939 1748 1053 1785 habet
1082 1755 1212 1795 artem,
1234 1747 1301 1785 sed
1324 1748 1549 1796 inquantum

488 1914 610 1943 LMRZb,
631 1914 656 1938 in
677 1921 838 1946 quocumque
857 1915 897 1939 ed.
917 1922 947 1944 a,
967 1914 993 1939 in
1013 1918 1141 1947 quantum
1161 1920 1209 1940 cet.
1228 1922 1281 1940 exc.
1301 1915 1324 1939 H
1345 1914 1388 1947 qui
1408 1914 1484 1939 habet
1503 1916 1549 1939 lac.

487 1950 538 1974 Pro
556 1950 717 1983 contingens,
738 1950 869 1983 contingit
887 1950 962 1974 codd.
981 1955 1006 1974 et
1024 1951 1066 1975 ab.

1608 318 1734 355 deficit
1754 331 1776 355 a
1796 319 2015 356 certitudine
2032 321 2051 342 *
2067 321 2172 358 artis:
2197 322 2298 360 unde
2318 330 2415 360 artes
2440 324 2667 362 certissimae
2696 335 2906 360 'rectiwdtnemm

1606 383 1685 407 non
1713 371 1931 419 deliberant,
1962 372 2056 409 sicut
2083 373 2242 422 scriptor
2268 387 2347 412 non
2371 376 2551 414 deliberat
2574 390 2667 438 quo-

1607 423 1725 460 modo
1755 424 1891 463 debeat
1919 426 2083 463 formare
2112 426 2261 464 litteras
2287 428 2336 464 Et
2361 427 2412 465 illi
2441 429 2555 467 etiam
2583 431 2667 468 arti-

1606 476 1698 513 fices
1715 477 1782 536 qui
1803 477 2021 525 deliberant,
2041 486 2246 528 postquam
2274 480 2500 519 invenerunt
2519 490 2667 520 certum

1606 529 1836 578 principium
1864 531 1977 579 artis,
2006 532 2045 569 in
2083 532 2305 591 exequendo
2335 545 2414 570 non
2443 534 2666 574 deliberant:

1607 582 1763 619 unde*
1743 583 1763 604 '
1801 583 2056 632 citharaedus,
2095 585 2126 621 si
2163 584 2200 622 in
2238 586 2426 633 tangendo
2462 588 2705 635 quamlibet·

1608 634 1791 672 chordam
1802 636 2044 684 deliberaret,
2065 637 2367 686 imperitissimus
2386 638 2589 677 videretur.
2610 641 2669 678 Ex

1607 699 1684 734 quo
1702 695 1806 736 patet
1830 690 1934 748 quod
1957 702 2035 727 non
2068 690 2274 727 deliberare
2309 691 2488 739 contingit
2517 693 2536 714 *
2559 692 2668 730 alicui

1607 741 1745 788 agenti,
1766 753 1843 778 non
1864 742 1951 790 quia
1970 755 2048 779 non
2072 743 2145 791 agit
2163 751 2318 793 propter
2336 745 2466 792 finem,
2493 745 2561 783 sed
2579 746 2669 794 quia

1606 793 1720 829 habet
1758 793 2004 832 determinata
2040 796 2167 834 media
2198 809 2266 845 per
2302 810 2400 845 quae
2438 798 2522 845 agit.
2556 798 2667 836 Unde

1608 852 1643 881 et
1658 853 1800 893 natura,
1817 847 1906 895 quia
1920 848 2034 885 habet
2047 846 2060 869 ⁰
2075 849 2322 886 determinata
2337 850 2464 887 media
2481 863 2551 899 per
2570 863 2667 900 quae

1607 898 1680 945 agit
1701 900 1738 946 ²¹²,
1766 907 1922 948 propter
1948 901 2023 937 hoc
2051 913 2129 938 non
2157 902 2348 940 deliberat.
2370 905 2412 940 In
2432 904 2534 940 nullo
2564 905 2667 942 enim

1607 951 1679 988 alio
1713 960 1847 990 natura
1866 953 1914 990 ab
1934 961 2012 990 arte
2039 953 2189 991 videtur
2213 954 2374 1002 differre,
2398 956 2468 993 nisi
2491 956 2580 1004 quia
2601 970 2667 995 na-

1606 1011 1689 1041 tura
1717 1013 1773 1042 est
1799 1005 2026 1055 principium
2054 1006 2312 1055 intrinsecum,
2338 1015 2374 1045 et
2398 1021 2458 1045 ars
2484 1017 2539 1046 est
2565 1010 2667 1070 prin-

1607 1056 1748 1118 cipium
1786 1058 2047 1096 extrinsecum.
2088 1060 2127 1096 Si
2160 1060 2261 1097 enirn
2295 1073 2355 1098 ars
2392 1061 2527 1098 factiva
2560 1062 2668 1100 navis

1607 1118 1704 1147 esset
1739 1111 1939 1149 intrinseca
1971 1112 2084 1160 ligno,
2120 1113 2216 1150 facta
2245 1113 2375 1150 fuisset
2405 1114 2515 1151 navis
2548 1127 2571 1151 a
2602 1127 2667 1152 na-

1605 1170 1699 1210 tura,
1738 1164 1832 1201 sicut
1868 1165 1987 1202 modo
2024 1165 2067 1202 fit
2099 1166 2146 1202 ab
2181 1173 2270 1203 arte.
2309 1167 2358 1203 Et
2389 1167 2464 1204 hoc
2501 1167 2667 1205 maxime

1606 1217 1848 1254 manifestum
1869 1225 1924 1254 est
1952 1217 1989 1254 in
2010 1225 2087 1254 arte
2106 1230 2205 1267 quae
2234 1226 2289 1255 est
2316 1219 2355 1256 in
2383 1231 2430 1256 eo
2450 1220 2556 1268 quod
2583 1233 2666 1258 mo-

1604 1277 1726 1317 vetur,
1746 1270 1831 1307 licet
1848 1282 1918 1319 per
1945 1270 2131 1318 accidens,
2151 1271 2247 1308 sicut
2266 1272 2312 1308 de
2333 1272 2484 1310 medico
2504 1273 2568 1322 qui
2587 1285 2667 1310 me-

1606 1322 1751 1359 dicatur
1769 1335 1808 1359 se
1829 1323 1973 1371 ipsum:
2002 1323 2091 1360 huic
2118 1323 2187 1360 arti
2210 1324 2313 1361 enim
2338 1325 2502 1362 maxime
2522 1325 2668 1364 assimi-

1605 1376 1701 1412 latur
1729 1383 1872 1413 natura.
1908 1375 2019 1414 Unde
2051 1383 2154 1425 patet
2185 1377 2291 1425 quod
2323 1385 2456 1415 natura
2488 1378 2580 1416 nihil
2612 1387 2670 1416 est

1606 1428 1707 1465 aliud
1726 1441 1842 1477 quam
1872 1429 1964 1466 ratio
1987 1428 2183 1467 cuiusdam
2212 1429 2312 1477 artis,
2338 1429 2477 1467 scilicet
2504 1430 2669 1480 divinae,

1605 1481 1720 1518 indita
1748 1482 1881 1528 rebus,
1911 1494 1987 1530 qua
2019 1481 2122 1531 ipsae
2151 1494 2211 1526 res
2244 1490 2447 1520 moventur
2473 1483 2521 1522 ad
2549 1484 2668 1522 finem

1607 1534 1917 1572 determinatum:
1947 1534 2042 1572 sicut
2070 1535 2100 1572 si
2129 1535 2258 1573 artifex
2277 1536 2396 1574 factor
2414 1536 2522 1574 navis
2539 1544 2670 1586 posset

1605 1587 1711 1635 lignis
1739 1587 1922 1636 tribuere,
1953 1588 2058 1637 quod
2085 1600 2131 1625 ex
2158 1601 2198 1625 se
2227 1589 2318 1638 ipsis
2345 1597 2592 1627 moverentur
2619 1589 2669 1628 ad

1605 1641 1713 1678 navis
1741 1641 1905 1678 formam
1933 1641 2200 1679 inducendam.

1658 1693 1800 1731 Ultimo
1812 1702 1941 1731 autem
1954 1694 2180 1743 epilogando
2192 1694 2279 1732 dicit
2285 1696 2316 1742 ²⁵²,
2329 1694 2573 1732 manifestum
2584 1706 2704 1733 esse

1605 1747 1710 1795 quod
1725 1754 1858 1784 natura
1874 1747 1920 1784 sit
1936 1759 2061 1795 causa,
2075 1755 2110 1784 et
2124 1748 2230 1796 quod
2244 1755 2329 1796 agat
2342 1755 2500 1798 propter
2513 1748 2665 1797 aliquid.

1660 1913 1684 1948 θ)
1705 1917 1804 1940 natura
1823 1915 1885 1947 quia
1903 1915 1990 1940 habet.
2004 1929 2022 1934 -
2041 1918 2140 1940 natura
2163 1921 2231 1948 quae
2249 1915 2327 1941 habet
2345 1915 2453 1945 FKNO,
2473 1919 2571 1942 natura
2589 1916 2668 1942 habet

1607 1950 1648 1974 ed.
1667 1957 1698 1980 a,
1719 1953 1818 1975 natura
1837 1950 1915 1975 habet
1933 1951 1995 1983 quia
2014 1950 2054 1975 ed.
2074 1950 2102 1980 b,
2122 1950 2184 1983 quia
2204 1954 2302 1976 natura
2320 1951 2398 1976 habet
2416 1951 2444 1976 Ρ.

2719 597 2745 616 ut
2758 596 2794 618 ed.
2809 602 2824 618 a
2836 600 2858 619 et
2868 603 2908 619 co-

2696 621 2719 642 di
2713 627 2759 643 ices
2773 628 2822 644 exc.
2837 629 2858 645 r.

2695 699 2706 711 ⁶
2725 702 2835 728 competit
2849 708 2907 725 ntra

2695 731 2797 748 RLmsz
2800 743 2805 749 .

2694 918 2781 946 'agat
2793 918 2861 941 mab.

2719 1706 2838 1728 concludit
2850 1711 2895 1728 w

2694 1731 2893 1759 cuuu,conc1udd

2694 1758 2752 1780 dicit
2763 1765 2783 1781 n.
