2898 3996
255 2706 265 2715 ⁸
276 2705 370 2733 Lectxr,
380 2711 442 2728 num.
449 2712 462 2733 7

255 2738 305 2759 sqq.

259 3076 266 3084 ·
281 3074 351 3096 Num.
366 3075 387 3096 6.

259 3124 266 3132 ”
281 3122 349 3145 Num.
364 3129 396 3145 ιο.

262 3386 269 3392 ”
286 3383 354 3405 Num.
370 3390 387 3412 5.

502 273 579 318 304

569 348 678 380 αὐτοῦ
708 348 803 380 κατὰ
826 347 866 380 τὸ
890 348 914 377 Β
940 346 1213 391 πεπερασμένον,
1241 346 1307 376 οἷον
1333 344 1372 377 τὸ
1397 346 1466 385 ΓΔ,
1496 346 1554 376 καὶ

569 391 670 424 πάλιν
705 391 786 423 ἄλλο
810 392 868 422 καὶ
901 390 1002 431 ἄλλο,
1033 391 1091 421 καὶ
1123 390 1173 421 ἀεὶ
1205 388 1323 426 οὕτως.
1352 387 1455 420 ’Ὥστε
1483 387 1554 432 ἅμα

569 435 780 479 συμβήσεται
802 435 843 467 τὸ
863 433 996 478 ἄπειρον
1018 431 1210 469 κεκινῆσθαι
1228 433 1268 465 τὸ
1286 430 1551 475 πεπερασμένον,

567 482 624 510 καὶ
650 479 690 511 τὸ
715 477 966 522 πεπερασμένον
990 472 1220 514 διεληλυθέναι
1246 475 1287 508 τὸ
1307 475 1455 550 ἄπειρον·
1477 470 1553 506 οὐδὲ

568 523 631 568 γὰρ
655 525 731 559 ἴσως
760 518 906 554 δυνατόν
940 521 1045 557 ἄλλως
1072 521 1112 552 τὸ
1139 519 1273 562 ἄπειρον
1307 530 1380 555 κινη
1404 519 1483 554 ἧναι
1513 518 1553 550 τὸ

569 565 819 610 πεπερασμένον
837 564 857 602 ἦ
875 565 921 605 τῷ
941 564 980 596 τὸ
998 563 1248 607 πεπερασμένον
1265 558 1385 594 διιέναι
1403 562 1444 594 τὸ
1464 561 1554 594 ἄπει-

567 622 641 654 ρον,
673 609 693 646 ἦ
724 609 898 654 φερόμενον
928 607 948 644 ἦ
976 609 1196 651 αναμετροῧν.
1227 607 1322 638 ”Ωστ’
1352 607 1422 638 ἐπεὶ
1455 606 1549 637 τοῦτ’

570 649 752 693 ἀδύνατον,
772 654 832 685 οὐκ
859 652 897 684 ἂν
914 647 992 683 &scot
1010 652 1050 683 τό
1070 651 1204 696 ἄπειρον
1223 650 1263 683 τὸ
1285 649 1550 702 πεπερασμένον.

496 698 603 729 Ἀλλοί
627 697 691 740 μην
713 692 790 728 οὐδὲ
814 697 854 729 τὸ
885 695 1018 739 ἄπειρον
1049 695 1081 727 ἐν
1111 693 1350 738 πεπερασμένῳ
1382 704 1486 737 χρονῳ
1512 692 1553 724 τὸ

570 741 704 785 ἄπειρον
729 736 857 772 δίεισιν·
883 740 910 770 εἰ
934 740 997 784 γαρ
1023 739 1064 770 τό
1091 739 1240 782 ἄπειρον,
1257 739 1315 769 καὶ
1341 736 1381 768 τὸ
1407 748 1554 780 πεπερα-

566 783 698 827 σμένον·
719 784 897 829 ἐνυπάρχει
924 783 987 828 γὰρ
1012 783 1059 822 τῷ
1083 783 1204 824 ἀπείρῳ
1223 781 1263 813 τὰ
1284 779 1549 822 πεπερασμένον.

494 829 584 903 Ἔτιδ
595 823 632 860 δὲ
655 829 713 860 καὶ
737 830 798 861 τοῦ
822 827 940 873 χρόνου
964 825 1159 870 ληφθέντος,
1186 827 1206 862 ἡ
1232 824 1324 860 αὐτῆ
1349 825 1447 856 ἔσται
1470 824 1555 857 ἀπό·

588 871 648 903 ειῖι
670 897 678 904 .

494 916 591 948 Ἐπεὶ
614 885 742 947 ξ’ςοῦτε
768 914 808 947 τὸ
834 912 1083 957 πεπερασμένον
1110 913 1150 945 τὸ
1177 913 1311 956 ἄπειρον
1335 906 1451 943 δίεισιν
1473 911 1552 944 οὔτε

567 958 607 990 τὸ
635 959 768 1000 ἄπειρον
800 959 840 990 τό
874 956 1143 1001 πεπερασμένον,
1178 956 1256 988 οὔτε
1282 955 1323 988 τὸ
1357 955 1492 1032 &nangeio
1519 956 1552 987 ἑν

567 1001 806 1047 πεπερασμένῳ
834 1001 939 1046 χρόνῳ
967 1005 1127 1041 κινεῖται,
1153 1001 1293 1044 φανερὸν
1320 998 1373 1032 ὅτι
1398 1000 1435 1032 οὗ
1463 1000 1477 1031 ἐ
1506 1001 1553 1031 κί-

566 1059 654 1084 νησις
679 1046 776 1078 ἔσται
803 1046 936 1086 ἄπειρος
960 1045 993 1077 ὲν
1019 1043 1257 1088 πεπερασμένῳ
1286 1043 1404 1088 χρόνῳ·
1431 1047 1464 1076 τί
1489 1044 1552 1089 γάρ

565 1086 711 1133 διαφέρει
743 1089 806 1125 τήν
830 1091 955 1126 κίνησιν
981 1087 1002 1125 ἦ
1027 1089 1069 1120 τὸ
1093 1087 1231 1134 μέγεθος
1261 1091 1368 1120 ποιεῖν
1395 1087 1551 1130 ἄπειρον;

567 1134 696 1179 ἀνάγκη
715 1133 791 1179 γάρ,
811 1134 838 1164 εἱ
860 1133 1095 1174 ὁποτερονοῦν,
1113 1134 1171 1164 καὶ.
1196 1131 1336 1176 Θάτερον
1358 1128 1443 1164 εἶναι
1462 1132 1555 1164 ἄπει-

565 1189 632 1221 ρον·
659 1178 754 1209 πᾶσα
778 1177 841 1223 γοὶρ
867 1177 951 1221 φοραὶ
976 1178 1008 1208 ἐν
1034 1176 1142 1217 τόπῳ.

557 1264 705 1292 ΞΥΝοΡειε.
721 1280 756 1284 -
777 1273 800 1292 1.
815 1264 1025 1301 Argumentum
1040 1270 1069 1292 et
1083 1263 1184 1292 divisio
1205 1269 1322 1292 textus·
1333 1270 1359 1291 2.
1376 1265 1419 1291 De
1433 1262 1514 1291 finito
1529 1269 1557 1290 et

498 1303 610 1331 infinito
632 1303 662 1331 in
683 1303 881 1342 magnitudine
902 1310 930 1331 et
957 1309 1093 1341 tempore.
1115 1305 1181 1331 Duo
1207 1302 1432 1339 praesupposita.
1455 1302 1556 1330 Prima

498 1342 651 1370 conclusio.
667 1342 843 1379 Impossibile
865 1349 908 1370 est
921 1343 951 1370 in
965 1349 1094 1378 tempore
1109 1342 1220 1370 infinito
1235 1342 1398 1378 pertransiri
1413 1341 1556 1378 magnitu-

498 1381 595 1409 dinem
616 1381 741 1417 finitam,
771 1383 931 1410 dummodo
953 1382 1058 1410 mobile
1084 1391 1143 1410 non
1165 1388 1313 1410 moveatur
1340 1380 1485 1409 multoties
1506 1390 1558 1417 per

498 1422 619 1449 eandem
634 1421 859 1458 magnitudinem
873 1421 917 1449 vel
931 1430 981 1457 per
994 1421 1119 1458 aliquam
1134 1421 1194 1449 eius
1207 1427 1327 1457 panem.
1336 1421 1388 1448 -3.
1400 1421 1556 1448 Probatur:

499 1466 526 1488 et
546 1459 640 1496 primo
662 1461 836 1488 assumendo
858 1460 963 1488 mobile
985 1461 1064 1497 quod
1085 1469 1197 1496 semper
1223 1469 1314 1497 aeque
1334 1459 1470 1488 velociter
1491 1469 1554 1487 mo-

498 1506 635 1527 veatur.-
649 1500 797 1528 Dividatur
818 1499 985 1536 magnitudo
1008 1499 1087 1527 finita
1108 1499 1137 1527 in
1158 1505 1252 1535 partes
1273 1499 1416 1535 aequales.
1446 1500 1555 1534 Quam-

497 1538 566 1566 libet
593 1545 702 1575 partem
730 1539 912 1575 pertransibit
939 1539 1044 1566 mobile
1073 1539 1102 1566 in
1130 1545 1259 1575 tempore
1287 1538 1386 1566 finito:
1418 1547 1500 1567 secus
1526 1538 1555 1566 in

498 1579 602 1606 eodem
623 1585 752 1614 tempore
772 1577 955 1614 pertransibit
975 1584 1068 1606 toturn
1090 1584 1117 1605 et
1137 1584 1256 1614 partem.
1284 1579 1360 1615 Ergo
1381 1584 1473 1606 totam
1495 1587 1555 1606 ma-

497 1617 675 1654 gnitudinem
697 1617 726 1645 ln
745 1624 789 1645 tot
809 1617 974 1653 aequalibus
996 1624 1023 1645 et
1050 1617 1136 1645 finitis
1158 1617 1336 1654 temporibus
1357 1617 1554 1654 pertransibit,

498 1663 569 1693 quot
590 1663 656 1684 sunt
675 1663 769 1692 partes
790 1656 878 1692 ipsius
899 1656 1118 1694 magnitudinis:
1141 1666 1208 1694 ergo
1230 1664 1343 1693 tempus
1364 1657 1394 1685 in
1410 1666 1470 1694 quo
1490 1663 1552 1685 tota

497 1695 665 1732 magnitudo
679 1695 873 1732 pertransitur,
889 1702 1070 1724 mensuratur
1083 1705 1101 1724 a
1114 1696 1242 1732 partibus
1256 1696 1351 1731 finitis,
1367 1703 1395 1724 et
1412 1696 1477 1725 ideo
1492 1706 1552 1724 non

495 1741 592 1771 potest
612 1744 673 1763 esse
686 1735 838 1763 infinitum.
855 1752 874 1756 -
887 1745 915 1770 4.
931 1736 1008 1763 Idem
1030 1735 1209 1764 concluditur
1229 1735 1339 1764 etiamsi
1359 1735 1467 1764 mobile
1494 1745 1555 1764 non

496 1774 662 1811 regulariter
675 1781 833 1810 moveatur,
855 1784 906 1802 seu
927 1774 1037 1803 etiamsi
1058 1775 1182 1811 partium
1203 1775 1350 1811 temporis,
1373 1775 1476 1812 quibus
1490 1784 1554 1803 mo-

496 1813 552 1841 bile
573 1814 724 1850 pertransit
751 1814 876 1851 singulas
903 1820 997 1850 partes
1023 1815 1156 1851 aequales
1182 1814 1405 1851 magnitudinis,
1433 1823 1492 1842 una
1519 1814 1554 1842 sit

497 1853 590 1881 maior
606 1853 701 1881 altera.
713 1855 786 1881 Nam
801 1853 887 1882 etiam
902 1853 932 1881 in
945 1854 1000 1882 hac
1013 1853 1164 1890 hypothesi
1178 1859 1272 1890 partes
1286 1853 1425 1890 temporis
1439 1860 1554 1890 oportet

499 1901 560 1920 esse
581 1901 703 1921 numero
724 1899 752 1921 et
773 1893 929 1929 quantitate
950 1893 1052 1921 finitas.
1084 1893 1180 1921 Omne
1201 1899 1296 1921 autem
1317 1900 1445 1930 tempus,
1474 1894 1554 1930 quod

496 1933 582 1960 habet
602 1938 696 1968 partes
710 1932 759 1960 tali
774 1933 865 1960 modo
886 1932 989 1967 finitas,
1012 1932 1070 1960 sive
1091 1933 1146 1960 hae
1167 1932 1223 1960 sint
1239 1933 1380 1969 aequales,
1402 1933 1460 1960 sive
1474 1932 1552 1961 inae-

497 1972 610 2008 quales,
639 1978 681 2000 est
701 1971 854 1999 finitum.—
870 1972 895 1999 5.
923 1972 1025 1999 Altera
1045 1972 1205 2006 conclusio,
1231 1981 1305 2008 quae
1326 1980 1342 2000 e
1363 1981 1502 2000 converso
1523 1981 1553 2000 se

495 2011 580 2039 habet
607 2020 641 2039 ac
660 2011 762 2047 prima.
784 2011 914 2047 Spatium
935 2011 1078 2040 infinitum
1099 2021 1159 2040 non
1180 2017 1274 2047 potest
1294 2011 1458 2048 pertransiri
1479 2018 1551 2040 tem-

495 2060 566 2087 pore
580 2050 672 2086 finito,
688 2050 746 2078 sive
760 2050 866 2079 mobile
881 2057 1031 2079 moveatur
1044 2060 1135 2087 aeque
1149 2051 1291 2086 velociter,
1302 2051 1360 2079 sive
1378 2061 1448 2080 non.
1465 2052 1551 2079 Prob.

495 2089 575 2118 Sicut
595 2090 674 2126 prius
695 2090 803 2118 dictum
825 2096 867 2118 est
887 2091 922 2118 de
944 2090 1150 2127 magnitudine,
1172 2090 1314 2119 dividatur
1334 2091 1425 2119 modo
1440 2097 1553 2127 tempus

495 2129 525 2157 in
538 2136 632 2166 partes
652 2129 794 2166 aequales.
816 2129 912 2158 Prima
932 2137 1012 2166 parte
1033 2130 1170 2166 temporis
1191 2130 1297 2158 mobile
1318 2129 1470 2167 pertransit
1487 2139 1552 2166 par-

494 2175 555 2197 tem
575 2169 685 2197 finitam
705 2169 793 2197 totIus
814 2169 1027 2206 magnitudinis,
1049 2175 1076 2197 et
1097 2169 1136 2197 ita
1156 2178 1207 2206 per
1228 2169 1350 2206 reliquas
1371 2176 1465 2206 partes
1479 2175 1551 2197 tem-

494 2208 582 2244 poris.
604 2209 687 2236 Unde
702 2208 868 2246 magnitudo
891 2209 1032 2236 dividetur
1052 2209 1082 2236 in
1102 2215 1146 2236 tot
1166 2215 1260 2246 partes
1274 2208 1377 2244 finitas,
1399 2215 1471 2245 quot
1484 2215 1551 2237 sunt

494 2254 588 2284 partes
610 2248 746 2284 temporis
768 2248 848 2276 finiti.
877 2249 930 2276 Per
951 2248 1060 2276 finitam
1081 2257 1149 2285 ergo
1171 2248 1345 2276 ablationem
1367 2254 1552 2276 consumetur

494 2287 617 2324 spatium
640 2287 797 2323 infinitum,
819 2289 898 2324 quod
920 2294 962 2315 est
982 2287 1167 2324 impossibile.
1195 2289 1271 2326 Ergo
1293 2297 1353 2315 non
1374 2294 1468 2324 potest
1489 2297 1550 2316 esse

494 2327 662 2364 magnitudo
683 2327 793 2355 infinita
807 2327 831 2355 si
844 2333 957 2363 tempus
979 2327 1014 2355 sit
1034 2327 1161 2362 finitum3
1184 2333 1212 2355 et
1226 2327 1282 2355 hoc
1303 2327 1361 2355 sive
1382 2327 1550 2364 magnitudo

493 2373 618 2402 ponatur
630 2366 741 2395 infinita
761 2375 794 2394 ex
814 2373 934 2403 utraque
955 2373 1043 2403 parte,
1064 2366 1123 2395 sive
1144 2375 1178 2394 ex
1198 2376 1256 2395 una
1276 2373 1427 2395 tantum.-
1440 2367 1550 2395 Eadem

493 2406 603 2434 ratione
631 2415 724 2443 neque
753 2406 833 2443 quies
860 2405 971 2434 infinita
997 2412 1092 2443 potest
1119 2415 1180 2434 esse
1208 2406 1238 2434 in
1265 2413 1396 2443 tempore
1423 2406 1515 2435 finito.
1530 2423 1549 2428 -

633 2514 645 2526 .
720 2515 726 2525 .
755 2497 928 2537 ostquam
945 2489 1196 2538 Philosophus
1217 2489 1480 2526 determinavit
1499 2489 1546 2527 de

582 2573 583 2576 ,
616 2538 669 2591 tis
719 2546 731 2588 ζ-
756 2541 938 2578 divisione
971 2549 1117 2589 motus,
1155 2541 1216 2578 hic
1249 2542 1474 2579 determinat
1501 2542 1548 2580 de

610 2589 615 2595 ⁵
633 2606 667 2649 ²7»
694 2598 708 2643 J*
725 2621 736 2643 ἓ
754 2594 858 2631 finito
889 2602 924 2631 et
946 2594 1091 2631 infinito
1112 2595 1150 2641 in
1170 2601 1297 2632 motu:
1327 2595 1421 2632 sicut
1445 2595 1547 2632 enim

615 2642 646 2690 ‘ss
696 2645 734 2678 ἕν’
754 2647 887 2686 divisio
911 2647 1073 2696 pertinet
1091 2647 1140 2684 ad
1158 2647 1344 2685 rationem
1367 2647 1544 2695 continui,

490 2700 539 2737 ita
557 2701 705 2738 finitum
725 2708 761 2737 et
778 2701 978 2738 infinitum.
996 2701 1100 2737 Sicut
1113 2708 1240 2737 autern
1262 2713 1376 2749 supra
1387 2701 1406 2722 ²³⁵
1423 2708 1547 2738 osten-

491 2753 543 2790 dit
569 2754 673 2802 quod
701 2753 834 2790 divisio
863 2753 973 2790 simul
1012 2753 1201 2790 invenitur
1233 2753 1271 2790 in
1299 2761 1427 2800 motu,
1466 2766 1545 2790 ma-

490 2805 693 2853 gnitudine,
722 2813 893 2855 ternpore
927 2814 962 2842 et
995 2805 1144 2848 mobili;
1178 2806 1228 2842 ita
1256 2806 1418 2844 ostendit
1444 2818 1546 2843 nunc

491 2858 592 2895 idem
613 2859 659 2896 de
679 2858 836 2896 infinito.
866 2858 976 2896 Unde
1002 2858 1098 2895 circa
1119 2859 1193 2895 hoc
1212 2858 1280 2895 tria
1299 2859 1399 2896 facit:
1419 2859 1544 2908 primo

493 2910 652 2948 ostendit
666 2911 770 2959 quod
794 2911 979 2948 infinitum
1000 2911 1166 2948 similiter
1178 2911 1367 2949 invenitur
1381 2918 1398 2933 α
1412 2911 1451 2949 in
1465 2924 1545 2949 ma—

492 2963 682 3010 gnitudine
702 2971 737 3000 et
755 2971 942 3012 tempore;
964 2965 1131 3002 secundo
1151 2965 1255 3013 quod
1274 2964 1442 3001 similiter
1457 2977 1544 3002 cum

493 3015 549 3052 his
576 3015 764 3052 invenitur
791 3016 902 3053 etiam
930 3016 968 3053 in
995 3017 1143 3064 mobili,
1172 3017 1244 3054 ibi:
1272 3018 1545 3055 Demonstratis

492 3073 615 3105 autem
634 3069 689 3105 his
709 3069 728 3089 ’⁹‘
750 3076 838 3115 etc.;
859 3069 966 3106 tertio
987 3069 1091 3118 quod
1111 3070 1278 3107 similiter
1295 3069 1484 3107 invenitur
1506 3070 1544 3108 in

492 3127 616 3168 motu,
646 3120 716 3157 ibi:
751 3121 934 3162 Quoniam
962 3127 1085 3158 autem
1114 3134 1231 3171 neque
1256 3123 1411 3171 finitum
1432 3123 1452 3144 *
1473 3130 1541 3160 etc.

493 3173 600 3210 Circa
627 3173 793 3222 primum
823 3173 899 3211 duo
928 3174 1032 3211 facit:
1061 3175 1184 3223 primo
1210 3175 1371 3213 ostendit
1389 3176 1493 3225 quod
1513 3176 1543 3213 si

492 3225 709 3273 magnitudo
739 3234 793 3263 est
816 3226 932 3272 finita,
960 3234 1110 3275 tempus
1138 3240 1216 3265 non
1243 3235 1367 3276 potest
1386 3241 1467 3265 esse
1487 3228 1542 3266 in-

492 3278 658 3324 finitum;
687 3280 852 3316 secundo
882 3279 985 3328 quod
1015 3292 1033 3316 e
1063 3292 1248 3317 converso
1268 3280 1298 3317 si
1317 3288 1468 3330 tempus
1487 3289 1543 3319 est

492 3330 652 3377 finitum,
681 3331 783 3380 quod
802 3331 1020 3380 magnitudo
1044 3345 1121 3369 non
1140 3340 1264 3381 potest
1284 3345 1365 3370 esse
1385 3333 1540 3382 infinita,

494 3381 561 3418 ibi:
589 3383 731 3420 Eadem
759 3390 881 3421 autem
901 3385 995 3421 ratio
1016 3385 1035 3406 *⁸
1051 3392 1119 3422 etc.
1150 3385 1259 3422 Circa
1276 3385 1444 3434 primurn
1465 3386 1541 3423 duo

496 3433 593 3470 facit:
613 3434 735 3482 primo
755 3437 931 3485 proponit
949 3437 1052 3485 quod
1071 3437 1243 3484 intendit;
1268 3438 1435 3476 secundo
1454 3451 1541 3488 pro-

1121 269 1464 307 PHYSICORUM
1490 269 1835 306 ARISTOTELIS
1865 270 1959 306 LlB.
1988 269 2039 306 VI

1675 354 1704 377 et
1720 357 1843 386 semper
1858 347 1910 378 sic.
1928 347 2034 384 Quare
2047 347 2141 377 simul
2156 347 2266 378 accidit
2280 347 2441 379 infinitum
2460 355 2585 380 motum
2601 359 2667 380 esse

1673 400 1728 430 per
1751 389 1892 428 finitum,
1918 397 1947 420 et
1969 389 2095 421 finitum
2118 390 2246 421 transire
2261 391 2430 423 infinitum.
2454 393 2566 433 Neque
2581 392 2667 423 enim

1674 433 1813 464 fortassis
1828 433 1977 473 possibile
1993 440 2039 464 est
2054 433 2140 464 aliter
2152 433 2311 465 infinitum
2326 435 2447 466 moveri
2459 445 2514 476 per
2528 435 2666 475 finitum,

1674 486 1772 517 quam
1787 477 1875 518 quod
1890 476 2016 507 finitum
2031 484 2167 508 transeat
2180 477 2350 517 infinitum,
2365 485 2420 510 aut
2434 479 2477 510 ita
2488 480 2576 520 quod
2591 479 2667 510 fera-

1673 527 1727 551 tur
1747 526 1802 552 aut
1824 521 1979 552 metiatur.
2004 521 2121 558 Quare,
2137 521 2291 561 quoniam
2313 521 2375 553 hoc
2393 522 2586 563 impossibile
2609 529 2666 562 est,

1674 573 1739 594 non
1762 564 1903 597 transibit
1925 563 2085 595 infinitum
2107 563 2243 596 finitum.

1607 694 1624 714 *
1637 697 1680 725 At
1697 704 1772 724 vero
1788 704 1891 735 neque
1907 694 2065 725 infinitum
2084 695 2116 725 in
2132 694 2221 726 finito
2241 702 2384 735 ternpore
2406 695 2548 727 transibit
2562 695 2666 727 infini-

1673 745 1752 769 tum.
1770 738 1803 770 Si
1819 739 1903 769 enim
1916 738 2087 778 infinitum,
2103 738 2132 770 et
2147 739 2287 770 finitum:
2305 739 2385 771 inest
2399 739 2530 770 enimin
2544 739 2667 772 infinito

1673 781 1808 813 finitum.
1991 804 1994 805 ν
2606 799 2633 814 ;..
2659 787 2662 791 ’

1607 825 1756 865 Amplius
1779 832 1885 856 autem
1915 831 1946 856 et
1967 833 2111 866 tempore
2134 834 2283 867 accepto,
2316 827 2427 858 eadem
2449 826 2508 858 erit
2536 827 2667 859 demon—

1674 876 1791 900 stratio.

1607 913 1625 932 *
1641 912 1803 950 Quoniam
1819 918 1925 943 autem
1941 922 2044 954 neque
2066 913 2194 944 finitum
2214 913 2376 946 infinitum
2393 913 2546 953 transibit,
2562 924 2667 956 neque
2694 922 2704 932 ·

1673 955 1833 987 infinitum
1845 955 1982 995 finitum,
1998 966 2101 997 neque
2115 956 2274 988 infinitum
2289 957 2322 988 in
2334 957 2424 989 finito
2439 965 2584 999 tempore
2598 968 2668 989 mo-

1674 1007 1781 1038 vetur;
1805 999 2008 1031 manifestum
2026 1007 2072 1031 est
2094 1001 2183 1041 quod
2205 1006 2309 1042 neque
2322 1008 2431 1033 metus
2449 1003 2507 1033 erit
2522 1001 2668 1034 infinitus

1674 1043 1707 1074 in
1722 1043 1812 1074 finito
1826 1050 1977 1083 tempore.
1986 1043 2074 1081 Quid
2089 1044 2175 1075 enim
2190 1044 2291 1076 differt
2304 1051 2431 1076 motum
2442 1050 2500 1077 aut
2512 1046 2668 1086 magnitu-

1675 1087 1782 1118 dinem
1797 1086 1957 1118 infinitum
1973 1085 2090 1118 facere?
2101 1088 2236 1119 Necesse
2250 1088 2336 1119 enim
2349 1088 2377 1119 si
2391 1099 2493 1120 unum
2507 1085 2668 1122 infinitum

1675 1138 1731 1170 est,
1749 1138 1779 1162 et
1793 1131 1928 1162 alterum
1943 1130 2104 1162 infinitum
2119 1141 2202 1165 esse:
2227 1131 2332 1163 omnis
2349 1132 2434 1163 enim
2455 1131 2518 1164 loci
2530 1132 2667 1165 mutatio

1675 1175 1708 1205 in
1730 1175 1803 1205 loco
1827 1181 1882 1206 est.

1611 1262 1638 1290 6.
1660 1263 1703 1289 De
1724 1261 1805 1290 finito
1827 1267 1854 1290 et
1874 1261 1986 1290 infinito
2015 1261 2044 1290 in
2072 1261 2272 1300 magnitudine
2298 1269 2327 1291 et
2353 1268 2483 1301 tempore
2508 1270 2538 1292 et
2558 1264 2666 1295 mobili.

1610 1301 1711 1328 Prima
1732 1301 1885 1329 conclusio.
1906 1300 2053 1329 Infinitum
2067 1301 2174 1329 mobile
2187 1311 2248 1330 non
2262 1308 2358 1339 potest
2372 1303 2546 1339 pertransire
2557 1303 2668 1333 finitam

1611 1340 1837 1377 magnitudinem
1859 1346 1988 1377 tempore
2010 1339 2101 1368 finito.
2123 1341 2264 1370 Probatur
2279 1341 2380 1379 primo
2401 1343 2504 1371 eodem
2523 1334 2614 1372 modo
2633 1352 2669 1372 ae

1610 1380 1812 1416 praecedentes
1826 1379 2035 1409 conclusiones.
2056 1381 2088 1413 In
2102 1380 2195 1417 prima
2208 1387 2289 1418 parte
2302 1380 2440 1418 temporis
2459 1381 2531 1412 finiti
2544 1381 2590 1419 sp'
2609 1381 2616 1388 ‘

1610 1419 1722 1447 finitum
1743 1418 1926 1456 pertransibit
1945 1428 2006 1447 non
2027 1425 2120 1448 totum
2141 1420 2258 1456 mobile,
2279 1421 2331 1448 sed
2343 1429 2402 1448 una
2415 1427 2482 1458 pam
2495 1421 2616 1459 eiug'et'
2642 1420 2669 1451 ’c

1609 1458 1639 1487 in
1654 1459 1788 1494 secunda,
1804 1458 1887 1487 tertia
1901 1465 1928 1487 et
1941 1458 2058 1496 reliquis
2071 1459 2210 1496 temporis
2223 1459 2367 1496 partibus:
2389 1459 2441 1488 erit
2457 1469 2526 1498 ergo
2536 1456 2669 1498 aeqipere

1609 1504 1652 1526 tot
1671 1505 1765 1534 partes
1786 1497 1909 1533 mobilis,
1926 1504 1998 1535 quot
2011 1498 2185 1535 accipientur
2202 1505 2296 1536 partes
2310 1499 2458 1537 temporis.
2597 1509 2669 1530 uen-

1607 1544 1651 1566 ter
1672 1537 1779 1565 mobile
1799 1537 1852 1566 erit
1872 1537 2067 1574 compositum
2089 1547 2123 1566 ex
2143 1538 2271 1574 partibus
2291 1536 2388 1574 finitis,
2409 1548 2460 1567 seu
2480 1548 2542 1568 non
2559 1539 2669 1577 poterit

1609 1586 1670 1605 esse
1692 1577 1907 1614 infinitum-7.
1923 1578 2010 1606 Prob.
2032 1578 2157 1606 secundo
2178 1579 2352 1607 assumendo
2373 1587 2427 1615 pro
2441 1578 2668 1616 principiocon-

1608 1616 1767 1645 elusionem
1787 1617 2019 1653 praecedentium
2041 1617 2330 1647 demonstrationum.
2351 1617 2460 1647 Mobile
2478 1618 2595 1650 finitum
2607 1628 2669 1648 non
2714 1620 2723 1628 ⁸

1607 1662 1702 1693 potest
1722 1655 1893 1693 pertransire
1911 1656 2036 1692 spatium
2056 1656 2200 1685 infinitum
2220 1663 2351 1694 tempore
2371 1657 2469 1686 finito:
2490 1667 2561 1695 ergo
2572 1667 2668 1696 neque

1608 1695 1715 1724 mobile
1736 1695 1879 1724 infinitum
1900 1702 1996 1733 potest
2014 1695 2187 1732 pertransire
2206 1696 2334 1733 spatium
2354 1696 2467 1726 finitum
2481 1703 2613 1735 tempore
2633 1697 2666 1726 fi-

1607 1734 1678 1763 nito.
1700 1736 1781 1764 Patet
1794 1735 2014 1772 consequentia:
2036 1745 2097 1764 non
2112 1735 2188 1764 enim
2211 1742 2254 1765 est
2273 1735 2409 1773 possibile
2429 1730 2667 1774 quodin‘fln‘itum

1608 1781 1757 1802 moveatur
1770 1783 1822 1811 per
1835 1773 1956 1810 finitum,
1978 1774 2032 1803 nisi
2054 1774 2121 1812 quia
2141 1774 2254 1803 finitum
2270 1774 2423 1812 pertransit
2443 1775 2597 1814 infinitum,
2618 1783 2668 1806 aut

1608 1813 1646 1842 ita
1667 1814 1747 1851 quod
1768 1813 1881 1842 finitum
1894 1814 2000 1842 feratur
2020 1823 2071 1850 per
2091 1813 2245 1850 infinitum,
2267 1821 2317 1843 aut
2333 1815 2434 1844 saltem
2449 1815 2488 1844 ita
2501 1816 2590 1855 quod.
2602 1814 2668 1845 fini·

1607 1859 1668 1880 tum
1690 1853 1823 1881 metiatur
1843 1853 2027 1882 infinitum.-
2041 1853 2069 1881 8.
2091 1854 2193 1882 Altera
2214 1855 2368 1883 conclusio.
2390 1854 2537 1883 Infinitum
2558 1854 2667 1884 mobile

1607 1902 1668 1920 non
1682 1893 1833 1929 pertransit
1853 1892 1976 1929 spatium
1998 1891 2141 1921 infinitum
2162 1893 2191 1921 in
2212 1899 2344 1930 tempore
2361 1894 2452 1923 finito.
2474 1895 2564 1923 Secus
2575 1894 2666 1930 enim,

1607 1941 1672 1960 cum
1694 1931 1724 1960 in
1745 1931 1873 1969 quolibet
1893 1931 2022 1967 infinito,
2050 1938 2078 1960 et
2100 1932 2166 1960 ideo
2187 1932 2273 1961 etiam
2294 1933 2324 1961 in
2345 1933 2453 1970 spatio,
2481 1933 2518 1962 sit
2536 1933 2667 1971 accipere

1606 1971 1715 2008 aliquid
1736 1971 1864 2007 finitum,
1886 1978 2021 2008 sequetur
2041 1972 2121 2008 quod
2141 1971 2286 2000 infinitum
2305 1978 2483 2009 pertranseat
2502 1972 2616 2003 fininun
2635 1972 2666 2002 in

1606 2017 1736 2047 tempore
1764 2011 1864 2046 finito,
1893 2016 1994 2040 contra
2020 2010 2050 2038 id
2075 2012 2156 2048 quod
2183 2018 2332 2040 ostensum
2359 2018 2402 2040 est
2428 2021 2510 2041 num.
2531 2020 2626 2049 praee.
2647 2028 2667 2034 -

1606 2060 1634 2087 9.
1662 2051 1759 2079 Tertia
1779 2050 1934 2079 conclusio.
1955 2050 2100 2078 Infinitum
2122 2051 2229 2080 mobile
2249 2061 2310 2080 non
2327 2051 2480 2089 pertransit
2493 2051 2619 2090 spatium
2632 2051 2666 2080 fi-

1605 2090 1697 2118 nitum
1714 2097 1845 2126 tempore
1866 2090 1988 2118 infinito.
2017 2091 2130 2118 Eodem
2150 2091 2241 2119 modo
2262 2100 2296 2119 ae
2316 2091 2490 2128 praecedens
2510 2091 2664 2129 probatur:

1605 2139 1673 2157 narn
1694 2129 1724 2157 in
1738 2130 1792 2158 hac
1805 2129 1956 2166 hypothesi
1978 2128 2007 2157 in
2021 2129 2118 2166 aliqua
2138 2136 2217 2166 parte
2238 2130 2375 2167 temporis
2394 2129 2503 2159 mobile
2522 2129 2667 2160 infinitum

1605 2168 1787 2205 pertransibit
1800 2175 1911 2205 partem
1926 2168 2052 2205 aliquam
2067 2168 2150 2205 spatii
2164 2169 2236 2204 dati;
2251 2178 2319 2206 ergo
2334 2170 2436 2199 iterum
2452 2170 2668 2208 habena-'quod

1604 2207 1748 2236 infinitum
1770 2207 1951 2244 pertransibit
1971 2207 2084 2236 finitum
2105 2208 2135 2236 in
2155 2215 2286 2245 tempore
2307 2208 2405 2244 finito,
2426 2209 2507 2246 quod
2520 2206 2592 2242 ¹esse
2604 2218 2667 2239 non

1604 2253 1707 2284 potest.
1719 2264 1738 2268 —
1758 2256 1800 2275 10.
1822 2247 1947 2275 Finitum
1967 2253 1995 2275 et
2009 2247 2152 2276 infinitum
2174 2247 2302 2276 similiter
2322 2248 2465 2277 invenitur
2478 2248 2510 2277 in
2530 2248 2613 2278 motu
2632 2258 2667 2279 ae

1604 2286 1634 2315 in
1649 2286 1748 2315 ceteris
1768 2286 1941 2323 praemissis.
1963 2285 2115 2322 Quantitas
2136 2287 2214 2315 enim
2235 2293 2332 2316 motus
2352 2287 2490 2326 accipitur
2506 2288 2666 2321 seeundum

1604 2326 1792 2363 quantitatem
1813 2327 1912 2364 spatii3
1933 2327 1983 2355 sed
2004 2327 2034 2355 in
2055 2326 2148 2364 spatio
2169 2327 2283 2355 finitum
2303 2334 2332 2356 et
2353 2327 2497 2358 infinitum
2517 2327 2604 2358 simtu
2623 2333 2667 2357 est

1603 2375 1637 2395 ac
1658 2366 1687 2394 in
1708 2365 1808 2394 mobili
1830 2373 1858 2394 et
1884 2366 1914 2394 in
1941 2372 2088 2403 tempore;
2116 2375 2185 2403 ergo
2212 2366 2341 2396 similiter
2366 2367 2509 2397 invenitur
2528 2367 2615 2399 efinm
2634 2366 2666 2397 in

1603 2412 1687 2435 motu
1707 2415 1740 2435 ac
1761 2405 1792 2434 in
1812 2405 1873 2434 aliis
1893 2405 2067 2442 praemissis.
2587 2426 2591 2429 f

1602 2489 1667 2526 bat
1691 2489 1948 2538 propositum,
1978 2489 2046 2527 ibi:
2081 2490 2190 2532 Quod
2215 2490 2332 2540 igitur
2357 2490 2392 2527 si
2415 2489 2664 2538 aliquidne-1

1601 2548 1734 2579 veatur
1754 2543 1774 2564 *
1793 2549 1860 2579 etc.
2586 2550 2596 2554 ‘

1657 2607 1691 2632 2.
1721 2595 1850 2632 Primo
1872 2607 1958 2644 ergo
1979 2594 2111 2644 repetit
2130 2594 2206 2646 duo
2227 2606 2326 2644 quae
2349 2601 2436 2632 sunt
2453 2594 2663 2635 necessaria

1602 2647 1651 2685 ad
1667 2648 1907 2697 propositum
1927 2647 2217 2686 ostendendum.
2249 2649 2425 2696 Quorum
2445 2658 2568 2687 unum
2587 2654 2662 2696 est,

2695 704 2704 712 ·
2718 702 2786 726 Text.
2800 704 2835 732 σς.

1601 2700 1705 2750 quod
1725 2713 1840 2738 omne
1859 2700 1965 2749 quod
1983 2708 2171 2748 movetur,
2186 2700 2225 2738 in
2243 2709 2417 2750 tempore
2435 2700 2662 2751 movetur-⁸3
2689 2709 2713 2759 ι’,
2741 2723 2749 2732 ·

1601 2753 1811 2790 secundum
1836 2761 1911 2801 est,
1941 2754 2045 2803 quod
2072 2753 2112 2790 in
2137 2753 2236 2803 pluri
2258 2761 2430 2803 tempore
2455 2753 2662 2793 abeodem

1601 2806 1731 2843 mobili
1749 2805 1994 2855 pertransitur
2020 2806 2143 2843 maior
2170 2806 2392 2855 magnitudo
2407 2807 2440 2844 ¹².
2461 2807 2511 2844 Et
2529 2818 2575 2849 ex
2601 2806 2660 2845 his
2688 2818 2700 2831 ·

1601 2859 1751 2896 duobus
1765 2859 1786 2880 *¹
1801 2858 2004 2909 suppositis
2030 2859 2188 2897 intendit
2213 2860 2377 2909 probare
2404 2859 2568 2908 tertium,
2591 2858 2661 2897 sci·
2687 2871 2698 2882 ·

1599 2912 1683 2949 licet
1705 2911 1809 2960 quod
1828 2911 2061 2962 impossibile
2080 2911 2126 2949 sit
2152 2912 2190 2949 in
2217 2919 2390 2962 tempore
2411 2910 2660 2962 infinito'per-

1598 2965 1754 3002 transire
1770 2965 1789 2986 ²³¹
1805 2964 2103 3013 magnitudinem
2130 2964 2290 3002 finitam.
2320 2964 2436 3012 Quod
2458 2971 2588 3003 tamen
2606 2964 2660 3002 sic
2686 2975 2697 2986 ·

1598 3017 1880 3065 intelligendum
1899 3026 1965 3065 est,
1995 3017 2101 3066 quod
2127 3029 2207 3055 non
2233 3017 2428 3055 reiteretur
2443 3017 2536 3055 illud
2552 3016 2660 3067 quod

1598 3077 1775 3107 movetur
1796 3083 1867 3120 per
1886 3070 2050 3107 eandem
2073 3070 2385 3118 magnitudinem,
2415 3077 2480 3107 aut
2501 3081 2571 3120 per
2592 3069 2658 3108 ali-

1598 3135 1714 3173 quam
1727 3131 1875 3172 partem
1896 3122 1975 3163 eius
1994 3122 2206 3160 multoties:
2236 3123 2302 3161 sed
2321 3122 2372 3160 ita
2390 3123 2496 3171 quod
2515 3122 2554 3160 in
2575 3118 2658 3161 τοῖό

1597 3182 1768 3224 tempore
1792 3183 1993 3213 moveatur
2023 3187 2093 3224 per
2120 3182 2239 3212 totam
2267 3174 2580 3224 magnitudinem.
2608 3175 2659 3213 Et

1597 3228 1739 3266 addidit
1756 3228 1776 3250 ⁵⁸
1799 3229 1885 3277 hoc,
1904 3235 1947 3266 ut
1968 3235 2228 3278 praeservaret
2245 3240 2286 3274 se
2306 3240 2329 3265 a
2347 3235 2455 3266 motu
2475 3226 2655 3277 circulari,
2683 3239 2694 3249 ·

1597 3281 1661 3331 qui
1681 3289 1736 3319 est
1753 3293 1867 3331 super
1894 3281 2149 3330 magnitudine
2173 3280 2290 3328 finita,
2319 3288 2355 3318 et
2382 3289 2511 3319 tamen
2533 3287 2658 3330 potest

1597 3347 1677 3372 esse
1701 3334 1739 3372 in
1757 3341 1929 3384 tempore
1949 3333 2107 3381 infinito,
2125 3341 2168 3371 ut
2185 3333 2266 3383 ipse
2285 3333 2383 3371 dicet
2406 3334 2446 3371 in
2458 3340 2606 3371 *octavo
2622 3334 2654 3372 ⁸.
2684 3343 2694 3353 ·

1651 3388 1685 3425 3.
1706 3387 1854 3424 Deinde
1884 3398 1971 3424 cum
2001 3386 2108 3424 dicit:
2143 3387 2252 3429 Quod
2272 3387 2388 3437 igitur
2417 3394 2500 3435 ete.,
2519 3387 2657 3436 probat

1595 3439 1851 3490 propositum:
1873 3447 1916 3488 et,
1926 3439 2051 3490 primo
2071 3438 2101 3477 si
2122 3439 2229 3477 detur
2246 3439 2389 3477 mobile
2409 3439 2514 3488 quod
2533 3451 2654 3489 aeque

549 3545 575 3575 α)
594 3545 714 3571 similiter
732 3546 900 3573 invenitur.—-
912 3548 962 3573 Pro
980 3549 1109 3579 similiter,
1128 3557 1231 3583 semper
1249 3551 1290 3576 ed.
1307 3558 1337 3581 a,
1361 3551 1439 3577 simul
1457 3552 1490 3583 1³3
1510 3552 1615 3578 inferius
1633 3561 1680 3586 pro
1698 3553 1820 3579 similiter
1839 3553 1879 3578 bis
1897 3553 1977 3578 slmul
1995 3553 2070 3578 codd.
2088 3557 2114 3579 et
2130 3553 2177 3583 ab,
2195 3553 2243 3578 aed
2261 3552 2293 3578 cf.
2307 3560 2378 3579 num.
2391 3551 2408 3578 6
2423 3557 2448 3578 et
2466 3559 2505 3578 ιο.
2523 3551 2562 3581 Cf.
2577 3551 2652 3576 etiam

496 3585 572 3611 supra
590 3579 646 3604 lect.
659 3587 693 3605 vi.
