<?xml version="1.0" encoding="UTF-8"?>
<!DOCTYPE html PUBLIC "-//W3C//DTD XHTML 1.0 Transitional//EN"
    "http://www.w3.org/TR/xhtml1/DTD/xhtml1-transitional.dtd">
<html xmlns="http://www.w3.org/1999/xhtml" xml:lang="en" lang="en">
 <head>
  <title>
</title>
<meta http-equiv="Content-Type" content="text/html;charset=utf-8" />
  <meta name='ocr-system' content='tesseract 3.04.00' />
  <meta name='ocr-capabilities' content='ocr_page ocr_carea ocr_par ocr_line ocrx_word'/>
</head>
<body>
  <div class='ocr_page' id='page_1' title='image "./operaomniaiussui02thom_0383.png"; bbox 0 0 2898 3996; ppageno 0'>
   <div class='ocr_carea' id='block_1_1' title="bbox 0 354 113 3996">
    <p class='ocr_par' dir='ltr' id='par_1_1' title="bbox 0 354 113 3996">
     <span class='ocr_line' id='line_1_1' title="bbox 0 354 113 3996; baseline 0 0"><span class='ocrx_word' id='word_1_1' title='bbox 0 354 113 3996; x_wconf 95' lang='lat' dir='ltr'> </span> 
     </span>
    </p>
   </div>
   <div class='ocr_carea' id='block_1_2' title="bbox 1124 286 1576 334">
    <p class='ocr_par' dir='ltr' id='par_1_2' title="bbox 1124 286 1576 334">
     <span class='ocr_line' id='line_1_2' title="bbox 1124 286 1576 334; baseline -0.009 -9"><span class='ocrx_word' id='word_1_2' title='bbox 1124 289 1234 328; x_wconf 87' lang='lat' dir='ltr'>CAP.</span> <span class='ocrx_word' id='word_1_3' title='bbox 1263 287 1314 334; x_wconf 91' lang='lat' dir='ltr'>v,</span> <span class='ocrx_word' id='word_1_4' title='bbox 1343 286 1493 322; x_wconf 88' lang='lat' dir='ltr'>LECT.</span> <span class='ocrx_word' id='word_1_5' title='bbox 1525 286 1576 322; x_wconf 83' lang='lat' dir='ltr'>1x</span> 
     </span>
    </p>
   </div>
   <div class='ocr_carea' id='block_1_3' title="bbox 2360 278 2431 325">
    <p class='ocr_par' dir='ltr' id='par_1_3' title="bbox 2360 278 2431 325">
     <span class='ocr_line' id='line_1_3' title="bbox 2360 278 2431 325; baseline 0 -11"><span class='ocrx_word' id='word_1_6' title='bbox 2360 278 2431 325; x_wconf 85' lang='lat'>357</span> 
     </span>
    </p>
   </div>
   <div class='ocr_carea' id='block_1_4' title="bbox 1071 532 1628 591">
    <p class='ocr_par' dir='ltr' id='par_1_4' title="bbox 1071 532 1628 591">
     <span class='ocr_line' id='line_1_4' title="bbox 1071 532 1628 591; baseline -0.009 0"><span class='ocrx_word' id='word_1_7' title='bbox 1071 532 1369 591; x_wconf 89' lang='lat' dir='ltr'>LECTIO</span> <span class='ocrx_word' id='word_1_8' title='bbox 1407 533 1628 589; x_wconf 92' lang='lat' dir='ltr'><strong>NONA</strong></span> 
     </span>
    </p>
   </div>
   <div class='ocr_carea' id='block_1_5' title="bbox 869 693 1833 730">
    <p class='ocr_par' dir='ltr' id='par_1_5' title="bbox 869 693 1833 730">
     <span class='ocr_line' id='line_1_5' title="bbox 869 693 1833 730; baseline -0.007 0"><span class='ocrx_word' id='word_1_9' title='bbox 869 697 1111 730; x_wconf 86' lang='lat' dir='ltr'>REGULAE</span> <span class='ocrx_word' id='word_1_10' title='bbox 1144 693 1575 727; x_wconf 90' lang='lat' dir='ltr'>COMPARATIONIS</span> <span class='ocrx_word' id='word_1_11' title='bbox 1606 693 1833 724; x_wconf 91' lang='lat' dir='ltr'>MOTUUM</span> 
     </span>
    </p>
   </div>
   <div class='ocr_carea' id='block_1_6' title="bbox 262 840 1327 1065">
    <p class='ocr_par' dir='ltr' id='par_1_6' title="bbox 262 840 1327 1065">
     <span class='ocr_line' id='line_1_6' title="bbox 262 840 1324 918; baseline -0.01 -36"><span class='ocrx_word' id='word_1_12' title='bbox 262 850 359 883; x_wconf 81' lang='grc' dir='ltr'>Ἐπεὶ</span> <span class='ocrx_word' id='word_1_13' title='bbox 384 845 421 881; x_wconf 76' lang='grc' dir='ltr'>’δὲ</span> <span class='ocrx_word' id='word_1_14' title='bbox 446 847 487 880; x_wconf 76' lang='grc' dir='ltr'>τό</span> <span class='ocrx_word' id='word_1_15' title='bbox 517 846 628 878; x_wconf 82' lang='grc' dir='ltr'>κινοῦν</span> <span class='ocrx_word' id='word_1_16' title='bbox 658 849 742 876; x_wconf 81' lang='grc' dir='ltr'>κινεῖ</span> <span class='ocrx_word' id='word_1_17' title='bbox 764 855 798 878; x_wconf 79' lang='grc' dir='ltr'>τι</span> <span class='ocrx_word' id='word_1_18' title='bbox 825 843 877 876; x_wconf 79' lang='grc' dir='ltr'>ἀεὶ</span> <span class='ocrx_word' id='word_1_19' title='bbox 905 844 962 874; x_wconf 79' lang='grc' dir='ltr'>καὶ</span> <span class='ocrx_word' id='word_1_20' title='bbox 995 842 1028 874; x_wconf 86' lang='grc' dir='ltr'>ἔν</span> <span class='ocrx_word' id='word_1_21' title='bbox 1053 853 1118 874; x_wconf 90' lang='grc' dir='ltr'>τινι</span> <span class='ocrx_word' id='word_1_22' title='bbox 1142 844 1198 873; x_wconf 83' lang='grc' dir='ltr'>καὶ</span> <span class='ocrx_word' id='word_1_23' title='bbox 1228 840 1324 918; x_wconf 60' lang='grc' dir='ltr'>μέχὲι</span> 
     </span>
     <span class='ocr_line' id='line_1_7' title="bbox 335 885 1327 935; baseline -0.009 -10"><span class='ocrx_word' id='word_1_24' title='bbox 335 904 410 926; x_wconf 80' lang='grc' dir='ltr'>του·</span> <span class='ocrx_word' id='word_1_25' title='bbox 437 889 543 935; x_wconf 79' lang='grc' dir='ltr'>(λέγω</span> <span class='ocrx_word' id='word_1_26' title='bbox 567 885 606 921; x_wconf 71' lang='grc' dir='ltr'>δὲ</span> <span class='ocrx_word' id='word_1_27' title='bbox 631 889 672 921; x_wconf 79' lang='grc' dir='ltr'>τὸ</span> <span class='ocrx_word' id='word_1_28' title='bbox 697 889 756 931; x_wconf 77' lang='grc' dir='ltr'>μὲν</span> <span class='ocrx_word' id='word_1_29' title='bbox 784 887 816 920; x_wconf 81' lang='grc' dir='ltr'>ἔν</span> <span class='ocrx_word' id='word_1_30' title='bbox 841 898 919 928; x_wconf 87' lang='grc' dir='ltr'>τινι,</span> <span class='ocrx_word' id='word_1_31' title='bbox 949 886 1001 920; x_wconf 77' lang='grc' dir='ltr'>ὅτι</span> <span class='ocrx_word' id='word_1_32' title='bbox 1027 886 1059 918; x_wconf 79' lang='grc' dir='ltr'>ὲν</span> <span class='ocrx_word' id='word_1_33' title='bbox 1084 885 1203 931; x_wconf 86' lang='grc' dir='ltr'>χρόνῳ·</span> <span class='ocrx_word' id='word_1_34' title='bbox 1230 886 1271 918; x_wconf 79' lang='grc' dir='ltr'>τὸ</span> <span class='ocrx_word' id='word_1_35' title='bbox 1314 886 1327 917; x_wconf 83' lang='grc' dir='ltr'>ἐ</span> 
     </span>
     <span class='ocr_line' id='line_1_8' title="bbox 334 929 1327 980; baseline -0.006 -13"><span class='ocrx_word' id='word_1_36' title='bbox 334 935 431 980; x_wconf 85' lang='grc' dir='ltr'>μέχρι</span> <span class='ocrx_word' id='word_1_37' title='bbox 455 945 537 974; x_wconf 82' lang='grc' dir='ltr'>του,</span> <span class='ocrx_word' id='word_1_38' title='bbox 565 932 618 966; x_wconf 84' lang='grc' dir='ltr'>ὅτι</span> <span class='ocrx_word' id='word_1_39' title='bbox 643 932 747 964; x_wconf 86' lang='grc' dir='ltr'>ποσόν</span> <span class='ocrx_word' id='word_1_40' title='bbox 773 944 807 964; x_wconf 90' lang='grc' dir='ltr'>τι</span> <span class='ocrx_word' id='word_1_41' title='bbox 832 931 950 975; x_wconf 75' lang='grc' dir='ltr'>μῆκος·</span> <span class='ocrx_word' id='word_1_42' title='bbox 980 931 1030 963; x_wconf 83' lang='grc' dir='ltr'>ἀεὶ</span> <span class='ocrx_word' id='word_1_43' title='bbox 1054 930 1118 975; x_wconf 74' lang='grc' dir='ltr'>γαρ</span> <span class='ocrx_word' id='word_1_44' title='bbox 1146 929 1216 974; x_wconf 83' lang='grc' dir='ltr'>ἅμα</span> <span class='ocrx_word' id='word_1_45' title='bbox 1244 933 1327 961; x_wconf 76' lang='grc' dir='ltr'>κινεῖ</span> 
     </span>
     <span class='ocr_line' id='line_1_9' title="bbox 333 973 1325 1015; baseline -0.006 -4"><span class='ocrx_word' id='word_1_46' title='bbox 333 981 391 1011; x_wconf 81' lang='grc' dir='ltr'>καὶ</span> <span class='ocrx_word' id='word_1_47' title='bbox 415 978 597 1015; x_wconf 81' lang='grc' dir='ltr'>κεκίνηκεν·</span> <span class='ocrx_word' id='word_1_48' title='bbox 624 976 712 1009; x_wconf 74' lang='grc' dir='ltr'>ὥστε</span> <span class='ocrx_word' id='word_1_49' title='bbox 737 974 842 1008; x_wconf 86' lang='grc' dir='ltr'>ποσόν</span> <span class='ocrx_word' id='word_1_50' title='bbox 867 987 901 1007; x_wconf 83' lang='grc' dir='ltr'>τι</span> <span class='ocrx_word' id='word_1_51' title='bbox 928 975 1027 1008; x_wconf 84' lang='grc' dir='ltr'>ἔσται</span> <span class='ocrx_word' id='word_1_52' title='bbox 1053 976 1069 1006; x_wconf 80' lang='grc' dir='ltr'><strong><em>ὃ</em></strong></span> <span class='ocrx_word' id='word_1_53' title='bbox 1096 973 1246 1015; x_wconf 77' lang='grc' dir='ltr'>ἐκινήθη,</span> <span class='ocrx_word' id='word_1_54' title='bbox 1267 976 1325 1006; x_wconf 85' lang='grc' dir='ltr'>καὶ</span> 
     </span>
     <span class='ocr_line' id='line_1_10' title="bbox 335 1022 524 1065; baseline -0.005 -10"><span class='ocrx_word' id='word_1_55' title='bbox 335 1023 369 1055; x_wconf 79' lang='grc' dir='ltr'>ἐν</span> <span class='ocrx_word' id='word_1_56' title='bbox 395 1022 524 1065; x_wconf 57' lang='grc' dir='ltr'>ποσῷ)</span> 
     </span>
    </p>
   </div>
   <div class='ocr_carea' id='block_1_7' title="bbox 269 1098 1330 1325">
    <p class='ocr_par' dir='ltr' id='par_1_7' title="bbox 269 1098 1330 1325">
     <span class='ocr_line' id='line_1_11' title="bbox 269 1098 1326 1149; baseline -0.008 -10"><span class='ocrx_word' id='word_1_57' title='bbox 269 1108 297 1139; x_wconf 80' lang='grc' dir='ltr'>εὶ</span> <span class='ocrx_word' id='word_1_58' title='bbox 320 1102 364 1144; x_wconf 72' lang='grc' dir='ltr'>δή</span> <span class='ocrx_word' id='word_1_59' title='bbox 390 1106 432 1138; x_wconf 77' lang='grc' dir='ltr'>τό</span> <span class='ocrx_word' id='word_1_60' title='bbox 457 1105 516 1149; x_wconf 82' lang='grc' dir='ltr'>μὲν</span> <span class='ocrx_word' id='word_1_61' title='bbox 541 1106 566 1136; x_wconf 79' lang='grc' dir='ltr'><strong>Α</strong></span> <span class='ocrx_word' id='word_1_62' title='bbox 591 1105 633 1138; x_wconf 77' lang='grc' dir='ltr'>τὸ</span> <span class='ocrx_word' id='word_1_63' title='bbox 656 1104 780 1145; x_wconf 84' lang='grc' dir='ltr'>κινοῦν,</span> <span class='ocrx_word' id='word_1_64' title='bbox 803 1103 844 1136; x_wconf 78' lang='grc' dir='ltr'>τό</span> <span class='ocrx_word' id='word_1_65' title='bbox 862 1098 900 1135; x_wconf 73' lang='grc' dir='ltr'>δὲ</span> <span class='ocrx_word' id='word_1_66' title='bbox 917 1104 941 1133; x_wconf 90' lang='grc' dir='ltr'><strong>Β</strong></span> <span class='ocrx_word' id='word_1_67' title='bbox 959 1102 1000 1134; x_wconf 81' lang='grc' dir='ltr'>τό</span> <span class='ocrx_word' id='word_1_68' title='bbox 1024 1101 1230 1145; x_wconf 78' lang='grc' dir='ltr'>κινούμενον,</span> <span class='ocrx_word' id='word_1_69' title='bbox 1252 1099 1326 1132; x_wconf 77' lang='grc' dir='ltr'>ὅσον</span> 
     </span>
     <span class='ocr_line' id='line_1_12' title="bbox 335 1142 1324 1193; baseline -0.007 -11"><span class='ocrx_word' id='word_1_70' title='bbox 335 1146 373 1183; x_wconf 78' lang='grc' dir='ltr'>δὲ</span> <span class='ocrx_word' id='word_1_71' title='bbox 397 1152 574 1187; x_wconf 78' lang='grc' dir='ltr'>κεκίνηται</span> <span class='ocrx_word' id='word_1_72' title='bbox 607 1149 712 1193; x_wconf 79' lang='grc' dir='ltr'>μῆκος</span> <span class='ocrx_word' id='word_1_73' title='bbox 743 1147 784 1180; x_wconf 77' lang='grc' dir='ltr'>τό</span> <span class='ocrx_word' id='word_1_74' title='bbox 809 1149 852 1189; x_wconf 98' lang='grc' dir='ltr'>Γ,</span> <span class='ocrx_word' id='word_1_75' title='bbox 887 1147 919 1178; x_wconf 80' lang='grc' dir='ltr'>ἐν</span> <span class='ocrx_word' id='word_1_76' title='bbox 946 1145 1009 1187; x_wconf 82' lang='grc' dir='ltr'>ὅσῳ</span> <span class='ocrx_word' id='word_1_77' title='bbox 1033 1142 1070 1178; x_wconf 77' lang='grc' dir='ltr'>δέ</span> <span class='ocrx_word' id='word_1_78' title='bbox 1097 1146 1112 1177; x_wconf 86' lang='grc' dir='ltr'>ὁ</span> <span class='ocrx_word' id='word_1_79' title='bbox 1137 1143 1253 1190; x_wconf 77' lang='grc' dir='ltr'>χρόνος</span> <span class='ocrx_word' id='word_1_80' title='bbox 1279 1144 1324 1188; x_wconf 78' lang='grc' dir='ltr'>ἐφ’</span> 
     </span>
     <span class='ocr_line' id='line_1_13' title="bbox 338 1186 1327 1236; baseline -0.007 -10"><span class='ocrx_word' id='word_1_81' title='bbox 338 1194 375 1226; x_wconf 80' lang='grc' dir='ltr'>οὗ</span> <span class='ocrx_word' id='word_1_82' title='bbox 394 1195 430 1225; x_wconf 91' lang='grc' dir='ltr'>Δ·</span> <span class='ocrx_word' id='word_1_83' title='bbox 457 1194 490 1226; x_wconf 78' lang='grc' dir='ltr'>ἐν</span> <span class='ocrx_word' id='word_1_84' title='bbox 515 1189 558 1230; x_wconf 72' lang='grc' dir='ltr'>δή</span> <span class='ocrx_word' id='word_1_85' title='bbox 584 1195 632 1235; x_wconf 84' lang='grc' dir='ltr'>τῷ</span> <span class='ocrx_word' id='word_1_86' title='bbox 655 1194 713 1233; x_wconf 75' lang='grc' dir='ltr'>ἴσῳ</span> <span class='ocrx_word' id='word_1_87' title='bbox 738 1191 844 1236; x_wconf 83' lang='grc' dir='ltr'>χρόνῳ</span> <span class='ocrx_word' id='word_1_88' title='bbox 863 1192 884 1228; x_wconf 82' lang='grc' dir='ltr'>ή</span> <span class='ocrx_word' id='word_1_89' title='bbox 901 1193 955 1227; x_wconf 80' lang='grc' dir='ltr'>ἴση</span> <span class='ocrx_word' id='word_1_90' title='bbox 972 1186 1112 1233; x_wconf 72' lang='grc' dir='ltr'>δύναμις</span> <span class='ocrx_word' id='word_1_91' title='bbox 1138 1191 1158 1226; x_wconf 79' lang='grc' dir='ltr'>ἡ</span> <span class='ocrx_word' id='word_1_92' title='bbox 1178 1189 1225 1232; x_wconf 72' lang='grc' dir='ltr'>ἐφ’</span> <span class='ocrx_word' id='word_1_93' title='bbox 1246 1188 1284 1220; x_wconf 83' lang='grc' dir='ltr'>οὗ</span> <span class='ocrx_word' id='word_1_94' title='bbox 1303 1189 1327 1219; x_wconf 81' lang='grc' dir='ltr'><strong>Α</strong></span> 
     </span>
     <span class='ocr_line' id='line_1_14' title="bbox 335 1227 1330 1279; baseline -0.009 -7"><span class='ocrx_word' id='word_1_95' title='bbox 335 1238 376 1272; x_wconf 79' lang='grc' dir='ltr'>τό</span> <span class='ocrx_word' id='word_1_96' title='bbox 410 1237 511 1279; x_wconf 79' lang='grc' dir='ltr'>ἥμισυ</span> <span class='ocrx_word' id='word_1_97' title='bbox 542 1238 604 1270; x_wconf 81' lang='grc' dir='ltr'>τοῦ</span> <span class='ocrx_word' id='word_1_98' title='bbox 627 1238 652 1268; x_wconf 88' lang='grc' dir='ltr'>Β</span> <span class='ocrx_word' id='word_1_99' title='bbox 676 1237 862 1268; x_wconf 78' lang='grc' dir='ltr'>διπλασίαν</span> <span class='ocrx_word' id='word_1_100' title='bbox 894 1236 957 1272; x_wconf 77' lang='grc' dir='ltr'>τῆς</span> <span class='ocrx_word' id='word_1_101' title='bbox 981 1236 1003 1265; x_wconf 89' lang='grc' dir='ltr'><strong>Γ</strong></span> <span class='ocrx_word' id='word_1_102' title='bbox 1027 1233 1174 1274; x_wconf 84' lang='grc' dir='ltr'>κινήσει,</span> <span class='ocrx_word' id='word_1_103' title='bbox 1202 1233 1268 1269; x_wconf 80' lang='grc' dir='ltr'>τήν</span> <span class='ocrx_word' id='word_1_104' title='bbox 1292 1227 1330 1263; x_wconf 76' lang='grc' dir='ltr'>δὲ</span> 
     </span>
     <span class='ocr_line' id='line_1_15' title="bbox 335 1277 1326 1325; baseline -0.007 -10"><span class='ocrx_word' id='word_1_105' title='bbox 335 1282 378 1316; x_wconf 79' lang='grc' dir='ltr'>τό</span> <span class='ocrx_word' id='word_1_106' title='bbox 394 1284 416 1313; x_wconf 90' lang='grc' dir='ltr'><strong>Γ</strong></span> <span class='ocrx_word' id='word_1_107' title='bbox 434 1282 467 1314; x_wconf 83' lang='grc' dir='ltr'>ἑν</span> <span class='ocrx_word' id='word_1_108' title='bbox 492 1282 540 1323; x_wconf 79' lang='grc' dir='ltr'>τῷ</span> <span class='ocrx_word' id='word_1_109' title='bbox 565 1282 677 1325; x_wconf 72' lang='grc' dir='ltr'>ἡμίσει</span> <span class='ocrx_word' id='word_1_110' title='bbox 702 1280 765 1312; x_wconf 78' lang='grc' dir='ltr'>τοῦ</span> <span class='ocrx_word' id='word_1_111' title='bbox 782 1281 818 1310; x_wconf 92' lang='grc' dir='ltr'>Δ·</span> <span class='ocrx_word' id='word_1_112' title='bbox 839 1278 927 1312; x_wconf 80' lang='grc' dir='ltr'>οὕτω</span> <span class='ocrx_word' id='word_1_113' title='bbox 945 1279 1009 1325; x_wconf 74' lang='grc' dir='ltr'>γαρ</span> <span class='ocrx_word' id='word_1_114' title='bbox 1032 1277 1198 1324; x_wconf 73' lang='grc' dir='ltr'>ἀνάλογον</span> <span class='ocrx_word' id='word_1_115' title='bbox 1216 1277 1326 1309; x_wconf 75' lang='grc' dir='ltr'>ἔσται.</span> 
     </span>
    </p>
   </div>
   <div class='ocr_carea' id='block_1_8' title="bbox 269 1357 1334 2199">
    <p class='ocr_par' dir='ltr' id='par_1_8' title="bbox 269 1357 1329 1665">
     <span class='ocr_line' id='line_1_16' title="bbox 269 1357 1329 1409; baseline -0.004 -12"><span class='ocrx_word' id='word_1_116' title='bbox 269 1367 336 1398; x_wconf 83' lang='grc' dir='ltr'>Καὶ</span> <span class='ocrx_word' id='word_1_117' title='bbox 359 1366 388 1397; x_wconf 85' lang='grc' dir='ltr'>εὶ</span> <span class='ocrx_word' id='word_1_118' title='bbox 413 1365 434 1402; x_wconf 79' lang='grc' dir='ltr'>ή</span> <span class='ocrx_word' id='word_1_119' title='bbox 461 1365 553 1401; x_wconf 74' lang='grc' dir='ltr'>αὐτή</span> <span class='ocrx_word' id='word_1_120' title='bbox 578 1360 721 1409; x_wconf 76' lang='grc' dir='ltr'>δύναμις</span> <span class='ocrx_word' id='word_1_121' title='bbox 747 1363 788 1396; x_wconf 77' lang='grc' dir='ltr'>τὸ</span> <span class='ocrx_word' id='word_1_122' title='bbox 814 1363 902 1395; x_wconf 76' lang='grc' dir='ltr'>αὐτὸ</span> <span class='ocrx_word' id='word_1_123' title='bbox 920 1362 952 1395; x_wconf 79' lang='grc' dir='ltr'>ἐν</span> <span class='ocrx_word' id='word_1_124' title='bbox 974 1357 1053 1403; x_wconf 79' lang='grc' dir='ltr'>τῳδὶ</span> <span class='ocrx_word' id='word_1_125' title='bbox 1079 1362 1127 1403; x_wconf 77' lang='grc' dir='ltr'>τῷ</span> <span class='ocrx_word' id='word_1_126' title='bbox 1152 1361 1255 1406; x_wconf 83' lang='grc' dir='ltr'>χρόνῳ</span> <span class='ocrx_word' id='word_1_127' title='bbox 1274 1373 1329 1394; x_wconf 82' lang='grc' dir='ltr'>το-</span> 
     </span>
     <span class='ocr_line' id='line_1_17' title="bbox 337 1404 1327 1451; baseline -0.005 -10"><span class='ocrx_word' id='word_1_128' title='bbox 337 1404 438 1446; x_wconf 77' lang='grc' dir='ltr'>σήνδε</span> <span class='ocrx_word' id='word_1_129' title='bbox 462 1413 565 1450; x_wconf 77' lang='grc' dir='ltr'>κινεῖ,</span> <span class='ocrx_word' id='word_1_130' title='bbox 589 1409 648 1440; x_wconf 82' lang='grc' dir='ltr'>καὶ</span> <span class='ocrx_word' id='word_1_131' title='bbox 673 1407 736 1444; x_wconf 76' lang='grc' dir='ltr'>τήν</span> <span class='ocrx_word' id='word_1_132' title='bbox 769 1407 924 1451; x_wconf 77' lang='grc' dir='ltr'>η’μίσειαν</span> <span class='ocrx_word' id='word_1_133' title='bbox 950 1407 982 1438; x_wconf 83' lang='grc' dir='ltr'>ἐν</span> <span class='ocrx_word' id='word_1_134' title='bbox 1009 1406 1055 1447; x_wconf 80' lang='grc' dir='ltr'>τῷ</span> <span class='ocrx_word' id='word_1_135' title='bbox 1082 1406 1194 1450; x_wconf 73' lang='grc' dir='ltr'>ἡμίσει</span> <span class='ocrx_word' id='word_1_136' title='bbox 1224 1407 1282 1437; x_wconf 83' lang='grc' dir='ltr'>καὶ</span> <span class='ocrx_word' id='word_1_137' title='bbox 1307 1406 1327 1442; x_wconf 84' lang='grc' dir='ltr'>ή</span> 
     </span>
     <span class='ocr_line' id='line_1_18' title="bbox 337 1449 1328 1498; baseline -0.003 -13"><span class='ocrx_word' id='word_1_138' title='bbox 337 1455 475 1498; x_wconf 72' lang='grc' dir='ltr'>ἡμίσεια</span> <span class='ocrx_word' id='word_1_139' title='bbox 499 1453 594 1498; x_wconf 72' lang='grc' dir='ltr'>ἰσχύς</span> <span class='ocrx_word' id='word_1_140' title='bbox 619 1451 660 1485; x_wconf 76' lang='grc' dir='ltr'>τὸ</span> <span class='ocrx_word' id='word_1_141' title='bbox 685 1451 786 1495; x_wconf 72' lang='grc' dir='ltr'>ἥμισυ</span> <span class='ocrx_word' id='word_1_142' title='bbox 810 1450 938 1487; x_wconf 82' lang='grc' dir='ltr'>κινήσει</span> <span class='ocrx_word' id='word_1_143' title='bbox 963 1450 996 1482; x_wconf 83' lang='grc' dir='ltr'>ἐν</span> <span class='ocrx_word' id='word_1_144' title='bbox 1019 1450 1066 1491; x_wconf 75' lang='grc' dir='ltr'>τῷ</span> <span class='ocrx_word' id='word_1_145' title='bbox 1082 1452 1140 1491; x_wconf 82' lang='grc' dir='ltr'>ῐσῳ</span> <span class='ocrx_word' id='word_1_146' title='bbox 1165 1449 1269 1494; x_wconf 83' lang='grc' dir='ltr'>χρόνῳ</span> <span class='ocrx_word' id='word_1_147' title='bbox 1287 1450 1328 1482; x_wconf 77' lang='grc' dir='ltr'>τὸ</span> 
     </span>
     <span class='ocr_line' id='line_1_19' title="bbox 336 1491 1327 1540; baseline -0.005 -11"><span class='ocrx_word' id='word_1_148' title='bbox 336 1499 421 1529; x_wconf 77' lang='grc' dir='ltr'>ἴσον·</span> <span class='ocrx_word' id='word_1_149' title='bbox 448 1497 516 1529; x_wconf 78' lang='grc' dir='ltr'>οἷον</span> <span class='ocrx_word' id='word_1_150' title='bbox 549 1497 611 1534; x_wconf 78' lang='grc' dir='ltr'>τῆς</span> <span class='ocrx_word' id='word_1_151' title='bbox 636 1497 662 1527; x_wconf 81' lang='lat' dir='ltr'>A</span> <span class='ocrx_word' id='word_1_152' title='bbox 686 1491 855 1540; x_wconf 74' lang='grc' dir='ltr'>δυνάμεως</span> <span class='ocrx_word' id='word_1_153' title='bbox 889 1495 975 1527; x_wconf 78' lang='grc' dir='ltr'>ἔστω</span> <span class='ocrx_word' id='word_1_154' title='bbox 1007 1494 1144 1536; x_wconf 79' lang='grc' dir='ltr'>ἡμίσεια</span> <span class='ocrx_word' id='word_1_155' title='bbox 1169 1495 1190 1530; x_wconf 72' lang='grc' dir='ltr'>’ἡ</span> <span class='ocrx_word' id='word_1_156' title='bbox 1217 1493 1258 1526; x_wconf 76' lang='grc' dir='ltr'>τό</span> <span class='ocrx_word' id='word_1_157' title='bbox 1281 1495 1327 1535; x_wconf 91' lang='grc' dir='ltr'>Ε,</span> 
     </span>
     <span class='ocr_line' id='line_1_20' title="bbox 337 1535 1329 1584; baseline -0.004 -11"><span class='ocrx_word' id='word_1_158' title='bbox 337 1543 394 1573; x_wconf 85' lang='grc' dir='ltr'>καὶ</span> <span class='ocrx_word' id='word_1_159' title='bbox 417 1541 478 1573; x_wconf 79' lang='grc' dir='ltr'>τοῦ</span> <span class='ocrx_word' id='word_1_160' title='bbox 495 1542 520 1571; x_wconf 86' lang='grc' dir='ltr'><strong>Β</strong></span> <span class='ocrx_word' id='word_1_161' title='bbox 537 1541 577 1573; x_wconf 81' lang='grc' dir='ltr'>τό</span> <span class='ocrx_word' id='word_1_162' title='bbox 594 1542 617 1571; x_wconf 91' lang='grc' dir='ltr'><strong>Ζ</strong></span> <span class='ocrx_word' id='word_1_163' title='bbox 634 1538 748 1584; x_wconf 78' lang='grc' dir='ltr'>ἥμισυ·</span> <span class='ocrx_word' id='word_1_164' title='bbox 777 1540 894 1583; x_wconf 76' lang='grc' dir='ltr'>ὁμοίως</span> <span class='ocrx_word' id='word_1_165' title='bbox 919 1535 962 1575; x_wconf 82' lang='grc' dir='ltr'>δή</span> <span class='ocrx_word' id='word_1_166' title='bbox 989 1538 1102 1582; x_wconf 84' lang='grc' dir='ltr'>ἔχουσι</span> <span class='ocrx_word' id='word_1_167' title='bbox 1125 1540 1182 1569; x_wconf 81' lang='grc' dir='ltr'>καὶ</span> <span class='ocrx_word' id='word_1_168' title='bbox 1210 1537 1329 1570; x_wconf 73' lang='grc' dir='ltr'>ἀνάλο-</span> 
     </span>
     <span class='ocr_line' id='line_1_21' title="bbox 337 1581 1328 1631; baseline -0.005 -14"><span class='ocrx_word' id='word_1_169' title='bbox 337 1596 397 1631; x_wconf 86' lang='grc' dir='ltr'>γον</span> <span class='ocrx_word' id='word_1_170' title='bbox 419 1585 440 1621; x_wconf 75' lang='grc' dir='ltr'>ἦ</span> <span class='ocrx_word' id='word_1_171' title='bbox 461 1584 556 1630; x_wconf 72' lang='grc' dir='ltr'>ἰσχῦς</span> <span class='ocrx_word' id='word_1_172' title='bbox 581 1583 661 1629; x_wconf 73' lang='grc' dir='ltr'>πρὸς</span> <span class='ocrx_word' id='word_1_173' title='bbox 681 1583 722 1616; x_wconf 75' lang='grc' dir='ltr'>τό</span> <span class='ocrx_word' id='word_1_174' title='bbox 745 1582 857 1627; x_wconf 77' lang='grc' dir='ltr'>βάρος·</span> <span class='ocrx_word' id='word_1_175' title='bbox 885 1581 972 1615; x_wconf 76' lang='grc' dir='ltr'>ὥστε</span> <span class='ocrx_word' id='word_1_176' title='bbox 996 1584 1067 1614; x_wconf 79' lang='grc' dir='ltr'>’ίσον</span> <span class='ocrx_word' id='word_1_177' title='bbox 1093 1582 1125 1614; x_wconf 82' lang='grc' dir='ltr'>ἐν</span> <span class='ocrx_word' id='word_1_178' title='bbox 1143 1583 1200 1622; x_wconf 84' lang='grc' dir='ltr'>ἴσῳ</span> <span class='ocrx_word' id='word_1_179' title='bbox 1223 1581 1328 1626; x_wconf 83' lang='grc' dir='ltr'>χρόνῳ</span> 
     </span>
     <span class='ocr_line' id='line_1_22' title="bbox 337 1627 522 1665; baseline 0.005 -5"><span class='ocrx_word' id='word_1_180' title='bbox 337 1627 522 1665; x_wconf 88' lang='grc' dir='ltr'>κινήσουσι.</span> 
     </span>
    </p>

    <p class='ocr_par' dir='ltr' id='par_1_9' title="bbox 272 1667 1331 1803">
     <span class='ocr_line' id='line_1_23' title="bbox 272 1667 1329 1714; baseline -0.006 -9"><span class='ocrx_word' id='word_1_181' title='bbox 272 1674 337 1705; x_wconf 83' lang='grc' dir='ltr'>Καὶ</span> <span class='ocrx_word' id='word_1_182' title='bbox 364 1673 392 1705; x_wconf 75' lang='grc' dir='ltr'>εἰ</span> <span class='ocrx_word' id='word_1_183' title='bbox 417 1674 459 1704; x_wconf 85' lang='grc' dir='ltr'>τὸ</span> <span class='ocrx_word' id='word_1_184' title='bbox 482 1674 506 1703; x_wconf 87' lang='grc' dir='ltr'><strong>Ε</strong></span> <span class='ocrx_word' id='word_1_185' title='bbox 531 1671 572 1704; x_wconf 78' lang='grc' dir='ltr'>τὰ</span> <span class='ocrx_word' id='word_1_186' title='bbox 596 1673 619 1702; x_wconf 95' lang='grc' dir='ltr'><strong>Ζ</strong></span> <span class='ocrx_word' id='word_1_187' title='bbox 643 1675 726 1703; x_wconf 76' lang='grc' dir='ltr'>κινεῖ·</span> <span class='ocrx_word' id='word_1_188' title='bbox 746 1671 778 1702; x_wconf 78' lang='grc' dir='ltr'>ἓν</span> <span class='ocrx_word' id='word_1_189' title='bbox 804 1671 851 1711; x_wconf 79' lang='grc' dir='ltr'>τῷ</span> <span class='ocrx_word' id='word_1_190' title='bbox 870 1670 893 1700; x_wconf 93' lang='grc' dir='ltr'>Δ</span> <span class='ocrx_word' id='word_1_191' title='bbox 912 1669 975 1706; x_wconf 79' lang='grc' dir='ltr'>τήν</span> <span class='ocrx_word' id='word_1_192' title='bbox 999 1671 1035 1710; x_wconf 90' lang='grc' dir='ltr'>Γ,</span> <span class='ocrx_word' id='word_1_193' title='bbox 1057 1667 1114 1701; x_wconf 79' lang='grc' dir='ltr'>οὐκ</span> <span class='ocrx_word' id='word_1_194' title='bbox 1141 1668 1270 1714; x_wconf 73' lang='grc' dir='ltr'>ἀνάγκη</span> <span class='ocrx_word' id='word_1_195' title='bbox 1298 1669 1329 1701; x_wconf 82' lang='grc' dir='ltr'>ὲν</span> 
     </span>
     <span class='ocr_line' id='line_1_24' title="bbox 340 1709 1331 1762; baseline -0.007 -12"><span class='ocrx_word' id='word_1_196' title='bbox 340 1717 387 1758; x_wconf 76' lang='grc' dir='ltr'>τῷ</span> <span class='ocrx_word' id='word_1_197' title='bbox 411 1718 469 1757; x_wconf 78' lang='grc' dir='ltr'>ἴσῳ</span> <span class='ocrx_word' id='word_1_198' title='bbox 498 1714 603 1762; x_wconf 85' lang='grc' dir='ltr'>χρόνῳ</span> <span class='ocrx_word' id='word_1_199' title='bbox 628 1715 669 1748; x_wconf 76' lang='grc' dir='ltr'>τὸ</span> <span class='ocrx_word' id='word_1_200' title='bbox 695 1715 742 1759; x_wconf 82' lang='grc' dir='ltr'>ἐφ’</span> <span class='ocrx_word' id='word_1_201' title='bbox 770 1714 808 1746; x_wconf 76' lang='grc' dir='ltr'>οὗ</span> <span class='ocrx_word' id='word_1_202' title='bbox 833 1716 857 1745; x_wconf 87' lang='grc' dir='ltr'>Ε</span> <span class='ocrx_word' id='word_1_203' title='bbox 882 1714 923 1746; x_wconf 76' lang='grc' dir='ltr'>τό</span> <span class='ocrx_word' id='word_1_204' title='bbox 947 1709 1126 1745; x_wconf 75' lang='grc' dir='ltr'>διπλάσιον</span> <span class='ocrx_word' id='word_1_205' title='bbox 1151 1714 1212 1746; x_wconf 75' lang='grc' dir='ltr'>τοῦ</span> <span class='ocrx_word' id='word_1_206' title='bbox 1237 1715 1260 1743; x_wconf 93' lang='grc' dir='ltr'><strong><em>Ζ</em></strong></span> <span class='ocrx_word' id='word_1_207' title='bbox 1283 1724 1331 1744; x_wconf 86' lang='grc' dir='ltr'>κι-</span> 
     </span>
     <span class='ocr_line' id='line_1_25' title="bbox 340 1759 823 1803; baseline -0.006 -11"><span class='ocrx_word' id='word_1_208' title='bbox 340 1764 404 1792; x_wconf 83' lang='grc' dir='ltr'>νεῖν</span> <span class='ocrx_word' id='word_1_209' title='bbox 430 1759 493 1797; x_wconf 77' lang='grc' dir='ltr'>τήν</span> <span class='ocrx_word' id='word_1_210' title='bbox 519 1761 674 1803; x_wconf 79' lang='grc' dir='ltr'>ἡμίσειαν</span> <span class='ocrx_word' id='word_1_211' title='bbox 700 1759 762 1796; x_wconf 83' lang='grc' dir='ltr'>τῆς</span> <span class='ocrx_word' id='word_1_212' title='bbox 787 1759 823 1789; x_wconf 93' lang='grc' dir='ltr'>Γ.</span> 
     </span>
    </p>

    <p class='ocr_par' dir='ltr' id='par_1_10' title="bbox 274 1798 1331 1892">
     <span class='ocr_line' id='line_1_26' title="bbox 274 1798 1331 1842; baseline -0.006 -5"><span class='ocrx_word' id='word_1_213' title='bbox 274 1805 313 1837; x_wconf 73' lang='grc' dir='ltr'>Εἰ</span> <span class='ocrx_word' id='word_1_214' title='bbox 337 1800 381 1841; x_wconf 81' lang='grc' dir='ltr'>δή</span> <span class='ocrx_word' id='word_1_215' title='bbox 407 1804 448 1836; x_wconf 76' lang='grc' dir='ltr'>τὸ</span> <span class='ocrx_word' id='word_1_216' title='bbox 473 1805 500 1835; x_wconf 78' lang='grc' dir='ltr'><strong>Α</strong></span> <span class='ocrx_word' id='word_1_217' title='bbox 523 1802 586 1840; x_wconf 79' lang='grc' dir='ltr'>τήν</span> <span class='ocrx_word' id='word_1_218' title='bbox 612 1803 654 1835; x_wconf 81' lang='grc' dir='ltr'>τό</span> <span class='ocrx_word' id='word_1_219' title='bbox 677 1804 701 1833; x_wconf 88' lang='grc' dir='ltr'><strong>Β</strong></span> <span class='ocrx_word' id='word_1_220' title='bbox 724 1801 852 1838; x_wconf 88' lang='grc' dir='ltr'>κινήσει</span> <span class='ocrx_word' id='word_1_221' title='bbox 877 1801 909 1833; x_wconf 80' lang='grc' dir='ltr'>ἑν</span> <span class='ocrx_word' id='word_1_222' title='bbox 934 1801 982 1842; x_wconf 75' lang='grc' dir='ltr'>τῷ</span> <span class='ocrx_word' id='word_1_223' title='bbox 1000 1801 1023 1830; x_wconf 91' lang='grc' dir='ltr'>Δ</span> <span class='ocrx_word' id='word_1_224' title='bbox 1042 1798 1120 1838; x_wconf 77' lang='grc' dir='ltr'>ὅσην</span> <span class='ocrx_word' id='word_1_225' title='bbox 1138 1801 1158 1836; x_wconf 83' lang='grc' dir='ltr'>ή</span> <span class='ocrx_word' id='word_1_226' title='bbox 1177 1801 1217 1833; x_wconf 83' lang='grc' dir='ltr'>τὸ</span> <span class='ocrx_word' id='word_1_227' title='bbox 1235 1802 1271 1841; x_wconf 90' lang='grc' dir='ltr'>Γ,</span> <span class='ocrx_word' id='word_1_228' title='bbox 1289 1800 1331 1831; x_wconf 79' lang='grc' dir='ltr'>τό</span> 
     </span>
     <span class='ocr_line' id='line_1_27' title="bbox 341 1843 1331 1892; baseline -0.007 -12"><span class='ocrx_word' id='word_1_229' title='bbox 341 1847 442 1892; x_wconf 72' lang='grc' dir='ltr'>’ἥμισυ</span> <span class='ocrx_word' id='word_1_230' title='bbox 467 1848 529 1880; x_wconf 77' lang='grc' dir='ltr'>τοῦ</span> <span class='ocrx_word' id='word_1_231' title='bbox 554 1849 579 1878; x_wconf 84' lang='grc' dir='ltr'><strong>Α</strong></span> <span class='ocrx_word' id='word_1_232' title='bbox 603 1846 643 1880; x_wconf 75' lang='grc' dir='ltr'>τὸ</span> <span class='ocrx_word' id='word_1_233' title='bbox 668 1847 715 1889; x_wconf 76' lang='grc' dir='ltr'>ἐφ’</span> <span class='ocrx_word' id='word_1_234' title='bbox 737 1846 759 1887; x_wconf 78' lang='grc' dir='ltr'><em>ᾧ</em></span> <span class='ocrx_word' id='word_1_235' title='bbox 785 1847 809 1876; x_wconf 87' lang='grc' dir='ltr'>Ε</span> <span class='ocrx_word' id='word_1_236' title='bbox 833 1844 896 1882; x_wconf 80' lang='grc' dir='ltr'>τήν</span> <span class='ocrx_word' id='word_1_237' title='bbox 923 1844 963 1876; x_wconf 76' lang='grc' dir='ltr'>τὸ</span> <span class='ocrx_word' id='word_1_238' title='bbox 985 1846 1009 1875; x_wconf 91' lang='grc' dir='ltr'><strong>Β</strong></span> <span class='ocrx_word' id='word_1_239' title='bbox 1027 1844 1064 1876; x_wconf 83' lang='grc' dir='ltr'>οὗ</span> <span class='ocrx_word' id='word_1_240' title='bbox 1088 1843 1216 1880; x_wconf 85' lang='grc' dir='ltr'>κινήσει</span> <span class='ocrx_word' id='word_1_241' title='bbox 1234 1845 1266 1877; x_wconf 81' lang='grc' dir='ltr'>ἐν</span> <span class='ocrx_word' id='word_1_242' title='bbox 1284 1845 1331 1886; x_wconf 81' lang='grc' dir='ltr'>τῷ</span> 
     </span>
    </p>

    <p class='ocr_par' dir='ltr' id='par_1_11' title="bbox 338 1885 1334 2199">
     <span class='ocr_line' id='line_1_28' title="bbox 365 1885 1333 1935; baseline -0.005 -11"><span class='ocrx_word' id='word_1_243' title='bbox 365 1891 446 1935; x_wconf 84' lang='grc' dir='ltr'>ρόνῳ</span> <span class='ocrx_word' id='word_1_244' title='bbox 471 1892 518 1935; x_wconf 78' lang='grc' dir='ltr'>ἐφ’</span> <span class='ocrx_word' id='word_1_245' title='bbox 547 1891 570 1932; x_wconf 75' lang='grc' dir='ltr'><em>ᾧ</em></span> <span class='ocrx_word' id='word_1_246' title='bbox 592 1892 635 1931; x_wconf 92' lang='grc' dir='ltr'>Δ,</span> <span class='ocrx_word' id='word_1_247' title='bbox 663 1885 733 1922; x_wconf 66' lang='grc' dir='ltr'>οὐδ’</span> <span class='ocrx_word' id='word_1_248' title='bbox 762 1889 795 1920; x_wconf 82' lang='grc' dir='ltr'>’ἐν</span> <span class='ocrx_word' id='word_1_249' title='bbox 821 1900 887 1920; x_wconf 83' lang='grc' dir='ltr'>τινι</span> <span class='ocrx_word' id='word_1_250' title='bbox 912 1889 974 1921; x_wconf 79' lang='grc' dir='ltr'>τοῦ</span> <span class='ocrx_word' id='word_1_251' title='bbox 999 1890 1023 1918; x_wconf 94' lang='grc' dir='ltr'>Δ</span> <span class='ocrx_word' id='word_1_252' title='bbox 1047 1889 1110 1926; x_wconf 81' lang='grc' dir='ltr'>τῆς</span> <span class='ocrx_word' id='word_1_253' title='bbox 1135 1890 1179 1929; x_wconf 93' lang='grc' dir='ltr'>Γ,</span> <span class='ocrx_word' id='word_1_254' title='bbox 1206 1887 1226 1925; x_wconf 76' lang='grc' dir='ltr'>ἦ</span> <span class='ocrx_word' id='word_1_255' title='bbox 1253 1887 1333 1921; x_wconf 81' lang='grc' dir='ltr'>ἀνοί-</span> 
     </span>
     <span class='ocr_line' id='line_1_29' title="bbox 338 1905 1329 1982; baseline -0.006 -14"><span class='ocrx_word' id='word_1_256' title='bbox 338 1905 442 1982; x_wconf 48' lang='grc' dir='ltr'>ἔογον</span> <span class='ocrx_word' id='word_1_257' title='bbox 473 1934 553 1979; x_wconf 77' lang='grc' dir='ltr'>πρὸς</span> <span class='ocrx_word' id='word_1_258' title='bbox 578 1934 643 1971; x_wconf 82' lang='grc' dir='ltr'>τήν</span> <span class='ocrx_word' id='word_1_259' title='bbox 676 1933 754 1971; x_wconf 77' lang='grc' dir='ltr'>ὅλην</span> <span class='ocrx_word' id='word_1_260' title='bbox 787 1933 850 1970; x_wconf 80' lang='grc' dir='ltr'>τήν</span> <span class='ocrx_word' id='word_1_261' title='bbox 875 1934 915 1971; x_wconf 93' lang='grc' dir='ltr'>Γ,</span> <span class='ocrx_word' id='word_1_262' title='bbox 942 1933 983 1970; x_wconf 79' lang='grc' dir='ltr'>ὡς</span> <span class='ocrx_word' id='word_1_263' title='bbox 1008 1932 1049 1964; x_wconf 78' lang='grc' dir='ltr'>τὸ</span> <span class='ocrx_word' id='word_1_264' title='bbox 1073 1935 1098 1963; x_wconf 88' lang='grc' dir='ltr'><strong>Α</strong></span> <span class='ocrx_word' id='word_1_265' title='bbox 1122 1932 1202 1976; x_wconf 81' lang='grc' dir='ltr'>πρὸς</span> <span class='ocrx_word' id='word_1_266' title='bbox 1227 1933 1268 1965; x_wconf 76' lang='grc' dir='ltr'>τό</span> <span class='ocrx_word' id='word_1_267' title='bbox 1293 1934 1329 1962; x_wconf 90' lang='grc' dir='ltr'>Ε·</span> 
     </span>
     <span class='ocr_line' id='line_1_30' title="bbox 342 1971 1331 2025; baseline -0.005 -13"><span class='ocrx_word' id='word_1_268' title='bbox 342 1979 424 2018; x_wconf 80' lang='grc' dir='ltr'>ὅλως</span> <span class='ocrx_word' id='word_1_269' title='bbox 448 1979 513 2025; x_wconf 79' lang='grc' dir='ltr'>γοὶρ</span> <span class='ocrx_word' id='word_1_270' title='bbox 536 1979 566 2010; x_wconf 78' lang='grc' dir='ltr'>εἰ</span> <span class='ocrx_word' id='word_1_271' title='bbox 590 1978 707 2023; x_wconf 81' lang='grc' dir='ltr'>ἔτυχεν</span> <span class='ocrx_word' id='word_1_272' title='bbox 734 1978 772 2009; x_wconf 83' lang='grc' dir='ltr'>οὐ</span> <span class='ocrx_word' id='word_1_273' title='bbox 794 1976 921 2013; x_wconf 75' lang='grc' dir='ltr'>κινήσει</span> <span class='ocrx_word' id='word_1_274' title='bbox 940 1971 1056 2008; x_wconf 76' lang='grc' dir='ltr'>,οὐδέν’</span> <span class='ocrx_word' id='word_1_275' title='bbox 1083 1977 1111 2008; x_wconf 78' lang='grc' dir='ltr'>εἱ</span> <span class='ocrx_word' id='word_1_276' title='bbox 1135 1977 1198 2022; x_wconf 80' lang='grc' dir='ltr'>γὰρ</span> <span class='ocrx_word' id='word_1_277' title='bbox 1225 1978 1245 2013; x_wconf 84' lang='grc' dir='ltr'>ή</span> <span class='ocrx_word' id='word_1_278' title='bbox 1272 1975 1331 2012; x_wconf 80' lang='grc' dir='ltr'>ὅλη</span> 
     </span>
     <span class='ocr_line' id='line_1_31' title="bbox 340 2019 1332 2069; baseline -0.005 -13"><span class='ocrx_word' id='word_1_279' title='bbox 340 2023 434 2069; x_wconf 77' lang='grc' dir='ltr'>ἱσχῦς</span> <span class='ocrx_word' id='word_1_280' title='bbox 460 2019 604 2059; x_wconf 82' lang='grc' dir='ltr'>τοσήνδε</span> <span class='ocrx_word' id='word_1_281' title='bbox 635 2022 803 2061; x_wconf 76' lang='grc' dir='ltr'>ἐκίνησεν,</span> <span class='ocrx_word' id='word_1_282' title='bbox 830 2022 850 2058; x_wconf 84' lang='grc' dir='ltr'>ή</span> <span class='ocrx_word' id='word_1_283' title='bbox 876 2022 1013 2065; x_wconf 75' lang='grc' dir='ltr'>ἡμίσεια</span> <span class='ocrx_word' id='word_1_284' title='bbox 1039 2021 1076 2052; x_wconf 79' lang='grc' dir='ltr'>οὐ</span> <span class='ocrx_word' id='word_1_285' title='bbox 1099 2020 1229 2057; x_wconf 87' lang='grc' dir='ltr'>κινήσει</span> <span class='ocrx_word' id='word_1_286' title='bbox 1253 2021 1332 2052; x_wconf 84' lang='grc' dir='ltr'>οὔτε</span> 
     </span>
     <span class='ocr_line' id='line_1_32' title="bbox 343 2063 1331 2111; baseline -0.005 -11"><span class='ocrx_word' id='word_1_287' title='bbox 343 2068 451 2104; x_wconf 84' lang='grc' dir='ltr'>ποσήν</span> <span class='ocrx_word' id='word_1_288' title='bbox 470 2065 542 2099; x_wconf 78' lang='grc' dir='ltr'>οὔτ’</span> <span class='ocrx_word' id='word_1_289' title='bbox 564 2066 597 2098; x_wconf 81' lang='grc' dir='ltr'>ἐν</span> <span class='ocrx_word' id='word_1_290' title='bbox 616 2066 799 2106; x_wconf 79' lang='grc' dir='ltr'>ὀποσῳοῧν·</span> <span class='ocrx_word' id='word_1_291' title='bbox 819 2065 863 2102; x_wconf 83' lang='grc' dir='ltr'>εἷς</span> <span class='ocrx_word' id='word_1_292' title='bbox 881 2065 944 2111; x_wconf 81' lang='grc' dir='ltr'>γοὶρ</span> <span class='ocrx_word' id='word_1_293' title='bbox 961 2063 999 2096; x_wconf 77' lang='grc' dir='ltr'>ἂν</span> <span class='ocrx_word' id='word_1_294' title='bbox 1018 2067 1124 2102; x_wconf 86' lang='grc' dir='ltr'>κινοίη</span> <span class='ocrx_word' id='word_1_295' title='bbox 1143 2064 1183 2097; x_wconf 78' lang='grc' dir='ltr'>τὸ</span> <span class='ocrx_word' id='word_1_296' title='bbox 1201 2066 1331 2106; x_wconf 80' lang='grc' dir='ltr'>πλοῖον,</span> 
     </span>
     <span class='ocr_line' id='line_1_33' title="bbox 344 2108 1334 2156; baseline -0.004 -13"><span class='ocrx_word' id='word_1_297' title='bbox 344 2114 434 2156; x_wconf 77' lang='grc' dir='ltr'>εἴπερ</span> <span class='ocrx_word' id='word_1_298' title='bbox 459 2109 482 2148; x_wconf 71' lang='grc' dir='ltr'>ἥ</span> <span class='ocrx_word' id='word_1_299' title='bbox 507 2122 545 2142; x_wconf 84' lang='grc' dir='ltr'>τε</span> <span class='ocrx_word' id='word_1_300' title='bbox 570 2111 635 2143; x_wconf 81' lang='grc' dir='ltr'>τῶν</span> <span class='ocrx_word' id='word_1_301' title='bbox 661 2110 809 2141; x_wconf 85' lang='grc' dir='ltr'>νεωλκῶν</span> <span class='ocrx_word' id='word_1_302' title='bbox 830 2109 993 2152; x_wconf 81' lang='grc' dir='ltr'>τέμνεται</span> <span class='ocrx_word' id='word_1_303' title='bbox 1009 2108 1102 2153; x_wconf 69' lang='grc' dir='ltr'>ἰσχῦς</span> <span class='ocrx_word' id='word_1_304' title='bbox 1121 2110 1165 2147; x_wconf 79' lang='grc' dir='ltr'>εἰς</span> <span class='ocrx_word' id='word_1_305' title='bbox 1184 2108 1243 2140; x_wconf 77' lang='grc' dir='ltr'>τὸν</span> <span class='ocrx_word' id='word_1_306' title='bbox 1266 2109 1334 2153; x_wconf 80' lang='grc' dir='ltr'>ἀρι-</span> 
     </span>
     <span class='ocr_line' id='line_1_34' title="bbox 343 2151 1104 2199; baseline -0.005 -12"><span class='ocrx_word' id='word_1_307' title='bbox 343 2154 424 2199; x_wconf 79' lang='grc' dir='ltr'>θμόν</span> <span class='ocrx_word' id='word_1_308' title='bbox 448 2157 506 2186; x_wconf 80' lang='grc' dir='ltr'>καὶ</span> <span class='ocrx_word' id='word_1_309' title='bbox 531 2153 572 2186; x_wconf 79' lang='grc' dir='ltr'>τό</span> <span class='ocrx_word' id='word_1_310' title='bbox 597 2154 715 2198; x_wconf 77' lang='grc' dir='ltr'>μῆκος,</span> <span class='ocrx_word' id='word_1_311' title='bbox 744 2153 759 2185; x_wconf 80' lang='grc' dir='ltr'><strong><em>ὃ</em></strong></span> <span class='ocrx_word' id='word_1_312' title='bbox 785 2151 910 2190; x_wconf 76' lang='grc' dir='ltr'>πάντες</span> <span class='ocrx_word' id='word_1_313' title='bbox 938 2152 1104 2190; x_wconf 75' lang='grc' dir='ltr'>ἐκίνησαν.</span> 
     </span>
    </p>
   </div>
   <div class='ocr_carea' id='block_1_9' title="bbox 273 2233 1338 3109">
    <p class='ocr_par' dir='ltr' id='par_1_12' title="bbox 278 2233 1336 2501">
     <span class='ocr_line' id='line_1_35' title="bbox 278 2233 1335 2280; baseline -0.004 -11"><span class='ocrx_word' id='word_1_314' title='bbox 278 2238 341 2270; x_wconf 75' lang='grc' dir='ltr'>Δια</span> <span class='ocrx_word' id='word_1_315' title='bbox 365 2237 471 2268; x_wconf 81' lang='grc' dir='ltr'>τοῦτο</span> <span class='ocrx_word' id='word_1_316' title='bbox 497 2236 513 2267; x_wconf 78' lang='grc' dir='ltr'>ὀ</span> <span class='ocrx_word' id='word_1_317' title='bbox 537 2234 688 2272; x_wconf 86' lang='grc' dir='ltr'>Ζήνωνος</span> <span class='ocrx_word' id='word_1_318' title='bbox 711 2234 810 2280; x_wconf 76' lang='grc' dir='ltr'>λόγος</span> <span class='ocrx_word' id='word_1_319' title='bbox 837 2234 896 2266; x_wconf 78' lang='grc' dir='ltr'>οὐκ</span> <span class='ocrx_word' id='word_1_320' title='bbox 923 2233 1064 2275; x_wconf 84' lang='grc' dir='ltr'>ἀληθής,</span> <span class='ocrx_word' id='word_1_321' title='bbox 1090 2235 1131 2271; x_wconf 77' lang='grc' dir='ltr'>ὡς</span> <span class='ocrx_word' id='word_1_322' title='bbox 1155 2233 1251 2278; x_wconf 81' lang='grc' dir='ltr'>ψοφεῖ</span> <span class='ocrx_word' id='word_1_323' title='bbox 1273 2234 1335 2271; x_wconf 76' lang='grc' dir='ltr'>τῆς</span> 
     </span>
     <span class='ocr_line' id='line_1_36' title="bbox 343 2273 1334 2326; baseline -0.003 -15"><span class='ocrx_word' id='word_1_324' title='bbox 343 2279 486 2326; x_wconf 78' lang='grc' dir='ltr'>κέγχρου</span> <span class='ocrx_word' id='word_1_325' title='bbox 513 2280 626 2311; x_wconf 76' lang='grc' dir='ltr'>ὁτιοῦν</span> <span class='ocrx_word' id='word_1_326' title='bbox 657 2278 767 2323; x_wconf 82' lang='grc' dir='ltr'>μέρος·</span> <span class='ocrx_word' id='word_1_327' title='bbox 794 2273 887 2310; x_wconf 72' lang='grc' dir='ltr'>οὐδὲν</span> <span class='ocrx_word' id='word_1_328' title='bbox 912 2278 976 2323; x_wconf 80' lang='grc' dir='ltr'>γσὶρ</span> <span class='ocrx_word' id='word_1_329' title='bbox 1001 2277 1122 2309; x_wconf 74' lang='grc' dir='ltr'>κωλύει</span> <span class='ocrx_word' id='word_1_330' title='bbox 1153 2278 1199 2322; x_wconf 82' lang='grc' dir='ltr'>μή</span> <span class='ocrx_word' id='word_1_331' title='bbox 1235 2282 1334 2309; x_wconf 82' lang='grc' dir='ltr'>κινεῖν</span> 
     </span>
     <span class='ocr_line' id='line_1_37' title="bbox 345 2318 1336 2368; baseline -0.003 -12"><span class='ocrx_word' id='word_1_332' title='bbox 345 2325 404 2356; x_wconf 75' lang='grc' dir='ltr'>τόν</span> <span class='ocrx_word' id='word_1_333' title='bbox 432 2322 514 2367; x_wconf 84' lang='grc' dir='ltr'>ἀέρα</span> <span class='ocrx_word' id='word_1_334' title='bbox 540 2323 572 2355; x_wconf 80' lang='grc' dir='ltr'>ἐν</span> <span class='ocrx_word' id='word_1_335' title='bbox 598 2318 714 2367; x_wconf 79' lang='grc' dir='ltr'>μηδενὶ</span> <span class='ocrx_word' id='word_1_336' title='bbox 739 2322 843 2368; x_wconf 83' lang='grc' dir='ltr'>χρόνῳ</span> <span class='ocrx_word' id='word_1_337' title='bbox 867 2326 989 2355; x_wconf 84' lang='grc' dir='ltr'>τοῦτον</span> <span class='ocrx_word' id='word_1_338' title='bbox 1018 2323 1052 2353; x_wconf 85' lang='grc' dir='ltr'>ὃν</span> <span class='ocrx_word' id='word_1_339' title='bbox 1072 2321 1216 2358; x_wconf 83' lang='grc' dir='ltr'>ἐκίνησεν</span> <span class='ocrx_word' id='word_1_340' title='bbox 1235 2322 1336 2365; x_wconf 80' lang='grc' dir='ltr'>ἐμπε-</span> 
     </span>
     <span class='ocr_line' id='line_1_38' title="bbox 344 2361 1333 2411; baseline -0.002 -12"><span class='ocrx_word' id='word_1_341' title='bbox 344 2368 408 2400; x_wconf 74' lang='grc' dir='ltr'>σιιὶν</span> <span class='ocrx_word' id='word_1_342' title='bbox 435 2368 451 2399; x_wconf 85' lang='grc' dir='ltr'>ὁ</span> <span class='ocrx_word' id='word_1_343' title='bbox 477 2366 551 2404; x_wconf 78' lang='grc' dir='ltr'>ὅλος</span> <span class='ocrx_word' id='word_1_344' title='bbox 577 2362 746 2411; x_wconf 78' lang='grc' dir='ltr'>μέδιμνος·</span> <span class='ocrx_word' id='word_1_345' title='bbox 766 2361 844 2398; x_wconf 75' lang='grc' dir='ltr'>οὐδὲ</span> <span class='ocrx_word' id='word_1_346' title='bbox 860 2361 902 2402; x_wconf 77' lang='grc' dir='ltr'>δή</span> <span class='ocrx_word' id='word_1_347' title='bbox 922 2367 1086 2399; x_wconf 82' lang='grc' dir='ltr'>τοσοῦτον</span> <span class='ocrx_word' id='word_1_348' title='bbox 1113 2365 1238 2409; x_wconf 85' lang='grc' dir='ltr'>μόριον,</span> <span class='ocrx_word' id='word_1_349' title='bbox 1259 2365 1333 2397; x_wconf 80' lang='grc' dir='ltr'>ὅσον</span> 
     </span>
     <span class='ocr_line' id='line_1_39' title="bbox 347 2409 1335 2451; baseline -0.004 -7"><span class='ocrx_word' id='word_1_350' title='bbox 347 2411 385 2444; x_wconf 80' lang='grc' dir='ltr'>ἂν</span> <span class='ocrx_word' id='word_1_351' title='bbox 408 2410 553 2447; x_wconf 86' lang='grc' dir='ltr'>κινήσειε</span> <span class='ocrx_word' id='word_1_352' title='bbox 578 2413 641 2443; x_wconf 74' lang='grc' dir='ltr'>τοῦ</span> <span class='ocrx_word' id='word_1_353' title='bbox 667 2410 805 2451; x_wconf 48' lang='lat' dir='ltr'>&amp;Musei</span> <span class='ocrx_word' id='word_1_354' title='bbox 822 2412 871 2446; x_wconf 83' lang='grc' dir='ltr'>εἴη</span> <span class='ocrx_word' id='word_1_355' title='bbox 889 2410 962 2442; x_wconf 84' lang='grc' dir='ltr'>καθ’</span> <span class='ocrx_word' id='word_1_356' title='bbox 987 2409 1074 2441; x_wconf 75' lang='grc' dir='ltr'>αὐτὸ</span> <span class='ocrx_word' id='word_1_357' title='bbox 1095 2412 1214 2450; x_wconf 79' lang='grc' dir='ltr'>τοῦτο,</span> <span class='ocrx_word' id='word_1_358' title='bbox 1235 2410 1272 2441; x_wconf 82' lang='grc' dir='ltr'>οὗ</span> <span class='ocrx_word' id='word_1_359' title='bbox 1289 2421 1335 2440; x_wconf 83' lang='grc' dir='ltr'>κι-</span> 
     </span>
     <span class='ocr_line' id='line_1_40' title="bbox 344 2448 1331 2501; baseline -0.003 -14"><span class='ocrx_word' id='word_1_360' title='bbox 344 2459 404 2487; x_wconf 64' lang='lat' dir='ltr'>vet·</span> <span class='ocrx_word' id='word_1_361' title='bbox 431 2451 508 2487; x_wconf 63' lang='grc' dir='ltr'>οὐδὲ</span> <span class='ocrx_word' id='word_1_362' title='bbox 532 2455 596 2501; x_wconf 75' lang='grc' dir='ltr'>γαρ</span> <span class='ocrx_word' id='word_1_363' title='bbox 623 2451 718 2487; x_wconf 74' lang='grc' dir='ltr'>οὐδέν</span> <span class='ocrx_word' id='word_1_364' title='bbox 737 2454 828 2486; x_wconf 84' lang='grc' dir='ltr'>ἐστιν</span> <span class='ocrx_word' id='word_1_365' title='bbox 849 2451 921 2486; x_wconf 81' lang='grc' dir='ltr'>ἀλλ’</span> <span class='ocrx_word' id='word_1_366' title='bbox 943 2453 963 2490; x_wconf 75' lang='grc' dir='ltr'>ἦ</span> <span class='ocrx_word' id='word_1_367' title='bbox 981 2448 1119 2496; x_wconf 66' lang='grc' dir='ltr'>δυνάμει</span> <span class='ocrx_word' id='word_1_368' title='bbox 1141 2453 1172 2485; x_wconf 86' lang='grc' dir='ltr'>ἑν</span> <span class='ocrx_word' id='word_1_369' title='bbox 1192 2454 1238 2494; x_wconf 80' lang='grc' dir='ltr'>τῷ</span> <span class='ocrx_word' id='word_1_370' title='bbox 1258 2453 1331 2494; x_wconf 74' lang='grc' dir='ltr'>ὅλῳ.</span> 
     </span>
    </p>

    <p class='ocr_par' dir='ltr' id='par_1_13' title="bbox 278 2493 1335 2677">
     <span class='ocr_line' id='line_1_41' title="bbox 278 2493 1334 2543; baseline -0.002 -11"><span class='ocrx_word' id='word_1_371' title='bbox 278 2501 317 2532; x_wconf 83' lang='grc' dir='ltr'>Εἰ</span> <span class='ocrx_word' id='word_1_372' title='bbox 340 2495 377 2532; x_wconf 79' lang='grc' dir='ltr'>δὲ</span> <span class='ocrx_word' id='word_1_373' title='bbox 402 2499 450 2532; x_wconf 81' lang='grc' dir='ltr'>τοὶ</span> <span class='ocrx_word' id='word_1_374' title='bbox 471 2494 546 2540; x_wconf 76' lang='grc' dir='ltr'>δύο,</span> <span class='ocrx_word' id='word_1_375' title='bbox 566 2499 724 2543; x_wconf 76' lang='grc' dir='ltr'>ἑκάτερον</span> <span class='ocrx_word' id='word_1_376' title='bbox 741 2493 900 2531; x_wconf 78' lang='grc' dir='ltr'>δὲτῶνδε</span> <span class='ocrx_word' id='word_1_377' title='bbox 919 2497 1077 2542; x_wconf 77' lang='grc' dir='ltr'>ἑκάτερον</span> <span class='ocrx_word' id='word_1_378' title='bbox 1097 2501 1180 2528; x_wconf 82' lang='grc' dir='ltr'>κινεῖ</span> <span class='ocrx_word' id='word_1_379' title='bbox 1196 2494 1334 2530; x_wconf 78' lang='grc' dir='ltr'>τοσόνδε</span> 
     </span>
     <span class='ocr_line' id='line_1_42' title="bbox 346 2537 1335 2586; baseline -0.001 -11"><span class='ocrx_word' id='word_1_380' title='bbox 346 2544 379 2576; x_wconf 82' lang='grc' dir='ltr'>ἑν</span> <span class='ocrx_word' id='word_1_381' title='bbox 405 2538 554 2584; x_wconf 74' lang='grc' dir='ltr'>τοσῷδε,</span> <span class='ocrx_word' id='word_1_382' title='bbox 579 2545 638 2575; x_wconf 85' lang='grc' dir='ltr'>καὶ</span> <span class='ocrx_word' id='word_1_383' title='bbox 662 2541 894 2586; x_wconf 77' lang='grc' dir='ltr'>συντιθέμεναι</span> <span class='ocrx_word' id='word_1_384' title='bbox 920 2545 954 2574; x_wconf 77' lang='grc' dir='ltr'>αἱ</span> <span class='ocrx_word' id='word_1_385' title='bbox 978 2537 1133 2584; x_wconf 79' lang='grc' dir='ltr'>δυνάμεις</span> <span class='ocrx_word' id='word_1_386' title='bbox 1159 2542 1199 2574; x_wconf 75' lang='grc' dir='ltr'>τό</span> <span class='ocrx_word' id='word_1_387' title='bbox 1225 2541 1335 2574; x_wconf 73' lang='grc' dir='ltr'>σύνθε-</span> 
     </span>
     <span class='ocr_line' id='line_1_43' title="bbox 345 2586 1335 2631; baseline -0.004 -10"><span class='ocrx_word' id='word_1_388' title='bbox 345 2598 404 2621; x_wconf 85' lang='grc' dir='ltr'>τον</span> <span class='ocrx_word' id='word_1_389' title='bbox 430 2588 467 2619; x_wconf 76' lang='grc' dir='ltr'>ἐκ</span> <span class='ocrx_word' id='word_1_390' title='bbox 492 2587 558 2618; x_wconf 84' lang='grc' dir='ltr'>τῶν</span> <span class='ocrx_word' id='word_1_391' title='bbox 591 2587 700 2631; x_wconf 81' lang='grc' dir='ltr'>βαρῶν</span> <span class='ocrx_word' id='word_1_392' title='bbox 727 2587 767 2619; x_wconf 77' lang='grc' dir='ltr'>τό</span> <span class='ocrx_word' id='word_1_393' title='bbox 795 2589 865 2618; x_wconf 80' lang='grc' dir='ltr'>ἴσον</span> <span class='ocrx_word' id='word_1_394' title='bbox 896 2586 1067 2623; x_wconf 88' lang='grc' dir='ltr'>κινήσουσι</span> <span class='ocrx_word' id='word_1_395' title='bbox 1091 2586 1196 2630; x_wconf 77' lang='grc' dir='ltr'>μῆκος</span> <span class='ocrx_word' id='word_1_396' title='bbox 1220 2588 1278 2618; x_wconf 82' lang='grc' dir='ltr'>καὶ</span> <span class='ocrx_word' id='word_1_397' title='bbox 1303 2588 1335 2619; x_wconf 79' lang='grc' dir='ltr'>ὲν</span> 
     </span>
     <span class='ocr_line' id='line_1_44' title="bbox 344 2629 843 2677; baseline 0 -14"><span class='ocrx_word' id='word_1_398' title='bbox 344 2634 403 2671; x_wconf 80' lang='grc' dir='ltr'>ἴσῳ</span> <span class='ocrx_word' id='word_1_399' title='bbox 426 2629 545 2676; x_wconf 80' lang='grc' dir='ltr'>χρόνῳ·</span> <span class='ocrx_word' id='word_1_400' title='bbox 573 2630 740 2676; x_wconf 74' lang='grc' dir='ltr'>ἀνάλογον</span> <span class='ocrx_word' id='word_1_401' title='bbox 764 2630 843 2677; x_wconf 71' lang='grc' dir='ltr'>γάρ.</span> 
     </span>
    </p>

    <p class='ocr_par' dir='ltr' id='par_1_14' title="bbox 273 2672 1337 2946">
     <span class='ocr_line' id='line_1_45' title="bbox 273 2672 1334 2717; baseline -0.003 -10"><span class='ocrx_word' id='word_1_402' title='bbox 273 2675 342 2717; x_wconf 78' lang='lat' dir='ltr'>&#39;Ap&#39;</span> <span class='ocrx_word' id='word_1_403' title='bbox 373 2673 428 2707; x_wconf 78' lang='grc' dir='ltr'>οὖν</span> <span class='ocrx_word' id='word_1_404' title='bbox 454 2673 543 2706; x_wconf 82' lang='grc' dir='ltr'>οὕτω</span> <span class='ocrx_word' id='word_1_405' title='bbox 571 2676 630 2706; x_wconf 80' lang='grc' dir='ltr'>καὶ</span> <span class='ocrx_word' id='word_1_406' title='bbox 660 2674 709 2707; x_wconf 79' lang='grc' dir='ltr'>ἐπ’</span> <span class='ocrx_word' id='word_1_407' title='bbox 741 2673 949 2712; x_wconf 81' lang='grc' dir='ltr'>ἀλλοιώσεως</span> <span class='ocrx_word' id='word_1_408' title='bbox 979 2675 1036 2706; x_wconf 81' lang='grc' dir='ltr'>καὶ</span> <span class='ocrx_word' id='word_1_409' title='bbox 1062 2673 1113 2705; x_wconf 81' lang='grc' dir='ltr'>ἐπ’</span> <span class='ocrx_word' id='word_1_410' title='bbox 1142 2672 1334 2714; x_wconf 79' lang='grc' dir='ltr'>αὑξήσεως;</span> 
     </span>
     <span class='ocr_line' id='line_1_46' title="bbox 347 2715 1336 2762; baseline -0.001 -11"><span class='ocrx_word' id='word_1_411' title='bbox 347 2721 380 2751; x_wconf 78' lang='grc' dir='ltr'>τὶ</span> <span class='ocrx_word' id='word_1_412' title='bbox 406 2718 464 2762; x_wconf 81' lang='grc' dir='ltr'>μὲν</span> <span class='ocrx_word' id='word_1_413' title='bbox 481 2717 545 2762; x_wconf 84' lang='grc' dir='ltr'>γοὶρ</span> <span class='ocrx_word' id='word_1_414' title='bbox 567 2718 607 2750; x_wconf 77' lang='grc' dir='ltr'>τό</span> <span class='ocrx_word' id='word_1_415' title='bbox 630 2717 745 2760; x_wconf 71' lang='grc' dir='ltr'>αὔξον,</span> <span class='ocrx_word' id='word_1_416' title='bbox 765 2721 798 2750; x_wconf 77' lang='grc' dir='ltr'>τὶ</span> <span class='ocrx_word' id='word_1_417' title='bbox 816 2715 852 2750; x_wconf 77' lang='grc' dir='ltr'>’δέ</span> <span class='ocrx_word' id='word_1_418' title='bbox 871 2717 911 2750; x_wconf 77' lang='grc' dir='ltr'>τό</span> <span class='ocrx_word' id='word_1_419' title='bbox 930 2716 1172 2761; x_wconf 80' lang='grc' dir='ltr'>αὐξανόμενον,</span> <span class='ocrx_word' id='word_1_420' title='bbox 1193 2718 1225 2749; x_wconf 77' lang='grc' dir='ltr'>ἐν</span> <span class='ocrx_word' id='word_1_421' title='bbox 1244 2719 1336 2759; x_wconf 78' lang='grc' dir='ltr'>ποσῷ</span> 
     </span>
     <span class='ocr_line' id='line_1_47' title="bbox 347 2756 1334 2806; baseline -0.001 -12"><span class='ocrx_word' id='word_1_422' title='bbox 347 2758 385 2794; x_wconf 78' lang='grc' dir='ltr'>δὲ</span> <span class='ocrx_word' id='word_1_423' title='bbox 408 2760 515 2806; x_wconf 85' lang='grc' dir='ltr'>χρόνῳ</span> <span class='ocrx_word' id='word_1_424' title='bbox 539 2764 596 2793; x_wconf 82' lang='grc' dir='ltr'>καὶ</span> <span class='ocrx_word' id='word_1_425' title='bbox 622 2762 726 2794; x_wconf 82' lang='grc' dir='ltr'>ποσόν</span> <span class='ocrx_word' id='word_1_426' title='bbox 752 2762 792 2794; x_wconf 80' lang='grc' dir='ltr'>τὸ</span> <span class='ocrx_word' id='word_1_427' title='bbox 817 2762 875 2805; x_wconf 77' lang='grc' dir='ltr'>μὲν</span> <span class='ocrx_word' id='word_1_428' title='bbox 894 2761 1000 2802; x_wconf 78' lang='grc' dir='ltr'>αὔξει,</span> <span class='ocrx_word' id='word_1_429' title='bbox 1021 2762 1061 2792; x_wconf 77' lang='grc' dir='ltr'>τό</span> <span class='ocrx_word' id='word_1_430' title='bbox 1078 2756 1117 2793; x_wconf 77' lang='grc' dir='ltr'>δὲ</span> <span class='ocrx_word' id='word_1_431' title='bbox 1135 2760 1334 2801; x_wconf 69' lang='grc' dir='ltr'>αὐξάνεται.</span> 
     </span>
     <span class='ocr_line' id='line_1_48' title="bbox 347 2804 1337 2848; baseline -0.001 -11"><span class='ocrx_word' id='word_1_432' title='bbox 347 2808 412 2838; x_wconf 83' lang='grc' dir='ltr'>Καὶ</span> <span class='ocrx_word' id='word_1_433' title='bbox 438 2805 479 2837; x_wconf 75' lang='grc' dir='ltr'>τό</span> <span class='ocrx_word' id='word_1_434' title='bbox 506 2805 660 2841; x_wconf 75' lang='grc' dir='ltr'>ἀλλοιοῦν</span> <span class='ocrx_word' id='word_1_435' title='bbox 684 2807 743 2837; x_wconf 80' lang='grc' dir='ltr'>καὶ</span> <span class='ocrx_word' id='word_1_436' title='bbox 768 2805 808 2838; x_wconf 75' lang='grc' dir='ltr'>τὸ</span> <span class='ocrx_word' id='word_1_437' title='bbox 835 2805 1070 2848; x_wconf 78' lang='grc' dir='ltr'>ἀλλοιούμενον</span> <span class='ocrx_word' id='word_1_438' title='bbox 1096 2804 1276 2846; x_wconf 76' lang='grc' dir='ltr'>ὡσαύτως,</span> <span class='ocrx_word' id='word_1_439' title='bbox 1304 2807 1337 2838; x_wconf 80' lang='grc' dir='ltr'>τὶ</span> 
     </span>
     <span class='ocr_line' id='line_1_49' title="bbox 348 2848 1336 2893; baseline -0.001 -12"><span class='ocrx_word' id='word_1_440' title='bbox 348 2852 406 2882; x_wconf 81' lang='grc' dir='ltr'>καὶ</span> <span class='ocrx_word' id='word_1_441' title='bbox 433 2848 537 2893; x_wconf 65' lang='grc' dir='ltr'>ποσόν</span> <span class='ocrx_word' id='word_1_442' title='bbox 567 2850 663 2882; x_wconf 83' lang='grc' dir='ltr'>κατοὶ</span> <span class='ocrx_word' id='word_1_443' title='bbox 687 2849 728 2881; x_wconf 80' lang='grc' dir='ltr'>τὸ</span> <span class='ocrx_word' id='word_1_444' title='bbox 753 2850 880 2893; x_wconf 80' lang='grc' dir='ltr'>μᾶλλον</span> <span class='ocrx_word' id='word_1_445' title='bbox 912 2851 971 2881; x_wconf 81' lang='grc' dir='ltr'>καὶ</span> <span class='ocrx_word' id='word_1_446' title='bbox 996 2848 1102 2885; x_wconf 84' lang='grc' dir='ltr'>ἧττον</span> <span class='ocrx_word' id='word_1_447' title='bbox 1129 2849 1336 2890; x_wconf 75' lang='grc' dir='ltr'>ἠλλοίωται,</span> 
     </span>
     <span class='ocr_line' id='line_1_50' title="bbox 348 2892 732 2946; baseline -0.003 -21"><span class='ocrx_word' id='word_1_448' title='bbox 348 2896 405 2926; x_wconf 77' lang='grc' dir='ltr'>καὶ</span> <span class='ocrx_word' id='word_1_449' title='bbox 433 2894 465 2925; x_wconf 84' lang='grc' dir='ltr'>ἑν</span> <span class='ocrx_word' id='word_1_450' title='bbox 491 2894 583 2934; x_wconf 82' lang='grc' dir='ltr'>ποσῷ</span> <span class='ocrx_word' id='word_1_451' title='bbox 607 2892 732 2946; x_wconf 82' lang='grc' dir='ltr'>χρόνῳ,</span> 
     </span>
    </p>

    <p class='ocr_par' dir='ltr' id='par_1_15' title="bbox 285 2931 1337 3065">
     <span class='ocr_line' id='line_1_51' title="bbox 285 2931 1336 2977; baseline -0.004 -6"><span class='ocrx_word' id='word_1_452' title='bbox 285 2938 316 2971; x_wconf 79' lang='grc' dir='ltr'>ἓν</span> <span class='ocrx_word' id='word_1_453' title='bbox 342 2933 508 2976; x_wconf 79' lang='grc' dir='ltr'>διπλασίῳ</span> <span class='ocrx_word' id='word_1_454' title='bbox 532 2932 725 2977; x_wconf 76' lang='grc' dir='ltr'>διπλασιον,</span> <span class='ocrx_word' id='word_1_455' title='bbox 747 2938 804 2968; x_wconf 79' lang='grc' dir='ltr'>καὶ</span> <span class='ocrx_word' id='word_1_456' title='bbox 830 2936 870 2968; x_wconf 80' lang='grc' dir='ltr'>τὸ</span> <span class='ocrx_word' id='word_1_457' title='bbox 895 2932 1073 2969; x_wconf 72' lang='grc' dir='ltr'>διπλάσιον</span> <span class='ocrx_word' id='word_1_458' title='bbox 1100 2936 1131 2967; x_wconf 76' lang='grc' dir='ltr'>ἑν</span> <span class='ocrx_word' id='word_1_459' title='bbox 1157 2931 1336 2977; x_wconf 70' lang='grc' dir='ltr'>διπλασίῳ·</span> 
     </span>
     <span class='ocr_line' id='line_1_52' title="bbox 350 2976 1337 3026; baseline -0.001 -13"><span class='ocrx_word' id='word_1_460' title='bbox 350 2981 391 3015; x_wconf 77' lang='grc' dir='ltr'>τό</span> <span class='ocrx_word' id='word_1_461' title='bbox 415 2976 444 3012; x_wconf 77' lang='grc' dir='ltr'>δ’</span> <span class='ocrx_word' id='word_1_462' title='bbox 473 2979 572 3022; x_wconf 77' lang='grc' dir='ltr'>ἥμισυ</span> <span class='ocrx_word' id='word_1_463' title='bbox 599 2982 630 3013; x_wconf 80' lang='grc' dir='ltr'>ἐν</span> <span class='ocrx_word' id='word_1_464' title='bbox 656 2981 766 3024; x_wconf 75' lang='grc' dir='ltr'>’ἡμίσει</span> <span class='ocrx_word' id='word_1_465' title='bbox 790 2980 916 3026; x_wconf 85' lang='grc' dir='ltr'>χρόνῳ,</span> <span class='ocrx_word' id='word_1_466' title='bbox 943 2978 964 3016; x_wconf 76' lang='grc' dir='ltr'>ἦ</span> <span class='ocrx_word' id='word_1_467' title='bbox 990 2980 1022 3012; x_wconf 85' lang='grc' dir='ltr'>ἑν</span> <span class='ocrx_word' id='word_1_468' title='bbox 1048 2981 1159 3023; x_wconf 86' lang='grc' dir='ltr'>ήμίσει</span> <span class='ocrx_word' id='word_1_469' title='bbox 1184 2979 1297 3024; x_wconf 78' lang='grc' dir='ltr'>ἥμισυ,</span> <span class='ocrx_word' id='word_1_470' title='bbox 1317 2979 1337 3016; x_wconf 77' lang='grc' dir='ltr'>ἦ</span> 
     </span>
     <span class='ocr_line' id='line_1_53' title="bbox 352 3023 683 3065; baseline -0.003 -8"><span class='ocrx_word' id='word_1_471' title='bbox 352 3026 385 3057; x_wconf 80' lang='grc' dir='ltr'>ἐν</span> <span class='ocrx_word' id='word_1_472' title='bbox 409 3026 467 3065; x_wconf 79' lang='grc' dir='ltr'>ἴσῳ</span> <span class='ocrx_word' id='word_1_473' title='bbox 492 3023 683 3058; x_wconf 74' lang='grc' dir='ltr'>διπλάσιον.</span> 
     </span>
    </p>

    <p class='ocr_par' dir='ltr' id='par_1_16' title="bbox 284 3062 1338 3109">
     <span class='ocr_line' id='line_1_54' title="bbox 284 3062 1338 3109; baseline -0.001 -9"><span class='ocrx_word' id='word_1_474' title='bbox 284 3069 322 3100; x_wconf 83' lang='lat' dir='ltr'>Ei.</span> <span class='ocrx_word' id='word_1_475' title='bbox 346 3064 383 3100; x_wconf 76' lang='grc' dir='ltr'>δὲ</span> <span class='ocrx_word' id='word_1_476' title='bbox 408 3068 449 3100; x_wconf 73' lang='grc' dir='ltr'>τό</span> <span class='ocrx_word' id='word_1_477' title='bbox 476 3068 630 3102; x_wconf 77' lang='grc' dir='ltr'>ἀλλοιοῦν</span> <span class='ocrx_word' id='word_1_478' title='bbox 661 3067 681 3105; x_wconf 71' lang='grc' dir='ltr'>ἦ</span> <span class='ocrx_word' id='word_1_479' title='bbox 708 3065 809 3109; x_wconf 68' lang='grc' dir='ltr'>αὔξον</span> <span class='ocrx_word' id='word_1_480' title='bbox 842 3067 882 3100; x_wconf 77' lang='grc' dir='ltr'>τό</span> <span class='ocrx_word' id='word_1_481' title='bbox 913 3062 1050 3099; x_wconf 72' lang='grc' dir='ltr'>τοσόνδε</span> <span class='ocrx_word' id='word_1_482' title='bbox 1076 3067 1109 3099; x_wconf 80' lang='grc' dir='ltr'>ἐν</span> <span class='ocrx_word' id='word_1_483' title='bbox 1135 3068 1182 3108; x_wconf 77' lang='grc' dir='ltr'>τῷ</span> <span class='ocrx_word' id='word_1_484' title='bbox 1211 3062 1338 3108; x_wconf 72' lang='grc' dir='ltr'>τοσῷδε</span> 
     </span>
    </p>
   </div>
   <div class='ocr_carea' id='block_1_10' title="bbox 351 3110 1341 3157">
    <p class='ocr_par' dir='ltr' id='par_1_17' title="bbox 351 3110 1341 3157">
     <span class='ocr_line' id='line_1_55' title="bbox 351 3110 1341 3157; baseline -0.002 -13"><span class='ocrx_word' id='word_1_485' title='bbox 351 3111 373 3148; x_wconf 71' lang='grc' dir='ltr'>ἦ</span> <span class='ocrx_word' id='word_1_486' title='bbox 399 3111 492 3151; x_wconf 82' lang='grc' dir='ltr'>αὔξει</span> <span class='ocrx_word' id='word_1_487' title='bbox 517 3111 538 3150; x_wconf 73' lang='grc' dir='ltr'>ἦ</span> <span class='ocrx_word' id='word_1_488' title='bbox 566 3112 708 3153; x_wconf 80' lang='grc' dir='ltr'>ἀλλοιοῖ,</span> <span class='ocrx_word' id='word_1_489' title='bbox 729 3112 787 3143; x_wconf 87' lang='grc' dir='ltr'>οὐκ</span> <span class='ocrx_word' id='word_1_490' title='bbox 806 3111 935 3157; x_wconf 74' lang='grc' dir='ltr'>ἀνάγκη</span> <span class='ocrx_word' id='word_1_491' title='bbox 954 3112 1012 3143; x_wconf 88' lang='grc' dir='ltr'>καὶ</span> <span class='ocrx_word' id='word_1_492' title='bbox 1029 3111 1069 3144; x_wconf 79' lang='grc' dir='ltr'>τὸ</span> <span class='ocrx_word' id='word_1_493' title='bbox 1091 3110 1191 3153; x_wconf 77' lang='grc' dir='ltr'>ἥμισυ</span> <span class='ocrx_word' id='word_1_494' title='bbox 1210 3111 1241 3143; x_wconf 84' lang='grc' dir='ltr'>ἐν</span> <span class='ocrx_word' id='word_1_495' title='bbox 1264 3112 1341 3155; x_wconf 76' lang='grc' dir='ltr'>ἡμί-</span> 
     </span>
    </p>
   </div>
   <div class='ocr_carea' id='block_1_11' title="bbox 351 3151 1338 3245">
    <p class='ocr_par' dir='ltr' id='par_1_18' title="bbox 351 3151 1338 3245">
     <span class='ocr_line' id='line_1_56' title="bbox 351 3151 1338 3210; baseline -0.002 -22"><span class='ocrx_word' id='word_1_496' title='bbox 351 3167 401 3188; x_wconf 87' lang='grc' dir='ltr'>σει</span> <span class='ocrx_word' id='word_1_497' title='bbox 431 3158 490 3188; x_wconf 77' lang='grc' dir='ltr'>καὶ</span> <span class='ocrx_word' id='word_1_498' title='bbox 515 3157 547 3189; x_wconf 82' lang='grc' dir='ltr'>ἑν</span> <span class='ocrx_word' id='word_1_499' title='bbox 573 3158 684 3200; x_wconf 85' lang='grc' dir='ltr'>ήμίσει</span> <span class='ocrx_word' id='word_1_500' title='bbox 713 3155 754 3188; x_wconf 78' lang='grc' dir='ltr'>τό</span> <span class='ocrx_word' id='word_1_501' title='bbox 784 3154 905 3210; x_wconf 71' lang='grc' dir='ltr'>ἥμισυ,</span> <span class='ocrx_word' id='word_1_502' title='bbox 940 3154 1011 3188; x_wconf 81' lang='grc' dir='ltr'>ἀλλ’</span> <span class='ocrx_word' id='word_1_503' title='bbox 1043 3151 1136 3187; x_wconf 76' lang='grc' dir='ltr'>οὐδὲν</span> <span class='ocrx_word' id='word_1_504' title='bbox 1162 3156 1188 3186; x_wconf 84' lang='grc' dir='ltr'>εὶ</span> <span class='ocrx_word' id='word_1_505' title='bbox 1221 3155 1338 3199; x_wconf 82' lang='grc' dir='ltr'>ἔτυχεν</span> 
     </span>
     <span class='ocr_line' id='line_1_57' title="bbox 354 3198 1303 3245; baseline -0.001 -13"><span class='ocrx_word' id='word_1_506' title='bbox 354 3199 532 3232; x_wconf 75' lang='grc' dir='ltr'>οἶλλοιῶσει</span> <span class='ocrx_word' id='word_1_507' title='bbox 556 3199 576 3237; x_wconf 78' lang='grc' dir='ltr'>ἦ</span> <span class='ocrx_word' id='word_1_508' title='bbox 605 3199 762 3241; x_wconf 78' lang='grc' dir='ltr'>αὐξήσει,</span> <span class='ocrx_word' id='word_1_509' title='bbox 788 3200 898 3245; x_wconf 70' lang='grc' dir='ltr'>ὠσπερ</span> <span class='ocrx_word' id='word_1_510' title='bbox 922 3201 978 3230; x_wconf 81' lang='grc' dir='ltr'>καὶ</span> <span class='ocrx_word' id='word_1_511' title='bbox 1005 3198 1059 3230; x_wconf 79' lang='grc' dir='ltr'>ἐπὶ</span> <span class='ocrx_word' id='word_1_512' title='bbox 1084 3199 1146 3231; x_wconf 84' lang='grc' dir='ltr'>τοῦ</span> <span class='ocrx_word' id='word_1_513' title='bbox 1172 3198 1303 3243; x_wconf 75' lang='grc' dir='ltr'>βάρους.</span> 
     </span>
    </p>
   </div>
   <div class='ocr_carea' id='block_1_12' title="bbox 286 3310 1339 3621">
    <p class='ocr_par' dir='ltr' id='par_1_19' title="bbox 286 3310 1339 3621">
     <span class='ocr_line' id='line_1_58' title="bbox 340 3310 1339 3347; baseline 0 -8"><span class='ocrx_word' id='word_1_514' title='bbox 340 3312 487 3339; x_wconf 71' lang='grc' dir='ltr'>ΞῩΝοΡεῐε.</span> <span class='ocrx_word' id='word_1_515' title='bbox 505 3327 539 3331; x_wconf 95' lang='grc'><strong>-</strong></span> <span class='ocrx_word' id='word_1_516' title='bbox 560 3320 583 3338; x_wconf 85' lang='lat'>1.</span> <span class='ocrx_word' id='word_1_517' title='bbox 605 3311 812 3347; x_wconf 82' lang='lat' dir='ltr'>Argumentum</span> <span class='ocrx_word' id='word_1_518' title='bbox 833 3316 860 3338; x_wconf 92' lang='lat' dir='ltr'>et</span> <span class='ocrx_word' id='word_1_519' title='bbox 874 3310 974 3338; x_wconf 86' lang='lat' dir='ltr'>divisio</span> <span class='ocrx_word' id='word_1_520' title='bbox 995 3316 1095 3338; x_wconf 87' lang='lat' dir='ltr'>textus.</span> <span class='ocrx_word' id='word_1_521' title='bbox 1117 3325 1136 3332; x_wconf 84' lang='lat'><em>-</em></span> <span class='ocrx_word' id='word_1_522' title='bbox 1157 3312 1199 3338; x_wconf 92' lang='lat' dir='ltr'>De</span> <span class='ocrx_word' id='word_1_523' title='bbox 1221 3319 1339 3346; x_wconf 83' lang='lat' dir='ltr'>compa-</span> 
     </span>
     <span class='ocr_line' id='line_1_59' title="bbox 286 3349 1339 3386; baseline -0.003 -7"><span class='ocrx_word' id='word_1_524' title='bbox 286 3350 397 3379; x_wconf 88' lang='lat' dir='ltr'>ratione</span> <span class='ocrx_word' id='word_1_525' title='bbox 424 3356 557 3378; x_wconf 89' lang='lat' dir='ltr'>motuum</span> <span class='ocrx_word' id='word_1_526' title='bbox 584 3349 727 3377; x_wconf 87' lang='lat' dir='ltr'>localium.</span> <span class='ocrx_word' id='word_1_527' title='bbox 749 3366 768 3371; x_wconf 88' lang='lat'><em>-</em></span> <span class='ocrx_word' id='word_1_528' title='bbox 789 3351 921 3383; x_wconf 83' lang='lat' dir='ltr'>Quatuor</span> <span class='ocrx_word' id='word_1_529' title='bbox 944 3350 1101 3377; x_wconf 88' lang='lat' dir='ltr'>secundum</span> <span class='ocrx_word' id='word_1_530' title='bbox 1128 3358 1201 3386; x_wconf 92' lang='lat' dir='ltr'>quae</span> <span class='ocrx_word' id='word_1_531' title='bbox 1226 3356 1339 3385; x_wconf 87' lang='lat' dir='ltr'>oportet</span> 
     </span>
     <span class='ocr_line' id='line_1_60' title="bbox 287 3388 1338 3426; baseline -0.003 -8"><span class='ocrx_word' id='word_1_532' title='bbox 287 3389 447 3426; x_wconf 84' lang='lat' dir='ltr'>comparari</span> <span class='ocrx_word' id='word_1_533' title='bbox 461 3388 625 3416; x_wconf 85' lang='lat' dir='ltr'>huiusmodi</span> <span class='ocrx_word' id='word_1_534' title='bbox 647 3395 752 3422; x_wconf 82' lang='lat' dir='ltr'>motus,</span> <span class='ocrx_word' id='word_1_535' title='bbox 773 3397 877 3424; x_wconf 83' lang='lat' dir='ltr'>nempe</span> <span class='ocrx_word' id='word_1_536' title='bbox 895 3397 1012 3416; x_wconf 78' lang='lat' dir='ltr'>movens</span> <span class='ocrx_word' id='word_1_537' title='bbox 1032 3397 1082 3416; x_wconf 86' lang='lat' dir='ltr'>seu</span> <span class='ocrx_word' id='word_1_538' title='bbox 1102 3388 1230 3424; x_wconf 62' lang='lat' dir='ltr'>pdentia</span> <span class='ocrx_word' id='word_1_539' title='bbox 1254 3389 1338 3416; x_wconf 88' lang='lat' dir='ltr'>moti-</span> 
     </span>
     <span class='ocr_line' id='line_1_61' title="bbox 286 3410 1338 3464; baseline -0.003 -7"><span class='ocrx_word' id='word_1_540' title='bbox 286 3438 331 3464; x_wconf 83' lang='lat' dir='ltr'>va,</span> <span class='ocrx_word' id='word_1_541' title='bbox 347 3429 451 3456; x_wconf 82' lang='lat' dir='ltr'><em>mobile</em></span> <span class='ocrx_word' id='word_1_542' title='bbox 465 3437 514 3456; x_wconf 90' lang='lat' dir='ltr'>seu</span> <span class='ocrx_word' id='word_1_543' title='bbox 529 3427 657 3464; x_wconf 87' lang='lat' dir='ltr'>potentia</span> <span class='ocrx_word' id='word_1_544' title='bbox 679 3427 810 3455; x_wconf 86' lang='lat' dir='ltr'>resistens</span> <span class='ocrx_word' id='word_1_545' title='bbox 826 3427 926 3461; x_wconf 81' lang='lat' dir='ltr'>motui,</span> <span class='ocrx_word' id='word_1_546' title='bbox 947 3432 1057 3464; x_wconf 79' lang='lat' dir='ltr'>tempus</span> <span class='ocrx_word' id='word_1_547' title='bbox 1070 3410 1111 3454; x_wconf 52' lang='lat' dir='ltr'>ir}</span> <span class='ocrx_word' id='word_1_548' title='bbox 1114 3436 1173 3463; x_wconf 89' lang='lat' dir='ltr'>quo</span> <span class='ocrx_word' id='word_1_549' title='bbox 1188 3427 1219 3454; x_wconf 85' lang='lat' dir='ltr'>fit</span> <span class='ocrx_word' id='word_1_550' title='bbox 1234 3434 1338 3462; x_wconf 89' lang='lat' dir='ltr'>motus,</span> 
     </span>
     <span class='ocr_line' id='line_1_62' title="bbox 287 3465 1338 3505; baseline -0.002 -10"><span class='ocrx_word' id='word_1_551' title='bbox 287 3475 316 3496; x_wconf 90' lang='lat' dir='ltr'>et</span> <span class='ocrx_word' id='word_1_552' title='bbox 335 3468 457 3505; x_wconf 83' lang='lat' dir='ltr'>spatium</span> <span class='ocrx_word' id='word_1_553' title='bbox 473 3476 523 3503; x_wconf 88' lang='lat' dir='ltr'>per</span> <span class='ocrx_word' id='word_1_554' title='bbox 537 3467 617 3503; x_wconf 90' lang='lat' dir='ltr'>quod</span> <span class='ocrx_word' id='word_1_555' title='bbox 631 3473 674 3494; x_wconf 89' lang='lat' dir='ltr'>est</span> <span class='ocrx_word' id='word_1_556' title='bbox 688 3473 792 3494; x_wconf 88' lang='lat' dir='ltr'>motus.</span> <span class='ocrx_word' id='word_1_557' title='bbox 815 3466 883 3494; x_wconf 89' lang='lat' dir='ltr'>Tria</span> <span class='ocrx_word' id='word_1_558' title='bbox 896 3466 997 3493; x_wconf 85' lang='lat' dir='ltr'>ultima</span> <span class='ocrx_word' id='word_1_559' title='bbox 1011 3466 1040 3493; x_wconf 91' lang='lat' dir='ltr'>in</span> <span class='ocrx_word' id='word_1_560' title='bbox 1055 3472 1136 3493; x_wconf 90' lang='lat' dir='ltr'>motu</span> <span class='ocrx_word' id='word_1_561' title='bbox 1150 3465 1232 3493; x_wconf 85' lang='lat' dir='ltr'>locali</span> <span class='ocrx_word' id='word_1_562' title='bbox 1247 3466 1338 3494; x_wconf 89' lang='lat' dir='ltr'>mani-</span> 
     </span>
     <span class='ocr_line' id='line_1_63' title="bbox 288 3504 1338 3543; baseline -0.003 -8"><span class='ocrx_word' id='word_1_563' title='bbox 288 3507 390 3535; x_wconf 84' lang='lat' dir='ltr'>festum</span> <span class='ocrx_word' id='word_1_564' title='bbox 405 3513 446 3534; x_wconf 87' lang='lat' dir='ltr'>est</span> <span class='ocrx_word' id='word_1_565' title='bbox 461 3507 540 3543; x_wconf 89' lang='lat' dir='ltr'>quod</span> <span class='ocrx_word' id='word_1_566' title='bbox 555 3512 620 3533; x_wconf 90' lang='lat' dir='ltr'>sunt</span> <span class='ocrx_word' id='word_1_567' title='bbox 635 3512 740 3542; x_wconf 85' lang='lat' dir='ltr'>quanta</span> <span class='ocrx_word' id='word_1_568' title='bbox 755 3511 782 3533; x_wconf 87' lang='lat' dir='ltr'>et</span> <span class='ocrx_word' id='word_1_569' title='bbox 796 3504 954 3532; x_wconf 86' lang='lat' dir='ltr'>divisibilia.</span> <span class='ocrx_word' id='word_1_570' title='bbox 977 3504 1103 3541; x_wconf 88' lang='lat' dir='ltr'>Aliquod</span> <span class='ocrx_word' id='word_1_571' title='bbox 1121 3505 1205 3532; x_wconf 88' lang='lat' dir='ltr'>etiam</span> <span class='ocrx_word' id='word_1_572' title='bbox 1220 3514 1338 3533; x_wconf 87' lang='lat' dir='ltr'>movens</span> 
     </span>
     <span class='ocr_line' id='line_1_64' title="bbox 288 3544 1339 3583; baseline -0.004 -8"><span class='ocrx_word' id='word_1_573' title='bbox 288 3553 330 3575; x_wconf 88' lang='lat' dir='ltr'>est</span> <span class='ocrx_word' id='word_1_574' title='bbox 345 3552 492 3583; x_wconf 88' lang='lat' dir='ltr'>quantum,</span> <span class='ocrx_word' id='word_1_575' title='bbox 514 3552 541 3574; x_wconf 92' lang='lat' dir='ltr'>et</span> <span class='ocrx_word' id='word_1_576' title='bbox 555 3546 590 3573; x_wconf 86' lang='lat' dir='ltr'>de</span> <span class='ocrx_word' id='word_1_577' title='bbox 603 3545 653 3573; x_wconf 82' lang='lat' dir='ltr'>tali</span> <span class='ocrx_word' id='word_1_578' title='bbox 667 3550 708 3572; x_wconf 85' lang='lat' dir='ltr'>est</span> <span class='ocrx_word' id='word_1_579' title='bbox 723 3554 799 3572; x_wconf 86' lang='lat' dir='ltr'>nunc</span> <span class='ocrx_word' id='word_1_580' title='bbox 820 3553 923 3572; x_wconf 88' lang='lat' dir='ltr'>sermo.</span> <span class='ocrx_word' id='word_1_581' title='bbox 934 3560 952 3564; x_wconf 95' lang='lat'><strong>—</strong></span> <span class='ocrx_word' id='word_1_582' title='bbox 963 3551 989 3571; x_wconf 85' lang='lat'>2.</span> <span class='ocrx_word' id='word_1_583' title='bbox 1011 3544 1134 3580; x_wconf 86' lang='lat' dir='ltr'>Regulae</span> <span class='ocrx_word' id='word_1_584' title='bbox 1148 3544 1339 3579; x_wconf 85' lang='lat' dir='ltr'>comparatio-</span> 
     </span>
     <span class='ocr_line' id='line_1_65' title="bbox 288 3583 1339 3621; baseline -0.003 -8"><span class='ocrx_word' id='word_1_585' title='bbox 288 3585 332 3613; x_wconf 87' lang='lat' dir='ltr'>nis</span> <span class='ocrx_word' id='word_1_586' title='bbox 347 3591 442 3613; x_wconf 90' lang='lat' dir='ltr'>motus</span> <span class='ocrx_word' id='word_1_587' title='bbox 457 3585 615 3613; x_wconf 85' lang='lat' dir='ltr'>secundum</span> <span class='ocrx_word' id='word_1_588' title='bbox 629 3583 797 3612; x_wconf 79' lang='lat' dir='ltr'>divisionem</span> <span class='ocrx_word' id='word_1_589' title='bbox 809 3583 933 3611; x_wconf 87' lang='lat' dir='ltr'>mobilis.</span> <span class='ocrx_word' id='word_1_590' title='bbox 950 3583 1051 3611; x_wconf 83' lang='lat' dir='ltr'>Prima</span> <span class='ocrx_word' id='word_1_591' title='bbox 1065 3583 1179 3621; x_wconf 80' lang='lat' dir='ltr'>regula.</span> <span class='ocrx_word' id='word_1_592' title='bbox 1201 3583 1230 3610; x_wconf 88' lang='lat' dir='ltr'>Si</span> <span class='ocrx_word' id='word_1_593' title='bbox 1244 3583 1339 3620; x_wconf 88' lang='lat' dir='ltr'>aliqua</span> 
     </span>
    </p>
   </div>
   <div class='ocr_carea' id='block_1_13' title="bbox 1360 2350 1365 2875">
    <p class='ocr_par' dir='ltr' id='par_1_20' title="bbox 1360 2350 1365 2875">
     <span class='ocr_line' id='line_1_66' title="bbox 1360 2350 1365 2875; baseline 0 0"><span class='ocrx_word' id='word_1_594' title='bbox 1360 2350 1365 2875; x_wconf 95' lang='lat' dir='ltr'> </span> 
     </span>
    </p>
   </div>
   <div class='ocr_carea' id='block_1_14' title="bbox 1376 838 2448 3240">
    <p class='ocr_par' dir='ltr' id='par_1_21' title="bbox 1376 838 2437 1099">
     <span class='ocr_line' id='line_1_67' title="bbox 1376 838 2436 878; baseline -0.003 -7"><span class='ocrx_word' id='word_1_595' title='bbox 1376 841 1393 861; x_wconf 86' lang='lat'>*</span> <span class='ocrx_word' id='word_1_596' title='bbox 1417 840 1578 878; x_wconf 87' lang='lat' dir='ltr'>Quoniam</span> <span class='ocrx_word' id='word_1_597' title='bbox 1602 847 1708 871; x_wconf 83' lang='lat' dir='ltr'>autem</span> <span class='ocrx_word' id='word_1_598' title='bbox 1739 849 1870 870; x_wconf 88' lang='lat' dir='ltr'>movens</span> <span class='ocrx_word' id='word_1_599' title='bbox 1899 845 2006 869; x_wconf 90' lang='lat' dir='ltr'>movet</span> <span class='ocrx_word' id='word_1_600' title='bbox 2036 848 2159 878; x_wconf 85' lang='lat' dir='ltr'>semper</span> <span class='ocrx_word' id='word_1_601' title='bbox 2190 838 2326 878; x_wconf 91' lang='lat' dir='ltr'>aliquid,</span> <span class='ocrx_word' id='word_1_602' title='bbox 2351 845 2381 869; x_wconf 91' lang='lat' dir='ltr'>et</span> <span class='ocrx_word' id='word_1_603' title='bbox 2403 838 2436 868; x_wconf 92' lang='lat' dir='ltr'>in</span> 
     </span>
     <span class='ocr_line' id='line_1_68' title="bbox 1444 881 2436 924; baseline -0.004 -9"><span class='ocrx_word' id='word_1_604' title='bbox 1444 885 1562 924; x_wconf 86' lang='lat' dir='ltr'>aliquo,</span> <span class='ocrx_word' id='word_1_605' title='bbox 1581 890 1611 914; x_wconf 91' lang='lat' dir='ltr'>et</span> <span class='ocrx_word' id='word_1_606' title='bbox 1629 893 1728 924; x_wconf 89' lang='lat' dir='ltr'>usque</span> <span class='ocrx_word' id='word_1_607' title='bbox 1753 883 1792 913; x_wconf 88' lang='lat' dir='ltr'>ad</span> <span class='ocrx_word' id='word_1_608' title='bbox 1815 883 1933 923; x_wconf 85' lang='lat' dir='ltr'>aliquid</span> <span class='ocrx_word' id='word_1_609' title='bbox 1955 881 2039 924; x_wconf 86' lang='lat' dir='ltr'>(dico</span> <span class='ocrx_word' id='word_1_610' title='bbox 2056 889 2161 912; x_wconf 89' lang='lat' dir='ltr'>autem</span> <span class='ocrx_word' id='word_1_611' title='bbox 2177 881 2210 911; x_wconf 89' lang='lat' dir='ltr'>in</span> <span class='ocrx_word' id='word_1_612' title='bbox 2227 882 2345 922; x_wconf 86' lang='lat' dir='ltr'>aliquo,</span> <span class='ocrx_word' id='word_1_613' title='bbox 2362 881 2436 922; x_wconf 87' lang='lat' dir='ltr'>quia</span> 
     </span>
     <span class='ocr_line' id='line_1_69' title="bbox 1444 925 2435 967; baseline -0.003 -9"><span class='ocrx_word' id='word_1_614' title='bbox 1444 928 1477 958; x_wconf 90' lang='lat' dir='ltr'>in</span> <span class='ocrx_word' id='word_1_615' title='bbox 1492 935 1652 967; x_wconf 88' lang='lat' dir='ltr'>tempore;</span> <span class='ocrx_word' id='word_1_616' title='bbox 1678 937 1778 967; x_wconf 85' lang='lat' dir='ltr'>usque</span> <span class='ocrx_word' id='word_1_617' title='bbox 1794 934 1900 957; x_wconf 87' lang='lat' dir='ltr'>autern</span> <span class='ocrx_word' id='word_1_618' title='bbox 1919 927 1958 956; x_wconf 84' lang='lat' dir='ltr'>ad</span> <span class='ocrx_word' id='word_1_619' title='bbox 1974 925 2104 966; x_wconf 86' lang='lat' dir='ltr'>aliquid,</span> <span class='ocrx_word' id='word_1_620' title='bbox 2124 925 2198 966; x_wconf 90' lang='lat' dir='ltr'>quia</span> <span class='ocrx_word' id='word_1_621' title='bbox 2214 932 2366 966; x_wconf 86' lang='lat' dir='ltr'>quantam</span> <span class='ocrx_word' id='word_1_622' title='bbox 2381 925 2435 955; x_wconf 82' lang='lat' dir='ltr'>ali-</span> 
     </span>
     <span class='ocr_line' id='line_1_70' title="bbox 1445 969 2436 1012; baseline -0.003 -11"><span class='ocrx_word' id='word_1_623' title='bbox 1445 982 1542 1012; x_wconf 85' lang='lat' dir='ltr'>quam</span> <span class='ocrx_word' id='word_1_624' title='bbox 1564 971 1810 1010; x_wconf 83' lang='lat' dir='ltr'>longitudinem:</span> <span class='ocrx_word' id='word_1_625' title='bbox 1836 980 1958 1009; x_wconf 89' lang='lat' dir='ltr'>semper</span> <span class='ocrx_word' id='word_1_626' title='bbox 1974 969 2059 1000; x_wconf 89' lang='lat' dir='ltr'>enim</span> <span class='ocrx_word' id='word_1_627' title='bbox 2081 969 2175 999; x_wconf 91' lang='lat' dir='ltr'>simul</span> <span class='ocrx_word' id='word_1_628' title='bbox 2195 976 2302 999; x_wconf 90' lang='lat' dir='ltr'>movet</span> <span class='ocrx_word' id='word_1_629' title='bbox 2321 975 2351 999; x_wconf 92' lang='lat' dir='ltr'>et</span> <span class='ocrx_word' id='word_1_630' title='bbox 2367 979 2436 999; x_wconf 91' lang='lat' dir='ltr'>mo-</span> 
     </span>
     <span class='ocr_line' id='line_1_71' title="bbox 1445 1013 2437 1057; baseline -0.001 -13"><span class='ocrx_word' id='word_1_631' title='bbox 1445 1013 1520 1057; x_wconf 89' lang='lat' dir='ltr'>vit):</span> <span class='ocrx_word' id='word_1_632' title='bbox 1546 1024 1642 1055; x_wconf 84' lang='lat' dir='ltr'>quare</span> <span class='ocrx_word' id='word_1_633' title='bbox 1665 1021 1821 1054; x_wconf 85' lang='lat' dir='ltr'>quantum</span> <span class='ocrx_word' id='word_1_634' title='bbox 1844 1014 1963 1054; x_wconf 86' lang='lat' dir='ltr'>aliquid</span> <span class='ocrx_word' id='word_1_635' title='bbox 1986 1013 2043 1044; x_wconf 90' lang='lat' dir='ltr'>erit</span> <span class='ocrx_word' id='word_1_636' title='bbox 2065 1013 2153 1054; x_wconf 94' lang='lat' dir='ltr'>quod</span> <span class='ocrx_word' id='word_1_637' title='bbox 2176 1020 2302 1043; x_wconf 85' lang='lat' dir='ltr'>motum</span> <span class='ocrx_word' id='word_1_638' title='bbox 2327 1019 2382 1050; x_wconf 91' lang='lat' dir='ltr'>est,</span> <span class='ocrx_word' id='word_1_639' title='bbox 2407 1019 2437 1043; x_wconf 86' lang='lat' dir='ltr'>et</span> 
     </span>
     <span class='ocr_line' id='line_1_72' title="bbox 1446 1058 1631 1099; baseline -0.005 -11"><span class='ocrx_word' id='word_1_640' title='bbox 1446 1058 1479 1088; x_wconf 91' lang='lat' dir='ltr'>in</span> <span class='ocrx_word' id='word_1_641' title='bbox 1502 1064 1631 1099; x_wconf 84' lang='lat' dir='ltr'>quanto.</span> 
     </span>
    </p>

    <p class='ocr_par' dir='ltr' id='par_1_22' title="bbox 1381 1100 2438 1358">
     <span class='ocr_line' id='line_1_73' title="bbox 1381 1100 2436 1141; baseline -0.002 -9"><span class='ocrx_word' id='word_1_642' title='bbox 1381 1101 1412 1132; x_wconf 89' lang='lat' dir='ltr'>Si</span> <span class='ocrx_word' id='word_1_643' title='bbox 1436 1101 1530 1141; x_wconf 88' lang='lat' dir='ltr'>igitur</span> <span class='ocrx_word' id='word_1_644' title='bbox 1552 1103 1581 1131; x_wconf 91' lang='lat' dir='ltr'><strong>A</strong></span> <span class='ocrx_word' id='word_1_645' title='bbox 1604 1101 1692 1141; x_wconf 90' lang='lat' dir='ltr'>quod</span> <span class='ocrx_word' id='word_1_646' title='bbox 1716 1106 1761 1131; x_wconf 87' lang='lat' dir='ltr'>est</span> <span class='ocrx_word' id='word_1_647' title='bbox 1783 1110 1934 1139; x_wconf 88' lang='lat' dir='ltr'>movens,</span> <span class='ocrx_word' id='word_1_648' title='bbox 1965 1100 1990 1131; x_wconf 98' lang='grc' dir='ltr'><strong>Β</strong></span> <span class='ocrx_word' id='word_1_649' title='bbox 2021 1107 2127 1131; x_wconf 87' lang='lat' dir='ltr'>autem</span> <span class='ocrx_word' id='word_1_650' title='bbox 2157 1100 2245 1141; x_wconf 91' lang='lat' dir='ltr'>quod</span> <span class='ocrx_word' id='word_1_651' title='bbox 2272 1105 2436 1138; x_wconf 83' lang='lat' dir='ltr'>movetur,</span> 
     </span>
     <span class='ocr_line' id='line_1_74' title="bbox 1447 1143 2437 1186; baseline -0.002 -11"><span class='ocrx_word' id='word_1_652' title='bbox 1447 1151 1702 1186; x_wconf 87' lang='lat' dir='ltr'>quantacumque</span> <span class='ocrx_word' id='word_1_653' title='bbox 1721 1150 1827 1174; x_wconf 89' lang='lat' dir='ltr'>autem</span> <span class='ocrx_word' id='word_1_654' title='bbox 1841 1144 2006 1184; x_wconf 87' lang='lat' dir='ltr'>longitudo</span> <span class='ocrx_word' id='word_1_655' title='bbox 2023 1150 2111 1174; x_wconf 90' lang='lat' dir='ltr'>mota</span> <span class='ocrx_word' id='word_1_656' title='bbox 2126 1143 2164 1182; x_wconf 93' lang='lat' dir='ltr'>C,</span> <span class='ocrx_word' id='word_1_657' title='bbox 2180 1144 2213 1174; x_wconf 91' lang='lat' dir='ltr'>in</span> <span class='ocrx_word' id='word_1_658' title='bbox 2228 1150 2437 1184; x_wconf 79' lang='lat' dir='ltr'>quantocum-</span> 
     </span>
     <span class='ocr_line' id='line_1_75' title="bbox 1447 1187 2437 1229; baseline -0.002 -10"><span class='ocrx_word' id='word_1_659' title='bbox 1447 1199 1510 1229; x_wconf 89' lang='lat' dir='ltr'>que</span> <span class='ocrx_word' id='word_1_660' title='bbox 1533 1194 1579 1218; x_wconf 86' lang='lat' dir='ltr'>est</span> <span class='ocrx_word' id='word_1_661' title='bbox 1601 1194 1744 1227; x_wconf 88' lang='lat' dir='ltr'>tempore</span> <span class='ocrx_word' id='word_1_662' title='bbox 1766 1187 1799 1217; x_wconf 91' lang='lat' dir='ltr'>in</span> <span class='ocrx_word' id='word_1_663' title='bbox 1822 1197 1887 1227; x_wconf 90' lang='lat' dir='ltr'>quo</span> <span class='ocrx_word' id='word_1_664' title='bbox 1904 1194 1950 1218; x_wconf 87' lang='lat' dir='ltr'>est</span> <span class='ocrx_word' id='word_1_665' title='bbox 1971 1188 2018 1218; x_wconf 86' lang='lat' dir='ltr'>D:</span> <span class='ocrx_word' id='word_1_666' title='bbox 2042 1188 2075 1217; x_wconf 90' lang='lat' dir='ltr'>in</span> <span class='ocrx_word' id='word_1_667' title='bbox 2098 1187 2220 1227; x_wconf 89' lang='lat' dir='ltr'>aequali</span> <span class='ocrx_word' id='word_1_668' title='bbox 2243 1187 2336 1227; x_wconf 88' lang='lat' dir='ltr'>igitur</span> <span class='ocrx_word' id='word_1_669' title='bbox 2358 1193 2437 1217; x_wconf 90' lang='lat' dir='ltr'>tem-</span> 
     </span>
     <span class='ocr_line' id='line_1_76' title="bbox 1447 1231 2438 1273; baseline -0.003 -10"><span class='ocrx_word' id='word_1_670' title='bbox 1447 1242 1542 1273; x_wconf 88' lang='lat' dir='ltr'>pore,</span> <span class='ocrx_word' id='word_1_671' title='bbox 1566 1231 1704 1272; x_wconf 81' lang='lat' dir='ltr'>aequalis</span> <span class='ocrx_word' id='word_1_672' title='bbox 1735 1231 1876 1270; x_wconf 88' lang='lat' dir='ltr'>potentia</span> <span class='ocrx_word' id='word_1_673' title='bbox 1898 1231 1926 1260; x_wconf 89' lang='lat' dir='ltr'>ei</span> <span class='ocrx_word' id='word_1_674' title='bbox 1949 1231 1982 1261; x_wconf 89' lang='lat' dir='ltr'>in</span> <span class='ocrx_word' id='word_1_675' title='bbox 2005 1241 2069 1271; x_wconf 93' lang='lat' dir='ltr'>qua</span> <span class='ocrx_word' id='word_1_676' title='bbox 2098 1237 2144 1262; x_wconf 87' lang='lat' dir='ltr'>est</span> <span class='ocrx_word' id='word_1_677' title='bbox 2166 1233 2210 1270; x_wconf 84' lang='lat' dir='ltr'>A,</span> <span class='ocrx_word' id='word_1_678' title='bbox 2238 1231 2438 1261; x_wconf 82' lang='lat' dir='ltr'>medietatem</span> 
     </span>
     <span class='ocr_line' id='line_1_77' title="bbox 1447 1273 2437 1317; baseline -0.003 -10"><span class='ocrx_word' id='word_1_679' title='bbox 1447 1276 1547 1317; x_wconf 87' lang='lat' dir='ltr'>ipsius</span> <span class='ocrx_word' id='word_1_680' title='bbox 1569 1276 1595 1306; x_wconf 92' lang='lat' dir='ltr'>B</span> <span class='ocrx_word' id='word_1_681' title='bbox 1619 1274 1778 1315; x_wconf 88' lang='lat' dir='ltr'>duplicem</span> <span class='ocrx_word' id='word_1_682' title='bbox 1800 1274 1899 1314; x_wconf 90' lang='lat' dir='ltr'>ipsius</span> <span class='ocrx_word' id='word_1_683' title='bbox 1923 1274 1949 1305; x_wconf 92' lang='lat' dir='ltr'>C</span> <span class='ocrx_word' id='word_1_684' title='bbox 1973 1274 2129 1312; x_wconf 87' lang='lat' dir='ltr'>movebit;</span> <span class='ocrx_word' id='word_1_685' title='bbox 2152 1275 2259 1314; x_wconf 89' lang='lat' dir='ltr'>ipsum</span> <span class='ocrx_word' id='word_1_686' title='bbox 2282 1281 2388 1304; x_wconf 87' lang='lat' dir='ltr'>autern</span> <span class='ocrx_word' id='word_1_687' title='bbox 2411 1273 2437 1304; x_wconf 95' lang='lat' dir='ltr'>C</span> 
     </span>
     <span class='ocr_line' id='line_1_78' title="bbox 1447 1317 2287 1358; baseline -0.002 -8"><span class='ocrx_word' id='word_1_688' title='bbox 1447 1321 1481 1351; x_wconf 91' lang='lat' dir='ltr'>in</span> <span class='ocrx_word' id='word_1_689' title='bbox 1503 1319 1669 1350; x_wconf 86' lang='lat' dir='ltr'>medietate</span> <span class='ocrx_word' id='word_1_690' title='bbox 1691 1318 1790 1358; x_wconf 90' lang='lat' dir='ltr'>ipsius</span> <span class='ocrx_word' id='word_1_691' title='bbox 1813 1318 1860 1348; x_wconf 88' lang='lat' dir='ltr'>D:</span> <span class='ocrx_word' id='word_1_692' title='bbox 1886 1317 1928 1348; x_wconf 91' lang='lat' dir='ltr'>sic</span> <span class='ocrx_word' id='word_1_693' title='bbox 1952 1317 2037 1348; x_wconf 90' lang='lat' dir='ltr'>enim</span> <span class='ocrx_word' id='word_1_694' title='bbox 2060 1318 2116 1348; x_wconf 87' lang='lat' dir='ltr'>erit</span> <span class='ocrx_word' id='word_1_695' title='bbox 2134 1318 2287 1358; x_wconf 81' lang='lat' dir='ltr'>analogia.</span> 
     </span>
    </p>

    <p class='ocr_par' dir='ltr' id='par_1_23' title="bbox 1382 1361 2441 1666">
     <span class='ocr_line' id='line_1_79' title="bbox 1382 1361 2440 1402; baseline -0.004 -7"><span class='ocrx_word' id='word_1_696' title='bbox 1382 1362 1397 1380; x_wconf 89' lang='grc'>*</span> <span class='ocrx_word' id='word_1_697' title='bbox 1416 1365 1457 1395; x_wconf 90' lang='lat' dir='ltr'>Et</span> <span class='ocrx_word' id='word_1_698' title='bbox 1479 1364 1505 1394; x_wconf 88' lang='lat' dir='ltr'>si</span> <span class='ocrx_word' id='word_1_699' title='bbox 1527 1363 1638 1394; x_wconf 88' lang='lat' dir='ltr'>eadem</span> <span class='ocrx_word' id='word_1_700' title='bbox 1660 1361 1800 1402; x_wconf 89' lang='lat' dir='ltr'>potentia</span> <span class='ocrx_word' id='word_1_701' title='bbox 1822 1362 1907 1392; x_wconf 89' lang='lat' dir='ltr'>idem</span> <span class='ocrx_word' id='word_1_702' title='bbox 1930 1362 1962 1391; x_wconf 90' lang='lat' dir='ltr'>in</span> <span class='ocrx_word' id='word_1_703' title='bbox 1985 1361 2047 1392; x_wconf 89' lang='lat' dir='ltr'>hoc</span> <span class='ocrx_word' id='word_1_704' title='bbox 2069 1368 2211 1401; x_wconf 90' lang='lat' dir='ltr'>tempore</span> <span class='ocrx_word' id='word_1_705' title='bbox 2235 1371 2290 1401; x_wconf 91' lang='lat' dir='ltr'>per</span> <span class='ocrx_word' id='word_1_706' title='bbox 2317 1367 2440 1392; x_wconf 89' lang='lat' dir='ltr'>tantum</span> 
     </span>
     <span class='ocr_line' id='line_1_80' title="bbox 1448 1405 2441 1446; baseline -0.003 -8"><span class='ocrx_word' id='word_1_707' title='bbox 1448 1413 1565 1446; x_wconf 81' lang='lat' dir='ltr'>movet,</span> <span class='ocrx_word' id='word_1_708' title='bbox 1589 1413 1620 1437; x_wconf 92' lang='lat' dir='ltr'>et</span> <span class='ocrx_word' id='word_1_709' title='bbox 1637 1406 1837 1436; x_wconf 85' lang='lat' dir='ltr'>medietatem</span> <span class='ocrx_word' id='word_1_710' title='bbox 1860 1405 1892 1435; x_wconf 90' lang='lat' dir='ltr'>in</span> <span class='ocrx_word' id='word_1_711' title='bbox 1916 1405 2081 1436; x_wconf 86' lang='lat' dir='ltr'>medietate</span> <span class='ocrx_word' id='word_1_712' title='bbox 2104 1405 2260 1435; x_wconf 86' lang='lat' dir='ltr'>movebit:</span> <span class='ocrx_word' id='word_1_713' title='bbox 2286 1412 2316 1435; x_wconf 92' lang='lat' dir='ltr'>et</span> <span class='ocrx_word' id='word_1_714' title='bbox 2338 1405 2441 1435; x_wconf 90' lang='lat' dir='ltr'>media</span> 
     </span>
     <span class='ocr_line' id='line_1_81' title="bbox 1448 1449 2440 1490; baseline -0.003 -8"><span class='ocrx_word' id='word_1_715' title='bbox 1448 1452 1546 1482; x_wconf 83' lang='lat' dir='ltr'>virtus</span> <span class='ocrx_word' id='word_1_716' title='bbox 1569 1450 1711 1481; x_wconf 90' lang='lat' dir='ltr'>medium</span> <span class='ocrx_word' id='word_1_717' title='bbox 1734 1449 1875 1480; x_wconf 88' lang='lat' dir='ltr'>movebit</span> <span class='ocrx_word' id='word_1_718' title='bbox 1896 1449 1929 1479; x_wconf 89' lang='lat' dir='ltr'>in</span> <span class='ocrx_word' id='word_1_719' title='bbox 1953 1449 2076 1490; x_wconf 86' lang='lat' dir='ltr'>aequali</span> <span class='ocrx_word' id='word_1_720' title='bbox 2099 1456 2251 1490; x_wconf 84' lang='lat' dir='ltr'>ternpore.</span> <span class='ocrx_word' id='word_1_721' title='bbox 2276 1449 2319 1479; x_wconf 95' lang='lat' dir='ltr'>Ut</span> <span class='ocrx_word' id='word_1_722' title='bbox 2341 1449 2440 1489; x_wconf 82' lang='lat' dir='ltr'>ipsius</span> 
     </span>
     <span class='ocr_line' id='line_1_82' title="bbox 1448 1492 2440 1535; baseline -0.004 -9"><span class='ocrx_word' id='word_1_723' title='bbox 1448 1498 1478 1526; x_wconf 88' lang='lat' dir='ltr'>A</span> <span class='ocrx_word' id='word_1_724' title='bbox 1501 1494 1659 1535; x_wconf 87' lang='lat' dir='ltr'>potentiae</span> <span class='ocrx_word' id='word_1_725' title='bbox 1679 1494 1719 1524; x_wconf 86' lang='lat' dir='ltr'>sit</span> <span class='ocrx_word' id='word_1_726' title='bbox 1741 1493 1892 1524; x_wconf 82' lang='lat' dir='ltr'>medietas</span> <span class='ocrx_word' id='word_1_727' title='bbox 1920 1503 2002 1534; x_wconf 86' lang='lat' dir='ltr'>quae</span> <span class='ocrx_word' id='word_1_728' title='bbox 2025 1500 2071 1524; x_wconf 85' lang='lat' dir='ltr'>est</span> <span class='ocrx_word' id='word_1_729' title='bbox 2098 1493 2204 1533; x_wconf 90' lang='lat' dir='ltr'>ipsum</span> <span class='ocrx_word' id='word_1_730' title='bbox 2223 1493 2266 1531; x_wconf 91' lang='lat' dir='ltr'>E;</span> <span class='ocrx_word' id='word_1_731' title='bbox 2290 1499 2320 1523; x_wconf 90' lang='lat' dir='ltr'>et</span> <span class='ocrx_word' id='word_1_732' title='bbox 2342 1492 2440 1532; x_wconf 85' lang='lat' dir='ltr'>ipsius</span> 
     </span>
     <span class='ocr_line' id='line_1_83' title="bbox 1449 1537 2441 1578; baseline -0.002 -9"><span class='ocrx_word' id='word_1_733' title='bbox 1449 1540 1485 1578; x_wconf 92' lang='lat' dir='ltr'>B,</span> <span class='ocrx_word' id='word_1_734' title='bbox 1501 1540 1525 1569; x_wconf 95' lang='lat' dir='ltr'>Z</span> <span class='ocrx_word' id='word_1_735' title='bbox 1543 1538 1581 1569; x_wconf 89' lang='lat' dir='ltr'>sit</span> <span class='ocrx_word' id='word_1_736' title='bbox 1603 1538 1755 1568; x_wconf 88' lang='lat' dir='ltr'>medium.</span> <span class='ocrx_word' id='word_1_737' title='bbox 1780 1537 1927 1568; x_wconf 86' lang='lat' dir='ltr'>Similiter</span> <span class='ocrx_word' id='word_1_738' title='bbox 1949 1537 2044 1577; x_wconf 84' lang='lat' dir='ltr'>igitur</span> <span class='ocrx_word' id='word_1_739' title='bbox 2060 1547 2092 1567; x_wconf 90' lang='lat' dir='ltr'>se</span> <span class='ocrx_word' id='word_1_740' title='bbox 2107 1537 2200 1568; x_wconf 82' lang='lat' dir='ltr'>habet</span> <span class='ocrx_word' id='word_1_741' title='bbox 2216 1544 2246 1568; x_wconf 93' lang='lat' dir='ltr'>et</span> <span class='ocrx_word' id='word_1_742' title='bbox 2265 1537 2441 1567; x_wconf 90' lang='lat' dir='ltr'>secundum</span> 
     </span>
     <span class='ocr_line' id='line_1_84' title="bbox 1449 1580 2441 1622; baseline -0.002 -9"><span class='ocrx_word' id='word_1_743' title='bbox 1449 1583 1627 1622; x_wconf 80' lang='lat' dir='ltr'>analogiam</span> <span class='ocrx_word' id='word_1_744' title='bbox 1649 1582 1746 1612; x_wconf 84' lang='lat' dir='ltr'>virtus</span> <span class='ocrx_word' id='word_1_745' title='bbox 1767 1581 1806 1611; x_wconf 88' lang='lat' dir='ltr'>ad</span> <span class='ocrx_word' id='word_1_746' title='bbox 1821 1589 1929 1621; x_wconf 88' lang='lat' dir='ltr'>grave:</span> <span class='ocrx_word' id='word_1_747' title='bbox 1955 1591 2051 1622; x_wconf 87' lang='lat' dir='ltr'>quare</span> <span class='ocrx_word' id='word_1_748' title='bbox 2074 1581 2204 1622; x_wconf 88' lang='lat' dir='ltr'>aequale</span> <span class='ocrx_word' id='word_1_749' title='bbox 2227 1587 2257 1612; x_wconf 91' lang='lat' dir='ltr'>et</span> <span class='ocrx_word' id='word_1_750' title='bbox 2272 1581 2304 1611; x_wconf 90' lang='lat' dir='ltr'>in</span> <span class='ocrx_word' id='word_1_751' title='bbox 2320 1580 2441 1621; x_wconf 81' lang='lat' dir='ltr'>aequali</span> 
     </span>
     <span class='ocr_line' id='line_1_85' title="bbox 1449 1625 1764 1666; baseline -0.01 -8"><span class='ocrx_word' id='word_1_752' title='bbox 1449 1634 1592 1666; x_wconf 87' lang='lat' dir='ltr'>tempore</span> <span class='ocrx_word' id='word_1_753' title='bbox 1615 1625 1764 1656; x_wconf 87' lang='lat' dir='ltr'>movebit.</span> 
     </span>
    </p>

    <p class='ocr_par' dir='ltr' id='par_1_24' title="bbox 1383 1668 2441 1796">
     <span class='ocr_line' id='line_1_86' title="bbox 1383 1668 2441 1709; baseline -0.003 -8"><span class='ocrx_word' id='word_1_754' title='bbox 1383 1672 1400 1691; x_wconf 91' lang='lat'>*</span> <span class='ocrx_word' id='word_1_755' title='bbox 1416 1671 1456 1701; x_wconf 93' lang='lat' dir='ltr'>Et</span> <span class='ocrx_word' id='word_1_756' title='bbox 1479 1671 1504 1700; x_wconf 91' lang='lat' dir='ltr'>si</span> <span class='ocrx_word' id='word_1_757' title='bbox 1527 1671 1553 1700; x_wconf 91' lang='lat' dir='ltr'>E</span> <span class='ocrx_word' id='word_1_758' title='bbox 1569 1670 1674 1709; x_wconf 91' lang='lat' dir='ltr'>ipsum</span> <span class='ocrx_word' id='word_1_759' title='bbox 1689 1669 1713 1699; x_wconf 96' lang='lat' dir='ltr'><strong>Z</strong></span> <span class='ocrx_word' id='word_1_760' title='bbox 1729 1675 1837 1699; x_wconf 91' lang='lat' dir='ltr'>movet</span> <span class='ocrx_word' id='word_1_761' title='bbox 1851 1669 1885 1698; x_wconf 90' lang='lat' dir='ltr'>in</span> <span class='ocrx_word' id='word_1_762' title='bbox 1907 1669 1977 1709; x_wconf 88' lang='lat' dir='ltr'>ipso</span> <span class='ocrx_word' id='word_1_763' title='bbox 1993 1669 2021 1699; x_wconf 96' lang='lat' dir='ltr'>D</span> <span class='ocrx_word' id='word_1_764' title='bbox 2039 1668 2214 1699; x_wconf 91' lang='lat' dir='ltr'>secundum</span> <span class='ocrx_word' id='word_1_765' title='bbox 2238 1668 2276 1707; x_wconf 88' lang='lat' dir='ltr'>C,</span> <span class='ocrx_word' id='word_1_766' title='bbox 2300 1677 2366 1698; x_wconf 91' lang='lat' dir='ltr'>non</span> <span class='ocrx_word' id='word_1_767' title='bbox 2386 1677 2441 1698; x_wconf 88' lang='lat' dir='ltr'>ne-</span> 
     </span>
     <span class='ocr_line' id='line_1_87' title="bbox 1451 1712 2439 1755; baseline -0.002 -11"><span class='ocrx_word' id='word_1_768' title='bbox 1451 1714 1619 1745; x_wconf 87' lang='lat' dir='ltr'>cessarium</span> <span class='ocrx_word' id='word_1_769' title='bbox 1635 1720 1681 1744; x_wconf 89' lang='lat' dir='ltr'>est</span> <span class='ocrx_word' id='word_1_770' title='bbox 1695 1713 1728 1743; x_wconf 91' lang='lat' dir='ltr'>in</span> <span class='ocrx_word' id='word_1_771' title='bbox 1744 1712 1866 1755; x_wconf 80' lang='lat' dir='ltr'>aequali</span> <span class='ocrx_word' id='word_1_772' title='bbox 1885 1719 2027 1753; x_wconf 89' lang='lat' dir='ltr'>ternpore</span> <span class='ocrx_word' id='word_1_773' title='bbox 2043 1712 2070 1743; x_wconf 95' lang='lat' dir='ltr'>E</span> <span class='ocrx_word' id='word_1_774' title='bbox 2087 1713 2222 1752; x_wconf 91' lang='lat' dir='ltr'>duplum</span> <span class='ocrx_word' id='word_1_775' title='bbox 2240 1712 2310 1752; x_wconf 89' lang='lat' dir='ltr'>ipso</span> <span class='ocrx_word' id='word_1_776' title='bbox 2330 1712 2353 1742; x_wconf 97' lang='lat' dir='ltr'>Z</span> <span class='ocrx_word' id='word_1_777' title='bbox 2370 1721 2439 1742; x_wconf 90' lang='lat' dir='ltr'>mo-</span> 
     </span>
     <span class='ocr_line' id='line_1_88' title="bbox 1449 1756 2124 1796; baseline -0.003 -8"><span class='ocrx_word' id='word_1_778' title='bbox 1449 1767 1521 1788; x_wconf 88' lang='lat' dir='ltr'>vere</span> <span class='ocrx_word' id='word_1_779' title='bbox 1545 1758 1720 1788; x_wconf 86' lang='lat' dir='ltr'>secundum</span> <span class='ocrx_word' id='word_1_780' title='bbox 1742 1757 1942 1787; x_wconf 86' lang='lat' dir='ltr'>medietatem</span> <span class='ocrx_word' id='word_1_781' title='bbox 1964 1756 2063 1796; x_wconf 92' lang='lat' dir='ltr'>ipsius</span> <span class='ocrx_word' id='word_1_782' title='bbox 2087 1756 2124 1787; x_wconf 96' lang='lat' dir='ltr'>C.</span> 
     </span>
    </p>

    <p class='ocr_par' dir='ltr' id='par_1_25' title="bbox 1385 1800 2445 2235">
     <span class='ocr_line' id='line_1_89' title="bbox 1385 1800 2441 1840; baseline -0.002 -8"><span class='ocrx_word' id='word_1_783' title='bbox 1385 1802 1417 1833; x_wconf 87' lang='lat' dir='ltr'>Si</span> <span class='ocrx_word' id='word_1_784' title='bbox 1432 1812 1507 1832; x_wconf 90' lang='lat' dir='ltr'>vero</span> <span class='ocrx_word' id='word_1_785' title='bbox 1523 1804 1552 1832; x_wconf 87' lang='lat' dir='ltr'><strong>A</strong></span> <span class='ocrx_word' id='word_1_786' title='bbox 1571 1801 1711 1831; x_wconf 90' lang='lat' dir='ltr'>movebit</span> <span class='ocrx_word' id='word_1_787' title='bbox 1725 1800 1751 1830; x_wconf 93' lang='grc' dir='ltr'><strong>Β</strong></span> <span class='ocrx_word' id='word_1_788' title='bbox 1767 1800 1800 1830; x_wconf 92' lang='lat' dir='ltr'>in</span> <span class='ocrx_word' id='word_1_789' title='bbox 1823 1800 1893 1840; x_wconf 89' lang='lat' dir='ltr'>ipso</span> <span class='ocrx_word' id='word_1_790' title='bbox 1910 1800 1938 1830; x_wconf 96' lang='lat' dir='ltr'>D</span> <span class='ocrx_word' id='word_1_791' title='bbox 1956 1807 2112 1840; x_wconf 84' lang='lat' dir='ltr'>quantum</span> <span class='ocrx_word' id='word_1_792' title='bbox 2131 1807 2178 1830; x_wconf 88' lang='lat' dir='ltr'>est</span> <span class='ocrx_word' id='word_1_793' title='bbox 2191 1800 2298 1840; x_wconf 89' lang='lat' dir='ltr'>ipsum</span> <span class='ocrx_word' id='word_1_794' title='bbox 2313 1800 2357 1838; x_wconf 89' lang='lat' dir='ltr'>C,</span> <span class='ocrx_word' id='word_1_795' title='bbox 2377 1809 2441 1830; x_wconf 89' lang='lat' dir='ltr'>me-</span> 
     </span>
     <span class='ocr_line' id='line_1_90' title="bbox 1452 1843 2441 1885; baseline -0.002 -9"><span class='ocrx_word' id='word_1_796' title='bbox 1452 1845 1548 1876; x_wconf 89' lang='lat' dir='ltr'>dietas</span> <span class='ocrx_word' id='word_1_797' title='bbox 1564 1845 1662 1885; x_wconf 84' lang='lat' dir='ltr'>ipsius</span> <span class='ocrx_word' id='word_1_798' title='bbox 1685 1847 1725 1882; x_wconf 90' lang='lat' dir='ltr'>A,</span> <span class='ocrx_word' id='word_1_799' title='bbox 1749 1854 1830 1884; x_wconf 87' lang='lat' dir='ltr'>quae</span> <span class='ocrx_word' id='word_1_800' title='bbox 1854 1850 1900 1874; x_wconf 88' lang='lat' dir='ltr'>est</span> <span class='ocrx_word' id='word_1_801' title='bbox 1922 1843 1955 1874; x_wconf 91' lang='lat' dir='ltr'>in</span> <span class='ocrx_word' id='word_1_802' title='bbox 1978 1854 2043 1884; x_wconf 91' lang='lat' dir='ltr'>quo</span> <span class='ocrx_word' id='word_1_803' title='bbox 2068 1851 2114 1874; x_wconf 91' lang='lat' dir='ltr'>est</span> <span class='ocrx_word' id='word_1_804' title='bbox 2136 1844 2173 1882; x_wconf 86' lang='lat' dir='ltr'>E,</span> <span class='ocrx_word' id='word_1_805' title='bbox 2198 1844 2304 1884; x_wconf 88' lang='lat' dir='ltr'>ipsum</span> <span class='ocrx_word' id='word_1_806' title='bbox 2326 1844 2351 1874; x_wconf 90' lang='lat' dir='ltr'>B</span> <span class='ocrx_word' id='word_1_807' title='bbox 2375 1853 2441 1874; x_wconf 91' lang='lat' dir='ltr'>non</span> 
     </span>
     <span class='ocr_line' id='line_1_91' title="bbox 1452 1887 2444 1930; baseline -0.002 -11"><span class='ocrx_word' id='word_1_808' title='bbox 1452 1889 1592 1919; x_wconf 88' lang='lat' dir='ltr'>movebit</span> <span class='ocrx_word' id='word_1_809' title='bbox 1614 1888 1646 1918; x_wconf 90' lang='lat' dir='ltr'>in</span> <span class='ocrx_word' id='word_1_810' title='bbox 1670 1895 1812 1927; x_wconf 88' lang='lat' dir='ltr'>ternpore</span> <span class='ocrx_word' id='word_1_811' title='bbox 1843 1887 1876 1917; x_wconf 92' lang='lat' dir='ltr'>in</span> <span class='ocrx_word' id='word_1_812' title='bbox 1904 1897 1969 1928; x_wconf 91' lang='lat' dir='ltr'>quo</span> <span class='ocrx_word' id='word_1_813' title='bbox 1999 1894 2045 1918; x_wconf 86' lang='lat' dir='ltr'>est</span> <span class='ocrx_word' id='word_1_814' title='bbox 2067 1888 2114 1926; x_wconf 88' lang='lat' dir='ltr'>D,</span> <span class='ocrx_word' id='word_1_815' title='bbox 2138 1898 2241 1928; x_wconf 92' lang='lat' dir='ltr'>neque</span> <span class='ocrx_word' id='word_1_816' title='bbox 2264 1888 2297 1917; x_wconf 91' lang='lat' dir='ltr'>in</span> <span class='ocrx_word' id='word_1_817' title='bbox 2325 1887 2444 1930; x_wconf 89' lang='lat' dir='ltr'>aliquid</span> 
     </span>
     <span class='ocr_line' id='line_1_92' title="bbox 1453 1931 2443 1974; baseline -0.002 -11"><span class='ocrx_word' id='word_1_818' title='bbox 1453 1933 1541 1974; x_wconf 90' lang='lat' dir='ltr'>quod</span> <span class='ocrx_word' id='word_1_819' title='bbox 1564 1939 1610 1963; x_wconf 89' lang='lat' dir='ltr'>est</span> <span class='ocrx_word' id='word_1_820' title='bbox 1631 1931 1730 1972; x_wconf 88' lang='lat' dir='ltr'>ipsius</span> <span class='ocrx_word' id='word_1_821' title='bbox 1755 1931 1792 1969; x_wconf 92' lang='lat' dir='ltr'>C,</span> <span class='ocrx_word' id='word_1_822' title='bbox 1810 1931 1984 1962; x_wconf 93' lang='lat' dir='ltr'>secundum</span> <span class='ocrx_word' id='word_1_823' title='bbox 2004 1931 2093 1972; x_wconf 92' lang='lat' dir='ltr'>quod</span> <span class='ocrx_word' id='word_1_824' title='bbox 2108 1938 2154 1962; x_wconf 90' lang='lat' dir='ltr'>est</span> <span class='ocrx_word' id='word_1_825' title='bbox 2177 1931 2319 1971; x_wconf 86' lang='lat' dir='ltr'>analogia</span> <span class='ocrx_word' id='word_1_826' title='bbox 2343 1932 2381 1962; x_wconf 82' lang='lat' dir='ltr'>ad</span> <span class='ocrx_word' id='word_1_827' title='bbox 2397 1937 2443 1962; x_wconf 91' lang='lat' dir='ltr'>to-</span> 
     </span>
     <span class='ocr_line' id='line_1_93' title="bbox 1452 1974 2442 2015; baseline -0.002 -8"><span class='ocrx_word' id='word_1_828' title='bbox 1452 1984 1522 2008; x_wconf 89' lang='lat' dir='ltr'>tum</span> <span class='ocrx_word' id='word_1_829' title='bbox 1545 1976 1572 2007; x_wconf 93' lang='lat' dir='ltr'>C</span> <span class='ocrx_word' id='word_1_830' title='bbox 1597 1976 1677 2006; x_wconf 89' lang='lat' dir='ltr'>sicut</span> <span class='ocrx_word' id='word_1_831' title='bbox 1700 1982 1745 2006; x_wconf 91' lang='lat' dir='ltr'>est</span> <span class='ocrx_word' id='word_1_832' title='bbox 1769 1977 1797 2005; x_wconf 89' lang='lat' dir='ltr'>A</span> <span class='ocrx_word' id='word_1_833' title='bbox 1820 1975 1859 2005; x_wconf 93' lang='lat' dir='ltr'>ad</span> <span class='ocrx_word' id='word_1_834' title='bbox 1882 1976 1916 2006; x_wconf 88' lang='lat' dir='ltr'>Z.</span> <span class='ocrx_word' id='word_1_835' title='bbox 1941 1975 2082 2006; x_wconf 89' lang='lat' dir='ltr'>Omnino</span> <span class='ocrx_word' id='word_1_836' title='bbox 2107 1975 2207 2014; x_wconf 88' lang='lat' dir='ltr'>enim,</span> <span class='ocrx_word' id='word_1_837' title='bbox 2232 1975 2257 2005; x_wconf 90' lang='lat' dir='ltr'>si</span> <span class='ocrx_word' id='word_1_838' title='bbox 2281 1974 2442 2015; x_wconf 88' lang='lat' dir='ltr'>contingit,</span> 
     </span>
     <span class='ocr_line' id='line_1_94' title="bbox 1452 2019 2443 2059; baseline -0.003 -7"><span class='ocrx_word' id='word_1_839' title='bbox 1452 2031 1518 2052; x_wconf 91' lang='lat' dir='ltr'>non</span> <span class='ocrx_word' id='word_1_840' title='bbox 1549 2019 1689 2050; x_wconf 87' lang='lat' dir='ltr'>movebit</span> <span class='ocrx_word' id='word_1_841' title='bbox 1717 2019 1844 2059; x_wconf 86' lang='lat' dir='ltr'>aliquid.</span> <span class='ocrx_word' id='word_1_842' title='bbox 1874 2019 1906 2049; x_wconf 90' lang='lat' dir='ltr'>Si</span> <span class='ocrx_word' id='word_1_843' title='bbox 1929 2019 2014 2049; x_wconf 88' lang='lat' dir='ltr'>enim</span> <span class='ocrx_word' id='word_1_844' title='bbox 2037 2026 2103 2050; x_wconf 86' lang='lat' dir='ltr'>tota</span> <span class='ocrx_word' id='word_1_845' title='bbox 2126 2019 2223 2050; x_wconf 74' lang='lat' dir='ltr'>virtus</span> <span class='ocrx_word' id='word_1_846' title='bbox 2246 2025 2351 2050; x_wconf 89' lang='lat' dir='ltr'>totum</span> <span class='ocrx_word' id='word_1_847' title='bbox 2373 2029 2443 2049; x_wconf 88' lang='lat' dir='ltr'>mo-</span> 
     </span>
     <span class='ocr_line' id='line_1_95' title="bbox 1451 2063 2443 2104; baseline -0.001 -9"><span class='ocrx_word' id='word_1_848' title='bbox 1451 2065 1516 2102; x_wconf 91' lang='lat' dir='ltr'>vit,</span> <span class='ocrx_word' id='word_1_849' title='bbox 1540 2063 1689 2094; x_wconf 88' lang='lat' dir='ltr'>medietas</span> <span class='ocrx_word' id='word_1_850' title='bbox 1722 2073 1787 2093; x_wconf 87' lang='lat' dir='ltr'>non</span> <span class='ocrx_word' id='word_1_851' title='bbox 1815 2063 1955 2093; x_wconf 89' lang='lat' dir='ltr'>movebit</span> <span class='ocrx_word' id='word_1_852' title='bbox 1977 2073 2080 2104; x_wconf 91' lang='lat' dir='ltr'>neque</span> <span class='ocrx_word' id='word_1_853' title='bbox 2107 2070 2263 2103; x_wconf 83' lang='lat' dir='ltr'>quantum</span> <span class='ocrx_word' id='word_1_854' title='bbox 2286 2073 2388 2103; x_wconf 89' lang='lat' dir='ltr'>neque</span> <span class='ocrx_word' id='word_1_855' title='bbox 2410 2063 2443 2093; x_wconf 90' lang='lat' dir='ltr'>in</span> 
     </span>
     <span class='ocr_line' id='line_1_96' title="bbox 1453 2107 2445 2150; baseline -0.002 -11"><span class='ocrx_word' id='word_1_856' title='bbox 1453 2117 1667 2150; x_wconf 88' lang='lat' dir='ltr'>quocumque.</span> <span class='ocrx_word' id='word_1_857' title='bbox 1702 2107 1793 2138; x_wconf 87' lang='lat' dir='ltr'>Unus</span> <span class='ocrx_word' id='word_1_858' title='bbox 1825 2107 1908 2137; x_wconf 89' lang='lat' dir='ltr'>enim</span> <span class='ocrx_word' id='word_1_859' title='bbox 1939 2114 2080 2137; x_wconf 90' lang='lat' dir='ltr'>moveret</span> <span class='ocrx_word' id='word_1_860' title='bbox 2109 2117 2244 2146; x_wconf 89' lang='lat' dir='ltr'>navem,</span> <span class='ocrx_word' id='word_1_861' title='bbox 2276 2107 2302 2137; x_wconf 91' lang='lat' dir='ltr'>si</span> <span class='ocrx_word' id='word_1_862' title='bbox 2332 2116 2445 2138; x_wconf 89' lang='lat' dir='ltr'>navem</span> 
     </span>
     <span class='ocr_line' id='line_1_97' title="bbox 1453 2150 2444 2191; baseline -0.002 -8"><span class='ocrx_word' id='word_1_863' title='bbox 1453 2152 1644 2183; x_wconf 85' lang='lat' dir='ltr'>trahentium</span> <span class='ocrx_word' id='word_1_864' title='bbox 1668 2150 1814 2181; x_wconf 90' lang='lat' dir='ltr'>dividitur</span> <span class='ocrx_word' id='word_1_865' title='bbox 1839 2150 1980 2190; x_wconf 85' lang='lat' dir='ltr'>potentia</span> <span class='ocrx_word' id='word_1_866' title='bbox 2006 2150 2039 2181; x_wconf 90' lang='lat' dir='ltr'>in</span> <span class='ocrx_word' id='word_1_867' title='bbox 2063 2161 2233 2182; x_wconf 89' lang='lat' dir='ltr'>numerum</span> <span class='ocrx_word' id='word_1_868' title='bbox 2256 2157 2287 2181; x_wconf 91' lang='lat' dir='ltr'>et</span> <span class='ocrx_word' id='word_1_869' title='bbox 2308 2150 2444 2191; x_wconf 87' lang='lat' dir='ltr'>longitu-</span> 
     </span>
     <span class='ocr_line' id='line_1_98' title="bbox 1454 2196 2015 2235; baseline -0.002 -9"><span class='ocrx_word' id='word_1_870' title='bbox 1454 2196 1560 2226; x_wconf 87' lang='lat' dir='ltr'>dinem</span> <span class='ocrx_word' id='word_1_871' title='bbox 1584 2205 1680 2235; x_wconf 83' lang='lat' dir='ltr'>quam</span> <span class='ocrx_word' id='word_1_872' title='bbox 1704 2204 1814 2224; x_wconf 89' lang='lat' dir='ltr'>omnes</span> <span class='ocrx_word' id='word_1_873' title='bbox 1838 2201 2015 2225; x_wconf 89' lang='lat' dir='ltr'>moverunt.</span> 
     </span>
    </p>

    <p class='ocr_par' dir='ltr' id='par_1_26' title="bbox 1387 2238 2445 2496">
     <span class='ocr_line' id='line_1_99' title="bbox 1387 2238 2444 2280; baseline -0.002 -10"><span class='ocrx_word' id='word_1_874' title='bbox 1387 2241 1519 2280; x_wconf 86' lang='lat' dir='ltr'>Propter</span> <span class='ocrx_word' id='word_1_875' title='bbox 1541 2239 1602 2269; x_wconf 89' lang='lat' dir='ltr'>hoc</span> <span class='ocrx_word' id='word_1_876' title='bbox 1625 2238 1761 2268; x_wconf 89' lang='lat' dir='ltr'>Zenonis</span> <span class='ocrx_word' id='word_1_877' title='bbox 1777 2238 1855 2268; x_wconf 86' lang='lat' dir='ltr'>ratio</span> <span class='ocrx_word' id='word_1_878' title='bbox 1880 2248 1945 2268; x_wconf 91' lang='lat' dir='ltr'>non</span> <span class='ocrx_word' id='word_1_879' title='bbox 1969 2245 2014 2269; x_wconf 91' lang='lat' dir='ltr'>est</span> <span class='ocrx_word' id='word_1_880' title='bbox 2036 2248 2119 2276; x_wconf 87' lang='lat' dir='ltr'>vera,</span> <span class='ocrx_word' id='word_1_881' title='bbox 2142 2239 2231 2278; x_wconf 89' lang='lat' dir='ltr'>quod</span> <span class='ocrx_word' id='word_1_882' title='bbox 2254 2245 2344 2269; x_wconf 87' lang='lat' dir='ltr'>sonet</span> <span class='ocrx_word' id='word_1_883' title='bbox 2366 2238 2444 2268; x_wconf 87' lang='lat' dir='ltr'>milii</span> 
     </span>
     <span class='ocr_line' id='line_1_100' title="bbox 1455 2281 2445 2324; baseline -0.001 -11"><span class='ocrx_word' id='word_1_884' title='bbox 1455 2283 1612 2324; x_wconf 82' lang='lat' dir='ltr'>quaelibet</span> <span class='ocrx_word' id='word_1_885' title='bbox 1626 2289 1714 2322; x_wconf 86' lang='lat' dir='ltr'>pars:</span> <span class='ocrx_word' id='word_1_886' title='bbox 1740 2281 1817 2311; x_wconf 83' lang='lat' dir='ltr'>nihil</span> <span class='ocrx_word' id='word_1_887' title='bbox 1834 2281 1918 2318; x_wconf 85' lang='lat' dir='ltr'>enim</span> <span class='ocrx_word' id='word_1_888' title='bbox 1937 2282 2083 2322; x_wconf 90' lang='lat' dir='ltr'>prohibet</span> <span class='ocrx_word' id='word_1_889' title='bbox 2106 2292 2172 2312; x_wconf 91' lang='lat' dir='ltr'>non</span> <span class='ocrx_word' id='word_1_890' title='bbox 2192 2292 2319 2313; x_wconf 86' lang='lat' dir='ltr'>movere</span> <span class='ocrx_word' id='word_1_891' title='bbox 2342 2292 2445 2312; x_wconf 87' lang='lat' dir='ltr'>aerem</span> 
     </span>
     <span class='ocr_line' id='line_1_101' title="bbox 1453 2326 2445 2367; baseline 0 -10"><span class='ocrx_word' id='word_1_892' title='bbox 1453 2327 1486 2357; x_wconf 88' lang='lat' dir='ltr'>in</span> <span class='ocrx_word' id='word_1_893' title='bbox 1510 2326 1575 2356; x_wconf 94' lang='lat' dir='ltr'>ullo</span> <span class='ocrx_word' id='word_1_894' title='bbox 1599 2333 1742 2365; x_wconf 82' lang='lat' dir='ltr'>tempore</span> <span class='ocrx_word' id='word_1_895' title='bbox 1765 2332 1907 2364; x_wconf 88' lang='lat' dir='ltr'>tantum,</span> <span class='ocrx_word' id='word_1_896' title='bbox 1933 2335 2030 2367; x_wconf 89' lang='lat' dir='ltr'>quem</span> <span class='ocrx_word' id='word_1_897' title='bbox 2057 2333 2198 2356; x_wconf 90' lang='lat' dir='ltr'>moveret</span> <span class='ocrx_word' id='word_1_898' title='bbox 2225 2327 2337 2356; x_wconf 90' lang='lat' dir='ltr'>cadens</span> <span class='ocrx_word' id='word_1_899' title='bbox 2360 2333 2445 2357; x_wconf 90' lang='lat' dir='ltr'>totus</span> 
     </span>
     <span class='ocr_line' id='line_1_102' title="bbox 1454 2369 2444 2411; baseline 0 -11"><span class='ocrx_word' id='word_1_900' title='bbox 1454 2370 1591 2400; x_wconf 89' lang='lat' dir='ltr'>modius.</span> <span class='ocrx_word' id='word_1_901' title='bbox 1620 2370 1731 2410; x_wconf 87' lang='lat' dir='ltr'>Neque</span> <span class='ocrx_word' id='word_1_902' title='bbox 1763 2369 1868 2410; x_wconf 88' lang='lat' dir='ltr'>itaque</span> <span class='ocrx_word' id='word_1_903' title='bbox 1895 2376 1980 2400; x_wconf 85' lang='lat' dir='ltr'>tanta</span> <span class='ocrx_word' id='word_1_904' title='bbox 2003 2380 2074 2409; x_wconf 82' lang='lat' dir='ltr'>pars</span> <span class='ocrx_word' id='word_1_905' title='bbox 2097 2377 2352 2411; x_wconf 84' lang='lat' dir='ltr'>quantacumque</span> <span class='ocrx_word' id='word_1_906' title='bbox 2375 2380 2444 2400; x_wconf 89' lang='lat' dir='ltr'>mo-</span> 
     </span>
     <span class='ocr_line' id='line_1_103' title="bbox 1454 2413 2445 2456; baseline 0 -12"><span class='ocrx_word' id='word_1_907' title='bbox 1454 2414 1538 2444; x_wconf 81' lang='lat' dir='ltr'>vebit</span> <span class='ocrx_word' id='word_1_908' title='bbox 1562 2423 1634 2444; x_wconf 93' lang='lat' dir='ltr'>cum</span> <span class='ocrx_word' id='word_1_909' title='bbox 1658 2419 1738 2451; x_wconf 87' lang='lat' dir='ltr'>toto,</span> <span class='ocrx_word' id='word_1_910' title='bbox 1755 2413 1781 2442; x_wconf 86' lang='lat' dir='ltr'>si</span> <span class='ocrx_word' id='word_1_911' title='bbox 1797 2413 1836 2443; x_wconf 90' lang='lat' dir='ltr'>sit</span> <span class='ocrx_word' id='word_1_912' title='bbox 1853 2423 1909 2453; x_wconf 89' lang='lat' dir='ltr'>per</span> <span class='ocrx_word' id='word_1_913' title='bbox 1932 2423 1975 2448; x_wconf 83' lang='lat' dir='ltr'>se,</span> <span class='ocrx_word' id='word_1_914' title='bbox 1999 2413 2060 2444; x_wconf 93' lang='lat' dir='ltr'>hoc</span> <span class='ocrx_word' id='word_1_915' title='bbox 2084 2421 2209 2444; x_wconf 80' lang='lat' dir='ltr'>movet:</span> <span class='ocrx_word' id='word_1_916' title='bbox 2234 2423 2336 2456; x_wconf 86' lang='lat' dir='ltr'>neque</span> <span class='ocrx_word' id='word_1_917' title='bbox 2361 2414 2445 2444; x_wconf 85' lang='lat' dir='ltr'>enim</span> 
     </span>
     <span class='ocr_line' id='line_1_104' title="bbox 1455 2456 2368 2496; baseline -0.003 -8"><span class='ocrx_word' id='word_1_918' title='bbox 1455 2458 1519 2488; x_wconf 87' lang='lat' dir='ltr'>ulla</span> <span class='ocrx_word' id='word_1_919' title='bbox 1543 2464 1598 2495; x_wconf 89' lang='lat' dir='ltr'>est,</span> <span class='ocrx_word' id='word_1_920' title='bbox 1623 2457 1677 2487; x_wconf 90' lang='lat' dir='ltr'>sed</span> <span class='ocrx_word' id='word_1_921' title='bbox 1700 2457 1839 2496; x_wconf 87' lang='lat' dir='ltr'>potentia</span> <span class='ocrx_word' id='word_1_922' title='bbox 1862 2456 1895 2486; x_wconf 90' lang='lat' dir='ltr'>in</span> <span class='ocrx_word' id='word_1_923' title='bbox 1917 2463 1995 2487; x_wconf 88' lang='lat' dir='ltr'>toto.</span> <span class='ocrx_word' id='word_1_924' title='bbox 2364 2473 2368 2475; x_wconf 95' lang='lat'>-</span> 
     </span>
    </p>

    <p class='ocr_par' dir='ltr' id='par_1_27' title="bbox 1388 2500 2446 2673">
     <span class='ocr_line' id='line_1_105' title="bbox 1388 2500 2446 2541; baseline -0.001 -9"><span class='ocrx_word' id='word_1_925' title='bbox 1388 2502 1405 2521; x_wconf 91' lang='lat'><em>*</em></span> <span class='ocrx_word' id='word_1_926' title='bbox 1417 2502 1449 2532; x_wconf 90' lang='lat' dir='ltr'>Si</span> <span class='ocrx_word' id='word_1_927' title='bbox 1464 2511 1539 2532; x_wconf 86' lang='lat' dir='ltr'>vero</span> <span class='ocrx_word' id='word_1_928' title='bbox 1556 2502 1633 2540; x_wconf 90' lang='lat' dir='ltr'>duo,</span> <span class='ocrx_word' id='word_1_929' title='bbox 1651 2507 1680 2531; x_wconf 90' lang='lat' dir='ltr'>et</span> <span class='ocrx_word' id='word_1_930' title='bbox 1695 2507 1884 2541; x_wconf 85' lang='lat' dir='ltr'>utrumque;</span> <span class='ocrx_word' id='word_1_931' title='bbox 1900 2500 2015 2531; x_wconf 87' lang='lat' dir='ltr'>horum</span> <span class='ocrx_word' id='word_1_932' title='bbox 2031 2507 2136 2531; x_wconf 84' lang='lat' dir='ltr'>autem</span> <span class='ocrx_word' id='word_1_933' title='bbox 2152 2507 2323 2541; x_wconf 86' lang='lat' dir='ltr'>utrumque</span> <span class='ocrx_word' id='word_1_934' title='bbox 2339 2508 2446 2532; x_wconf 86' lang='lat' dir='ltr'>movet</span> 
     </span>
     <span class='ocr_line' id='line_1_106' title="bbox 1455 2544 2445 2585; baseline -0.001 -9"><span class='ocrx_word' id='word_1_935' title='bbox 1455 2552 1578 2576; x_wconf 88' lang='lat' dir='ltr'>tantum</span> <span class='ocrx_word' id='word_1_936' title='bbox 1601 2545 1633 2574; x_wconf 93' lang='lat' dir='ltr'>in</span> <span class='ocrx_word' id='word_1_937' title='bbox 1656 2551 1759 2575; x_wconf 83' lang='lat' dir='ltr'>tanto:</span> <span class='ocrx_word' id='word_1_938' title='bbox 1785 2551 1815 2574; x_wconf 88' lang='lat' dir='ltr'>et</span> <span class='ocrx_word' id='word_1_939' title='bbox 1838 2544 2031 2584; x_wconf 85' lang='lat' dir='ltr'>compositae</span> <span class='ocrx_word' id='word_1_940' title='bbox 2046 2545 2205 2584; x_wconf 87' lang='lat' dir='ltr'>potentiae</span> <span class='ocrx_word' id='word_1_941' title='bbox 2230 2545 2445 2585; x_wconf 86' lang='lat' dir='ltr'>compositum</span> 
     </span>
     <span class='ocr_line' id='line_1_107' title="bbox 1457 2588 2446 2629; baseline -0.001 -9"><span class='ocrx_word' id='word_1_942' title='bbox 1457 2599 1493 2620; x_wconf 84' lang='lat' dir='ltr'>ex</span> <span class='ocrx_word' id='word_1_943' title='bbox 1511 2588 1655 2628; x_wconf 89' lang='lat' dir='ltr'>gravibus</span> <span class='ocrx_word' id='word_1_944' title='bbox 1675 2588 1797 2628; x_wconf 85' lang='lat' dir='ltr'>aequali</span> <span class='ocrx_word' id='word_1_945' title='bbox 1815 2589 1989 2618; x_wconf 84' lang='lat' dir='ltr'>movebunt</span> <span class='ocrx_word' id='word_1_946' title='bbox 2012 2588 2208 2628; x_wconf 86' lang='lat' dir='ltr'>longitudine</span> <span class='ocrx_word' id='word_1_947' title='bbox 2227 2595 2257 2619; x_wconf 91' lang='lat' dir='ltr'>et</span> <span class='ocrx_word' id='word_1_948' title='bbox 2275 2589 2307 2619; x_wconf 89' lang='lat' dir='ltr'>in</span> <span class='ocrx_word' id='word_1_949' title='bbox 2323 2589 2446 2629; x_wconf 85' lang='lat' dir='ltr'>aequali</span> 
     </span>
     <span class='ocr_line' id='line_1_108' title="bbox 1456 2632 2051 2673; baseline -0.002 -10"><span class='ocrx_word' id='word_1_950' title='bbox 1456 2640 1616 2672; x_wconf 87' lang='lat' dir='ltr'>tempore:</span> <span class='ocrx_word' id='word_1_951' title='bbox 1641 2632 1812 2671; x_wconf 87' lang='lat' dir='ltr'>analogum</span> <span class='ocrx_word' id='word_1_952' title='bbox 1835 2642 1973 2673; x_wconf 85' lang='lat' dir='ltr'>namque</span> <span class='ocrx_word' id='word_1_953' title='bbox 1997 2639 2051 2662; x_wconf 84' lang='lat' dir='ltr'>est.</span> 
     </span>
    </p>

    <p class='ocr_par' dir='ltr' id='par_1_28' title="bbox 1389 2675 2448 2936">
     <span class='ocr_line' id='line_1_109' title="bbox 1389 2675 2446 2717; baseline 0 -10"><span class='ocrx_word' id='word_1_954' title='bbox 1389 2675 1404 2692; x_wconf 85' lang='grc'>*</span> <span class='ocrx_word' id='word_1_955' title='bbox 1421 2677 1471 2708; x_wconf 87' lang='lat' dir='ltr'>Sic</span> <span class='ocrx_word' id='word_1_956' title='bbox 1489 2676 1582 2716; x_wconf 87' lang='lat' dir='ltr'>igitur</span> <span class='ocrx_word' id='word_1_957' title='bbox 1606 2682 1652 2706; x_wconf 89' lang='lat' dir='ltr'>est</span> <span class='ocrx_word' id='word_1_958' title='bbox 1674 2675 1706 2705; x_wconf 90' lang='lat' dir='ltr'>in</span> <span class='ocrx_word' id='word_1_959' title='bbox 1729 2676 1909 2706; x_wconf 89' lang='lat' dir='ltr'>alteratione</span> <span class='ocrx_word' id='word_1_960' title='bbox 1931 2683 1960 2706; x_wconf 88' lang='lat' dir='ltr'>et</span> <span class='ocrx_word' id='word_1_961' title='bbox 1978 2675 2010 2705; x_wconf 88' lang='lat' dir='ltr'>in</span> <span class='ocrx_word' id='word_1_962' title='bbox 2027 2683 2206 2715; x_wconf 74' lang='lat' dir='ltr'>augmento·</span> <span class='ocrx_word' id='word_1_963' title='bbox 2232 2676 2362 2717; x_wconf 90' lang='lat' dir='ltr'>Aliquid</span> <span class='ocrx_word' id='word_1_964' title='bbox 2378 2677 2446 2717; x_wconf 92' lang='lat' dir='ltr'>qui-</span> 
     </span>
     <span class='ocr_line' id='line_1_110' title="bbox 1458 2719 2446 2761; baseline 0.001 -11"><span class='ocrx_word' id='word_1_965' title='bbox 1458 2721 1531 2750; x_wconf 90' lang='lat' dir='ltr'>dem</span> <span class='ocrx_word' id='word_1_966' title='bbox 1554 2719 1639 2750; x_wconf 91' lang='lat' dir='ltr'>enim</span> <span class='ocrx_word' id='word_1_967' title='bbox 1662 2726 1708 2750; x_wconf 89' lang='lat' dir='ltr'>est</span> <span class='ocrx_word' id='word_1_968' title='bbox 1731 2729 1864 2759; x_wconf 82' lang='lat' dir='ltr'>augens,</span> <span class='ocrx_word' id='word_1_969' title='bbox 1897 2719 2015 2760; x_wconf 89' lang='lat' dir='ltr'>aliquid</span> <span class='ocrx_word' id='word_1_970' title='bbox 2045 2726 2151 2751; x_wconf 89' lang='lat' dir='ltr'>autem</span> <span class='ocrx_word' id='word_1_971' title='bbox 2175 2727 2205 2750; x_wconf 90' lang='lat' dir='ltr'>et</span> <span class='ocrx_word' id='word_1_972' title='bbox 2228 2720 2259 2750; x_wconf 90' lang='lat' dir='ltr'>id</span> <span class='ocrx_word' id='word_1_973' title='bbox 2282 2721 2371 2761; x_wconf 91' lang='lat' dir='ltr'>quod</span> <span class='ocrx_word' id='word_1_974' title='bbox 2394 2731 2446 2751; x_wconf 87' lang='lat' dir='ltr'>au-</span> 
     </span>
     <span class='ocr_line' id='line_1_111' title="bbox 1453 2764 2448 2805; baseline -0.001 -10"><span class='ocrx_word' id='word_1_975' title='bbox 1453 2771 1562 2804; x_wconf 86' lang='lat' dir='ltr'>&#39;getur;</span> <span class='ocrx_word' id='word_1_976' title='bbox 1585 2764 1617 2793; x_wconf 88' lang='lat' dir='ltr'>in</span> <span class='ocrx_word' id='word_1_977' title='bbox 1641 2770 1760 2804; x_wconf 83' lang='lat' dir='ltr'>quanto</span> <span class='ocrx_word' id='word_1_978' title='bbox 1793 2771 1898 2794; x_wconf 86' lang='lat' dir='ltr'>autem</span> <span class='ocrx_word' id='word_1_979' title='bbox 1921 2771 2083 2803; x_wconf 86' lang='lat' dir='ltr'>tempore,</span> <span class='ocrx_word' id='word_1_980' title='bbox 2108 2771 2138 2794; x_wconf 91' lang='lat' dir='ltr'>et</span> <span class='ocrx_word' id='word_1_981' title='bbox 2161 2770 2334 2805; x_wconf 81' lang='lat' dir='ltr'>quantum,</span> <span class='ocrx_word' id='word_1_982' title='bbox 2362 2764 2448 2795; x_wconf 85' lang='lat' dir='ltr'>aliud</span> 
     </span>
     <span class='ocr_line' id='line_1_112' title="bbox 1458 2807 2447 2852; baseline 0.001 -15"><span class='ocrx_word' id='word_1_983' title='bbox 1458 2808 1588 2848; x_wconf 90' lang='lat' dir='ltr'>quidem</span> <span class='ocrx_word' id='word_1_984' title='bbox 1603 2814 1705 2847; x_wconf 83' lang='lat' dir='ltr'>auget,</span> <span class='ocrx_word' id='word_1_985' title='bbox 1722 2807 1808 2837; x_wconf 87' lang='lat' dir='ltr'>aliud</span> <span class='ocrx_word' id='word_1_986' title='bbox 1823 2814 1928 2838; x_wconf 86' lang='lat' dir='ltr'>autem</span> <span class='ocrx_word' id='word_1_987' title='bbox 1944 2814 2083 2847; x_wconf 86' lang='lat' dir='ltr'>augetur.</span> <span class='ocrx_word' id='word_1_988' title='bbox 2101 2808 2141 2838; x_wconf 88' lang='lat' dir='ltr'>Et</span> <span class='ocrx_word' id='word_1_989' title='bbox 2159 2808 2290 2852; x_wconf 81' lang='lat' dir='ltr'>alterans</span> <span class='ocrx_word' id='word_1_990' title='bbox 2315 2815 2344 2838; x_wconf 91' lang='lat' dir='ltr'>et</span> <span class='ocrx_word' id='word_1_991' title='bbox 2359 2809 2447 2849; x_wconf 82' lang='lat' dir='ltr'>quod</span> 
     </span>
     <span class='ocr_line' id='line_1_113' title="bbox 1458 2851 2448 2892; baseline 0.001 -10"><span class='ocrx_word' id='word_1_992' title='bbox 1458 2852 1622 2890; x_wconf 72' lang='lat' dir='ltr'>alteratur,</span> <span class='ocrx_word' id='word_1_993' title='bbox 1651 2851 1792 2882; x_wconf 87' lang='lat' dir='ltr'>similiter</span> <span class='ocrx_word' id='word_1_994' title='bbox 1818 2858 1848 2882; x_wconf 91' lang='lat' dir='ltr'>et</span> <span class='ocrx_word' id='word_1_995' title='bbox 1871 2851 1990 2892; x_wconf 91' lang='lat' dir='ltr'>aliquid</span> <span class='ocrx_word' id='word_1_996' title='bbox 2013 2858 2043 2882; x_wconf 93' lang='lat' dir='ltr'>et</span> <span class='ocrx_word' id='word_1_997' title='bbox 2066 2859 2241 2891; x_wconf 90' lang='lat' dir='ltr'>quantum,</span> <span class='ocrx_word' id='word_1_998' title='bbox 2273 2853 2448 2883; x_wconf 89' lang='lat' dir='ltr'>secundum</span> 
     </span>
     <span class='ocr_line' id='line_1_114' title="bbox 1458 2895 2424 2936; baseline 0.001 -11"><span class='ocrx_word' id='word_1_999' title='bbox 1458 2895 1559 2925; x_wconf 80' lang='lat' dir='ltr'>maius</span> <span class='ocrx_word' id='word_1_1000' title='bbox 1584 2902 1614 2925; x_wconf 92' lang='lat' dir='ltr'>et</span> <span class='ocrx_word' id='word_1_1001' title='bbox 1636 2895 1741 2925; x_wconf 90' lang='lat' dir='ltr'>minus</span> <span class='ocrx_word' id='word_1_1002' title='bbox 1765 2895 1889 2926; x_wconf 86' lang='lat' dir='ltr'>alterata</span> <span class='ocrx_word' id='word_1_1003' title='bbox 1913 2902 1996 2933; x_wconf 87' lang='lat' dir='ltr'>sunt,</span> <span class='ocrx_word' id='word_1_1004' title='bbox 2022 2901 2051 2925; x_wconf 91' lang='lat' dir='ltr'>et</span> <span class='ocrx_word' id='word_1_1005' title='bbox 2073 2896 2106 2925; x_wconf 91' lang='lat' dir='ltr'>in</span> <span class='ocrx_word' id='word_1_1006' title='bbox 2129 2902 2248 2936; x_wconf 89' lang='lat' dir='ltr'>quanto</span> <span class='ocrx_word' id='word_1_1007' title='bbox 2272 2902 2424 2936; x_wconf 90' lang='lat' dir='ltr'>tempore.</span> 
     </span>
    </p>

    <p class='ocr_par' dir='ltr' id='par_1_29' title="bbox 1393 2939 2448 3066">
     <span class='ocr_line' id='line_1_115' title="bbox 1393 2939 2448 2980; baseline 0.001 -11"><span class='ocrx_word' id='word_1_1008' title='bbox 1393 2939 1427 2969; x_wconf 92' lang='lat' dir='ltr'>In</span> <span class='ocrx_word' id='word_1_1009' title='bbox 1452 2939 1550 2979; x_wconf 89' lang='lat' dir='ltr'>duplo</span> <span class='ocrx_word' id='word_1_1010' title='bbox 1574 2939 1719 2980; x_wconf 87' lang='lat' dir='ltr'>duplum,</span> <span class='ocrx_word' id='word_1_1011' title='bbox 1745 2946 1798 2969; x_wconf 83' lang='lat' dir='ltr'>aut</span> <span class='ocrx_word' id='word_1_1012' title='bbox 1821 2939 1956 2979; x_wconf 91' lang='lat' dir='ltr'>duplum</span> <span class='ocrx_word' id='word_1_1013' title='bbox 1978 2939 2010 2968; x_wconf 91' lang='lat' dir='ltr'>in</span> <span class='ocrx_word' id='word_1_1014' title='bbox 2035 2939 2152 2979; x_wconf 91' lang='lat' dir='ltr'>duplo:</span> <span class='ocrx_word' id='word_1_1015' title='bbox 2177 2939 2319 2970; x_wconf 88' lang='lat' dir='ltr'>medium</span> <span class='ocrx_word' id='word_1_1016' title='bbox 2342 2947 2448 2970; x_wconf 92' lang='lat' dir='ltr'>autem</span> 
     </span>
     <span class='ocr_line' id='line_1_116' title="bbox 1458 2982 2447 3022; baseline 0.002 -10"><span class='ocrx_word' id='word_1_1017' title='bbox 1458 2982 1491 3012; x_wconf 90' lang='lat' dir='ltr'>in</span> <span class='ocrx_word' id='word_1_1018' title='bbox 1514 2983 1620 3012; x_wconf 89' lang='lat' dir='ltr'>medio</span> <span class='ocrx_word' id='word_1_1019' title='bbox 1643 2989 1797 3022; x_wconf 87' lang='lat' dir='ltr'>tempore,</span> <span class='ocrx_word' id='word_1_1020' title='bbox 1822 2990 1876 3014; x_wconf 86' lang='lat' dir='ltr'>aut</span> <span class='ocrx_word' id='word_1_1021' title='bbox 1898 2983 1930 3013; x_wconf 90' lang='lat' dir='ltr'>in</span> <span class='ocrx_word' id='word_1_1022' title='bbox 1950 2983 2056 3013; x_wconf 89' lang='lat' dir='ltr'>medio</span> <span class='ocrx_word' id='word_1_1023' title='bbox 2080 2983 2240 3014; x_wconf 87' lang='lat' dir='ltr'>medium:</span> <span class='ocrx_word' id='word_1_1024' title='bbox 2266 2990 2320 3014; x_wconf 92' lang='lat' dir='ltr'>aut</span> <span class='ocrx_word' id='word_1_1025' title='bbox 2342 2983 2374 3014; x_wconf 91' lang='lat' dir='ltr'>in</span> <span class='ocrx_word' id='word_1_1026' title='bbox 2398 2994 2447 3014; x_wconf 88' lang='lat' dir='ltr'>ae-</span> 
     </span>
     <span class='ocr_line' id='line_1_117' title="bbox 1459 3026 1713 3066; baseline 0 -10"><span class='ocrx_word' id='word_1_1027' title='bbox 1459 3026 1544 3066; x_wconf 84' lang='lat' dir='ltr'>quali</span> <span class='ocrx_word' id='word_1_1028' title='bbox 1568 3026 1713 3066; x_wconf 89' lang='lat' dir='ltr'>duplum.</span> 
     </span>
    </p>

    <p class='ocr_par' dir='ltr' id='par_1_30' title="bbox 1393 3069 2447 3240">
     <span class='ocr_line' id='line_1_118' title="bbox 1393 3069 2447 3111; baseline 0 -10"><span class='ocrx_word' id='word_1_1029' title='bbox 1393 3069 1425 3101; x_wconf 89' lang='lat' dir='ltr'>Si</span> <span class='ocrx_word' id='word_1_1030' title='bbox 1449 3076 1555 3101; x_wconf 82' lang='lat' dir='ltr'>autem</span> <span class='ocrx_word' id='word_1_1031' title='bbox 1578 3070 1709 3100; x_wconf 87' lang='lat' dir='ltr'>alterans</span> <span class='ocrx_word' id='word_1_1032' title='bbox 1725 3077 1779 3100; x_wconf 82' lang='lat' dir='ltr'>aut</span> <span class='ocrx_word' id='word_1_1033' title='bbox 1793 3080 1910 3110; x_wconf 84' lang='lat' dir='ltr'>augens</span> <span class='ocrx_word' id='word_1_1034' title='bbox 1933 3077 2056 3101; x_wconf 88' lang='lat' dir='ltr'>tantum</span> <span class='ocrx_word' id='word_1_1035' title='bbox 2071 3071 2104 3100; x_wconf 91' lang='lat' dir='ltr'>in</span> <span class='ocrx_word' id='word_1_1036' title='bbox 2119 3077 2206 3102; x_wconf 86' lang='lat' dir='ltr'>tanto</span> <span class='ocrx_word' id='word_1_1037' title='bbox 2226 3078 2370 3111; x_wconf 87' lang='lat' dir='ltr'>tempore</span> <span class='ocrx_word' id='word_1_1038' title='bbox 2393 3081 2447 3101; x_wconf 84' lang='lat' dir='ltr'>au-</span> 
     </span>
     <span class='ocr_line' id='line_1_119' title="bbox 1459 3114 2446 3153; baseline 0 -9"><span class='ocrx_word' id='word_1_1039' title='bbox 1459 3121 1510 3153; x_wconf 89' lang='lat' dir='ltr'>get</span> <span class='ocrx_word' id='word_1_1040' title='bbox 1533 3120 1587 3144; x_wconf 90' lang='lat' dir='ltr'>aut</span> <span class='ocrx_word' id='word_1_1041' title='bbox 1609 3114 1731 3152; x_wconf 88' lang='lat' dir='ltr'>alteret,</span> <span class='ocrx_word' id='word_1_1042' title='bbox 1757 3124 1821 3144; x_wconf 88' lang='lat' dir='ltr'>uon</span> <span class='ocrx_word' id='word_1_1043' title='bbox 1845 3124 1969 3145; x_wconf 88' lang='lat' dir='ltr'>necesse</span> <span class='ocrx_word' id='word_1_1044' title='bbox 1989 3121 2033 3145; x_wconf 86' lang='lat' dir='ltr'>est</span> <span class='ocrx_word' id='word_1_1045' title='bbox 2057 3122 2087 3145; x_wconf 91' lang='lat' dir='ltr'>et</span> <span class='ocrx_word' id='word_1_1046' title='bbox 2110 3115 2251 3144; x_wconf 89' lang='lat' dir='ltr'>medium</span> <span class='ocrx_word' id='word_1_1047' title='bbox 2273 3115 2306 3144; x_wconf 91' lang='lat' dir='ltr'>in</span> <span class='ocrx_word' id='word_1_1048' title='bbox 2330 3114 2446 3151; x_wconf 90' lang='lat' dir='ltr'>medio,</span> 
     </span>
     <span class='ocr_line' id='line_1_120' title="bbox 1460 3157 2447 3197; baseline 0 -10"><span class='ocrx_word' id='word_1_1049' title='bbox 1460 3164 1490 3187; x_wconf 92' lang='lat' dir='ltr'>et</span> <span class='ocrx_word' id='word_1_1050' title='bbox 1505 3157 1537 3187; x_wconf 89' lang='lat' dir='ltr'>in</span> <span class='ocrx_word' id='word_1_1051' title='bbox 1554 3157 1659 3187; x_wconf 90' lang='lat' dir='ltr'>medio</span> <span class='ocrx_word' id='word_1_1052' title='bbox 1683 3158 1834 3188; x_wconf 89' lang='lat' dir='ltr'>medium.</span> <span class='ocrx_word' id='word_1_1053' title='bbox 1860 3158 1930 3196; x_wconf 90' lang='lat' dir='ltr'>Sed,</span> <span class='ocrx_word' id='word_1_1054' title='bbox 1955 3158 1980 3187; x_wconf 90' lang='lat' dir='ltr'>si</span> <span class='ocrx_word' id='word_1_1055' title='bbox 2005 3158 2176 3197; x_wconf 88' lang='lat' dir='ltr'>contigerit,</span> <span class='ocrx_word' id='word_1_1056' title='bbox 2198 3157 2274 3187; x_wconf 89' lang='lat' dir='ltr'>nihil</span> <span class='ocrx_word' id='word_1_1057' title='bbox 2298 3167 2447 3197; x_wconf 86' lang='lat' dir='ltr'>augmen-</span> 
     </span>
     <span class='ocr_line' id='line_1_121' title="bbox 1459 3201 2115 3240; baseline 0.002 -10"><span class='ocrx_word' id='word_1_1058' title='bbox 1459 3201 1537 3231; x_wconf 88' lang='lat' dir='ltr'>tabit</span> <span class='ocrx_word' id='word_1_1059' title='bbox 1559 3207 1613 3231; x_wconf 89' lang='lat' dir='ltr'>aut</span> <span class='ocrx_word' id='word_1_1060' title='bbox 1635 3201 1786 3240; x_wconf 81' lang='lat' dir='ltr'>alterabit,</span> <span class='ocrx_word' id='word_1_1061' title='bbox 1811 3201 1890 3231; x_wconf 86' lang='lat' dir='ltr'>sicut</span> <span class='ocrx_word' id='word_1_1062' title='bbox 1914 3208 1943 3231; x_wconf 92' lang='lat' dir='ltr'>et</span> <span class='ocrx_word' id='word_1_1063' title='bbox 1966 3201 1997 3231; x_wconf 91' lang='lat' dir='ltr'>in</span> <span class='ocrx_word' id='word_1_1064' title='bbox 2021 3201 2115 3240; x_wconf 89' lang='lat' dir='ltr'>gravi.</span> 
     </span>
    </p>
   </div>
   <div class='ocr_carea' id='block_1_15' title="bbox 1392 3311 2447 3623">
    <p class='ocr_par' dir='ltr' id='par_1_31' title="bbox 1392 3311 2447 3623">
     <span class='ocr_line' id='line_1_122' title="bbox 1392 3311 2445 3349; baseline 0 -9"><span class='ocrx_word' id='word_1_1065' title='bbox 1392 3311 1520 3348; x_wconf 86' lang='lat' dir='ltr'>potentia</span> <span class='ocrx_word' id='word_1_1066' title='bbox 1546 3319 1643 3340; x_wconf 89' lang='lat' dir='ltr'>movet</span> <span class='ocrx_word' id='word_1_1067' title='bbox 1670 3313 1787 3349; x_wconf 89' lang='lat' dir='ltr'>aliquod</span> <span class='ocrx_word' id='word_1_1068' title='bbox 1815 3312 1921 3340; x_wconf 90' lang='lat' dir='ltr'>mobile</span> <span class='ocrx_word' id='word_1_1069' title='bbox 1949 3321 2000 3348; x_wconf 89' lang='lat' dir='ltr'>per</span> <span class='ocrx_word' id='word_1_1070' title='bbox 2024 3318 2135 3339; x_wconf 89' lang='lat' dir='ltr'>tantum</span> <span class='ocrx_word' id='word_1_1071' title='bbox 2163 3312 2286 3348; x_wconf 84' lang='lat' dir='ltr'>spatium</span> <span class='ocrx_word' id='word_1_1072' title='bbox 2309 3312 2338 3340; x_wconf 90' lang='lat' dir='ltr'>in</span> <span class='ocrx_word' id='word_1_1073' title='bbox 2366 3319 2445 3341; x_wconf 89' lang='lat' dir='ltr'>tanto</span> 
     </span>
     <span class='ocr_line' id='line_1_123' title="bbox 1392 3350 2447 3388; baseline 0.002 -10"><span class='ocrx_word' id='word_1_1074' title='bbox 1392 3357 1530 3387; x_wconf 84' lang='lat' dir='ltr'>ternpore,</span> <span class='ocrx_word' id='word_1_1075' title='bbox 1553 3351 1733 3380; x_wconf 83' lang='lat' dir='ltr'>medietatem</span> <span class='ocrx_word' id='word_1_1076' title='bbox 1747 3351 1821 3379; x_wconf 87' lang='lat' dir='ltr'>illius</span> <span class='ocrx_word' id='word_1_1077' title='bbox 1837 3350 1950 3378; x_wconf 90' lang='lat' dir='ltr'>mobilis</span> <span class='ocrx_word' id='word_1_1078' title='bbox 1968 3351 2093 3387; x_wconf 85' lang='lat' dir='ltr'>aequalis</span> <span class='ocrx_word' id='word_1_1079' title='bbox 2108 3351 2236 3387; x_wconf 86' lang='lat' dir='ltr'>potentia</span> <span class='ocrx_word' id='word_1_1080' title='bbox 2257 3352 2382 3380; x_wconf 85' lang='lat' dir='ltr'>movebit</span> <span class='ocrx_word' id='word_1_1081' title='bbox 2396 3362 2447 3388; x_wconf 86' lang='lat' dir='ltr'>per</span> 
     </span>
     <span class='ocr_line' id='line_1_124' title="bbox 1393 3390 2445 3428; baseline 0.003 -12"><span class='ocrx_word' id='word_1_1082' title='bbox 1393 3390 1512 3425; x_wconf 91' lang='lat' dir='ltr'>duplum</span> <span class='ocrx_word' id='word_1_1083' title='bbox 1534 3391 1656 3426; x_wconf 84' lang='lat' dir='ltr'>spatium</span> <span class='ocrx_word' id='word_1_1084' title='bbox 1678 3390 1707 3418; x_wconf 90' lang='lat' dir='ltr'>in</span> <span class='ocrx_word' id='word_1_1085' title='bbox 1729 3391 1830 3417; x_wconf 88' lang='lat' dir='ltr'>eodem</span> <span class='ocrx_word' id='word_1_1086' title='bbox 1858 3397 1995 3426; x_wconf 90' lang='lat' dir='ltr'>tempore.</span> <span class='ocrx_word' id='word_1_1087' title='bbox 2025 3391 2127 3418; x_wconf 77' lang='lat' dir='ltr'>Altera</span> <span class='ocrx_word' id='word_1_1088' title='bbox 2149 3391 2263 3428; x_wconf 84' lang='lat' dir='ltr'>regula.</span> <span class='ocrx_word' id='word_1_1089' title='bbox 2292 3392 2323 3418; x_wconf 89' lang='lat' dir='ltr'>In</span> <span class='ocrx_word' id='word_1_1090' title='bbox 2345 3392 2445 3419; x_wconf 88' lang='lat' dir='ltr'>eadem</span> 
     </span>
     <span class='ocr_line' id='line_1_125' title="bbox 1392 3429 2445 3466; baseline 0.002 -10"><span class='ocrx_word' id='word_1_1091' title='bbox 1392 3429 1552 3464; x_wconf 86' lang='lat' dir='ltr'>hypothesi,</span> <span class='ocrx_word' id='word_1_1092' title='bbox 1563 3429 1676 3458; x_wconf 84' lang='lat' dir='ltr'>mobilis</span> <span class='ocrx_word' id='word_1_1093' title='bbox 1691 3429 1870 3456; x_wconf 88' lang='lat' dir='ltr'>medietatem</span> <span class='ocrx_word' id='word_1_1094' title='bbox 1887 3429 2013 3465; x_wconf 88' lang='lat' dir='ltr'>aequalis</span> <span class='ocrx_word' id='word_1_1095' title='bbox 2028 3429 2155 3465; x_wconf 90' lang='lat' dir='ltr'>potentia</span> <span class='ocrx_word' id='word_1_1096' title='bbox 2166 3429 2291 3458; x_wconf 86' lang='lat' dir='ltr'>movebit</span> <span class='ocrx_word' id='word_1_1097' title='bbox 2305 3440 2356 3466; x_wconf 89' lang='lat' dir='ltr'>per</span> <span class='ocrx_word' id='word_1_1098' title='bbox 2369 3430 2445 3458; x_wconf 88' lang='lat' dir='ltr'>idem</span> 
     </span>
     <span class='ocr_line' id='line_1_126' title="bbox 1393 3467 2444 3506; baseline 0.004 -12"><span class='ocrx_word' id='word_1_1099' title='bbox 1393 3467 1515 3503; x_wconf 84' lang='lat' dir='ltr'>spatium</span> <span class='ocrx_word' id='word_1_1100' title='bbox 1537 3469 1566 3496; x_wconf 91' lang='lat' dir='ltr'>in</span> <span class='ocrx_word' id='word_1_1101' title='bbox 1587 3469 1736 3496; x_wconf 86' lang='lat' dir='ltr'>medietate</span> <span class='ocrx_word' id='word_1_1102' title='bbox 1754 3467 1898 3503; x_wconf 85' lang='lat' dir='ltr'>temporis.</span> <span class='ocrx_word' id='word_1_1103' title='bbox 1920 3468 2002 3496; x_wconf 86' lang='lat' dir='ltr'>Ratio</span> <span class='ocrx_word' id='word_1_1104' title='bbox 2018 3469 2121 3496; x_wconf 89' lang='lat' dir='ltr'>horum</span> <span class='ocrx_word' id='word_1_1105' title='bbox 2136 3475 2191 3502; x_wconf 85' lang='lat' dir='ltr'>est,</span> <span class='ocrx_word' id='word_1_1106' title='bbox 2207 3469 2274 3506; x_wconf 88' lang='lat' dir='ltr'>quia</span> <span class='ocrx_word' id='word_1_1107' title='bbox 2288 3471 2444 3498; x_wconf 89' lang='lat' dir='ltr'>secundum</span> 
     </span>
     <span class='ocr_line' id='line_1_127' title="bbox 1392 3506 2444 3543; baseline 0.003 -9"><span class='ocrx_word' id='word_1_1108' title='bbox 1392 3507 1448 3534; x_wconf 87' lang='lat' dir='ltr'>hoc</span> <span class='ocrx_word' id='word_1_1109' title='bbox 1469 3514 1595 3535; x_wconf 88' lang='lat' dir='ltr'>servatur</span> <span class='ocrx_word' id='word_1_1110' title='bbox 1615 3506 1764 3543; x_wconf 85' lang='lat' dir='ltr'>proportio</span> <span class='ocrx_word' id='word_1_1111' title='bbox 1786 3507 1894 3534; x_wconf 75' lang='lat' dir='ltr'>virtutis</span> <span class='ocrx_word' id='word_1_1112' title='bbox 1916 3508 2039 3535; x_wconf 87' lang='lat' dir='ltr'>motivae</span> <span class='ocrx_word' id='word_1_1113' title='bbox 2053 3508 2089 3535; x_wconf 91' lang='lat' dir='ltr'>ad</span> <span class='ocrx_word' id='word_1_1114' title='bbox 2104 3508 2220 3536; x_wconf 91' lang='lat' dir='ltr'>mobile.</span> <span class='ocrx_word' id='word_1_1115' title='bbox 2242 3508 2272 3536; x_wconf 89' lang='lat' dir='ltr'>Si</span> <span class='ocrx_word' id='word_1_1116' title='bbox 2293 3509 2370 3537; x_wconf 87' lang='lat' dir='ltr'>enim</span> <span class='ocrx_word' id='word_1_1117' title='bbox 2391 3509 2444 3537; x_wconf 90' lang='lat' dir='ltr'>mi-</span> 
     </span>
     <span class='ocr_line' id='line_1_128' title="bbox 1393 3545 2444 3582; baseline 0.004 -10"><span class='ocrx_word' id='word_1_1118' title='bbox 1393 3545 1489 3573; x_wconf 91' lang='lat' dir='ltr'>nuitur</span> <span class='ocrx_word' id='word_1_1119' title='bbox 1510 3546 1624 3580; x_wconf 88' lang='lat' dir='ltr'>mobile,</span> <span class='ocrx_word' id='word_1_1120' title='bbox 1647 3546 1775 3582; x_wconf 84' lang='lat' dir='ltr'>potentia</span> <span class='ocrx_word' id='word_1_1121' title='bbox 1796 3546 1902 3574; x_wconf 78' lang='lat' dir='ltr'>motiva</span> <span class='ocrx_word' id='word_1_1122' title='bbox 1917 3547 2040 3574; x_wconf 83' lang='lat' dir='ltr'>velocius</span> <span class='ocrx_word' id='word_1_1123' title='bbox 2062 3553 2172 3575; x_wconf 83' lang='lat' dir='ltr'>movet:</span> <span class='ocrx_word' id='word_1_1124' title='bbox 2193 3548 2328 3577; x_wconf 79' lang='lat' dir='ltr'>velocitas</span> <span class='ocrx_word' id='word_1_1125' title='bbox 2349 3556 2444 3577; x_wconf 86' lang='lat' dir='ltr'>autem</span> 
     </span>
     <span class='ocr_line' id='line_1_129' title="bbox 1393 3585 2444 3623; baseline 0.005 -11"><span class='ocrx_word' id='word_1_1126' title='bbox 1393 3591 1488 3612; x_wconf 86' lang='lat' dir='ltr'>motus</span> <span class='ocrx_word' id='word_1_1127' title='bbox 1510 3585 1611 3613; x_wconf 87' lang='lat' dir='ltr'>minuit</span> <span class='ocrx_word' id='word_1_1128' title='bbox 1633 3591 1746 3621; x_wconf 86' lang='lat' dir='ltr'>tempus</span> <span class='ocrx_word' id='word_1_1129' title='bbox 1767 3591 1794 3612; x_wconf 85' lang='lat' dir='ltr'>et</span> <span class='ocrx_word' id='word_1_1130' title='bbox 1815 3592 1898 3622; x_wconf 87' lang='lat' dir='ltr'>auget</span> <span class='ocrx_word' id='word_1_1131' title='bbox 1925 3586 2133 3623; x_wconf 87' lang='lat' dir='ltr'>longitudinem</span> <span class='ocrx_word' id='word_1_1132' title='bbox 2154 3587 2245 3623; x_wconf 88' lang='lat' dir='ltr'>spatii.</span> <span class='ocrx_word' id='word_1_1133' title='bbox 2269 3605 2286 3610; x_wconf 92' lang='lat'><em>-</em></span> <span class='ocrx_word' id='word_1_1134' title='bbox 2309 3588 2334 3616; x_wconf 85' lang='lat'>3.</span> <span class='ocrx_word' id='word_1_1135' title='bbox 2357 3589 2444 3617; x_wconf 90' lang='lat' dir='ltr'>Com-</span> 
     </span>
    </p>
   </div>
   <div class='ocr_carea' id='block_1_16' title="bbox 2462 837 2672 892">
    <p class='ocr_par' dir='ltr' id='par_1_32' title="bbox 2462 837 2672 892">
     <span class='ocr_line' id='line_1_130' title="bbox 2462 837 2672 892; baseline -0.01 -32"><span class='ocrx_word' id='word_1_1136' title='bbox 2462 837 2548 892; x_wconf 53' lang='lat' dir='ltr'>{SCatx</span> <span class='ocrx_word' id='word_1_1137' title='bbox 2568 844 2589 859; x_wconf 88' lang='lat' dir='ltr'>v.</span> <span class='ocrx_word' id='word_1_1138' title='bbox 2604 838 2672 859; x_wconf 84' lang='lat' dir='ltr'>Text.</span> 
     </span>
    </p>
   </div>
   <div class='ocr_carea' id='block_1_17' title="bbox 2467 1363 2607 1392">
    <p class='ocr_par' dir='ltr' id='par_1_33' title="bbox 2467 1363 2607 1392">
     <span class='ocr_line' id='line_1_131' title="bbox 2467 1363 2607 1392; baseline -0.007 -6"><span class='ocrx_word' id='word_1_1139' title='bbox 2467 1365 2475 1374; x_wconf 78' lang='grc'>·</span> <span class='ocrx_word' id='word_1_1140' title='bbox 2490 1363 2557 1386; x_wconf 81' lang='lat' dir='ltr'>Text.</span> <span class='ocrx_word' id='word_1_1141' title='bbox 2571 1365 2607 1392; x_wconf 79' lang='lat'>36.</span> 
     </span>
    </p>
   </div>
   <div class='ocr_carea' id='block_1_18' title="bbox 2469 1671 2607 1699">
    <p class='ocr_par' dir='ltr' id='par_1_34' title="bbox 2469 1671 2607 1699">
     <span class='ocr_line' id='line_1_132' title="bbox 2469 1671 2607 1699; baseline -0.007 -6"><span class='ocrx_word' id='word_1_1142' title='bbox 2469 1673 2478 1682; x_wconf 74' lang='lat'>&#39;</span> <span class='ocrx_word' id='word_1_1143' title='bbox 2492 1671 2560 1693; x_wconf 85' lang='lat' dir='ltr'>Text.</span> <span class='ocrx_word' id='word_1_1144' title='bbox 2574 1677 2607 1699; x_wconf 90' lang='lat'>37.</span> 
     </span>
    </p>
   </div>
   <div class='ocr_carea' id='block_1_19' title="bbox 2472 2503 2613 2531">
    <p class='ocr_par' dir='ltr' id='par_1_35' title="bbox 2472 2503 2613 2531">
     <span class='ocr_line' id='line_1_133' title="bbox 2472 2503 2613 2531; baseline -0.007 -6"><span class='ocrx_word' id='word_1_1145' title='bbox 2472 2506 2481 2514; x_wconf 87' lang='lat'>&#39;</span> <span class='ocrx_word' id='word_1_1146' title='bbox 2495 2503 2564 2525; x_wconf 84' lang='lat' dir='ltr'>Text.</span> <span class='ocrx_word' id='word_1_1147' title='bbox 2578 2504 2613 2531; x_wconf 84' lang='lat'>38.</span> 
     </span>
    </p>
   </div>
   <div class='ocr_carea' id='block_1_20' title="bbox 2474 2679 2615 2707">
    <p class='ocr_par' dir='ltr' id='par_1_36' title="bbox 2474 2679 2615 2707">
     <span class='ocr_line' id='line_1_134' title="bbox 2474 2679 2615 2707; baseline 0 -6"><span class='ocrx_word' id='word_1_1148' title='bbox 2474 2682 2482 2689; x_wconf 94' lang='grc'>·</span> <span class='ocrx_word' id='word_1_1149' title='bbox 2497 2679 2565 2701; x_wconf 81' lang='lat' dir='ltr'>Text.</span> <span class='ocrx_word' id='word_1_1150' title='bbox 2579 2685 2615 2707; x_wconf 84' lang='lat'>39.</span> 
     </span>
    </p>
   </div>
  </div>
 </body>
</html>
