2898 3996
180 2798 189 2806 ·
207 2796 277 2817 Num.
293 2796 314 2817 6.

178 2898 188 2908 ⁸
205 2897 276 2919 Num.
291 2904 341 2925 seq.

276 2955 293 2971 α

182 3009 190 3019 “
206 3007 275 3028 trahet
288 3006 369 3028 parab.

185 3323 194 3331 '¹
209 3322 278 3344 Num.
294 3329 341 3350 seq.

424 292 499 318 222

491 369 569 390 τινα
592 357 728 390 κύκλον·
756 360 862 392 τοῦτο
887 354 942 400 δέ,
971 357 1024 392 ὅτι
1049 362 1226 402 μετρεῖται
1251 360 1296 402 τῇ
1328 363 1490 407 κυκλοφο-

491 404 558 446 piat·
586 403 681 447 παραὶ
704 403 768 448 γοὶρ
795 404 835 435 τὸ
855 402 977 448 μέτρον
997 399 1093 435 οὐδὲν
1114 404 1197 436 ἄλλο
1215 408 1487 450 παρεμφαίνεται

491 447 532 478 τὸ
557 446 795 491 μετρούμενον,
824 448 897 479 ἀλλ’
927 446 948 484 ἦ
975 450 1079 479 πλείω
1105 446 1214 492 μέτρα
1240 448 1282 479 τό
1307 447 1396 483 ὅλον.

423 490 572 536 Λέγεται
597 486 625 522 δ’
656 490 753 534 ὀρθῶς
786 493 844 523 καὶ
871 491 924 523 ὅτι
956 491 1091 535 ἀριθμὸς
1120 491 1180 536 μὲν
1207 492 1223 524 ό
1249 492 1352 532 αὐτὸς
1380 495 1396 526 ὁ
1421 495 1487 528 τῶν

491 535 671 589 προβάτων
704 537 762 567 καὶ
787 536 853 568 τῶν
878 537 996 576 κυνῶν,
1023 537 1050 568 εἱ
1074 537 1143 574 ἴσος
1170 534 1354 580 ἑκάτερος,
1387 534 1488 577 δεκὰς

489 573 526 609 δε
552 580 615 624 οὐχ
640 581 660 616 ἡ
687 579 799 620 αὐτῆ,
836 575 912 612 οὐδὲ
938 576 1022 612 δέκα
1047 579 1095 612 τοὶ
1127 579 1238 621 αὐτοί,
1273 580 1381 624 ὥσπερ
1410 578 1487 615 οὐδὲ

491 626 638 669 τρίγωνα
662 625 710 656 τοὶ
735 624 830 656 αὐτοὶ
854 624 893 656 rei
919 623 1129 669 ἰσόπλευρον,
1155 626 1213 656 καὶ
1240 625 1281 656 τό
1307 626 1484 665 σκαληνές.

489 668 612 700 Καίτοι
637 668 758 713 σχῆμοί
780 680 818 714 γε
845 668 971 710 ταύτό,
993 667 1047 701 ὅτι
1072 671 1219 714 τρίγωνα
1246 666 1356 712 ἄμφω·
1376 671 1488 704 ταύτὸ

489 712 554 756 γαρ
579 713 721 758 λέγεται
748 713 784 744 οὗ
809 713 856 756 μή
881 709 1029 758 διαφέρει
1054 707 1155 756 διαφο
1179 714 1216 755 ᾇ,
1246 713 1319 745 ἀλλ’
1349 715 1423 760 οὐχὶ
1450 715 1487 748 οὗ

489 756 658 801 διαφέρει,
685 757 753 789 οἷον
779 759 938 803 τρίγωνον
965 756 1127 803 τριγώνου
1175 771 1210 791 ια
1236 759 1298 800 ορᾷ
1323 754 1485 802 διαφέρει·

491 802 671 858 τοιγαροῦν
697 800 798 845 ἕτερα
826 803 986 847 τρίγωνα·
1012 801 1191 846 σχήματος
1213 768 1254 837 Ξὲ
1279 802 1331 843 οὔ,
1360 803 1432 835 ἀλλ’
1454 805 1487 836 ἑν

492 847 537 889 τῇ
564 846 655 888 αυτῇ
681 840 840 890 διαιρέσει
865 848 922 878 καὶ
949 846 1022 889 μιᾷ.
1051 847 1174 892 Σχῆμα
1198 849 1263 895 γοὶρ
1282 846 1398 891 τὸμὲν
1418 859 1489 880 τοι-

492 888 566 925 όνδε
590 889 725 929 κύκλος,
743 890 784 922 τὸ
809 885 847 922 δὲ
872 886 1004 922 τοιόνδε
1031 895 1204 937 τρίγωνον·
1232 890 1360 925 τούτου
1377 886 1427 933 δέ,
1447 893 1488 925 τὸ

490 938 549 981 μὲν
583 929 715 969 τοιόνδε
747 933 963 979 ἰσόπλευρον,
999 936 1040 968 τὸ
1074 931 1111 967 δὲ
1143 932 1276 969 τοιόνδε
1308 936 1485 975 σκαληνές.

490 981 614 1026 Σχῆμα
638 979 698 1024 μὲν
723 977 779 1011 οὖν
806 978 847 1011 τὸ
873 977 962 1011 αὐτό
979 982 1037 1012 καὶ
1055 981 1162 1013 τοῦτο
1189 982 1262 1027 (τρί
1288 992 1371 1013 ωνον
1387 980 1486 1026 γάρ),

489 1028 650 1072 τρίγωνον
675 1018 704 1054 δ’
734 1022 772 1056 οὐ
797 1023 839 1056 τό
865 1021 965 1056 αὑτό·
991 1026 1048 1057 καὶ
1069 1026 1084 1057 ὁ
1105 1025 1240 1070 ἀριθμὸς
1286 1026 1307 1063 ἢ
1332 1025 1348 1057 ὁ
1367 1025 1486 1064 αὑτός·

493 1069 529 1103 οὗ
581 1070 618 1113 ἀρ
644 1064 793 1113 διαφέρει
820 1066 959 1112 ἀριθμοῦ
984 1064 1130 1113 διαφορᾷ
1155 1070 1171 1102 ὀ
1198 1068 1332 1115 ἀριθμὸς
1357 1068 1485 1103 αὐτῶν·

489 1110 589 1152 δεκας
614 1109 652 1146 δέ
679 1113 742 1158 οὐχ
767 1114 787 1150 ἡ
815 1113 920 1150 αὐτ-η’·
949 1113 998 1158 ἐφ’
1026 1113 1069 1145 ὦν
1094 1114 1158 1159 γοὶρ
1181 1114 1346 1162 λέγεται,
1372 1109 1487 1158 διαφέ-

489 1171 548 1204 ρει·
576 1158 623 1191 τοὶ
646 1158 705 1201 μὲν
730 1157 795 1204 γάρ
820 1156 933 1198 κύνες,
962 1157 1007 1190 τοὶ
1031 1154 1059 1190 δ’
1085 1158 1200 1191 ἵπποι.
1238 1160 1303 1191 Καὶ
1329 1160 1402 1203 περὶ
1427 1158 1486 1203 μὲν

489 1203 608 1250 χρόνου
638 1205 696 1234 καὶ
728 1202 836 1235 αὑτοῦ
865 1205 922 1234 καὶ
953 1203 1019 1234 τῶν
1045 1204 1116 1247 περὶ
1148 1202 1254 1236 αὑτὸν
1288 1202 1414 1235 οἰκείων
1440 1203 1485 1246 τῇ

489 1247 600 1292 σκέψει
624 1249 769 1291 εἴρηται.

475 1370 624 1398 ΞΥΝοΡεῐε.
642 1385 677 1390 -
698 1378 721 1397 1.
743 1369 954 1406 Argumentum
975 1375 1003 1397 et
1023 1369 1125 1397 divisio
1147 1375 1247 1398 textus.
1269 1370 1352 1397 Duae
1372 1369 1485 1397 dubita-

421 1409 516 1438 tiones
538 1418 612 1446 quae
633 1408 762 1445 indigent
786 1409 913 1446 diligenti
940 1409 1178 1437 consideratione.
1200 1424 1220 1430 --
1240 1416 1268 1436 2.
1290 1408 1420 1436 Solvitur
1439 1418 1484 1436 se-

422 1450 517 1478 cunda
538 1449 684 1477 dubitatio.
713 1450 842 1485 Tempus
863 1455 906 1476 est
926 1448 1048 1485 ubique,
1071 1449 1140 1485 quia
1161 1455 1204 1476 est
1224 1447 1356 1476 accidens
1377 1454 1486 1483 motus,

421 1489 546 1526 ideoque
566 1488 743 1526 ubicumque
757 1494 798 1516 est
811 1494 918 1523 motus,
933 1494 975 1516 est
988 1488 1115 1516 invenire
1129 1494 1256 1524 tempus:
1276 1487 1376 1516 omnia
1389 1493 1485 1516 autem

421 1538 546 1566 corpora
566 1535 633 1557 sunt
654 1527 782 1563 mobilia,
803 1534 830 1555 et
851 1527 891 1556 sic
906 1527 1007 1556 saltem
1027 1527 1158 1564 potentia
1179 1533 1346 1561 moventur;
1372 1533 1486 1564 tempus

421 1578 491 1597 vero
513 1574 660 1596 mensurat
680 1577 741 1595 non
762 1567 856 1595 solum
878 1573 992 1594 motum
1014 1567 1064 1595 sed
1086 1566 1221 1604 quietern.
1237 1583 1255 1588 -
1274 1567 1300 1595 3.
1322 1567 1486 1595 Subdivisio

421 1615 522 1637 textus.
548 1608 649 1636 Prima
670 1607 827 1635 dubitatio:
851 1613 948 1634 utrum
967 1616 1028 1634 non
1049 1606 1185 1635 existente
1205 1606 1311 1642 anima,
1326 1613 1400 1635 esset
1413 1613 1486 1635 tem-

421 1658 484 1685 pus.
505 1664 524 1668 -
545 1657 574 1683 4.
602 1647 738 1675 Obiectio.
766 1647 841 1674 Cum
862 1653 976 1683 tempus
997 1646 1033 1674 sit
1053 1655 1191 1674 numerus
1213 1653 1326 1682 motus,
1348 1655 1486 1675 numerus

421 1694 516 1716 autem
532 1696 594 1715 esse
615 1686 714 1723 nequit
735 1685 758 1714 si
779 1695 840 1714 non
861 1685 897 1713 sit
918 1685 1106 1721 numerabile,
1121 1695 1174 1714 nec
1187 1686 1244 1714 hoc
1257 1687 1366 1723 absque
1387 1686 1485 1723 aliquo

421 1728 501 1764 quod
515 1733 609 1764 potest
624 1734 794 1760 numerare3
810 1732 838 1754 et
852 1734 918 1754 cum
940 1725 1010 1754 nihil
1024 1725 1079 1754 nisi
1093 1725 1191 1754 anima
1209 1725 1379 1754 intellectiva
1395 1726 1486 1762 possit

419 1775 588 1802 numerare3
609 1765 737 1803 sequitur
753 1766 833 1802 quod
854 1774 915 1793 non
931 1765 1068 1794 existente
1082 1765 1188 1800 anima,
1206 1775 1267 1794 non
1281 1765 1317 1793 sit
1329 1772 1452 1802 tempus.
1467 1782 1486 1787 -

422 1807 448 1835 5.
458 1806 579 1835 Solutio.
592 1807 636 1834 Eo
648 1806 738 1834 modo
749 1814 886 1833 numerus
900 1814 918 1833 a
931 1811 1101 1834 numerante
1116 1805 1267 1842 dependet,
1279 1814 1338 1842 quo
1350 1814 1484 1833 numera-

419 1853 461 1882 ta;
479 1852 630 1875 numerata
643 1854 712 1874 vero
722 1854 783 1873 non
793 1845 957 1881 dependent
966 1846 1002 1873 ab
1013 1845 1156 1873 intellectu
1166 1845 1295 1873 humano
1306 1846 1402 1882 quoad
1413 1854 1483 1880 esse,

419 1887 471 1915 sed
485 1886 581 1914 solum
595 1886 692 1922 quoad
705 1885 951 1920 numerationem;
969 1885 1046 1913 unde
1060 1891 1088 1913 et
1102 1884 1231 1912 similiter
1244 1894 1390 1913 numerus.
1407 1885 1486 1913 Licet

419 1936 488 1964 ergo
510 1925 700 1954 numerabilia
720 1924 867 1961 postulent
886 1931 918 1952 ut
934 1925 1028 1962 possit
1049 1934 1111 1952 esse
1126 1933 1290 1960 numerans,
1305 1934 1366 1953 non
1387 1931 1484 1953 tamen

419 1973 452 1994 ut
471 1972 536 1995 actu
551 1965 659 1994 existat.
681 1964 711 1992 Si
731 1964 817 2002 igitur
831 1970 928 1993 motus
943 1965 1060 1992 haberet
1074 1973 1135 1992 esse
1150 1963 1238 1992 fixum
1253 1963 1283 1992 in
1302 1965 1395 2000 rebus,
1411 1971 1484 1993 esset

419 2015 557 2034 numerus
579 2005 639 2033 eius
660 2013 721 2032 non
742 2004 877 2032 existente
898 2004 1010 2032 anima:
1033 2013 1098 2032 cum
1120 2010 1216 2032 autem
1237 2003 1361 2032 totalitas
1387 2010 1484 2032 motus

419 2046 575 2082 accipiatur
595 2054 647 2081 per
667 2043 781 2072 animae
803 2043 1074 2078 considerationem,
1095 2043 1212 2072 nonnisi
1229 2043 1392 2080 imperfecte
1407 2050 1485 2072 extra

418 2085 547 2115 animam
562 2084 663 2120 existit,
683 2084 713 2112 in
728 2084 856 2121 quodam
878 2092 983 2120 nempe
996 2082 1175 2111 indivisibili:
1195 2089 1223 2111 et
1237 2083 1314 2111 idem
1329 2083 1483 2112 dicendum

418 2126 455 2154 de
476 2131 616 2161 ternpore.
637 2139 656 2146 —
678 2124 706 2152 6.
728 2123 890 2151 Subdivisio
910 2129 1011 2151 textus.
1036 2122 1196 2151 Dubitatur
1219 2123 1300 2151 cuius
1322 2123 1368 2151 vel
1391 2123 1484 2160 qualis

419 2171 514 2193 motus
535 2170 647 2202 tempus
667 2163 705 2191 sit
719 2172 866 2191 numerus.
887 2162 953 2191 Alia
974 2162 1139 2191 subdivisio.
1154 2178 1174 2183 —·
1196 2171 1223 2199 7.
1240 2162 1342 2190 Prima
1363 2172 1482 2200 respon-

419 2205 471 2233 sio.
493 2205 622 2240 Tempus
642 2203 756 2231 videtur
770 2212 832 2231 esse
852 2212 989 2230 numerus
1011 2209 1108 2230 motus
1127 2201 1257 2230 continui
1271 2202 1481 2230 universaliter:

419 2253 488 2273 nam
503 2243 598 2272 omnis
613 2249 710 2271 motus
725 2249 767 2271 est
787 2242 817 2271 in
838 2249 978 2279 tempore,
993 2251 1026 2270 ac
1046 2242 1169 2278 proinde
1184 2243 1220 2270 ab
1235 2251 1270 2270 eo
1286 2249 1482 2278 mensuratur;

419 2285 500 2321 quod
513 2290 611 2312 autem
625 2283 758 2311 convenit
773 2282 854 2310 omni
869 2282 970 2317 motui,
985 2281 1119 2310 convenit
1134 2281 1225 2309 motui
1239 2282 1399 2309 secundum
1414 2290 1454 2309 se.
1464 2298 1483 2302 —

419 2325 447 2352 8.
466 2323 653 2362 Improbatur
673 2323 744 2351 haec
765 2322 877 2350 solutio.
901 2322 973 2350 Cum
997 2321 1073 2349 enim
1095 2322 1154 2349 duo
1176 2321 1262 2349 simul
1282 2321 1392 2350 moveri
1413 2330 1483 2349 con-

418 2363 523 2401 tingat,
546 2369 713 2400 sequeretur
733 2363 792 2390 duo
812 2368 944 2398 tempora
968 2361 1099 2398 aequalia
1120 2370 1181 2389 esse
1202 2360 1302 2395 simul,
1325 2361 1348 2390 si
1368 2367 1483 2397 tempus

419 2403 454 2432 sit
475 2412 612 2431 numerus
634 2401 784 2430 cuiuslibet
811 2408 917 2429 motus.
939 2417 958 2422 —
981 2411 1007 2437 9.
1029 2400 1209 2437 Impossibile
1236 2407 1332 2429 autem
1361 2407 1404 2429 est
1423 2401 1482 2428 duo

625 2541 631 2550 ·
650 2547 658 2558 .
686 2529 861 2570 ostquam
877 2521 1132 2570 Philosophus
1153 2519 1417 2557 determinavit
1435 2520 1482 2556 de

639 2576 874 2624 ‘tempore,
907 2574 969 2611 hic
993 2581 1167 2611 removet
1190 2573 1377 2622 quasdam
1415 2571 1482 2609 du-

630 2628 883 2665 bitationes
925 2627 1023 2663 circa
1063 2635 1226 2675 tempus.
1267 2626 1316 2662 Et
1356 2624 1481 2673 primo

568 2720 577 2727 ,
686 2682 783 2718 circa
812 2679 1046 2717 existentiam
1079 2678 1282 2727 temporis;
1312 2677 1480 2714 secundo

420 2736 517 2772 circa
545 2735 726 2784 temporis
745 2733 941 2780 unitatem,
962 2732 1029 2769 ibi:
1059 2731 1252 2769 Dubitabit
1266 2736 1391 2767 autem
1414 2730 1481 2767 ali-

419 2790 500 2838 quis
520 2789 540 2810 *
561 2796 628 2826 etc.
651 2787 760 2824 Circa
787 2786 955 2835 primum
976 2785 1052 2821 duo
1073 2784 1179 2821 facit:
1203 2783 1328 2833 primo
1349 2790 1481 2820 movet

420 2842 514 2879 duas
544 2840 817 2884 dubitationes;
851 2837 1020 2875 secundo
1059 2837 1170 2874 solvit
1199 2849 1278 2883 eas,
1308 2836 1376 2873 ibi:
1405 2837 1483 2873 Aut

419 2895 506 2943 quia
526 2900 647 2931 motus
669 2895 688 2915 ‘³‘
709 2900 777 2930 etc.
798 2891 898 2929 Dicit
917 2903 1006 2939 ergo
1035 2890 1160 2939 primo
1189 2889 1294 2939 quod
1312 2890 1384 2926 hae
1413 2889 1480 2926 du-

419 2947 617 2984 bitationes
636 2946 803 2993 indigent
823 2944 988 2992 diligenti
1012 2943 1329 2980 consideratione:
1349 2949 1366 2964 “
1386 2942 1480 2979 scili-

420 3007 479 3037 cet
507 2999 705 3049 quomodo
721 3006 871 3047 tempus
891 3009 930 3034 se
950 2997 1087 3034 habeat
1107 2997 1126 3018 ²⁸
1146 2996 1195 3032 ad
1223 2995 1412 3041 animam3
1443 3003 1479 3032 et

420 3053 556 3090 iterum
587 3064 702 3101 quare
731 3058 882 3100 tempus
910 3050 1082 3088 videatur
1110 3061 1192 3086 esse
1220 3048 1383 3098 ubique,
1413 3048 1481 3085 sci-

420 3106 504 3143 licet
531 3106 569 3143 in
598 3114 707 3152 terra,
735 3104 774 3141 in
802 3103 897 3141 mari
925 3110 961 3140 et
988 3103 1026 3140 in
1055 3103 1172 3140 caelo.

475 3172 509 3197 2.
546 3159 694 3196 Deinde
733 3170 820 3194 cum
858 3156 965 3194 dicit:
993 3157 1071 3192 Aut
1106 3155 1194 3204 quia
1231 3160 1351 3191 motus
1389 3161 1478 3202 etc.,

421 3212 532 3250 solvit
563 3211 790 3261 praemissas
824 3209 1075 3259 quaestiones.
1110 3209 1158 3258 Et
1189 3207 1312 3257 primo
1347 3219 1479 3244 secun-

422 3266 532 3313 dam,
563 3277 660 3315 quae
699 3263 842 3301 facilior
879 3270 954 3309 est3
984 3261 1152 3299 secundo
1180 3261 1365 3310 primam,
1404 3260 1476 3297 ibi:

426 3321 558 3356 Utrum
587 3324 711 3355 autem
737 3329 822 3354 cum
851 3328 925 3353 non
944 3315 991 3352 sit
1009 3316 1028 3336 '⁰'
1049 3322 1117 3352 etc.
1147 3313 1246 3351 Dicit
1265 3326 1354 3362 ergo
1375 3314 1478 3362 quod

420 3379 570 3420 tempus
589 3379 645 3408 est
664 3369 860 3420 quoddam
881 3368 1055 3406 accidens
1074 3374 1213 3415 motus,
1230 3366 1318 3416 quia
1337 3374 1392 3403 est
1411 3379 1478 3403 nu-

421 3436 549 3460 merus
582 3423 661 3460 eius
690 3422 888 3470 (accidens
923 3429 1051 3459 autem
1089 3420 1286 3458 consuevit
1321 3420 1476 3457 nomine

474 3593 500 3626 α)
521 3592 570 3617 hae
589 3593 764 3618 dubitationes
789 3593 909 3626 indigent
934 3592 1058 3626 diligenti
1080 3591 1300 3618 consideratione.
1319 3603 1338 3609 -
1358 3590 1477 3616 PEGHM

420 3633 444 3653 et
458 3629 503 3657 ab,
519 3633 604 3652 tamen
615 3628 689 3652 ΟΗΜ
705 3628 895 3661 transponendo
909 3627 1086 3653 dubitationes
1099 3627 1148 3653 hae
1154 3634 1164 3657 ,⁸
1177 3634 1266 3659 margo
1276 3626 1296 3651 E
1306 3626 1363 3651 add.
1372 3626 1396 3651 in
1411 3626 1478 3659 prin-

1052 282 1398 322 PHYSICORUM
1426 287 1775 326 ARISTOTELIS
1805 290 1899 326 LIB.
1930 291 1982 327 lV

1607 367 1687 399 lum.
1704 369 1776 399 Hoc
1788 375 1895 400 autem
1910 376 1966 407 est,
1981 370 2056 410 quia
2070 378 2268 403 mensuratur
2283 372 2493 405 circulatione.
2510 374 2604 405 Extra

1609 412 1698 450 enimv
1723 422 1903 443 mensuram
1920 413 1998 444 nihil
2025 414 2110 444 aliud
2133 415 2255 446 videtur
2284 427 2350 447 esse
2365 419 2454 458 quod
2476 428 2603 449 mensu-

1608 463 1706 487 ratur:
1731 457 1786 487 sed
1804 463 1859 488 aut
1881 457 2000 488 multae
2023 468 2188 490 mensurae
2212 466 2327 492 totum.

1541 499 1559 519 *
1573 500 1695 532 Dicitur
1717 507 1824 531 autem
1847 507 1928 532 recte
1958 502 2047 542 quod
2070 512 2220 534 numerus
2243 503 2374 544 quidem
2401 505 2487 536 idem
2510 513 2556 537 est
2574 513 2606 537 et

1609 545 1718 576 oviurn
1738 551 1768 575 et
1791 554 1922 583 canum,
1946 545 1972 575 si
1988 546 2126 586 aequalis
2150 553 2281 588 uterque
2296 548 2334 579 sit
2341 544 2355 579 τ’
2373 548 2482 580 decem
2498 557 2605 581 autem

1608 599 1673 619 non
1689 588 1785 627 idem,
1802 599 1904 630 neque
1929 589 2038 620 decem
2061 590 2171 621 eadem
2194 598 2277 622 sunt.
2295 591 2382 623 Sicut
2397 602 2500 633 neque
2513 593 2605 624 trian-

1608 633 1675 672 guli
1684 633 1770 663 idem
1781 633 1837 673 qui
1847 640 1893 664 est
1902 633 2109 674 aequilaterus
2120 641 2151 665 et
2159 635 2320 674 gradatus:
2337 642 2367 667 et
2379 643 2484 667 tamen
2495 638 2605 668 eadem

1608 675 1708 716 figura
1732 683 1778 707 est
1788 699 1798 715 ,
1813 677 1887 717 quia
1902 683 2036 718 utraque
2056 678 2203 718 trianguli
2219 686 2301 710 sunt.
2322 680 2411 710 Idem
2427 680 2512 711 enim
2530 681 2606 712 dici-

1608 727 1670 759 tur,
1694 720 1784 751 cuius
1801 730 1867 751 non
1887 721 1988 752 differt
2010 721 2196 760 differentia3
2213 723 2267 754 sed
2285 733 2351 754 non
2377 723 2466 755 cuius
2486 724 2603 756 differt:

1609 771 1645 795 ut
1667 763 1842 804 triangulus
1865 764 2011 805 trianguli
2034 765 2204 797 differentia
2228 766 2328 798 differt
2348 766 2455 810 (alteri
2474 767 2605 809 quidem

1610 807 1695 838 enim
1718 808 1863 848 trianguli
1886 807 1998 851 sunt),
2023 809 2140 850 figurae
2164 811 2271 842 autem
2293 821 2375 851 non,
2407 812 2517 842 sedin
2541 822 2605 844 una

1610 859 1640 883 et
1670 851 1780 882 eadem
1813 852 1975 884 divisione.
2011 853 2126 894 Figura
2158 854 2244 885 enim
2268 855 2344 886 haec
2373 855 2503 898 quidem
2535 856 2604 887 talis

1609 896 1743 939 ‹girculus
1773 902 1835 935 est,
1857 896 1928 927 talis
1950 906 2024 928 vero
2055 898 2246 938 triangulus3
2279 899 2374 930 huius
2404 906 2511 930 autem
2534 900 2604 931 talis

1609 939 1740 981 quidem
1763 947 1809 971 est
1824 940 2043 982 aequilaterus,
2058 941 2128 973 talis
2144 952 2218 973 vero
2237 942 2293 984 qui
2309 943 2464 984 gradatus.
2489 943 2605 984 Figura

1607 983 1703 1024 igitur
1725 984 1835 1015 eadem
1859 991 1889 1015 et
1911 984 2007 1023 haec,
2027 986 2200 1026 triangulus
2229 986 2315 1017 enim
2343 994 2405 1021 est:
2429 988 2604 1030 triangulus

1608 1035 1714 1059 autem
1737 1038 1802 1059 non
1825 1028 1909 1059 idem
1928 1036 1983 1060 est.
2008 1029 2049 1060 Et
2071 1040 2222 1060 numerus
2245 1030 2308 1061 iam
2331 1030 2471 1062 similiter
2499 1031 2603 1063 idem:

1608 1082 1674 1102 non
1701 1072 1786 1103 enim
1816 1072 1916 1103 differt
1946 1073 2069 1103 numeri
2098 1073 2268 1104 differentia
2295 1084 2446 1105 numerus
2474 1074 2602 1107 horum.

1607 1117 1725 1147 Decem
1741 1123 1847 1147 autem
1870 1126 1935 1146 non
1950 1116 2034 1147 idem
2053 1123 2114 1147 est:
2130 1117 2163 1147 in
2178 1117 2294 1158 quibus
2313 1117 2399 1148 enim
2415 1118 2527 1150 dicitur
2545 1119 2604 1150 dif-

1608 1159 1729 1198 ferunt;
1749 1160 1825 1190 haec
1848 1160 1980 1200 quidem
2003 1160 2087 1191 enim
2104 1170 2205 1198 canes,
2225 1161 2285 1191 alia
2306 1171 2382 1192 vero
2406 1161 2487 1203 equi.
2505 1162 2546 1195 Et
2564 1162 2602 1194 de

1607 1211 1750 1244 tempore
1773 1203 1903 1244 quidem
1918 1204 2007 1244 ipso,
2035 1211 2066 1235 et
2093 1205 2131 1234 de
2151 1204 2230 1235 circa
2247 1205 2355 1245 ipsum
2369 1205 2506 1246 propriis
2528 1206 2603 1239 huic

1607 1247 1785 1286 intentioni,
1810 1247 1928 1278 dictum
1953 1254 2007 1278 est.
2399 1260 2411 1270 ·

1539 1375 1671 1404 tempora
1691 1368 1824 1405 aequalia
1845 1377 1907 1397 esse
1928 1368 2022 1397 simul.
2047 1369 2181 1397 Motuum
2203 1369 2280 1398 enim
2306 1369 2356 1407 qui
2377 1370 2552 1400 conveniunt
2571 1371 2603 1400 in

1539 1407 1681 1444 principio
1701 1414 1728 1436 et
1742 1408 1808 1444 fine,
1823 1408 1954 1445 quamvis
1975 1408 2108 1437 differant
2128 1410 2287 1438 secundum
2307 1410 2438 1447 proprias
2459 1410 2602 1448 rationes,

1539 1454 1582 1476 est
1603 1447 1679 1476 idem
1700 1454 1830 1484 tempus;
1852 1448 1920 1485 quia
1940 1457 2015 1476 unus
2036 1455 2064 1476 et
2084 1447 2161 1477 idem
2182 1458 2320 1478 numerus
2341 1456 2383 1478 est
2404 1458 2505 1478 eorum
2527 1459 2601 1488 quae

1539 1493 1606 1515 sunt
1626 1487 1758 1524 aequalia
1778 1493 1806 1515 et
1826 1487 1950 1516 simul.-
1969 1497 2012 1516 10.
2027 1487 2192 1517 Subdivisio
2205 1495 2306 1517 textus.
2328 1489 2398 1518 Tria
2413 1489 2601 1526 praemittunt-

1539 1528 1643 1555 tur.ad
1663 1527 1839 1556 solutionem
1862 1526 2049 1556 dubitationis
2075 1528 2244 1557 necessaria.
2266 1544 2286 1550 -
2314 1537 2358 1557 11.
2389 1529 2465 1558 Vera
2486 1529 2601 1559 solutio.

1539 1567 1637 1595 Motus
1663 1566 1808 1595 circularis
1835 1573 1878 1595 est
1898 1566 2022 1595 maxime
2043 1567 2188 1604 regularis,
2209 1577 2261 1596 seu
2280 1567 2448 1604 uniformis,
2476 1568 2602 1607 ideoque

1539 1613 1582 1635 est
1611 1615 1746 1635 mensura
1774 1606 1906 1635 omnium
1934 1606 2058 1635 aliorum
2086 1613 2219 1636 motuum
2243 1607 2417 1644 (uniformia
2437 1607 2514 1636 enim
2534 1615 2602 1637 sunt

1539 1645 1724 1683 certissima);
1744 1646 1819 1674 inter
1832 1646 1901 1674 alias
1914 1652 2011 1675 autem
2032 1646 2240 1683 circulationes,
2262 1654 2358 1676 motus
2379 1647 2490 1684 primus
2507 1649 2601 1677 revol-

1538 1695 1608 1714 vens
1629 1692 1722 1714 totum
1744 1686 1958 1714 firmamentum
1972 1692 2054 1714 motu
2069 1685 2174 1715 diurno
2190 1693 2232 1715 est
2252 1686 2343 1724 magis
2363 1686 2604 1724 regularis2Q1ia·

1538 1726 1624 1763 igitur
1638 1732 1734 1754 motus
1755 1732 1958 1754 mensurantur
1975 1732 2107 1763 tempore
2121 1726 2293 1763 inquantum
2307 1733 2510 1756 mensurantur
2525 1736 2600 1765 quo-

1539 1766 1606 1794 dam
1628 1772 1719 1800 motu,
1741 1765 1869 1802 sequitur
1885 1765 1965 1802 quod
1985 1771 2099 1802 tempus
2121 1765 2157 1794 sit
2176 1775 2313 1794 numerus
2333 1765 2418 1803 primi
2439 1766 2514 1795 illius
2535 1769 2600 1796 mo'-

1538 1811 1592 1833 tus.
1614 1821 1633 1826 -
1657 1813 1699 1833 12.
1725 1805 1924 1843 Confirmatur
1943 1805 2014 1833 haec
2039 1805 2152 1834 solutio.
2175 1807 2210 1841 a)
2232 1806 2287 1834 Per
2313 1805 2482 1843 opinionem
2502 1815 2601 1835 erran-

1537 1844 1624 1880 tium,
1647 1844 1696 1881 qui
1711 1844 1842 1873 dixerunt
1863 1851 1976 1873 motum
1997 1845 2135 1881 sphaerae
2156 1845 2284 1873 caelestis
2305 1854 2367 1874 esse
2381 1852 2508 1883 tempus,
2522 1845 2600 1883 quia

1538 1891 1684 1912 mensurat
1697 1884 1770 1912 alios
1787 1890 1892 1912 motus.
1907 1884 1934 1920 b)
1955 1885 1998 1912 Ex
2012 1894 2068 1912 usu
2084 1884 2277 1913 communiter
2291 1884 2483 1922 loquentium,
2497 1894 2600 1914 secun-

1538 1924 1608 1952 dum
1630 1924 1710 1961 quod
1731 1923 1879 1952 consuevit
1899 1923 1955 1952 dici
1976 1924 2122 1960 quendam
2143 1923 2281 1952 circulum
2302 1933 2364 1953 esse
2384 1924 2415 1953 in
2434 1925 2520 1954 rebus
2545 1925 2600 1954 hu-

1537 1963 1630 1992 manis
1661 1970 1688 1992 et
1715 1963 1777 1992 aliis
1805 1972 1879 2000 quae
1903 1969 2106 1992 mensurantur
2131 1969 2280 2000 tempore,
2311 1973 2344 1992 ac
2372 1963 2396 1992 si
2422 1969 2536 2001 tempus
2564 1964 2601 1993 sit

1537 2003 1695 2031 secundum
1710 2002 1924 2032 circulationem
1945 2003 2113 2040 quamdam.
2134 2004 2231 2040 Ipsum
2245 2003 2331 2032 etiarn
2349 2010 2464 2040 tempus
2478 2003 2600 2033 circulus

1537 2043 1654 2080 quidam
1682 2051 1744 2071 esse
1763 2042 1895 2079 {videtum
1924 2043 2004 2080 quod
2025 2041 2127 2071 accidit
2147 2049 2264 2079 propter
2284 2044 2356 2079 hoc,
2385 2043 2465 2080 quod
2485 2049 2600 2081 tempus

1536 2089 1718 2111 mensuratur
1737 2082 1930 2117 circulatione,
1953 2089 1980 2110 et
1994 2089 2036 2110 est
2050 2082 2110 2110 eius
2125 2091 2268 2111 mensura.
2281 2098 2300 2103 -
2313 2083 2442 2119 Tempus
2458 2082 2545 2120 igitur·
2556 2089 2601 2112 est
2646 2111 2649 2113 .

1535 2131 1636 2156 unum,
1655 2128 1772 2158 propter
1792 2121 1931 2150 unitatem
1952 2121 2037 2158 primi
2058 2128 2171 2157 motus3
2193 2122 2241 2158 qui
2261 2128 2357 2150 autem
2380 2121 2465 2150 sentit
2485 2129 2599 2151 motum
2650 2157 2653 2160 ,

1536 2161 1702 2198 quemlibet,
1716 2168 1830 2198 tempus
1845 2161 1976 2198 percipit3
1998 2170 2032 2189 ex
2052 2161 2147 2198 primo
2168 2161 2246 2189 enim
2267 2161 2367 2190 mobili
2387 2167 2521 2190 causatur
2534 2171 2599 2191 mu-

1535 2201 1658 2229 tabilitas
1678 2201 1708 2229 in
1722 2201 1794 2229 aliis.
1806 2218 1825 2222 -
1839 2201 1882 2229 13.
1905 2201 1982 2235 Quia
2001 2209 2091 2238 genus
2111 2206 2207 2237 potest
2227 2210 2292 2229 cum
2314 2200 2462 2230 additione
2482 2201 2600 2230 unitatis

1536 2241 1580 2269 vel
1601 2240 1756 2269 identitatis
1783 2240 1940 2277 praedicari
1962 2241 1998 2268 de
2025 2240 2154 2277 pluribus
2180 2240 2333 2269 individuis
2361 2240 2544 2269 existentibus
2569 2241 2600 2270 in

1535 2289 1594 2308 una
1614 2280 1724 2317 specie,
1745 2279 1812 2308 ideo
1827 2287 1903 2308 recte
1917 2279 2028 2315 dicitur,
2043 2279 2067 2308 si
2081 2279 2209 2317 aequalis
2230 2280 2266 2308 sit
2285 2289 2424 2308 numerus
2444 2289 2541 2309 rerum
2555 2278 2599 2310 di-

1516 2347 1519 2349 ,
1535 2329 1692 2355 versatum,
1714 2320 1794 2356 quod
1811 2319 1887 2348 idern
1909 2319 1944 2347 sit
1964 2329 2102 2348 numerus
2122 2326 2321 2357 utrorumque.
2342 2321 2479 2348 Attamen
2498 2321 2536 2348 ad
2549 2329 2599 2350 ve-

1535 2369 1598 2388 ram
1612 2359 1751 2396 temporis
1765 2359 1914 2394 unitatem,
1930 2359 2037 2387 scilicet
2050 2359 2238 2393 numericam,
2260 2369 2322 2388 non
2336 2357 2442 2388 sufficit
2456 2360 2526 2396 h0c3
2547 2360 2600 2389 sed

1535 2405 1650 2436 oportet
1669 2408 1814 2428 recurrere
1835 2399 1872 2427 ad
1892 2398 2031 2427 unitatem
2051 2398 2136 2435 primi
2157 2405 2263 2427 motus.
2285 2416 2304 2420 -
2324 2398 2472 2437 Epilogus.

1535 2518 1681 2555 habitus
1709 2525 1746 2554 et
1765 2518 1954 2566 passionis
1981 2517 2205 2564 nominarij:
2233 2517 2336 2555 unde
2362 2517 2597 2566 ubicumque

1537 2578 1593 2608 est
1620 2577 1748 2608 motus
1776 2578 1926 2620 oportet
1952 2570 2056 2618 quod
2086 2570 2131 2607 sit
2157 2578 2321 2620 tempus.
2357 2570 2500 2607 Omnia
2531 2583 2599 2608 au-·

1535 2631 1612 2660 tem
1642 2635 1802 2672 corpora
1839 2622 1928 2660 sunt'
1962 2622 2137 2669 mobilia,
2176 2623 2243 2660 etsi
2270 2635 2350 2660 non
2378 2623 2458 2660 aliis
2485 2623 2596 2661 moti-

1535 2677 1618 2723 bus,
1639 2678 1772 2714 saltem
1793 2684 1900 2713 motu
1919 2676 2046 2723 locali3
2075 2676 2164 2725 quia
2183 2677 2314 2714 omnia
2333 2683 2420 2714 sunt
2437 2676 2476 2714 in
2495 2676 2593 2714 loco.

1535 2730 1583 2766 Et
1611 2730 1700 2778 quia
1726 2737 1856 2778 posset
1883 2729 2014 2778 aliquis
2043 2729 2168 2766 dicere
2192 2729 2296 2778 quod
2320 2729 2405 2767 licet
2423 2729 2496 2766 sint
2513 2741 2596 2767 mo-

1535 2782 1633 2829 bilia,
1663 2795 1741 2820 non
1767 2791 1897 2819 tamen
1926 2782 2056 2819 omnia
2084 2790 2299 2830 moventur,
2319 2783 2387 2820 sed
2405 2783 2596 2832 quaedam

1535 2835 1750 2884 quiescunt,
1782 2843 1818 2872 et
1845 2835 1898 2872 sic
1916 2842 2068 2884 tempus
2086 2847 2165 2872 non
2191 2835 2342 2883 videtur
2359 2835 2398 2872 in
2417 2835 2597 2873 omnibus

1535 2901 1637 2926 esse:
1671 2889 1719 2926 ad
1747 2890 1821 2926 hoc
1855 2888 2133 2926 excludendum
2162 2888 2350 2936 subiungit
2377 2888 2482 2937 quod
2500 2895 2598 2925 tem-

1532 2954 1605 2991 pus
1643 2949 1698 2978 est
1734 2941 1845 2979 simul
1883 2947 1971 2978 cum
1999 2949 2119 2988 motu,
2158 2941 2238 2979 sive
2274 2947 2401 2978 motus
2437 2939 2595 2990 accipia-

1534 3003 1594 3032 tur
1621 2994 1832 3032 secundum
1861 3002 1988 3031 actum
2017 2994 2097 3031 sive
2125 2994 2337 3032 secundum
2370 2993 2591 3042 potentiam.

1534 3048 1812 3096 Quaecumque
1851 3047 1953 3084 enim
1990 3055 2077 3084 sunt
2107 3046 2299 3096 possibilia
2331 3046 2480 3084 moveri
2509 3047 2529 3068 *
2559 3053 2596 3084 et
2621 3054 2633 3066 ·

1534 3113 1611 3138 non
1640 3108 1844 3138 moventur
1871 3107 1976 3146 actu,
2011 3100 2218 3149 quiescunt.
2257 3100 2430 3149 Tempus
2467 3107 2594 3137 autem

1533 3166 1612 3191 non
1631 3154 1754 3191 solum
1784 3160 1978 3190 mensurat
1997 3161 2159 3199 motum,
2188 3152 2255 3190 se'd
2281 3152 2394 3190 etiam
2414 3152 2592 3201 quietern,

1532 3214 1574 3244 ut
1593 3219 1706 3256 supra
1722 3207 1742 3228 *
1761 3206 1902 3244 dictum
1933 3213 1998 3243 est.
2019 3206 2130 3244 Unde
2150 3205 2370 3254 relinquitur
2389 3205 2495 3254 quod
2512 3205 2595 3243 ubi-

1534 3272 1699 3309 cumque
1729 3267 1784 3297 est
1811 3267 1950 3307 motus,
1978 3259 2040 3296 vel
2069 3267 2154 3296 actu
2181 3259 2243 3296 vel
2270 3259 2459 3307 potentia,
2488 3258 2594 3308 quod

1534 3313 1585 3350 ibi
1613 3313 1659 3350 sit
1686 3321 1848 3362 tempus.

1589 3367 1622 3404 3.
1652 3366 1800 3403 Deinde
1830 3377 1918 3402 cum
1947 3364 2054 3403 dicit:
2089 3365 2222 3402 Utrum
2251 3370 2375 3402 autem
2404 3375 2489 3402 cum
2517 3375 2591 3401 non

1531 3419 1579 3456 sit
1604 3420 1732 3456 anima
1762 3426 1853 3466 etc.,
1892 3418 2003 3456 solvit
2029 3417 2194 3467 primam
2232 3417 2505 3467 quaestionem.
2544 3416 2592 3453 Et

1532 3591 1598 3623 cipio
1616 3590 1680 3651 Ιιιίαεε
1698 3591 1750 3616 duo
1768 3590 1882 3621 scincet,-
1901 3594 1949 3615 cet.
1972 3589 2124 3614 unanimiter
2148 3587 2212 3614 haec
2231 3587 2284 3613 duo
2302 3586 2422 3620 indigent
2439 3583 2589 3610 considera-

1532 3626 1602 3651 tione
1641 3625 1751 3659 iligenti‘.

2631 511 2643 523 ⁴
2657 511 2727 534 Text.
2741 517 2786 541 ¹³4·
