2950 4004
1096 303 1205 339 CAP.
1236 304 1287 350 X,
1318 303 1468 341 LECT.
1497 305 1584 342 XVI

2354 317 2424 352 199

869 465 1169 524 LECTIO
1207 470 1805 528 DECIMASEXTA

409 605 514 643 QUID
539 604 605 635 SIT
628 602 816 642 TEMPUS,
840 602 898 633 ET
922 601 1142 639 QUOMODO
1166 602 1215 632 SE
1238 603 1415 634 HABEAT
1438 604 1495 634 AD
1519 604 1691 645 MOTUM,
1716 607 1998 639 DISPUTATIVE
2022 609 2275 646 INQUIRITUR

253 717 292 748 Τί
316 711 344 747 δ’
367 714 458 746 ἐστὶν
485 715 502 746 ό
525 713 642 760 χρόνος
665 715 723 744 καὶ
749 715 800 750 τίς
826 712 935 744 αὐτοῦ
961 713 982 749 ἢ
1007 711 1114 755 φύσις,
1135 713 1253 756 ὁμοίως
1278 712 1314 744 ἔκ.

320 770 359 791 τε
384 759 450 789 τῶν
483 753 766 803 παραδεδομένων
800 751 925 794 ἄδηλόν
958 757 1051 796 ἐστι,
1085 757 1144 787 καὶ
1174 758 1246 800 περὶ
1271 757 1313 787 ὥν

319 801 537 847 τυγχάνομεν
562 797 796 838 διεληλυθότες
821 799 996 843 πρότερον.
1024 802 1061 831 Οἱ
1087 799 1146 844 μὲν
1163 801 1228 846 γοίρ
1250 800 1314 836 τήν

320 849 383 879 τοῦ
409 844 487 878 ὅλου
519 847 646 883 κίνησιν
678 842 764 876 εἷναί
794 855 913 888 φασιν,
949 847 977 876 οἱ
1006 839 1044 876 ’δὲ
1075 844 1312 887 τήν-σφαῖραν

321 889 445 927 αὐτήν.

253 936 377 967 Καίτοι
405 933 468 971 τῆς
498 933 677 978 περιφορᾶς
707 933 766 964 καὶ
795 931 836 964 τὸ
866 931 962 987 μέρος
994 930 1111 977 χρόνος
1142 933 1192 969 τίς
1226 932 1313 973 ἐστι,

320 977 483 1022 περιφοραὶ
505 976 543 1009 δέ
567 989 604 1023 γε
631 976 681 1008 οὗ·
708 976 804 1021 μέρος
829 988 894 1022 γαρ
921 976 1097 1020 περιφορᾶς
1120 975 1160 1008 τὸ
1176 975 1311 1020 ληφθέν,

321 1023 395 1056 ἀλλ’
424 1022 462 1054 οὐ
487 1020 661 1065 περιφορά.

246 1065 324 1098 Ἔτι
352 1061 382 1098 δ’
410 1066 438 1097 εἰ
467 1067 600 1103 πλείους
630 1064 716 1102 ἦσαν
750 1067 779 1096 οἰ
814 1064 971 1107 οὐρανοί,
1003 1064 1122 1107 ὁμοίως
1154 1062 1192 1095 ἂν
1226 1061 1265 1101 ἦν
1298 1065 1313 1095 ὁ

319 1109 438 1156 χρόνος
464 1111 484 1147 ’ἢ
511 1110 652 1142 ὁτουοῦν
678 1108 791 1142 αὐτῶν
817 1111 957 1146 κίνησις·
983 1107 1069 1141 ὥστε
1096 1108 1215 1140 πολλοὶ
1239 1107 1316 1153 χρό-

320 1165 370 1186 νοι
397 1153 481 1198 ἅμα.

250 1199 293 1230 Ἡ
317 1193 355 1230 δὲ
379 1199 442 1231 τοῦ
468 1196 545 1230 ὅλου
571 1200 696 1241 σφαῖρα
720 1191 817 1237 ,ἔδοξε
842 1197 901 1241 μὲν
927 1200 997 1234 τοῖς
1016 1196 1166 1228 εἰποῦσιν
1191 1192 1276 1228 εἶναι
1298 1196 1314 1228 ὁ

320 1241 451 1288 χρόνος,
479 1241 533 1273 ὅτι
558 1241 591 1273 ἔν
617 1253 655 1273 τε
682 1241 729 1282 τῷ
779 1241 859 1284 ρόνῳ
885 1239 1004 1273 πάντα
1030 1241 1103 1272 ἐστὶ
1125 1242 1182 1272 καὶ
1209 1240 1242 1272 ἑν
1267 1241 1312 1282 τῇ

319 1287 383 1319 τοῦ
409 1285 488 1318 ὅλου
513 1287 650 1330 σφαίρᾳ·
670 1253 799 1319 ἔστ-ις’
819 1284 1060 1329 εὖηθικώτερον
1085 1284 1127 1316 τὸ
1145 1284 1314 1329 εἰρημένον

321 1328 344 1366 ἢ
367 1328 457 1362 ὥστε
482 1331 555 1373 περὶ
580 1330 690 1362 αὐτοῦ
714 1329 762 1362 τοὶ
788 1325 946 1363 ἀδύνατα
972 1329 1178 1361 ἐπισκοπεῖν.

247 1373 346 1406 Ἐπεὶ
370 1369 410 1406 δὲ
432 1369 526 1405 δοκεῖ
548 1373 701 1418 μάλιστα
725 1377 849 1412 κίνησις
874 1370 958 1405 εἶναι
982 1375 1040 1404 καὶ
1065 1372 1244 1417 μεταβολή
1264 1383 1315 1409 τις

321 1418 337 1450 ὀ
362 1417 498 1462 χρόνος,
525 1418 621 1450 τοῦτ’
651 1416 690 1450 ἄν
715 1419 765 1456 εἴη
790 1419 969 1451 σκεπτέον.
1002 1418 1044 1448 Ἡ
1061 1417 1126 1461 4μὲν
1153 1415 1210 1449 οὖν
1239 1415 1316 1448 ἐκοί-

320 1473 403 1494 στου
435 1461 614 1506 μεταβολή
645 1463 704 1493 καὶ
731 1466 856 1500 κίνησις
882 1462 914 1495 ὲν
941 1461 1035 1516 αὐτῷ
1060 1462 1108 1502 τῷ
1141 1460 1316 1505 μεταβαλ-

318 1507 415 1538 λοντι
446 1505 546 1549 μόνον
577 1507 689 1547 ἐστίν,
716 1506 737 1543 ἦ
763 1507 800 1539 οὗ
828 1505 866 1539 ἂν
891 1505 982 1551 τύχῃ
1014 1508 1048 1537 ὸν
1080 1502 1170 1537 αὐτὸ
1199 1505 1241 1537 *ro*
1267 1516 1317 1536 κι-

319 1549 477 1594 νούμενον
507 1551 565 1580 καὶ
597 1550 827 1594 μεταβάλλον·
855 1551 871 1582 ὁ
896 1546 934 1582 δὲ
963 1548 1081 1594 χρόνος
1108 1550 1227 1593 ὁμοίως
1256 1550 1315 1581 καὶ

321 1594 506 1637 πανταχοῦ
530 1594 589 1624 καὶ
614 1594 710 1637 παραὶ
733 1597 848 1627 πᾶσιν.

247 1637 324 1671 Ἔτι
348 1634 386 1669 δὲ
410 1636 589 1682 μεταβολή
613 1637 673 1680 μέν
700 1638 773 1671 ἐστι
808 1639 904 1671 πᾶσα
936 1636 1072 1669 θοίττων
1105 1639 1162 1669 καὶ
1196 1631 1315 1681 βραδυ-

320 1681 426 1726 τέρα,
451 1680 569 1726 χρόνος
592 1676 623 1712 δ·
653 1679 712 1713 οὐκ
737 1683 825 1716 ἔστι·
851 1683 892 1715 τὸ
917 1681 981 1728 γάρ
1007 1676 1114 1724 βραδυ
1138 1682 1196 1713 καὶ
1223 1681 1314 1726 ταχύ

319 1725 425 1771 χρόνῳ
454 1725 616 1770 ὥρισται,
642 1726 734 1771 ταχῦ
757 1727 817 1772 μὲν
842 1727 885 1759 τό
910 1728 942 1759 ἑν
969 1725 1068 1771 ὀλίγῳ
1094 1726 1182 1757 πολύ
1206 1725 1316 1757 κινού-

319 1781 437 1814 μενον,
464 1765 571 1814 βραδύ
595 1765 633 1802 δὲ
659 1772 700 1802 vo*
727 1772 759 1803 ἐν
789 1772 902 1812 πολλῷ
934 1771 1060 1815 ὀλίγον·
1089 1771 1104 1801 ὀ
1129 1765 1166 1801 δὲ
1198 1769 1314 1814 χρόνος

320 1812 384 1860 οὐχ
416 1813 557 1857 ὥρισται
588 1813 714 1860 χρόνῳ,
741 1815 820 1848 οὔτε
846 1817 894 1857 τῷ
919 1815 1023 1852 ποσός
1047 1825 1099 1851 τις
1124 1811 1209 1845 εἶναι
1236 1814 1314 1847 οὔτε

319 1861 368 1900 τῷ
398 1859 504 1896 ποιός.
533 1856 610 1891 Ὅτι
634 1859 693 1902 μὲν
719 1862 829 1892 τοίνυν
856 1860 915 1891 οὐκ
940 1860 1014 1892 ἔστι
1043 1859 1190 1899 κίνησις,
1217 1870 1314 1903 φανε-

292 1932 296 1937 ,
319 1902 388 1947 ρόν·
415 1898 518 1946 μηδὲν
542 1898 579 1934 δὲ
604 1898 791 1948 διαφερέτω
815 1903 925 1950 λέγειν
951 1905 1030 1948 ἡμῖν
1052 1903 1085 1935 ἑν
1104 1903 1151 1944 τῷ
1170 1902 1315 1947 παρόντι

318 1949 444 1984 κίνησιν
471 1945 492 1983 ἢ
544 1946 730 1987 εταβολῆν.

247 1989 357 2024 Ἀλλοὶ
380 1990 445 2035 μὴν
479 1991 516 2022 οὐ
539 1993 547 2004 '
580 1991 656 2023 ἄνευ
689 2004 728 2038 γε
760 1991 967 2035 μεταβολῆς·
1002 1990 1086 2023 ὅταν
1145 1990 1183 2035 οἰρ
1210 1987 1313 2034 μηδὲν

320 2035 422 2068 αὐτοὶ
453 2035 723 2079 μεταβάλλωμεν
754 2036 818 2072 τήν
850 2032 1003 2068 διάνοιαν
1029 2034 1050 2072 ἦ
1074 2034 1122 2067 λα’,
1143 2047 1230 2079 ωμεν
1260 2047 1317 2079 με-

320 2078 574 2122 ταβάλλοντες,
605 2081 641 2111 οὐ
669 2076 763 2112 δοκεῖ·
785 2081 863 2122 ’ἡμῖν
888 2078 1064 2126 γεγονέναι
1092 2078 1230 2133 χρόνος,
1255 2091 1316 2111 κα-

319 2123 426 2165 θάπερ
457 2120 536 2157 οὐδὲ
560 2128 631 2162 τοῖς
657 2125 689 2157 ἑν
717 2119 841 2168 Σαρδοῖ
867 2123 1167 2169 μυθολογουμενοις
1197 2122 1316 2155 καθεύ-

319 2164 388 2199 δειν
413 2167 509 2210 παραὶ
532 2172 604 2205 τοῖς
628 2167 763 2213 ἥρωσιν,
791 2167 876 2201 ὅταν
902 2166 1070 2213 ἑγερθῶσι.
1102 2166 1316 2200 Συνοίπτουσι

319 2212 383 2258 γοὶρ
409 2212 451 2244 τὸ
476 2212 638 2257 πρότερον
663 2225 718 2244 νυν
745 2225 792 2253 τῳ
818 2211 954 2256 ὕστερον
980 2223 1036 2243 νυν
1060 2213 1118 2243 καὶ
1143 2213 1176 2244 ἓν
1199 2213 1313 2243 ποιοῦ·
1334 2225 1336 2229 ’

320 2267 391 2297 σιν,
426 2253 636 2300 ἐξαιροῦντες
670 2252 729 2288 διαὶ
758 2257 820 2292 τήν
848 2254 1069 2292 ἀναισθησίαν
1096 2256 1136 2288 τὸ
1167 2255 1314 2300 μεταξύ.

312 2300 438 2344 ’Ὠσπερ
465 2299 519 2333 οὖν
546 2302 573 2332 εὶ
598 2301 645 2344 μή
671 2299 710 2339 ἦν
738 2299 850 2345 ἕτερον
873 2301 914 2333 τό
934 2301 989 2331 νῦν
1011 2299 1101 2332 ἀλλοὶ
1122 2298 1233 2332 ταύτό
1257 2301 1315 2332 καὶ

320 2343 367 2386 ἐ’ν,
387 2343 446 2376 οὐκ
466 2344 504 2377 ὀὲν
523 2343 561 2382 ἣν
587 2345 718 2401 χρόνος,
739 2345 828 2377 οὕτω
852 2347 909 2376 καὶ
929 2345 1001 2376 ἐπεὶ
1022 2343 1181 2376 λανθάνει
1203 2343 1314 2386 ἕτερον

321 2389 374 2430 ὄν,
402 2389 439 2421 οὐ
465 2385 560 2421 δοκεῖ
582 2401 667 2421 ειναι
692 2389 733 2422 τὰ
759 2388 890 2433 μεταξύ
915 2388 1043 2433 χρόνος.
1075 2389 1108 2420 Εἰ
1133 2384 1175 2425 δή
1201 2389 1244 2420 τό
1268 2388 1314 2431 μή

321 2432 449 2465 οἴεσθαι
475 2431 559 2466 εἶναι
583 2434 702 2480 χρόνον
728 2434 811 2466 τότε
837 2433 1010 2477 συμβαίνει
1036 2434 1128 2477 ἡμῖν,
1157 2432 1242 2464 ὅταν
1267 2433 1313 2476 μή

321 2477 477 2522 ὁρίζωμεν
495 2473 661 2523 μηδεμίαν
706 2477 892 2519 εταβολήν,
913 2475 984 2509 ἀλλ’
1008 2475 1038 2509 ἑν
1059 2478 1105 2509 ἑνὶ
1129 2479 1186 2508 καὶ
1207 2473 1317 2509 ἀδιαι-

319 2521 404 2566 ρέτῳ
437 2525 600 2566 φαίνηται
626 2524 646 2559 ἡ
672 2490 760 2568 1ἴυχὴ
794 2521 921 2566 μένειν,
954 2520 1037 2554 ὅταν
1063 2517 1091 2553 δ’
1122 2520 1315 2565 αἰσθώμεθα

318 2567 377 2597 καὶ
404 2567 574 2611 ὀρίσωμεν,
601 2567 684 2599 τότε
701 2567 809 2611 φαμὲν
827 2566 1002 2613 γεγονέναι
1025 2565 1157 2610 χρόνον,
1177 2565 1315 2610 φανερὸν

321 2609 375 2642 ὅτι
402 2611 460 2642 οὐκ
486 2611 577 2643 ἔστιν
605 2611 680 2644 ἄνευ
704 2610 864 2648 κινήσεως
887 2612 945 2642 καὶ
963 2610 1158 2655 μεταβολῆς
1182 2610 1311 2655 χρόνος.

310 2653 390 2686 ’Ότι
414 2655 473 2698 μὲν
501 2653 556 2687 οὖν
584 2655 662 2687 οὔτε
687 2658 811 2692 κίνησις
830 2654 902 2687 οὔτ’
926 2655 1002 2687 ἄνευ
1027 2653 1185 2692 κινήσεως
1206 2656 1221 2686 ὀ
1240 2653 1317 2698 χρό-

317 2709 374 2735 νος
401 2700 487 2739 ἔστί,
513 2699 666 2743 φανερόν.

307 2798 455 2825 SYNOPSIS.
477 2811 515 2818 —
541 2805 564 2825 1.
586 2797 797 2833 Argumentum
810 2802 838 2823 et
852 2795 954 2824 divisio
975 2802 1076 2823 textus.
1099 2795 1176 2830 Quid
1191 2795 1227 2823 sit
1241 2801 1314 2823 tem-

251 2846 308 2874 pus
333 2845 393 2865 non
419 2842 531 2864 constat
557 2845 591 2864 ex
617 2835 728 2863 traditis
755 2836 791 2863 ab
819 2835 962 2872 antiquis,
992 2835 1150 2863 dicentibus
1174 2835 1254 2872 quod
1279 2834 1315 2862 sit

253 2882 351 2904 motus
368 2875 439 2904 caeli
460 2875 504 2903 vel
525 2875 587 2912 ipsa
608 2876 728 2912 sphaera
743 2874 879 2903 caelestis.
896 2890 914 2895 -
929 2882 956 2902 2.
981 2875 1090 2903 Contra
1104 2874 1227 2910 primam
1249 2874 1311 2910 opi-

252 2916 382 2944 nionem.
409 2917 436 2951 a)
459 2916 534 2944 Cum
555 2924 620 2951 pars
641 2914 832 2943 circulationis
853 2923 914 2942 non
935 2914 970 2942 sit
991 2914 1153 2949 circulatio,
1174 2913 1312 2950 temporis

253 2965 322 2984 vero
350 2965 416 2992 pars
445 2955 480 2983 sit
507 2961 635 2991 tempus,
662 2954 791 2991 sequitur
818 2954 899 2990 quod
925 2960 1038 2990 tempus
1066 2963 1126 2981 non
1153 2953 1189 2981 sit
1217 2959 1312 2981 motus

252 2995 332 3024 caeli.
355 2996 382 3030 h)
398 2996 524 3031 Insuper,
547 2994 571 3022 si
592 2994 686 3030 plures
709 3000 803 3022 essent
825 2993 903 3028 caeli,
920 2993 1015 3029 plures
1037 2999 1131 3021 essent
1151 2993 1311 3021 circulatio-

253 3044 314 3069 nes,
329 3041 357 3062 et
370 3034 452 3070 plura
474 3041 606 3070 tempora
627 3033 726 3068 simul;
749 3034 828 3069 quod
850 3039 892 3060 est
909 3032 1095 3069 impossibile.
1117 3032 1207 3060 Radix
1228 3033 1311 3060 huius

254 3073 409 3110 opinionis.
432 3089 451 3094 -—
475 3074 500 3101 3.
522 3073 688 3101 Excluditur
708 3073 796 3100 altera
816 3072 931 3108 positio.
954 3073 1021 3100 Ideo
1049 3073 1199 3108 sphaeram
1221 3072 1310 3100 caele-

253 3120 327 3141 stem
347 3119 461 3149 tempus
483 3122 544 3141 esse
566 3112 732 3146 inferebant,
749 3113 828 3149 quod
850 3111 948 3139 omnia
969 3111 998 3139 in
1019 3121 1053 3139 ea
1066 3111 1131 3146 sint,
1147 3111 1219 3139 sicut
1240 3118 1267 3139 et
1281 3111 1310 3139 in

253 3159 399 3188 tempore:
428 3161 489 3180 non
517 3152 644 3189 sequitur
664 3158 775 3186 tamen,
804 3161 871 3179 curn
899 3160 960 3179 esse
988 3151 1018 3179 in
1046 3151 1111 3179 loco
1133 3157 1160 3179 et
1181 3151 1210 3178 in
1237 3157 1309 3178 tem-

258 3200 329 3228 pore
351 3200 412 3219 non
429 3191 551 3220 univoce
579 3191 719 3220 dicantur.
740 3192 951 3228 Argumentum
971 3197 1118 3227 praeterea
1148 3196 1190 3218 est
1215 3189 1245 3217 in
1267 3199 1309 3218 se-

487 3310 492 3318 .
522 3290 696 3332 ostquam
716 3282 906 3331 inquisivit
929 3295 978 3318 an
997 3289 1148 3330 tempus
1176 3281 1231 3327 sit,
1252 3281 1312 3318 hic

330 3347 342 3357 *
377 3335 437 3385 usse)
462 3339 506 3400 ᾖξ’
523 3335 746 3384 disputative
765 3334 915 3383 inquirit
933 3334 1023 3382 quid
1043 3334 1098 3370 sit.
1120 3335 1169 3370 Et
1186 3333 1310 3382 primo

320 3420 338 3435 a
377 3384 506 3436 323&ss
522 3388 710 3435 improbat
737 3387 941 3436 positiones
974 3386 1150 3430 aliorum;
1180 3398 1311 3422 secun-

322 3456 350 3477 «ὲ
377 3430 501 3483 affiffs'
523 3440 571 3476 do
587 3439 737 3488 inquirit
751 3438 948 3487 quomodo
968 3450 1007 3474 se
1027 3438 1164 3474 habeat
1183 3438 1202 3458 ²⁸
1218 3446 1310 3474 tem-

202 3500 209 3507 '
252 3507 325 3544 pus
353 3495 373 3516 ’¹‘
401 3494 449 3531 ad
477 3499 646 3540 motum,
676 3492 739 3540 qui
770 3490 933 3539 tempori
969 3489 1310 3538 propinquissimus

1368 715 1385 734 *
1401 716 1486 752 Quid
1501 723 1607 747 autem
1626 717 1664 748 sit
1678 725 1814 758 tempus,
1832 727 1861 750 et
1875 731 1955 761 quae
1973 721 2070 762 ipsius
2092 729 2212 761 natura,
2229 722 2368 753 similiter
2391 730 2421 754 et

1436 769 1472 790 ex
1494 761 1611 792 traditis
1638 761 1884 794 immanifestum
1908 772 1963 802 est,
1988 772 2018 796 et
2040 775 2076 795 ex
2099 766 2214 806 quibus
2240 766 2421 806 attingimus

1435 805 1633 835 advenientes
1657 806 1753 845 prius.
1773 807 1912 844 Quidam
1928 809 2012 838 enim
2030 809 2127 840 totius
2151 810 2280 850 quidem
2295 817 2422 841 motum

1435 848 1560 887 dicunt;
1584 849 1635 879 alii
1658 856 1763 879 autem
1786 851 1888 890 ipsam
1911 852 2083 892 sphaeram.

1370 934 1523 971 Quamvis
1540 935 1747 967 circulationis
1763 948 1834 977 pars
1857 945 1981 979 tempus
2004 940 2166 980 quoddam
2189 947 2245 979 est,
2263 941 2421 971 circulatio

1436 985 1542 1009 autem
1565 989 1630 1009 non
1654 986 1709 1010 est.
1733 981 1806 1011 Pars
1830 982 1916 1012 enim
1939 983 2146 1014 circulationis
2170 991 2216 1015 est
2238 994 2319 1025 quae
2342 984 2422 1015 acci-

1435 1022 1530 1062 pitur,
1555 1024 1608 1053 sed
1631 1033 1696 1053 non
1722 1024 1890 1056 circulatio.

1369 1065 1517 1106 Amplius
1537 1073 1653 1105 autem,
1677 1067 1702 1097 si
1718 1069 1822 1108 plures
1846 1077 1947 1100 essent
1965 1070 2057 1109 caeli,
2081 1071 2221 1101 similiter
2244 1078 2323 1102 esset
2345 1079 2422 1103 tem-

1436 1120 1497 1159 pus
1521 1110 1685 1183 lcuiuslibet
1713 1112 1856 1151 ipsorum
1879 1120 1995 1144 motus.
2021 1114 2126 1151 Quare
2153 1115 2253 1146 multa
2279 1122 2422 1156 tempora

1437 1164 1518 1184 sunu
1534 1177 1542 1184 .

1369 1197 1387 1215 ὕ
1399 1197 1514 1228 Totius
1533 1204 1640 1228 autem
1655 1198 1785 1238 sphaera
1799 1199 1864 1229 visa
1876 1207 1920 1230 est
1936 1200 2064 1241 quidem
2080 1201 2251 1232 dicentibus
2267 1212 2332 1233 esse
2343 1210 2422 1233 tem-

1436 1252 1508 1282 pus,
1528 1241 1603 1282 quia
1625 1242 1658 1272 in
1676 1248 1818 1283 tempore
1838 1244 1944 1273 omnia
1960 1251 2043 1282 sunt,
2068 1252 2098 1275 et
2119 1245 2151 1275 in
2170 1246 2266 1276 totius
2282 1247 2420 1287 sphaera.

1436 1286 1492 1316 Est
1515 1292 1622 1316 autem
1637 1286 1761 1316 stultius
1781 1287 1870 1326 quod
1888 1287 2010 1325 dicitur,
2035 1298 2132 1328 quam
2148 1290 2235 1329 quod
2258 1297 2288 1321 et
2311 1291 2348 1320 de
2361 1290 2423 1321 hoc

1436 1330 1643 1369 impossibilia
1667 1330 1871 1361 considerare.

1369 1373 1387 1392 ‘¹⁶
1407 1374 1570 1411 Quoniam
1593 1381 1697 1404 autem
1721 1374 1844 1405 videtur
1866 1375 2001 1405 maxime
2019 1382 2126 1406 motus
2150 1386 2215 1407 esse
2239 1383 2268 1407 et
2290 1378 2423 1408 mutatio
2449 1383 2460 1394 ⁸

1437 1418 1594 1458 quaedam
1614 1425 1751 1459 tempus,
1775 1418 1836 1449 hoc
1858 1419 2120 1449 considerandum
2144 1427 2198 1451 est.
2218 1421 2423 1452 Uniuscuius-

1437 1472 1499 1502 que
1531 1462 1663 1503 quidem
1691 1462 1786 1502 igitur
1814 1463 1948 1493 mutatio
1978 1470 2008 1493 et
2036 1470 2144 1494 motus
2172 1464 2204 1494 in
2233 1464 2302 1504 ipso
2337 1466 2425 1506 quod

1435 1513 1583 1537 movetur
1606 1513 1651 1537 est
1674 1507 1794 1545 solum,
1826 1513 1880 1537 aut
1902 1507 1956 1537 ubi
1980 1506 2109 1538 fortasse
2132 1514 2178 1539 est
2203 1508 2310 1548 ipsum
2337 1510 2425 1549 quod

1436 1557 1583 1581 movetur
1610 1557 1641 1581 et
1671 1557 1891 1581 transmutans.
1920 1551 2063 1591 Tempus
2091 1558 2198 1582 autem
2229 1552 2368 1583 similiter
2396 1559 2426 1584 et

1436 1595 1555 1635 ubique
1579 1601 1609 1625 et
1631 1595 1717 1634 apud
1740 1595 1848 1625 omnia
1871 1601 1926 1626 est.

1369 1639 1387 1657 ἥ
1396 1639 1542 1679 Amplius
1554 1645 1670 1677 autem,
1681 1639 1815 1669 mutatio
1831 1639 1960 1679 quidem
1971 1639 2075 1670 omnis
2087 1640 2225 1670 velocior
2241 1647 2295 1672 aut
2308 1641 2424 1672 tardior

1436 1690 1497 1722 est;
1514 1690 1640 1723 tempus
1659 1690 1765 1714 autem
1780 1693 1845 1713 non
1862 1690 1916 1713 est.
1934 1684 2076 1714 Tardum
2091 1684 2174 1714 enim
2190 1691 2221 1715 et
2238 1685 2328 1716 velox
2347 1691 2424 1715 tern-

1435 1737 1512 1768 pore
1528 1726 1786 1758 determinantur:
1811 1727 1902 1757 velox
1921 1727 2050 1768 quidem
2072 1729 2159 1769 quod
2175 1728 2206 1758 in
2222 1739 2324 1768 pauco
2343 1729 2424 1759 mul-

1436 1778 1506 1802 tum
1525 1778 1690 1810 movetur,
1714 1771 1839 1802 tardum
1862 1778 1968 1802 autem
1983 1772 2071 1812 quod
2094 1772 2126 1802 in
2149 1772 2251 1803 multo
2275 1783 2422 1813 paucum.

1436 1816 1580 1856 Tempus
1604 1822 1710 1846 autem
1733 1826 1798 1845 non
1818 1816 2039 1847 determinatur
2061 1823 2213 1856 tempore,
2233 1827 2336 1858 neque
2358 1827 2423 1858 quo

1436 1866 1593 1901 quantum
1618 1859 1738 1900 aliquid
1757 1866 1812 1897 est,
1832 1870 1935 1900 neque
1951 1870 2016 1900 quo
2032 1860 2132 1901 quale.
2148 1860 2166 1878 ’κ’
2183 1861 2280 1898 Quod
2296 1861 2425 1901 quidem

1435 1904 1531 1944 igitur
1553 1914 1619 1934 non
1636 1910 1682 1934 est
1696 1910 1814 1942 motus,
1831 1903 2033 1934 manifestum
2057 1911 2111 1935 est.
2131 1905 2217 1935 Nihil
2237 1911 2343 1935 autem
2366 1905 2424 1935 dif-

1436 1948 1513 1979 ferat
1536 1948 1628 1978 nobis
1647 1948 1748 1978 dicere
1767 1948 1799 1977 in
1815 1948 1968 1988 praesenti
1990 1955 2116 1978 motum
2136 1955 2190 1979 aut
2204 1949 2422 1980 mutationem.

1370 1991 1385 2008 *
1400 1995 1443 2023 At
1465 2002 1551 2031 vero,
1576 2002 1679 2033 neque
1702 1992 1767 2022 sine
1791 1999 1882 2022 motu
1901 1998 2027 2032 tempus
2051 1999 2105 2023 est.
2131 1993 2215 2023 Cum
2239 1993 2323 2023 enim
2345 1993 2423 2023 nihil

1435 2036 1495 2077 ipsi
1524 2043 1686 2067 mutamur
1709 2036 1884 2066 secundum
1908 2036 2163 2077 intelligentiam,
2192 2043 2246 2067 aut
2267 2037 2341 2068 latet
2366 2047 2424 2067 nos

1436 2081 1562 2119 mutari,
1582 2090 1647 2110 non
1661 2080 1784 2111 videtur
1804 2081 1894 2110 nobis
1913 2079 1979 2111 fieri
1998 2088 2140 2121 tempus;
2166 2081 2245 2112 sicut
2260 2091 2361 2122 neque
2377 2081 2424 2111 his

1437 2125 1492 2166 qui
1515 2125 1548 2155 in
1563 2125 1662 2155 Sardo
1682 2124 1861 2155 fabulantur
1875 2125 2011 2155 dormire
2025 2125 2110 2165 apud
2126 2126 2257 2164 Heroas,
2279 2136 2351 2156 curn
2375 2135 2426 2155 ex-

1436 2169 1663 2210 pergiscuntur.
1685 2169 1847 2209 Copulant
1875 2169 1959 2199 enim
1987 2169 2127 2209 primum
2149 2179 2233 2200 nunc
2261 2169 2424 2210 posteriori

1436 2223 1540 2252 nunc,
1565 2219 1595 2243 et
1617 2222 1720 2243 unum
1743 2213 1874 2251 faciunt,
1898 2220 2093 2244 removentes
2116 2220 2243 2254 propter
2265 2213 2425 2244 insensibi-

1435 2257 1555 2287 litatem
1578 2257 1729 2287 medium.
1754 2257 1798 2287 Ut
1819 2257 1913 2297 igitur
1935 2257 1960 2287 si
1984 2268 2050 2288 non
2073 2264 2152 2288 esset
2174 2258 2306 2288 alterum
2329 2268 2424 2298 nunc,

1437 2301 1492 2331 sed
1513 2301 1598 2331 idem
1622 2307 1652 2331 et
1675 2311 1796 2340 unum,
1821 2311 1885 2331 non
1910 2308 1989 2332 esset
2011 2309 2153 2342 tempus;
2178 2302 2220 2332 sic
2244 2309 2274 2333 et
2296 2303 2423 2343 quando

1436 2345 1510 2376 latet
1532 2345 1666 2375 alterum
1689 2355 1765 2383 esse,
1789 2355 1855 2375 non
1877 2346 2000 2376 videtur
2018 2347 2106 2387 quod
2126 2346 2268 2376 medium
2291 2353 2336 2377 est
2359 2357 2424 2377 esse

1437 2397 1572 2430 tempus
1598 2389 1630 2420 Si
1653 2389 1747 2428 igitur
1770 2389 1892 2428 opinari
1915 2400 1980 2420 non
2004 2401 2069 2421 esse
2092 2397 2229 2431 tempus,
2253 2397 2327 2421 tunc
2350 2391 2425 2421 acci-

1437 2433 1482 2464 dit
1504 2433 1605 2471 nobis,
1630 2443 1704 2463 cum
1727 2443 1792 2463 non
1817 2432 1983 2464 definimus
2006 2445 2064 2465 nec
2087 2445 2184 2465 unam
2202 2435 2422 2473 mutationem,

1436 2478 1491 2508 sed
1510 2477 1542 2507 in
1559 2487 1624 2508 uno
1643 2476 1821 2507 indivisibili
1845 2478 1967 2508 videtur
1988 2479 2093 2509 anima
2111 2486 2254 2517 manere,
2275 2489 2348 2509 cum
2370 2489 2423 2509 au-

1436 2529 1500 2552 tem
1525 2521 1677 2552 sentimus
1693 2527 1723 2551 et
1739 2521 1994 2561 determinamus,
2014 2529 2089 2553 tunc
2113 2523 2245 2553 dicimus
2261 2522 2326 2553 fieri
2345 2530 2422 2553 tem-

1436 2574 1510 2606 pus:
1545 2565 1746 2596 manifestum
1770 2572 1816 2596 est
1841 2567 1930 2606 quod
1953 2577 2018 2596 non
2042 2573 2088 2597 est
2115 2567 2180 2597 sine
2208 2573 2298 2597 motu
2321 2577 2423 2607 neque

1435 2610 1610 2640 mutatione
1634 2616 1768 2649 tempus,
1793 2609 1811 2627 ἦ
1826 2610 1923 2647 Quod
1945 2610 2039 2650 igitur
2062 2621 2164 2651 neque
2187 2617 2294 2641 motus
2321 2620 2423 2651 neque

1436 2654 1501 2684 sine
1525 2661 1615 2685 motu
1631 2661 1756 2694 tempus
1780 2660 1836 2693 est,
1859 2654 2062 2685 manifestum
2078 2662 2133 2686 est.

1367 2796 1462 2823 cunda
1483 2795 1573 2832 figura
1596 2805 1630 2823 ex
1649 2796 1760 2823 duabus
1780 2792 1965 2823 affirmativis.
1988 2795 2109 2823 Stultitia
2130 2795 2213 2823 huius
2234 2795 2385 2832 opinionis·
2402 2811 2421 2816 -

1366 2844 1394 2869 4.
1409 2836 1537 2871 Tempus
1551 2844 1612 2863 non
1627 2841 1669 2862 est
1683 2841 1778 2863 motus
1793 2835 1836 2862 vel
1851 2835 1981 2863 mutatio.
1996 2837 2024 2870 α)
2040 2835 2115 2870 Quia
2129 2842 2170 2863 est
2183 2834 2288 2872 ubique
2303 2841 2330 2862 et
2343 2834 2420 2870 apud

1367 2874 1480 2909 omnia,
1506 2883 1572 2902 cum
1594 2874 1714 2902 mutatio
1737 2881 1764 2902 et
1788 2881 1883 2902 motus
1905 2874 1960 2902 sint
1981 2875 2074 2903 solum
2095 2875 2124 2902 in
2147 2880 2352 2908 transmutato,
2376 2874 2420 2901 vel

1366 2913 1451 2942 etiam
1469 2913 1499 2941 in
1513 2914 1578 2942 loco
1599 2913 1779 2942 transmutati
1801 2920 1828 2941 et
1848 2914 2070 2942 transmutantis.
2085 2931 2104 2935 -
2121 2914 2145 2941 5.
2161 2915 2188 2949 17)
2210 2913 2285 2948 Quia
2307 2919 2420 2949 tempus

1366 2962 1426 2981 non
1447 2960 1489 2981 est
1516 2954 1599 2981 velox
1620 2959 1669 2981 aut
1689 2954 1818 2988 tardum,
1841 2953 1913 2981 sicut
1933 2960 2028 2981 motus
2050 2959 2078 2981 et
2098 2952 2232 2981 mutatio:
2262 2962 2321 2980 non
2342 2952 2419 2980 enim

1365 2999 1478 3029 tempus
1502 3001 1519 3021 a
1533 2999 1663 3029 tempore
1685 2992 1904 3027 determinatur3
1926 2993 2006 3029 quod
2027 2999 2122 3020 tamen
2143 2992 2275 3021 convenit
2288 2991 2377 3020 veloci
2392 2998 2420 3019 et

1364 3033 1456 3060 tardo.
1472 3049 1491 3053 —
1506 3033 1533 3060 6.
1555 3033 1683 3068 Tempus
1705 3041 1764 3059 non
1779 3041 1840 3060 esse
1862 3031 1922 3059 sine
1937 3038 2019 3059 motu
2033 3031 2192 3060 ostenditur
2206 3041 2238 3059 ex
2253 3032 2317 3066 hoc,
2340 3031 2419 3067 quod

1365 3072 1482 3108 quando
1513 3072 1580 3099 latet
1601 3071 1747 3099 diversitas
1768 3071 1893 3099 duorum
1919 3080 2012 3105 nunc,
2034 3080 2095 3098 non
2114 3070 2286 3107 percipimus
2306 3077 2418 3105 tempus

1364 3111 1500 3146 medium,
1515 3117 1547 3139 ut
1567 3117 1644 3147 patet
1665 3110 1694 3138 in
1715 3111 1748 3138 iis
1770 3110 1819 3147 qui
1833 3111 1960 3138 fabulose
1975 3110 2107 3138 dicuntur
2127 3110 2252 3137 dormire
2271 3110 2348 3145 apud
2369 3110 2418 3136 he-

1363 3160 1444 3178 roas:
1467 3157 1535 3178 tunc
1555 3157 1651 3178 autem
1673 3150 1826 3186 opinamur
1854 3156 1966 3186 tempus
1988 3159 2066 3184 esse,
2095 3149 2211 3185 quando
2232 3157 2416 3176 numeramus

1363 3196 1476 3218 motum
1497 3196 1547 3218 aut
1567 3189 1764 3218 mutationem.
1786 3205 1805 3210 —
1827 3189 1991 3217 Conclusio.

1366 3281 1526 3328 videtur,
1542 3281 1609 3318 ibi:
1635 3281 1819 3322 Quoniam
1834 3286 1956 3316 autem
1970 3280 2114 3316 videtur
2131 3278 2296 3314 maxime
2310 3278 2330 3298 *
2347 3284 2413 3314 etc.

1368 3334 1475 3370 Circa
1502 3333 1669 3382 primum
1698 3333 1773 3369 duo
1802 3332 1905 3368 facit:
1939 3331 2062 3379 primo
2090 3330 2196 3379 ponit
2219 3330 2415 3378 opiniones

1366 3386 1526 3422 aliorum
1547 3386 1594 3422 de
1613 3393 1782 3433 ternpore
1801 3390 1833 3428 ας
1855 3383 2022 3420 secundo
2042 3383 2231 3431 improbat
2250 3394 2324 3431 eas,
2346 3383 2413 3420 ibi:

1370 3439 1549 3480 Quamvis
1579 3436 1826 3474 circulationis
1855 3438 1872 3454 '³‘
1903 3442 1969 3472 etc.

1418 3490 1639 3537 Dicitergo
1676 3488 1799 3537 primo
1837 3487 1940 3535 quod
1969 3486 2058 3535 quid
2095 3487 2156 3536 sit¹
2175 3494 2349 3536 tempus,
2380 3495 2415 3525 et

308 3628 335 3661 α)
350 3627 485 3659 opiniones
498 3626 610 3651 aliorum
625 3625 657 3650 de
676 3628 801 3656 tempore.
814 3637 832 3644 -
846 3623 896 3648 Pro
910 3623 1052 3655 opiniones,
1066 3622 1214 3654 opinionem
1233 3622 1307 3646 codd.
1326 3629 1379 3646 exc.
1393 3622 1592 3652 BEGHLMNS;
1611 3621 1724 3645 aliorum
1744 3620 1776 3644 de
1794 3622 1909 3651 tempore
1923 3627 1975 3644 om.
1988 3619 2072 3645 PEab.
2085 3633 2103 3638 —
2115 3628 2163 3653 pro
2175 3627 2227 3651 eas,
2243 3628 2299 3646 eam
2315 3621 2378 3645 DFI.

2448 730 2459 741 ⁸
2474 730 2527 758 Seq.
2542 736 2592 758 cap.
2609 737 2624 752 x
2638 735 2661 753 et

2448 760 2502 778 text.
2517 762 2551 784 93.

2447 1205 2458 1216 ⁸
2473 1204 2539 1226 Text.
2555 1211 2593 1233 94.

2474 1383 2540 1405 Text.
2554 1389 2589 1411 95.

2451 1642 2459 1650 ·
2474 1641 2540 1663 Text.
2555 1641 2592 1669 96.

2450 1860 2460 1870 ¹*
2475 1859 2540 1880 Text.
2555 1865 2591 1887 97.

2450 1997 2461 2007 ⁸
2475 1996 2530 2024 Cap.
2541 2002 2571 2017 xi.

2449 2617 2459 2628 ⁸
2474 2616 2540 2638 Text.
2555 2616 2591 2644 98.

2442 3288 2453 3298 ⁸
2467 3287 2537 3309 Num.
2551 3294 2574 3313 4.

2442 3448 2452 3458 ¹*
2467 3447 2536 3469 Num.
2551 3454 2600 3475 seq.
