2950 4004
250 2827 259 2835 ·
274 2830 353 2845 eorum
368 2823 419 2845 add.
433 2828 462 2844 m

249 2857 303 2872 nun.

248 2879 268 2888 ·“
290 2878 351 2898 Lect.
366 2882 404 2903 vu,
414 2882 437 2897 n.
450 2881 461 2897 2

250 2910 314 2931 seqq.

250 2989 258 2997 ‘¹
273 2987 344 3008 Num.
359 2992 407 3013 seq.

250 3041 258 3049 ·
273 3039 336 3068 quod
350 3045 398 3061 om.
410 3038 460 3060 rab.

249 3195 260 3204 ⁴¹
276 3193 338 3215 Lect.
353 3200 374 3220 xr
390 3199 414 3215 n.
427 3199 448 3222 3.

255 3248 262 3255 ·
279 3246 348 3267 eliam
363 3246 416 3267 add.
426 3252 448 3267 n.

253 3273 275 3283 ¹⁶*
290 3273 313 3293 in
329 3272 380 3294 add.
395 3279 463 3294 prim.

487 298 557 333 142

1112 287 1457 325 PHYSICORUM
1482 288 1830 326 ARISTOTELIS
1860 289 1953 326 LIB.
1983 289 2032 326 111

1089 503 1391 561 LECTIO
1427 504 2061 563 DECIMATERTIA

537 660 800 696 SOLVUNTUR
823 662 1039 696 RATIONES
1063 664 1182 702 QUAE
1205 663 1331 696 LECT.
1354 664 1412 697 VII
1435 664 1777 698 INDUCEBANTUR
1806 666 1864 698 AD
1889 667 2216 700 OSTENDENDUM
2240 669 2363 708 QUOD
2388 662 2619 707 1NF1N1TUM
2658 704 2659 707 ,

1003 725 1096 757 NON
1120 726 1267 758 SOLUM
1290 714 1426 758 SIT-'IN
1449 726 1674 758 POTENTIA
1695 727 1774 759 SED
1797 728 1935 760 ETIAM
1959 729 2002 760 IN
2025 730 2146 762 ACTU

486 863 613 895 Λοιπὸν
638 858 666 894 δ’
696 862 845 896 ἐπελθεῖν
877 862 951 895 καθ’
980 865 1034 902 οὓς
1066 864 1187 911 λόγους
1219 865 1261 897 τό
1293 864 1429 919 ἄπειρον
1462 863 1548 898 εἶναι
1573 866 1577 906 Ι
1601 867 1619 887 *
1641 869 1814 910 Reliquum
1841 878 1947 902 autern
1979 879 2025 904 est
2056 874 2182 915 aggredi
2209 876 2386 908 secundum
2418 888 2497 919 quas
2527 878 2664 910 rationes
2689 877 2903 906 *opalus-n.
2924 904 2927 906 .

553 903 646 939 δοκεῖ
669 908 706 940 οὗ
739 907 838 952 μόνον
869 903 1030 952 δυνάμει,
1064 907 1136 942 ἀλλ’
1163 911 1205 948 ὠς
1236 910 1474 954 ἀφωρισμένον·
1502 910 1550 943 τοὶ

553 951 612 995 μὲν
629 952 694 998 γάρ
712 950 804 984 ἐστιν
823 952 937 984 αὐτῶν
956 953 1015 985 οὐκ.
1034 953 1219 1000 ἀναγκαῖα,
1240 954 1288 987 τοὶ
1306 954 1336 988 δ’
1363 955 1432 1000 ἔχει
1453 955 1548 993 τινας

553 994 671 1039 ἐτέρας
698 995 831 1034 ἀληθεῖς
858 996 1080 1035 ἀπαντήσεις.

1668 913 1829 945 infinitum
1852 925 1918 946 esse
1941 916 2066 948 videtur
2091 928 2158 949 non
2181 919 2288 950 solum
2307 921 2464 961 potentia,
2484 923 2539 953 sed
2554 929 2590 954 ut
2612 923 2664 954 de-

1668 958 1880 990 terminatum.
1905 959 1976 991 Alia
2007 961 2094 992 enim
2111 962 2256 1002 ipsorum
2279 974 2346 995 non
2369 966 2541 998 necessaria
2569 974 2663 1007 sunt;

1669 1002 1729 1032 alia
1751 1013 1826 1033 vero
1850 1003 1966 1035 habent
1989 1005 2143 1045 quasdam
2165 1017 2253 1038 veras
2277 1009 2519 1041 contrarietates.

486 1040 573 1072 Οὔτε
598 1040 743 1095 γάρνῖνα
769 1041 789 1077 ἡ
815 1040 941 1095 γένεσις
967 1041 1013 1085 μή
1040 1041 1197 1086 ἐπιλείπῃ
1211 1066 1220 1083 ,
1248 1044 1434 1098 ἀναγκαῖον
1465 1044 1549 1087 ὲνερ-
1602 1045 1714 1087 Neque
1737 1047 1823 1077 enim
1841 1054 1877 1078 ut
1898 1049 2057 1088 generatio
2080 1059 2147 1080 non
2170 1050 2302 1090 deficiat,
2319 1053 2528 1084 necessarium
2549 1061 2595 1086 est
2616 1055 2663 1086 in-

553 1087 629 1130 γείᾳ
657 1096 792 1129 απειρον
827 1096 911 1116 ειναι
942 1087 1039 1129 σῶμα
1072 1085 1249 1124 αἰσθητόν·
1275 1087 1453 1133 ἐνδέχεται
1482 1088 1547 1133 γάρ

553 1128 619 1164 τήν
644 1127 788 1172 θατέρου
813 1128 936 1173 φθοροὶν
961 1128 1105 1172 θατέρου
1131 1127 1216 1163 εἶναι
1240 1132 1383 1178 γένεσιν,
1402 1143 1551 1176 πεπερα-

553 1172 674 1216 σμένου
701 1173 797 1210 ὄντος
822 1174 884 1205 τοῦ
911 1174 1053 1212 παντός.

478 1216 555 1249 Ἔτι
580 1216 621 1248 τὸ
647 1215 817 1249 ἅπτεσθαι
847 1218 906 1248 καὶ
937 1218 978 1251 τό
1010 1217 1220 1263 πεπεράνθαι
1252 1218 1377 1263 ἕτερον.
1415 1219 1460 1250 Τὸ
1490 1219 1549 1262 μὲν

551 1260 616 1305 γσὶρ
643 1261 722 1305 πρός
749 1272 783 1293 τι
807 1264 865 1293 καὶ
891 1262 982 1300 τινός
1002 1262 1174 1307 (ἅπτεται
1190 1263 1254 1309 γοὶρ
1273 1265 1340 1296 πᾶν
1360 1263 1471 1306 τινός)
1488 1265 1547 1294 καὶ

552 1305 618 1336 τῶν
644 1301 907 1349 πεπερασμέῗνων
939 1308 1005 1339 τινὶ
1037 1306 1241 1351 συμβέβηκε·
1268 1307 1309 1339 τό
1334 1304 1371 1339 δέ
1403 1319 1550 1352 πεπερα-

552 1349 671 1391 σμένον
699 1350 736 1381 οὐ
762 1349 843 1394 πρός
875 1363 930 1393 τι,
959 1347 1027 1382 οὐδ’
1059 1350 1208 1395 ἅψασθαι
1233 1353 1280 1393 τῷ
1311 1350 1452 1397 τυχόντι
1486 1352 1548 1384 τοῦ

553 1393 719 1439 τυχόντος
745 1393 849 1427 ἔστιν.

556 1432 594 1468 δὲ
624 1438 668 1479 τῇ
702 1437 816 1474 νοήσει
849 1438 1022 1471 πιστεύειν
1054 1439 1196 1472 ἅτοποψ
1231 1439 1268 1472 οὗ
1299 1439 1363 1486 γάρ
1398 1439 1454 1471 ἐπὶ
1486 1440 1549 1471 τοῦ

554 1481 755 1527 πράγματος
782 1484 802 1519 ἡ
830 1482 980 1529 ὑπεροχή
1004 1486 1061 1515 καὶ
1088 1484 1108 1520 ἡ
1134 1483 1288 1527 ἔλλειψις,
1318 1482 1389 1516 ἀλλ’
1413 1483 1468 1515 ἐπὶ
1485 1484 1548 1521 τῆς

552 1525 709 1564 νοήσεως.
741 1526 909 1559 Ἕκαστον
935 1527 982 1573 γοί
1026 1528 1117 1569 ἡμῶν
1150 1527 1300 1564 νοήσειεν
1327 1528 1365 1559 ἄν
1392 1538 1442 1564 τις
1469 1529 1551 1559 πολ-

551 1570 744 1602 λαπλάσιον
776 1572 902 1604 ἑαυτοῦ
936 1538 1045 1611 αὔξων
1071 1572 1115 1609 εἰς
1142 1571 1292 1616 ἄπειρον·
1320 1571 1395 1604 ἀλλ’
1425 1571 1463 1602 οὐ
1489 1567 1548 1604 Stoi

552 1615 658 1646 τοῦτο
695 1613 756 1655 ἔξω
786 1616 848 1647 τοῦ
883 1615 1003 1652 ἄστεός
1034 1618 1083 1653 τίς
1116 1614 1206 1648 ἐστιν
1233 1615 1254 1652 ἦ
1281 1617 1342 1649 τοῦ
1368 1612 1547 1652 τηλικοῦδε

551 1657 710 1711 μεγέθους
737 1659 753 1690 ὃ
778 1659 911 1705 ἔχομεν,
931 1658 983 1692 ὅτι
1003 1664 1071 1692 νοεῖ
1088 1671 1151 1701 τις,
1173 1659 1244 1693 ἀλλ’
1264 1659 1319 1694 ’ὅτι
1337 1661 1420 1694 ἐστί·
1442 1661 1548 1693 τοῦτο

553 1702 590 1734 ὸέ
614 1702 834 1746 συμβέβηκεν.

483 1745 519 1774 ‘0
543 1741 580 1779 δὲ
603 1747 720 1792 χρόνος
750 1750 806 1780 καὶ
833 1749 853 1785 ἡ
878 1751 1002 1786 κίνησις
1036 1748 1160 1792 ἄπειροί
1185 1749 1278 1789 ἐστι,
1309 1751 1366 1781 καὶ
1392 1751 1412 1786 ή
1438 1749 1548 1787 νόησις

552 1789 616 1835 οὐχ
641 1791 868 1835 ὑπομένοντος
893 1794 956 1825 τοῦ
980 1793 1254 1837 λαμβανομένου.
1428 1807 1431 1813 ·

484 1833 631 1882 Μέγεθος
650 1831 687 1867 δὲ
704 1836 783 1869 οὔτε
800 1838 844 1879 τῇ
866 1836 1057 1882 καθαιρέσει
1079 1837 1159 1869 οὔτε
1177 1838 1223 1879 τῇ
1241 1838 1384 1880 νοητικῇ
1407 1836 1549 1879 αὐξήσει

553 1880 644 1911 ἐστὶν
671 1880 820 1925 ἄπειρον.
854 1881 963 1913 Ἀλλοί
987 1883 1059 1925 περὶ
1092 1881 1151 1926 μὲν
1184 1883 1248 1925 μοῦ
1280 1882 1440 1926 ἀπείρου,
1476 1884 1544 1920 πῶς

553 1924 624 1962 ἐστὶ
649 1926 707 1956 καὶ
732 1926 798 1962 πῶς
826 1922 884 1957 οὐκ.
911 1925 997 1967 ἔστι,
1021 1927 1079 1957 καὶ
1105 1929 1138 1958 τί
1164 1924 1270 1967 ἐστιν,
1296 1928 1438 1971 εἴρηται.

487 1435 532 1468 Τὸ

540 2041 680 2070 ΞΥΝοΡειε
698 2057 731 2062 —
753 2050 776 2069 1.
804 2039 1015 2077 Argumentum
1037 2045 1064 2067 et
1085 2038 1186 2068 divisio
1208 2042 1309 2067 textus.
1331 2055 1350 2060 —
1372 2044 1398 2067 2.
1421 2035 1547 2067 Solvitur

486 2081 568 2117 ratio,
585 2091 643 2118 qua
664 2081 890 2109 concludebatur
916 2079 1060 2108 infinitum
1083 2088 1159 2114 esse,
1185 2079 1208 2107 si
1229 2078 1376 2116 generatio
1397 2088 1548 2116 nunquam

486 2121 589 2149 deficit.
605 2121 684 2149 Haec
704 2118 782 2148 enirn
803 2119 876 2148 ratio
897 2120 992 2148 solum
1021 2118 1166 2147 concludit
1196 2119 1276 2156 quod
1297 2118 1332 2146 sit
1352 2118 1497 2147 infinitum
1518 2118 1549 2146 in

485 2161 623 2198 potentia,
639 2169 713 2197 quae
734 2159 892 2188 successive
906 2158 1050 2187 reducitur
1070 2158 1100 2186 in
1115 2165 1225 2194 actum;
1248 2167 1308 2187 non
1329 2164 1426 2186 autem
1440 2159 1544 2195 probat

487 2201 567 2238 quod
588 2201 623 2228 sit
644 2199 837 2228 necessarium
858 2208 966 2235 ponere
987 2198 1104 2235 aliquod
1126 2208 1231 2235 corpus
1251 2197 1394 2226 infinitum
1415 2198 1446 2226 in
1467 2204 1548 2232 actu,

487 2249 520 2268 ex
542 2249 601 2277 quo
622 2249 736 2276 semper
756 2239 901 2276 generatio
930 2239 979 2266 fiat
1000 2238 1083 2275 quasi
1104 2247 1155 2274 per
1183 2237 1404 2266 abstractionem
1430 2237 1549 2265 alicuius

486 2279 590 2316 partis;
612 2288 680 2307 nam
701 2278 846 2316 generatio
868 2278 898 2306 in
919 2278 1063 2306 infinitum
1085 2278 1187 2306 durare
1204 2283 1299 2314 potest
1320 2286 1371 2314 per
1391 2277 1448 2305 hoc
1469 2277 1550 2314 quod

487 2319 635 2356 corruptio
656 2319 741 2347 unius
763 2325 805 2346 est
830 2318 977 2355 generatIO
1005 2317 1129 2345 alterius.
1146 2334 1164 2339 —
1181 2318 1206 2345 3.
1228 2317 1353 2345 Solvitur
1379 2316 1453 2345 ratio
1475 2325 1550 2353 quae

487 2360 654 2387 sumebatur
674 2368 707 2387 ex
721 2364 801 2395 parte
815 2364 973 2393 contactus,
989 2357 1070 2394 quasi
1085 2364 1231 2393 oporteret
1246 2357 1326 2394 quod
1340 2366 1428 2385 omne
1442 2362 1551 2384 tactum

486 2399 522 2427 ab
544 2408 604 2426 uno
625 2405 723 2435 tangat
743 2398 821 2426 aliud
842 2398 871 2426 in
893 2397 1046 2425 infinitum.
1070 2398 1127 2424 Sed
1148 2397 1226 2425 aliud
1247 2403 1289 2424 est
1309 2396 1396 2434 tangi,
1416 2395 1494 2424 aliud
1515 2395 1549 2423 fi-

485 2438 556 2473 niri;
571 2438 648 2475 tangi
670 2438 747 2466 enim
769 2444 796 2466 et
817 2437 923 2466 includi
945 2437 1048 2465 dicitur
1067 2443 1198 2473 respectu
1219 2436 1342 2472 alterius,
1365 2436 1416 2464 sed
1437 2435 1550 2463 finitum

487 2477 590 2506 dicitur
610 2478 750 2513 absolute,
772 2477 944 2514 inquantum
965 2486 1017 2513 per
1037 2476 1171 2513 proprios
1192 2476 1330 2504 terminos
1357 2475 1465 2512 aliquid
1486 2475 1549 2503 fini-

486 2524 549 2545 tum
571 2524 612 2546 est
633 2517 663 2545 in
684 2518 789 2553 seipso.
805 2519 864 2545 Nec
879 2523 992 2553 oportet
1014 2517 1094 2553 quod
1115 2525 1203 2544 omne
1218 2522 1325 2544 tactum
1347 2516 1383 2544 ab
1405 2524 1465 2543 uno
1486 2521 1549 2543 tan-

487 2564 535 2594 gat
555 2557 641 2593 aliud,
655 2564 686 2585 ut
707 2557 747 2585 sic
768 2557 940 2593 procedatur
961 2556 990 2584 in
1013 2556 1166 2584 infinitum.
1181 2572 1199 2577 —
1213 2565 1243 2591 4.
1259 2555 1385 2584 Solvitur
1404 2554 1478 2583 ratio
1499 2563 1550 2591 per

622 2666 926 2707 ;„-;;¹·u‚.ostquam
963 2657 1219 2705 Philosophus
1255 2667 1324 2704 per
1361 2654 1546 2691 definitio-

561 2710 582 2749 ξ’
610 2702 680 2760 (ej)
708 2715 840 2748 <anem
878 2710 1012 2747 infiniti
1050 2708 1252 2756 assignavit
1285 2707 1448 2744 rationes
1484 2719 1547 2743 eo-

609 2760 638 2766 ””
676 2764 836 2833 Ὓωῐῐι
873 2775 971 2811 quae
1007 2762 1053 2799 de
1082 2761 1228 2798 infinito
1263 2760 1457 2808 dicuntur,
1485 2760 1547 2796 hic

556 2844 580 2851 ψ
641 2849 647 2862 .,
698 2804 736 2849 'ff
751 2816 862 2853 solvit
889 2815 1052 2852 rationes
1074 2815 1092 2835 *
1113 2826 1210 2863 quae
1239 2826 1352 2862 supra
1378 2814 1421 2835 ³²⁸*
1445 2813 1546 2862 posi-

487 2878 546 2907 tae
567 2877 652 2907 sunt
671 2869 720 2906 ad
739 2868 1018 2906 ostendendum
1037 2867 1225 2904 infinitum
1246 2879 1338 2903 esse.
1357 2867 1405 2903 Et
1422 2866 1548 2915 primo

489 2923 577 2960 dicit
597 2923 643 2960 de
663 2935 740 2971 quo
761 2930 817 2959 est
843 2921 1019 2966 intentio;
1040 2919 1209 2958 seeundo
1241 2919 1435 2968 exequitur
1461 2931 1549 2968 pro-

487 2976 666 3025 positum,
687 2975 757 3012 ibi:
778 2975 913 3023 Neque
931 2974 1029 3011 enim
1050 2979 1090 3011 ut
1105 2973 1299 3023 generatio
1318 2973 1338 2994 ’¹‘
1358 2980 1426 3009 ete.
1451 2972 1551 3009 Dicit

490 3041 578 3077 ergo
598 3028 722 3077 primo
743 3027 848 3076 quod
869 3029 888 3050 ³¹²
907 3034 994 3076 post
1020 3040 1064 3064 ea
1084 3039 1181 3075 quae
1207 3025 1304 3063 dicta
1324 3033 1410 3062 sunt
1430 3025 1476 3062 de
1496 3025 1549 3061 in-

489 3082 617 3129 finito,
648 3081 833 3129 reliquum
871 3088 926 3117 est
959 3080 1106 3118 solvere
1144 3079 1306 3116 rationes
1338 3077 1549 3115 secundum

489 3147 583 3184 quas
615 3134 814 3171 videbatur
851 3133 997 3170 ostendi
1030 3133 1134 3182 quod
1167 3131 1357 3168 infinitum
1390 3132 1436 3168 sit
1472 3143 1550 3167 non

490 3189 614 3225 solum
635 3187 672 3224 in
699 3187 882 3236 potentia,
903 3186 997 3223 sicut
1016 3198 1129 3235 supra
1149 3185 1169 3206 *
1191 3184 1547 3230 determinavimus,

490 3241 556 3278 sed
578 3242 596 3260 ⁴³
617 3240 722 3289 quod
741 3240 787 3277 sit
805 3240 843 3276 in
864 3247 960 3286 actu,
983 3239 1078 3276 sicut
1099 3239 1140 3259 *³¹⁸
1160 3250 1204 3274 ea
1223 3249 1321 3286 quae
1341 3245 1427 3274 sunt
1445 3237 1550 3274 finita

491 3301 525 3331 et
563 3293 821 3331 determinata.
851 3292 1010 3342 Aliquae
1041 3291 1141 3329 enirn
1179 3291 1325 3327 illarum
1361 3290 1549 3327 rationum

490 3359 568 3383 non
598 3347 827 3384 concludunt
856 3358 901 3382 ex
928 3345 1160 3391 necessitate,
1182 3343 1249 3381 sed
1278 3351 1364 3380 sunt
1390 3342 1551 3380 totaliter

492 3400 624 3444 falsae3
654 3399 800 3448 aliquae
826 3406 954 3436 autem
983 3411 1115 3435 earum
1145 3409 1189 3434 ex
1215 3396 1339 3446 aliqua
1362 3403 1467 3445 parte
1487 3408 1550 3433 ve-

492 3463 576 3487 rum
597 3452 835 3489 concludunt.

1668 1089 1794 1121 finitum
1811 1101 1876 1122 esse
1901 1099 1972 1123 actu
1987 1093 2133 1124 sensibile
2149 1104 2275 1134 corpus.
2296 1095 2460 1137 Contingit
2481 1098 2567 1129 enim
2591 1099 2664 1130 alte-

1669 1134 1734 1165 rius
1767 1135 2004 1176 corruptionem
2038 1137 2164 1168 alterius
2196 1139 2433 1179 generationem
2467 1151 2533 1172 esse
2546 1164 2556 1180 ,
2591 1152 2664 1174 curn

1669 1188 1766 1209 omne
1788 1178 1915 1210 finitum
1934 1180 1983 1211 sit.

1602 1222 1619 1242 *
1634 1223 1782 1262 Amplius
1801 1223 1886 1263 tangi
1910 1231 1940 1255 et
1963 1223 2044 1255 finiri
2077 1225 2211 1256 alterum
2243 1233 2299 1258 est.
2325 1227 2398 1258 Hoc
2425 1228 2556 1269 quidem
2580 1229 2665 1261 enim

1669 1267 1710 1296 ad
1732 1266 1852 1307 aliquid
1876 1274 1906 1298 et
1925 1268 2089 1299 cuiusdam
2113 1267 2226 1311 (tangit
2241 1271 2327 1302 enim
2350 1271 2470 1313 aliquid
2488 1272 2611 1316 omne),
2635 1281 2666 1306 et

1669 1310 1833 1341 finitorum
1857 1311 1949 1342 alicui
1971 1312 2098 1343 accidit:
2121 1313 2249 1345 finitum
2271 1322 2378 1346 autem
2401 1326 2467 1348 non
2489 1318 2529 1348 ad
2546 1317 2666 1359 aliquid

1670 1361 1726 1392 est,
1750 1365 1853 1396 neque
1873 1362 1998 1396 tangere
2022 1357 2158 1388 cuiusvis
2182 1359 2318 1399 quodvis
2343 1366 2398 1391 est.

1602 1442 1619 1461 '¹‘
1636 1442 1859 1482 Intelligentiae
1883 1450 1990 1474 autem
2014 1445 2137 1476 credere
2160 1445 2385 1478 inconveniens
2409 1455 2464 1480 est.
2483 1449 2558 1480 Non
2581 1449 2667 1481 enim

1669 1486 1702 1516 in
1726 1497 1758 1517 re
1782 1487 1974 1518 abundantia
1997 1495 2028 1519 et
2051 1488 2189 1520 defectus
2213 1498 2276 1530 est,
2309 1492 2364 1522 sed
2387 1492 2419 1523 in
2451 1493 2665 1534 intelligentia.

1670 1531 1942 1573 Unumquemque
1965 1532 2051 1563 enim
2074 1540 2220 1565 nostrum
2247 1535 2398 1576 intelliget
2420 1537 2530 1578 utique
2553 1538 2667 1580 aliquis

1670 1575 1880 1616 multiplicem
1903 1576 2019 1616 seipso,
2035 1585 2242 1618 augmentans
2265 1579 2298 1610 in
2320 1578 2497 1612 infinitum:
2522 1582 2578 1613 sed
2599 1593 2667 1614 non

1670 1627 1798 1660 propter
1820 1620 1883 1651 hoc
1899 1627 1982 1651 extra
2005 1621 2124 1662 aliquid
2147 1629 2204 1660 est,
2220 1630 2276 1654 aut
2294 1630 2378 1654 extra
2399 1631 2519 1656 tantam
2644 1627 2652 1634 “

1670 1664 1814 1695 tudinem
1828 1674 1927 1705 quarn
1949 1665 2114 1704 habemus,
2130 1667 2275 1707 quamvis
2297 1667 2443 1709 intelligit
2457 1669 2586 1712 aliquis:
2611 1670 2668 1702 sed

1669 1708 1824 1749 quoniam
1848 1716 1904 1748 est,
1929 1709 1990 1740 hoc
2014 1709 2134 1741 accidit.

1603 1752 1748 1792 Tempus
1764 1759 1870 1783 autem
1894 1759 1925 1783 et
1947 1760 2055 1784 motus
2078 1753 2200 1786 infinita
2221 1762 2295 1787 sunt
2318 1763 2348 1787 et
2369 1756 2584 1798 intelligentia,
2599 1768 2667 1790 non

1670 1803 1873 1837 permanente
1896 1804 2036 1837 accepto.

1603 1841 1789 1881 Magnitudo
1813 1847 1920 1871 autem
1942 1851 2046 1882 neque
2074 1842 2228 1874 divisione
2250 1853 2354 1884 neque
2382 1845 2568 1886 intelligibili
2592 1855 2667 1887 aug-

1669 1885 1862 1916 mentatione
1895 1892 1941 1916 est
1959 1885 2090 1917 infinita.
2114 1887 2176 1917 Sed
2206 1888 2245 1918 de
2267 1887 2392 1919 infinito
2415 1889 2558 1930 quidem,
2586 1900 2667 1932 quo-

1669 1930 1768 1959 modo
1794 1936 1850 1969 est,
1866 1936 1896 1960 et
1910 1930 2077 1971 quomodo
2094 1941 2160 1961 non
2176 1938 2233 1970 est,
2250 1938 2280 1962 et
2296 1932 2374 1973 quid
2395 1939 2452 1972 est,
2472 1933 2594 1965 dictum
2609 1941 2666 1967 est.

1600 2046 1689 2076 quam
1710 2047 1744 2066 ex
1764 2036 1992 2075 apprehensione
2014 2036 2174 2065 intellectus
2189 2043 2216 2065 et
2237 2037 2451 2075 imaginationis
2472 2041 2665 2070 concludeba-

1599 2085 1646 2107 tur
1667 2079 1747 2115 quod
1769 2084 1842 2106 esset
1863 2083 1941 2105 extra
1961 2076 2072 2105 caelum
2093 2075 2218 2113 spatium
2239 2076 2393 2113 infinitum,
2409 2085 2437 2107 et
2457 2087 2667 2118 consequenter

1600 2118 1682 2147 locus
1703 2124 1732 2146 et
1751 2126 1856 2154 corpus
1886 2116 2039 2144 infinitum.
2066 2117 2123 2144 Sed
2144 2116 2350 2145 inconveniens
2371 2124 2414 2146 est
2441 2120 2557 2148 credere
2584 2121 2666 2158 quod

1602 2157 1743 2195 quidquid
1770 2156 1994 2194 apprehenditur
2021 2155 2228 2193 imaginatione
2255 2157 2300 2184 vel
2324 2156 2468 2187 intellectu
2499 2159 2535 2188 sit
2555 2169 2588 2188 ex
2609 2160 2667 2189 hoc

1601 2197 1666 2234 ipso
1687 2205 1787 2225 verum
1808 2202 1836 2225 et
1857 2195 1956 2225 existat
1977 2202 2055 2224 extra
2076 2196 2259 2224 intellectum.
2276 2212 2295 2217 -
2308 2196 2475 2226 5.'Solvitur
2490 2199 2564 2228 ratio
2586 2208 2666 2228 sum-

1601 2243 1652 2274 pta
1672 2245 1706 2265 ex
1726 2243 1856 2274 tempore
1878 2243 1906 2265 et
1933 2242 2024 2264 motu.
2050 2236 2125 2264 Cum
2152 2235 2290 2273 temporis
2317 2236 2388 2264 nihil
2409 2237 2444 2266 sit
2472 2237 2502 2266 in
2522 2245 2588 2267 actu
2612 2239 2668 2268 nisi

1603 2286 1688 2310 nunc,
1703 2283 1731 2304 et
1745 2276 1876 2305 similiter
1889 2283 1986 2304 motus
2007 2285 2067 2304 non
2082 2275 2118 2304 sit
2139 2275 2168 2304 in
2189 2282 2255 2304 actu
2276 2275 2330 2304 nisi
2345 2276 2465 2314 aliquod
2485 2277 2667 2315 indivisibile,

1603 2323 1737 2345 neutrum
1758 2323 1852 2354 potest
1873 2325 1937 2344 esse
1958 2315 2102 2344 infinitum
2124 2315 2154 2343 in
2174 2322 2249 2344 actu.
2277 2316 2361 2344 Unde
2389 2317 2500 2346 etiarnsi
2521 2325 2618 2347 motus
2639 2325 2668 2347 et

1602 2363 1716 2393 tempus
1731 2365 1845 2393 semper
1865 2356 1985 2384 fuissent
2005 2362 2032 2383 et
2054 2364 2168 2392 semper
2187 2355 2283 2383 futura
2297 2362 2409 2392 essent,
2424 2366 2486 2386 non
2499 2364 2670 2395 sequeretur

1603 2397 1684 2434 quod
1705 2402 1782 2424 totus
1797 2402 1894 2424 motus
1909 2395 2036 2423 infinitus
2058 2395 2094 2423 sit
2117 2404 2247 2432 unquam
2268 2394 2298 2423 in
2319 2402 2394 2431 actu,
2415 2405 2470 2425 nec
2483 2403 2577 2425 toturn
2591 2404 2667 2426 tem-

1603 2444 1657 2472 pus
1671 2435 1824 2463 infinitum.
1840 2452 1859 2457 -
1875 2436 1901 2463 6.
1924 2434 2051 2463 Solvitur
2071 2434 2145 2462 ratio
2166 2440 2281 2471 sumpta
2295 2443 2328 2462 ex
2349 2441 2430 2472 parte
2450 2436 2667 2474 magnitudinis,

1605 2482 1633 2503 et
1654 2475 1756 2503 dicitur
1776 2476 1857 2512 quod
1877 2474 2046 2511 magnitudo
2074 2483 2135 2502 non
2156 2480 2199 2502 est
2227 2473 2339 2502 infinita
2359 2474 2390 2502 in
2410 2481 2475 2504 actu
2502 2485 2598 2513 neque
2622 2485 2668 2505 se-

1605 2516 1733 2543 cundum
1754 2514 1926 2543 divisionem
1938 2523 1952 2549 ‚²
1967 2522 2062 2550 neque
2084 2514 2243 2542 secundum
2273 2514 2539 2551 augmentationem
2563 2515 2669 2545 intelli-

1604 2554 1728 2592 gibilem.

1653 2661 1691 2692 ⁴2.
1721 2655 1869 2692 Deinde
1908 2667 1996 2691 curn
2026 2654 2133 2692 dicit:
2172 2655 2309 2704 Neque
2341 2656 2440 2693 enim
2479 2662 2520 2694 ut
2553 2669 2667 2707 gene-

1602 2709 1697 2745 ratio
1727 2715 1813 2754 etc.,
1844 2708 1956 2745 solvit
1984 2708 2151 2756 quinque
2179 2708 2343 2746 rationes
2376 2721 2476 2758 quae
2504 2722 2619 2759 supra
2648 2710 2668 2732 '¹

1601 2761 1747 2810 positae
1775 2769 1862 2798 sunt
1889 2761 1938 2798 ad
1967 2760 2246 2798 ostendendum
2274 2761 2464 2799 infinitum
2494 2775 2588 2800 esse.
2617 2763 2668 2801 Et

1602 2814 1726 2863 primo
1755 2813 1867 2851 solvit
1895 2826 1981 2851 eam
2009 2826 2107 2863 quae
2136 2815 2358 2851 sumebatur
2392 2827 2438 2852 ex
2468 2823 2575 2864 parte
2602 2828 2666 2865 ge-

1603 2867 1806 2904 nerationis
1835 2868 1866 2903 ²¹⁴.
1897 2867 2206 2904 Concludebatur
2231 2867 2332 2904 enim
2361 2867 2466 2917 quod
2494 2868 2525 2905 si
2552 2881 2665 2917 gene·
2691 2871 2703 2883 ⁸

1603 2920 1696 2957 ratio
1726 2932 1804 2957 non
1832 2920 1979 2967 deficit,
2010 2919 2114 2968 quod
2143 2927 2316 2969 oporteat
2343 2933 2426 2958 esse
2461 2921 2663 2959 infinitum.

1605 2974 1681 3010 Sed
1709 2973 1803 3009 haec
1833 2973 1925 3009 ratio
1954 2980 2139 3021 quantum
2168 2973 2217 3010 ad
2244 2974 2319 3010 hoc
2346 2985 2484 3011 verum
2513 2975 2664 3011 conclu·

1605 3026 1668 3072 dit,
1697 3025 1800 3074 quod
1830 3025 2018 3062 infinitum
2047 3025 2092 3062 sit
2118 3025 2156 3062 in
2183 3025 2363 3075 potentia,
2389 3038 2488 3075 quae
2517 3039 2665 3064 succes-

1604 3078 1742 3115 sivein
1769 3085 1895 3115 actum
1924 3078 2126 3115 reducatur
2146 3079 2177 3125 ²⁸⁸,
2205 3079 2300 3116 sicut
2327 3091 2441 3128 supra
2459 3079 2502 3101 *¹⁸
2522 3079 2664 3117 dictum
2693 3082 2702 3092 ”

1604 3139 1669 3168 est.
1701 3130 1777 3167 Sed
1814 3143 1892 3167 non
1927 3138 1982 3167 est
2013 3131 2268 3168 necessarium
2306 3132 2412 3180 quod
2439 3132 2485 3169 sit
2512 3132 2666 3182 aliquod

1605 3196 1742 3232 corpus
1770 3182 1944 3220 sensibile
1973 3183 2162 3221 infinitum
2185 3184 2223 3221 in
2251 3192 2352 3231 actu,
2382 3184 2431 3222 ad
2459 3186 2534 3222 hoc
2561 3186 2666 3235 quod

1604 3236 1794 3285 generatio
1832 3249 1911 3273 non
1939 3236 2105 3284 deficiat,
2140 3236 2235 3274 sicut
2271 3237 2413 3287 antiqui
2442 3238 2665 3277 aestimave-

1605 3297 1706 3337 runt,
1734 3297 1921 3339 ponentes
1948 3289 1986 3326 in
2014 3290 2203 3327 infinitum
2237 3291 2455 3328 conservari
2474 3297 2492 3312 ‘²‘
2510 3303 2666 3340 genera-

1604 3343 1759 3390 tionem,
1785 3355 1829 3379 ac
1857 3342 1887 3379 si
1915 3355 2068 3392 semper
2094 3343 2285 3391 generatio
2318 3343 2426 3381 fieret
2451 3356 2521 3393 per
2549 3351 2665 3381 extra-

1606 3395 1769 3432 ctionem
1792 3397 1811 3418 *
1839 3408 1884 3432 ex
1912 3396 2038 3445 aliquo
2067 3408 2248 3446 corpore;
2278 3397 2383 3446 quod
2410 3397 2449 3434 in
2476 3396 2663 3434 infinitum

1605 3449 1686 3486 fieri
1715 3461 1793 3486 non
1813 3456 1941 3498 posset
1969 3449 2038 3486 nisi
2068 3449 2159 3487 illud
2187 3461 2326 3498 corpus
2346 3457 2446 3487 esset
2462 3449 2662 3487 infinitum.

548 3591 574 3624 α)
591 3594 719 3622 ponentes
739 3592 764 3615 in
785 3592 915 3625 infinitum
935 3592 1095 3617 conservari.
1113 3605 1131 3610 -
1150 3595 1278 3624 ponentes
1304 3591 1434 3625 infinitum
1454 3598 1611 3617 conseruare
1631 3591 1662 3622 Ρ;
1682 3591 1728 3616 sed
1754 3591 1840 3616 nullus
1860 3590 1953 3620 codex,
1973 3598 2057 3623 neque
2075 3590 2130 3621 ab,
2155 3590 2213 3616 facit
2236 3598 2295 3616 cum
2318 3591 2389 3624 ipsa3
2409 3590 2490 3615 immo
2513 3589 2666 3614 unanimiter

495 3627 555 3650 dant
575 3626 710 3651 lectionem
730 3627 943 3659 adoptatamsnisi
963 3628 1032 3659 quod
1052 3634 1069 3652 a
1087 3627 1180 3652 omittit
1199 3627 1235 3652 in.

2689 909 2724 932 7³-

2690 1236 2703 1248 ⁴
2711 1235 2784 1259 Text.
2797 1242 2835 1265 7⁴-

2693 1455 2702 1465 ·
2717 1453 2785 1477 Text.
2799 1460 2834 1483 75.
