2898 3996
281 535 295 568 β

182 644 191 654 '
207 643 232 665 S.
242 642 286 664 Th.
297 643 349 663 lect.
359 649 391 669 w,

181 669 235 691 Did.
244 669 283 690 lib.
292 668 331 696 lx,
341 675 392 696 cap.

181 702 212 723 ix,
228 701 250 717 n.
267 695 288 716 6.

179 747 191 758 ⁴
216 747 390 768 contrariorum

178 779 228 795 om.
243 774 322 795 recab.

177 1122 188 1133 ⁸²
202 1121 272 1142 Num.
289 1126 338 1148 seq.

178 1169 188 1179 ”
202 1169 273 1191 Num.
287 1175 307 1196 5.

177 1433 187 1443 ⁸
197 1432 388 1459 Cs.1ect.seq.n.5.

275 1468 291 1493 Υ

178 1594 188 1604 “
203 1593 256 1615 albo
272 1599 307 1614 ΡΖ.

179 1905 190 1915 ’“
206 1904 276 1926 Num.
292 1910 341 1931 seq.

176 2596 184 2603 ·
202 2597 255 2616 sunt
269 2595 320 2616 rab.

181 2903 189 2912 ’
206 2901 276 2923 Num.
292 2907 310 2929 3.

422 292 497 329 260

421 371 527 419 quies
547 370 965 407 contrarietur0‘motui:
988 369 1076 418 quia
1096 369 1311 418 simpliciter
1325 371 1480 420 quidem

421 432 458 460 et
475 424 628 472 proprie
658 430 694 459 et
720 423 884 471 perfecte
914 422 1160 459 contrariatur
1187 430 1314 460 motus
1343 424 1479 470 motui;

421 477 487 513 sed
509 476 620 512 etiam
640 475 747 524 quies
767 475 886 512 motui
907 475 1122 524 opponitur,
1144 487 1231 511 cum
1257 475 1303 512 sit
1320 475 1480 524 privatio

421 535 559 575 motus,
590 535 626 564 et
643 527 803 576 privatio
833 528 1123 576 quodammodo
1143 527 1188 563 sit
1208 528 1437 565 contrarium
1451 527 1479 565 β.

421 582 488 618 Est
517 581 618 617 enim
645 580 806 628 privatio
837 588 872 616 et
898 580 1047 617 habitus
1070 579 1193 628 prima
1222 581 1480 628 contrarietas,

419 641 460 670 ut
480 633 611 670 dicitur
630 633 667 669 in
687 634 722 669 X
741 634 956 681 Metaphys.
978 633 1017 668 *:
1038 632 1127 681 quia
1145 632 1284 669 scilicet
1302 633 1340 670 in
1360 634 1481 670 omni-

420 687 490 722 bus
511 685 704 722 contrariis
724 686 890 722 salvatur
911 685 1132 733 privationis
1151 685 1245 722 ratio
1267 693 1303 722 et
1320 686 1481 733 habitus,

420 751 507 774 curn
528 750 679 786 semper
704 739 862 774 alterum
887 737 1162 774 contrariorum
1180 738 1199 758 '³‘
1215 737 1260 774 sit
1285 737 1390 786 quasi
1410 738 1482 786 pri-

418 791 521 828 vatio
550 798 723 839 respectu
752 790 917 837 alterius,
946 797 988 826 ut
1016 790 1145 827 album
1174 797 1347 838 respectu
1375 790 1480 838 nigri,

419 851 455 881 et
483 855 657 880 amarum
686 850 858 892 respectu
886 842 1015 880 dulcis.

473 908 507 933 2.
538 896 686 933 Deinde
708 907 795 932 cum
816 895 922 932 dicit:
957 895 1086 937 Qualis
1114 900 1238 932 autem
1268 895 1372 943 quali
1398 902 1480 942 etc.,

419 948 582 986 ostendit
619 961 715 997 quae
753 948 859 996 quies
894 947 952 984 cui
985 947 1105 984 motui
1140 947 1395 985 contrarietur.
1434 948 1483 984 Et

418 1001 516 1038 circa
544 1002 618 1038 hoc
646 1001 715 1038 tria
744 1001 846 1037 facit:
880 1000 1006 1049 primo
1035 1007 1168 1037 movet
1195 1000 1480 1050 quaestionem;

418 1055 585 1091 secundo
616 1053 840 1090 determinat
866 1053 1086 1100 veritatem,
1122 1052 1194 1090 ibi:
1232 1053 1481 1102 Manifestum

418 1108 535 1157 igitur
562 1112 615 1143 est
629 1108 648 1128 ’²²
669 1114 758 1152 etc.;
787 1105 895 1142 tertio
924 1106 1072 1154 probat,
1102 1105 1174 1142 ibi:
1203 1106 1332 1142 Motui
1356 1112 1480 1142 autem

418 1161 453 1197 ei
468 1161 487 1181 ³⁴
508 1166 575 1195 etc.
607 1160 649 1196 In
677 1159 896 1207 quaestione
925 1166 1053 1195 autem
1081 1170 1198 1206 quam
1218 1158 1337 1207 ponit,
1357 1170 1479 1195 unum

418 1211 652 1261 supponitur,
683 1211 822 1248 scilicet
850 1211 953 1259 quod
981 1222 1060 1247 non
1089 1209 1216 1248 omnis
1244 1210 1350 1259 quies
1376 1211 1482 1248 omni

418 1265 538 1302 motui
563 1271 790 1313 opponatur,
821 1263 889 1301 sed
917 1263 1086 1312 aliqualis
1106 1262 1211 1312 quies
1231 1263 1380 1311 aliquali
1400 1276 1481 1299 rno-

416 1318 485 1364 tui;
516 1317 610 1354 sicut
637 1315 758 1353 motui
785 1316 850 1364 qui
879 1315 934 1353 est
961 1315 1172 1353 secundum
1201 1316 1344 1362 locum,
1375 1315 1481 1363 quies

418 1370 628 1407 secundum
656 1370 796 1406 locum.
827 1369 905 1405 Sed
933 1368 1020 1417 quia
1039 1370 1114 1405 hoc
1140 1368 1365 1416 simpliciter,
1387 1367 1482 1404 idest

417 1422 676 1460 universaliter
696 1423 727 1468 ²³³,
750 1421 882 1458 dicitur
900 1426 927 1468 ⁷,
957 1428 1070 1458 restat
1098 1420 1308 1457 secundum
1328 1420 1481 1456 ulterius

406 1475 690 1524 quaerendum,
720 1481 846 1511 utrum
874 1474 1076 1519 mansioni,
1106 1473 1201 1510 idest
1228 1472 1353 1521 quieti,
1384 1485 1480 1521 quae

419 1536 474 1565 est
506 1528 544 1564 in
577 1527 701 1576 aliquo
730 1526 913 1572 termino,
942 1534 1032 1575 puta
1060 1525 1098 1562 in
1127 1526 1232 1570 albo,
1266 1532 1482 1573 opponatur

419 1588 562 1627 motus,
593 1588 655 1616 aut
683 1579 742 1616 ille
771 1578 835 1627 qui
864 1586 918 1614 est
945 1579 983 1614 in
1012 1579 1140 1614 album
1162 1579 1193 1623 *,
1224 1577 1363 1614 scilicet
1382 1577 1481 1614 deal-

418 1633 532 1680 batio,
554 1640 617 1668 aut
635 1632 694 1668 ille
715 1631 778 1680 qui
799 1638 853 1667 est
873 1643 917 1667 ex
937 1632 1036 1677 albo,
1057 1630 1196 1667 scilicet
1216 1630 1434 1678 denigratio.

473 1687 507 1722 3.
529 1684 676 1721 Deinde
698 1696 784 1720 cum
803 1683 906 1720 dicit:
926 1684 1175 1731 Manifestum
1195 1683 1311 1732 igitur
1330 1689 1384 1720 est
1397 1691 1479 1730 etc.,

418 1737 642 1775 determinat
665 1737 880 1774 veritatem:
911 1744 947 1772 et
966 1735 1091 1784 primo
1117 1743 1302 1785 quantum
1322 1736 1370 1773 ad
1390 1748 1481 1772 con-

417 1791 645 1828 trarietatem
673 1796 800 1826 motus
820 1790 868 1826 ad
888 1789 1072 1837 quietem;
1103 1788 1272 1826 secundo
1296 1796 1480 1837 quantum

419 1844 467 1880 ad
487 1842 788 1880 contrarietatem
818 1842 987 1890 quietum
1006 1841 1054 1879 ad
1075 1841 1251 1888 invicem,
1273 1841 1341 1878 ibi:
1362 1841 1483 1878 Simul

418 1902 542 1933 autem
559 1897 578 1917 *²
599 1903 667 1932 etc.
697 1895 796 1932 Dicit
825 1907 911 1942 ergo
941 1895 1077 1944 primo,
1108 1895 1211 1943 quod
1240 1906 1328 1931 curn
1357 1902 1483 1931 motus

419 1950 464 1986 sit
492 1949 586 1985 inter
614 1949 690 1985 duo
718 1948 898 1994 subiecta,
928 1947 1023 1984 idest
1051 1948 1146 1984 inter
1174 1947 1270 1984 duos
1298 1947 1482 1984 terminos

419 2002 639 2048 affirmatos,
665 2000 784 2038 motui
805 2001 868 2049 qui
892 2008 948 2037 est
972 2013 1016 2037 ex
1038 2001 1113 2037 hoc
1131 2000 1293 2037 termino
1312 1999 1351 2037 in
1371 2012 1483 2037 suum

420 2055 660 2101 contrarium,
683 2054 927 2090 contrariatur
946 2053 1053 2102 quies
1073 2066 1169 2102 quae
1191 2060 1245 2090 est
1264 2053 1302 2089 in
1321 2053 1396 2090 hoc
1414 2060 1484 2090 ter-

419 2108 524 2144 mino
545 2105 575 2151 ⁸;
605 2107 699 2144 sicut
726 2107 846 2143 motui
879 2107 943 2155 qui
976 2114 1031 2143 est
1059 2118 1106 2143 ex
1133 2106 1219 2143 albo
1248 2106 1286 2143 in
1314 2105 1483 2154 nigrum,

421 2160 667 2198 contrariatur
695 2159 800 2208 quies
829 2171 927 2208 quae
947 2167 1002 2196 est
1024 2159 1062 2196 in
1086 2159 1191 2196 albo:
1226 2166 1262 2196 et
1281 2159 1400 2196 motui
1422 2158 1485 2208 qui

421 2221 475 2250 est
504 2225 548 2249 ex
578 2213 763 2250 contrario
791 2212 830 2249 in
857 2213 947 2260 hoc,
981 2212 1226 2249 contrariatur
1252 2211 1359 2260 quies
1387 2224 1484 2260 quae

420 2273 475 2302 est
502 2266 540 2302 in
569 2266 773 2312 contrari03
805 2265 898 2302 sicut
926 2265 1046 2302 motui
1071 2265 1135 2314 qui
1164 2272 1219 2301 est
1247 2276 1292 2301 ex
1312 2265 1418 2312 nigro
1447 2265 1485 2302 in

419 2319 560 2365 album,
591 2319 836 2355 contrariatur
855 2318 961 2367 quies
981 2330 1077 2366 quae
1099 2325 1154 2355 est
1173 2318 1211 2354 in
1230 2317 1349 2365 nigro.

471 2383 509 2418 4.
538 2371 686 2408 Deinde
722 2384 809 2408 cum
839 2371 945 2408 dicit:
982 2371 1103 2408 Simul
1134 2377 1259 2408 autem
1293 2378 1381 2418 etc.,
1411 2370 1485 2418 agit

419 2424 466 2461 de
483 2424 740 2461 contrarietate
760 2424 928 2473 quietum
949 2423 1189 2461 adinvicem.
1206 2424 1255 2460 Et
1275 2423 1362 2460 dicit
1381 2423 1484 2472 quod

417 2478 489 2513 hae
510 2477 652 2525 quietes
673 2485 759 2514 sunt
778 2476 985 2514 contrariae
1015 2477 1063 2513 ad
1084 2476 1260 2524 invicem,
1282 2488 1379 2525 quae
1399 2483 1485 2513 sunt

418 2529 456 2566 in
486 2530 678 2566 contrariis
706 2529 886 2567 terminis.
918 2529 1196 2566 Inconveniens
1226 2528 1327 2565 enim
1358 2536 1423 2576 est,
1453 2528 1483 2565 si

418 2590 544 2618 motus
564 2583 664 2619 sint*
676 2582 850 2619 contrarii
875 2582 923 2619 ad
942 2582 1119 2628 invicem,
1143 2589 1178 2618 et
1197 2581 1340 2630 quietes
1361 2581 1409 2618 ad
1428 2581 1482 2617 in-

418 2635 543 2671 vicem
568 2648 646 2672 non
666 2643 918 2685 opponantur.
950 2636 999 2671 Et
1018 2634 1214 2683 quomodo
1234 2633 1378 2682 quietes
1398 2641 1483 2670 sunt

419 2688 636 2736 oppositae,
675 2701 773 2737 quae
811 2697 896 2724 sunt
932 2687 970 2723 in
999 2686 1202 2736 oppositis,
1233 2685 1483 2734 exemplificat

419 2741 595 2788 subdens,
626 2741 731 2789 quod
759 2740 864 2789 quies
884 2751 981 2788 quae
1011 2747 1066 2776 est
1093 2739 1131 2775 in
1160 2738 1330 2785 sanitate,
1361 2751 1482 2788 oppo-

418 2794 516 2830 nitur
543 2793 657 2841 quieti
686 2805 782 2842 quae
813 2800 867 2829 est
895 2792 933 2828 in
963 2791 1204 2840 aegritudine.

475 2847 507 2882 5.
528 2846 677 2883 Deinde
694 2858 781 2882 cum
796 2845 898 2882 dicit:
920 2844 1048 2881 Motui
1065 2849 1189 2880 autem
1206 2844 1241 2880 ei
1254 2844 1320 2892 qui
1331 2850 1385 2880 est
1398 2851 1480 2891 etc.,

418 2899 554 2946 probat
586 2898 690 2947 quod
719 2898 896 2935 dixerat*
913 2897 959 2934 de
989 2897 1250 2933 contrarietate
1281 2897 1412 2945 quietis
1433 2898 1481 2934 ad

472 3054 500 3085 α)
521 3053 750 3078 determinandum
776 3057 815 3078 est
838 3054 894 3082 hoc,
918 3054 1033 3086 qualiter
1055 3054 1155 3079 scilicet
1173 3055 1245 3087 quies
1263 3055 1452 3080 contrarietur.
1465 3068 1484 3073 -

420 3089 649 3114 determinandum
674 3092 713 3113 est
736 3089 848 3121 qualiter
872 3090 948 3118 haec,
974 3089 1073 3114 scilicet
1091 3090 1178 3122 quies,
1202 3090 1386 3115 contrariatur
1404 3090 1423 3114 P
1443 3095 1483 3121 et,

418 3125 518 3149 omisso
537 3124 608 3153 haec,
629 3123 687 3148 edd.
705 3131 723 3148 a
737 3124 769 3154 ιη·
787 3125 971 3150 contrariatur
990 3126 1078 3157 legunt
1097 3125 1173 3150 etiam
1193 3125 1323 3156 EGLMQ.

473 3157 497 3191 β)
517 3162 543 3184 et
558 3159 678 3191 privatio
701 3159 896 3191 quodammodo
921 3159 956 3184 sit
979 3160 1153 3185 contrarium.
1166 3174 1184 3179 —
1203 3161 1238 3185 lta
1257 3161 1271 3185 1>
1291 3165 1317 3186 et
1335 3161 1409 3186 codd.
1429 3168 1482 3185 exc.

419 3195 496 3227 EpG;
516 3195 556 3219 ed.
576 3200 593 3219 a
612 3199 637 3219 et
661 3195 724 3227 EpG
748 3198 773 3219 et
796 3195 867 3227 quod
885 3195 1005 3227 privatio
1030 3195 1224 3228 quodammodo
1247 3196 1281 3220 sit
1299 3196 1481 3225 contrarium,

419 3230 488 3262 quod
502 3230 521 3254 P
535 3229 637 3261 corrigit
651 3230 768 3254 addendo
788 3230 812 3254 in
833 3229 883 3254 fine
897 3233 989 3262 paren
1008 3231 1053 3255 sed
1073 3231 1146 3255 lectio
1166 3231 1284 3263 adoptata
1303 3231 1403 3256 videtur
1428 3238 1481 3256 me-

420 3266 476 3297 lior,
492 3265 552 3297 quia
571 3265 698 3297 praedicta
711 3265 799 3295 verba,
813 3270 902 3298 utpote
916 3273 975 3298 pars
990 3266 1119 3298 integralis
1139 3266 1231 3299 prioris
1247 3266 1482 3300 argumentationis,

420 3300 450 3324 ab
466 3301 556 3324 eadem
571 3308 623 3324 non
642 3300 736 3325 debent
755 3301 840 3325 dividi.

474 3336 499 3367 γ)
520 3335 574 3359 Sed
592 3335 654 3367 quia
673 3336 721 3361 hoc
740 3336 900 3368 simpliciter,
917 3336 984 3360 idest
999 3336 1194 3366 universaliter,
1215 3336 1391 3362 dicitur.-lta
1407 3337 1481 3361 codd.

421 3375 445 3393 et
464 3377 489 3394 a.
504 3371 553 3393 Pro
567 3370 729 3402 simpliciter,
741 3379 792 3396 non
803 3371 958 3402 simpliciter
977 3372 1017 3405 ed.
1037 3371 1051 3396 b
1071 3379 1130 3396 curn
1141 3372 1232 3396 Venet.
1247 3371 1312 3403 1504
1327 3376 1352 3396 et
1366 3371 1430 3403 1545
1440 3379 1446 3402 ;
1458 3376 1482 3396 et

421 3404 482 3428 haec
502 3405 576 3429 lectio
595 3411 685 3436 posset
706 3407 829 3438 explicare
849 3406 984 3431 lectionem
1001 3406 1028 3435 P.
1046 3415 1113 3439 quae
1132 3407 1214 3439 primo
1234 3406 1359 3431 invenitur
1378 3407 1403 3431 in
1423 3407 1481 3431 edit.

421 3438 511 3463 Venet.
531 3439 591 3464 1551
610 3441 677 3473 apud
697 3441 795 3466 luntas:
814 3441 861 3466 sed
877 3442 940 3474 quia
958 3442 1006 3467 hoc
1025 3441 1198 3467 revidendum
1217 3445 1243 3467 et
1260 3442 1481 3467 considerandum

423 3480 473 3497 non
494 3474 646 3505 simpliciter·
665 3476 732 3501 idest
755 3477 939 3501 universaliter
959 3477 1071 3506 dicitur;
1096 3477 1154 3502 licet
1173 3477 1240 3501 enim
1260 3477 1383 3509 suspicari
1403 3477 1482 3501 verba

423 3508 593 3533 revidendum
613 3513 638 3534 et
652 3511 872 3536 considerandum
893 3512 986 3544 scripta
1005 3512 1084 3536 fuisse
1104 3513 1129 3536 in
1148 3512 1263 3544 margine
1276 3512 1307 3536 ad
1323 3512 1482 3536 monendum

424 3543 619 3574 typographum,
640 3550 664 3568 et
683 3553 728 3577 per
748 3546 856 3570 eundem
877 3547 1013 3571 oscitanter
1033 3547 1057 3571 in
1073 3552 1169 3572 textum
1189 3554 1248 3572 esse
1263 3546 1414 3571 introducta.
1428 3547 1481 3571 Ad-

423 3578 574 3601 vertendum
590 3579 664 3603 etiam
680 3585 718 3604 cst
733 3582 775 3604 νῦν
789 3579 890 3614 λέγεται
911 3578 997 3610 ἁπλῶς
1018 3582 1081 3606 verti
1104 3589 1155 3606 non
1176 3582 1275 3607 dicitur
1284 3581 1440 3613 simpliciter
1455 3581 1480 3606 in

424 3616 492 3636 textu
512 3619 589 3643 quem
609 3614 668 3638 dant
683 3614 749 3639 edd.2
769 3623 816 3639 nos
835 3621 920 3640 nutem
935 3624 982 3648 pro
997 3624 1047 3641 non
1069 3617 1178 3649 legimus
1198 3624 1280 3645 nunc,
1296 3617 1367 3649 quod
1382 3616 1483 3642 videtur

1056 292 1400 330 PHYSICORUM
1427 293 1775 331 ARISTOTELIS
1805 295 1899 331 LIB.
1928 295 1964 332 V

1538 379 1697 409 motum.
1728 374 1776 409 Et
1805 373 1892 409 dicit
1919 374 2023 422 quod
2051 374 2170 410 motui
2198 375 2262 422 qui
2282 382 2337 412 est
2365 387 2410 412 ex
2439 374 2593 412 sanitate

1537 425 1574 461 in
1599 425 1883 472 aegritudinem,
1913 426 2118 474 opponitur
2145 426 2250 474 quies
2279 439 2375 475 quae
2405 434 2459 464 est
2481 427 2519 464 in
2538 439 2595 464 sa-

1537 477 1673 523 nitate3
1712 478 1800 526 quia
1833 477 2084 515 irrationabile
2114 486 2211 515 esset
2239 479 2344 527 quod
2363 479 2470 528 quies
2498 492 2595 528 quae

1539 538 1593 567 est
1625 530 1665 566 in
1699 530 1876 577 sanitate,
1916 538 2171 579 opponeretur
2203 531 2323 568 motui
2361 531 2424 579 qui
2458 539 2513 568 est
2550 543 2596 568 ex

1537 582 1768 630 aegritudine
1795 583 1834 619 in
1862 583 2071 620 sanitatem.
2101 584 2150 620 Et
2167 584 2242 620 hoc
2261 583 2314 620 sic
2331 584 2483 632 probat:
2508 583 2596 632 quia

1539 635 1618 671 eius
1647 643 1773 672 motus
1794 635 1857 684 qui
1877 643 1933 672 est
1960 636 1997 672 in
2027 636 2117 683 ipso,
2147 636 2243 673 idest
2270 636 2319 673 ad
2340 635 2505 684 aliquem
2523 643 2596 672 ter-

1538 686 1697 733 minum,
1727 695 1842 724 status
1870 687 1908 725 in
1930 689 2068 725 eodem
2096 688 2258 725 termino
2284 694 2338 724 est
2357 687 2476 735 magis
2495 689 2596 736 quie-

1537 740 1637 785 tatio,
1654 739 1749 776 idest
1769 740 1846 777 eius
1867 741 2145 786 consummatio
2161 747 2171 761 ¹
2186 741 2248 778 vel
2266 740 2459 790 perfectio,
2480 752 2596 788 quam

1538 792 1642 839 quod
1662 792 1695 835 ei
1715 800 1939 841 opponatur.
1970 794 2018 830 Et
2047 793 2150 842 quod
2179 793 2284 842 quies
2308 793 2346 830 in
2365 792 2527 829 termino
2547 792 2597 829 ad

1537 856 1653 891 quem
1682 844 1728 881 sit
1755 852 1882 882 motus
1912 846 2113 894 perfectio,
2151 853 2254 895 patet
2289 858 2358 895 per
2390 846 2466 882 hoc
2493 844 2597 894 quod

1538 895 1648 933 simul
1676 897 1719 934 fit
1742 897 1803 934 illa
1819 899 1837 917 θ’
1853 898 1958 946 quies
1987 910 2075 935 curn
2104 906 2231 935 motu:
2262 897 2349 947 quia
2367 897 2492 946 ipsum
2513 909 2596 934 mo-

1537 949 1619 985 veri
1647 949 1697 986 ad
1724 949 1929 987 terminum
1958 958 2014 988 est
2045 951 2126 988 fieri
2155 951 2332 1000 quietem.
2369 950 2479 988 Unde
2508 962 2596 986 cum

1538 1008 1664 1060 motus
1693 1001 1739 1038 sit
1767 1014 1880 1039 causa
1907 1002 2002 1040 illius
2018 1005 2037 1025 '¹‘
2053 1003 2198 1052 quietis,
2228 1015 2307 1040 non
2328 1010 2454 1051 potest
2473 1002 2507 1039 ei
2527 1015 2595 1051 op-

1537 1066 1649 1102 poni,
1678 1055 1767 1103 quia
1786 1055 2004 1104 oppositum
2033 1068 2111 1092 non
2137 1063 2192 1092 est
2212 1067 2325 1092 causa
2343 1055 2400 1092 sui
2419 1055 2596 1104 oppositi.

1539 1106 1616 1143 Sed
1635 1118 1789 1144 necesse
1806 1115 1861 1144 est
1875 1108 1980 1156 quod
1998 1108 2118 1145 motui
2139 1107 2383 1144 contrarietur
2398 1115 2462 1143 aut
2474 1108 2597 1144 *haec

1538 1158 1643 1207 quies
1678 1171 1776 1207 quae
1806 1168 1861 1196 est
1895 1160 1933 1196 in
1960 1160 2122 1196 termino
2156 1161 2205 1197 ad
2233 1171 2370 1208 quern,
2400 1166 2463 1196 aut
2490 1159 2596 1207 quies

1538 1223 1635 1260 quae
1657 1219 1711 1248 est
1729 1212 1767 1248 in
1786 1212 1948 1249 termino
1969 1225 1991 1248 a
2010 1225 2098 1260 quo.
2129 1213 2221 1248 Non
2249 1211 2351 1248 enirn
2378 1218 2504 1260 potest
2525 1211 2597 1248 dici

1538 1263 1642 1312 quod
1669 1263 1776 1312 quies
1805 1276 1901 1312 quae
1931 1272 1986 1301 est
2013 1265 2052 1301 in
2080 1264 2204 1313 aliqua
2231 1264 2303 1301 alia
2331 1263 2477 1314 specie,
2507 1276 2598 1301 con-

1537 1315 1707 1352 trarietur
1726 1316 1846 1352 motui
1866 1324 1931 1353 aut
1945 1318 1964 1336 ⁴⁹
1979 1316 2109 1365 quieti:
2139 1317 2234 1354 sicut
2252 1317 2356 1366 quod
2375 1316 2480 1366 quies
2499 1328 2597 1365 quae

1539 1376 1593 1404 est
1621 1367 1659 1404 in
1691 1368 1885 1415 albedine,
1923 1369 2167 1406 contrarietur
2199 1369 2313 1418 quieti
2346 1381 2442 1418 quae
2477 1376 2532 1406 est
2559 1368 2598 1406 in

1537 1420 1704 1467 sanitate,
1736 1427 1799 1457 aut
1817 1421 1937 1458 motui
1957 1421 2021 1471 qui
2042 1429 2096 1459 est
2124 1421 2162 1459 in
2189 1421 2357 1459 sanitate.
2388 1422 2488 1459 Cum
2509 1432 2596 1469 ergo

1538 1473 1643 1521 quies
1677 1484 1774 1522 quae
1804 1481 1860 1510 est
1887 1474 1925 1510 in
1953 1475 2116 1521 termino
2150 1475 2199 1512 ad
2227 1487 2363 1524 quern,
2401 1486 2479 1511 non
2508 1485 2598 1511 con-

1537 1525 1707 1562 trarietur
1735 1526 1875 1574 motui,
1911 1526 2130 1575 relinquitur
2157 1527 2263 1576 quod
2291 1526 2536 1564 contrarietur
2564 1525 2599 1563 ei

1537 1578 1643 1626 quies
1672 1590 1768 1629 quae
1798 1586 1854 1615 est
1880 1578 1919 1616 in
1947 1580 2109 1617 termino
2138 1593 2160 1617 a
2189 1592 2277 1629 quo,

1591 1632 1626 1667 6.
1657 1631 1804 1668 Deinde
1834 1643 1922 1668 curn
1951 1632 2058 1669 dicit:
2091 1633 2231 1675 Quibus
2259 1638 2384 1669 autem
2412 1644 2486 1669 non
2514 1636 2602 1668 sunt

1537 1684 1728 1720 contraria
1749 1691 1831 1731 etc.,
1853 1684 2077 1722 determinat
2105 1686 2152 1722 de
2181 1685 2440 1722 contrarietate
2465 1683 2598 1733 quietis

1536 1736 1575 1773 in
1603 1736 1885 1774 mutationibus.
1925 1738 1974 1774 Et
2002 1737 2100 1775 circa
2127 1739 2201 1775 hoc
2234 1738 2304 1775 tria
2331 1737 2437 1775 facit:
2472 1737 2596 1786 primo

1538 1789 1693 1826 resumit
1721 1789 1824 1838 quod
1852 1790 1994 1827 dictum
2028 1798 2082 1828 est
2107 1792 2126 1812 ’²'
2152 1790 2197 1828 de
2227 1789 2487 1828 contrarietate
2515 1801 2598 1827 mu-

1537 1842 1742 1888 tationum;
1777 1843 1944 1879 secundo
1974 1843 2135 1880 ostendit
2164 1843 2267 1891 quod
2295 1842 2493 1880 mutationi
2520 1855 2599 1880 non

1538 1895 1742 1943 opponitur
1760 1895 1876 1943 quies,
1898 1895 1965 1932 sed
1993 1908 2067 1933 non
2094 1897 2266 1942 mutatio,
2289 1896 2356 1933 ibi:
2390 1895 2500 1937 Quies
2519 1895 2599 1944 qui-

1538 1948 1621 1984 dem
1649 1949 1785 1984 horum
1807 1949 1826 1969 '³³
1848 1955 1938 1995 etc.;
1967 1949 2075 1985 tertio
2104 1948 2266 1986 ostendit
2292 1947 2490 1997 quomodo
2518 1959 2599 1985 non

1539 2000 1696 2037 mutatio
1717 2001 1961 2037 contrarietur
1988 2001 2197 2048 mutationi,
2226 2001 2298 2038 ibi:
2328 2001 2456 2038 Simile
2473 2006 2598 2038 autem

1539 2053 1681 2101 aliquid
1698 2054 1778 2090 est*
1790 2061 1857 2090 etc.
1875 2054 2047 2091 Resumit
2063 2066 2151 2102 ergo
2165 2054 2289 2103 primo
2310 2054 2414 2103 quod
2433 2065 2547 2102 supra
2559 2053 2600 2074 *⁸*

1540 2106 1683 2142 dictum
1710 2114 1775 2153 est,
1806 2106 1944 2143 scilicet
1971 2107 2075 2155 quod
2103 2107 2141 2143 in
2169 2106 2441 2143 mutationibus
2461 2106 2500 2143 in
2518 2105 2599 2154 qui·

1540 2159 1610 2195 bus
1629 2171 1707 2195 non
1728 2167 1783 2196 est
1811 2159 2052 2196 contrarietas
2079 2159 2118 2196 in
2146 2159 2326 2206 terminis,
2355 2159 2450 2196 sicut
2476 2159 2514 2195 in
2537 2171 2600 2206 ge-

1539 2211 1732 2248 neratione
1771 2219 1807 2248 et
1843 2212 2081 2261 corruptione
2120 2212 2371 2260 substantiae,
2410 2211 2599 2261 oppositio

1540 2264 1719 2313 accipitur
1748 2265 1958 2302 secundum
1987 2277 2181 2302 accessum
2202 2273 2238 2301 et
2257 2276 2447 2302 recessum
2472 2276 2517 2301 ex
2536 2276 2600 2301 eo-

1541 2317 1629 2354 dem
1649 2318 1822 2354 termino.
1853 2318 1922 2354 Est
1945 2318 2047 2354 enim
2072 2317 2229 2354 mutatio
2258 2330 2356 2366 quae
2377 2324 2432 2354 est
2451 2329 2496 2354 ex
2515 2315 2599 2366 ipso

1539 2370 1664 2419 aliquo
1693 2370 1876 2418 termino,
1912 2370 2085 2419 opposita
2123 2370 2320 2407 mutationi
2349 2382 2446 2418 quae
2479 2377 2535 2406 est
2561 2369 2600 2406 in

1538 2423 1675 2471 ipsum.
1717 2423 1820 2460 Sicut
1853 2423 2010 2459 mutatio
2043 2435 2140 2471 quae
2171 2428 2226 2459 est
2250 2434 2300 2459 ex
2326 2434 2423 2468 esse,
2462 2421 2600 2458 scilicet

1539 2476 1741 2524 corruptio,
1772 2475 1976 2524 opponitur
2002 2475 2235 2512 mutationi*
2250 2487 2347 2523 quae
2373 2480 2428 2511 est
2443 2474 2480 2511 in
2509 2486 2598 2520 esse,

1538 2528 1677 2565 scilicet
1704 2527 1950 2576 generationi3
1981 2540 2069 2564 cum
2088 2535 2216 2564 tamen
2243 2534 2375 2564 neutra
2395 2539 2525 2564 earum
2554 2527 2600 2564 sit

1537 2588 1676 2618 motus.
2582 2587 2589 2594 ”

1592 2646 1627 2681 7.
1657 2633 1805 2670 Deinde
1822 2645 1908 2669 cum
1925 2632 2027 2670 dicit:
2062 2633 2338 2682 Quies-quidem
2357 2633 2493 2669 horum
2513 2639 2596 2680 etc.,

1538 2686 1701 2723 ostendit
1737 2686 1841 2734 quod
1878 2686 1935 2722 his
1972 2686 2242 2723 mutationibus
2278 2698 2357 2722 non
2394 2684 2599 2734 opponitur

1538 2739 1654 2787 quies.
1695 2739 1743 2775 Et
1777 2738 1874 2775 circa
1906 2739 1980 2775 hoc
2017 2739 2086 2788 tria
2115 2738 2220 2775 facit:
2258 2739 2382 2788 primo
2419 2737 2599 2787 proponit

1538 2792 1642 2840 quod
1668 2790 1845 2837 intendit;
1875 2793 2042 2829 secundo
2067 2791 2251 2828 interserit
2274 2790 2467 2840 quandam
2491 2790 2598 2828 dubi-

1538 2845 1731 2891 tationem,
1753 2844 1820 2881 ibi:
1840 2845 1889 2880 Et
1906 2845 1938 2881 si
1957 2845 2104 2893 quidem
2123 2845 2266 2893 aliquid
2282 2844 2380 2881 erit*
2391 2851 2473 2890 etc.;
2488 2842 2596 2880 tertio

1539 2898 1674 2946 probat
1693 2897 1945 2946 propositum,
1975 2897 2046 2934 ibi:
2077 2898 2119 2933 Si
2135 2903 2259 2934 autem
2278 2898 2349 2934 hoc
2365 2897 2384 2918 *
2401 2903 2468 2933 ete.
2498 2895 2599 2932 Dicit

1535 3054 1658 3079 habuisse
1672 3055 1754 3087 prima
1768 3062 1846 3079 manu
1860 3055 1916 3079 cod.
1932 3055 1988 3079 Vnt.
2001 3061 2076 3087 2072.
2086 3068 2104 3073 —
2117 3054 2230 3087 Pet-gunt
2243 3054 2294 3079 Pb:
2308 3057 2390 3079 restat
2403 3054 2502 3079 scilicet
2515 3060 2594 3086 quae-

1536 3090 1648 3115 rendum
1668 3090 1776 3115 ulterius
1796 3093 1884 3114 utrum
1891 3097 1900 3119 ;
1923 3097 1971 3122 pro
1989 3090 2144 3118 secundum,
2164 3090 2235 3122 quod
2252 3097 2306 3114 om.
2324 3089 2421 3120 NVsC,
2444 3089 2542 3114 scilicet
2560 3089 2599 3119 fl,

1534 3126 1677 3150 secundum
1697 3125 1745 3150 hoc
1764 3125 1811 3156 sF,
1831 3125 1872 3150 vel
1890 3125 2005 3150 secundo
2030 3132 2120 3157 margo
2138 3125 2171 3155 Z,
2190 3128 2279 3150 autem
2298 3125 2317 3150 1.
2342 3124 2506 3154 Secundum,
2526 3123 2599 3157 quod

1537 3168 1566 3186 ex
1594 3160 1684 3185 maiori
1710 3165 1781 3193 parte
1807 3160 1880 3185 codd.
1905 3160 2056 3192 adoptamus
2081 3160 2157 3194 (licet
2185 3168 2244 3184 cum
2269 3159 2352 3184 NVsC
2377 3165 2464 3192 posset
2494 3160 2599 3193 impune

1537 3196 1638 3229 omitti),
1659 3196 1734 3220 debet
1752 3194 1870 3227 coniungi
1891 3203 1948 3219 curn
1968 3195 2179 3228 praecedentibus
2196 3195 2228 3220 ita
2246 3199 2274 3219 ut
2292 3194 2325 3219 sit
2343 3202 2450 3219 sensus:
2476 3194 2501 3219 in
2520 3201 2599 3227 quae-

1536 3231 1620 3256 stione
1645 3231 1677 3255 de
1696 3238 1747 3263 qua
1766 3230 1856 3262 agitur,
1876 3237 1955 3255 unum
1975 3230 2133 3262 supponitur
2153 3235 2276 3263 tanquam
2291 3230 2470 3260 manifestum;
2490 3230 2536 3254 sed
2550 3229 2599 3254 hoc

1536 3271 1575 3291 est
1598 3266 1674 3291 nimis
1689 3266 1819 3298 generale3
1842 3273 1903 3298 ergo
1922 3265 2032 3290 ulterius
2053 3269 2137 3290 restat
2155 3265 2180 3289 in
2203 3265 2347 3298 particulari
2365 3266 2526 3296 secundum,
2551 3271 2598 3289 seu

1536 3301 1603 3326 aliud
1629 3300 1823 3334 quaerendum,
1852 3305 1940 3326 utrum
1956 3308 2049 3333 nempe
2073 3301 2204 3325 mansioni
2227 3306 2274 3325 etc.
2303 3301 2354 3325 Pro
2378 3304 2484 3330 utrum,
2509 3303 2598 3325 utrum

1536 3337 1635 3362 scilicet
1654 3336 1707 3361 GZ.

1590 3371 1614 3405 δ)
1634 3379 1701 3405 quae
1719 3375 1758 3397 est
1777 3372 1803 3396 iu
1823 3371 1871 3397 hoc
1891 3371 2012 3396 termino.
2027 3383 2044 3391 ·-
2063 3378 2130 3404 quae
2152 3374 2192 3396 est
2211 3371 2237 3395 in
2257 3371 2394 3396 contrario
2413 3371 2432 3395 P
2452 3372 2539 3395 secuta
2558 3369 2598 3394 ed-

1537 3407 1626 3432 Venet.
1650 3406 1723 3439 1545.
1744 3407 1868 3437 Quamvis
1887 3406 1950 3432 haec
1973 3406 2047 3431 lectio
2066 3407 2131 3431 bene
2150 3406 2267 3439 explicari
2285 3406 2376 3439 possit,
2395 3406 2547 3439 adoptamus
2562 3409 2598 3428 m—

1537 3450 1596 3467 men
1617 3442 1752 3467 lectionem
1772 3442 1845 3467 codd.
1865 3447 1890 3467 et
1908 3442 1964 3471 ab,
1984 3449 2051 3475 quae
2070 3442 2151 3474 magis
2171 3441 2305 3474 perspicua
2324 3446 2375 3471 est,
2397 3446 2422 3466 et
2440 3445 2479 3466 est
2497 3438 2598 3465 confor-

1537 3477 1586 3502 rnis
1601 3478 1679 3502 modo
1694 3477 1816 3510 loquendi
1836 3485 1888 3510 quo
1907 3478 1984 3502 utitur
1999 3478 2085 3507 Arist„
2101 3481 2126 3502 et
2139 3477 2217 3510 paulo
2233 3476 2295 3502 infra
2310 3477 2386 3502 etiam
2405 3474 2562 3501 &Thoan-⁵.

1587 3512 1609 3545 ε)
1630 3512 1756 3544 quietatio
1776 3512 1843 3537 idest
1861 3512 1916 3537 eius
1934 3512 2134 3537 consummatio.
2147 3524 2166 3530 ·-
2184 3511 2239 3537 eius
2258 3519 2311 3536 om.
2326 3511 2384 3542 DF3
2409 3518 2456 3543 pro
2475 3515 2595 3535 consum-

1536 3548 1625 3576 matio,
1645 3548 1810 3573 conservatio
1835 3547 1966 3580 PEGHpN
1991 3552 2016 3572 et
2034 3547 2081 3572 ab.
2101 3547 2223 3579 Legimus
2243 3554 2301 3572 cum
2320 3551 2369 3571 cet.
2387 3545 2462 3571 codd.
2475 3550 2596 3570 consum-

1536 3583 1617 3607 matio
1637 3582 1726 3615 (cuius
1745 3582 1911 3607 conservatio
1930 3587 1970 3607 est
1989 3581 2069 3607 facilis
2089 3581 2248 3618 corruptio):
2273 3589 2333 3606 nam
2352 3588 2403 3606 non
2422 3580 2487 3605 bene
2507 3579 2597 3604 dicitur

1536 3618 1606 3649 quod
1626 3618 1700 3650 quies
1719 3617 1752 3642 ait
1772 3617 1931 3642 conservatio
1951 3622 2045 3642 motus.

2625 912 2634 920 ·
2648 911 2681 932 sit
2697 911 2749 939 ipea
2766 917 2787 938 ιν,
2801 911 2837 939 fit

2624 937 2678 964 ipsa
2693 937 2744 959 edd.
2762 943 2778 959 a
2787 937 2808 960 ὑ.

2624 1016 2634 1025 '
2648 1014 2723 1042 ipsine
2737 1015 2788 1037 pah.

2623 1120 2634 1131 ⁴*
2649 1119 2686 1141 vel
2698 1119 2750 1141 mh.

2625 1330 2633 1338 ·
2650 1328 2687 1350 vel
2698 1328 2752 1350 rab.

2625 1802 2636 1811 '¹
2650 1800 2714 1822 Lect.
2729 1805 2808 1829 praec.

2625 1833 2648 1849 n·
2664 1833 2690 1849 11.

2625 1958 2636 1970 ⁸
2650 1957 2720 1980 Num.
2738 1964 2786 1986 seq.

2627 2055 2636 2064 '
2651 2054 2724 2077 Num.
2739 2060 2772 2076 ιο.

2625 2081 2649 2130 ζ
2663 2081 2726 2129 Idem.
2742 2087 2817 2109 praec.

2625 2482 2637 2493 ‘⁸
2651 2482 2675 2504 ei
2686 2482 2738 2504 rab.

2625 2843 2635 2854 ⁸
2650 2841 2722 2864 Num.
2731 2848 2780 2870 seq.

2624 2895 2634 2906 ⁸
2648 2894 2720 2918 Num.
2734 2901 2756 2923 9.
