2898 3996
170 645 181 655 ¹⁴¹
197 646 222 665 ut
231 650 250 669 P:
261 646 284 665 et
291 644 382 665 edd.ab

171 674 193 691 et
204 670 271 691 codd.
286 676 335 691 exc.
345 677 381 696 nr,

170 696 230 718 forte
245 702 287 724 pro
313 696 381 718 idest.

167 960 176 969 ·
191 958 317 980 secundum
333 964 381 980 om.

168 991 183 1006 a
198 989 218 1006 ct
239 985 308 1006 codd.
331 991 381 1006 cxc.

168 1017 326 1037 nrnruqsssz.

171 1221 180 1229 ·
195 1220 236 1248 qui
249 1222 284 1241 est
297 1225 350 1241 εοα.

171 1646 181 1656 “
195 1645 265 1666 Num.
281 1650 330 1672 seq.

171 2011 341 2039 {mutationum
348 2012 383 2033 pb.

411 299 486 335 258

410 383 465 413 est
493 376 541 413 ad
569 375 775 422 sinistrum,
806 385 902 422 quae
931 380 1017 410 sunt
1045 373 1231 410 contraria
1258 374 1469 412 secundum

409 428 644 466 latitudinem
670 433 701 472 ης
728 434 764 463 et
782 434 908 463 motus
936 426 1000 474 qui
1029 433 1084 462 est
1112 433 1209 473 ante,
1240 433 1296 462 est
1324 434 1469 464 contra-

410 481 486 518 rius
515 481 548 517 ei
576 480 640 528 qui
670 486 725 516 est
752 487 863 526 retro,
884 490 982 527 quae
1010 485 1096 514 sunt
1124 478 1308 515 contraria
1336 491 1469 517 secun-

411 534 503 571 dum
532 532 811 570 altitudinem.-
828 531 905 568 Sed
934 529 1254 567 considerandum
1283 539 1338 569 est
1365 532 1470 580 quod

409 586 470 623 hic
497 585 661 633 loquitur
689 584 735 621 de
773 583 850 621 istis
879 582 1098 620 differentiis
1124 582 1371 631 positionum,
1401 584 1469 621 sci·

410 639 494 675 licet
532 639 551 659 '³‘
589 637 635 674 de
674 636 922 684 longitudine,
961 635 1156 672 latitudine
1190 642 1225 672 et
1261 636 1468 684 altitudine,

410 690 620 728 secundum
657 689 763 738 quod
799 696 885 725 sunt
916 688 955 725 in
986 688 1165 725 homine:
1199 687 1288 736 quia
1320 701 1470 726 sursum

410 751 447 780 et
484 743 663 779 deorsum
703 741 986 778 considerantur
1022 740 1232 778 seeundum
1272 741 1470 788 longitudi-

410 808 500 833 nem
532 794 718 832 hominis:
753 794 927 831 dextrum
961 800 1088 830 autem
1123 801 1158 830 et
1191 792 1381 830 sinistrum
1414 806 1470 830 se-

410 849 576 885 cundum
596 846 830 884 latitudinem
860 846 955 891 eius;
976 854 1062 883 ante
1082 853 1118 882 et
1136 853 1235 883 retro
1259 846 1470 883 secundum

409 900 620 949 grossitiem
646 899 736 946 eius,
757 910 854 947 quae
884 898 1017 935 dieitur
1044 898 1199 935 altitudo
1226 899 1288 936 vel
1316 899 1470 947 profun-

411 953 517 990 ditas.
550 954 644 989 Item
674 951 993 988 considerandum
1019 958 1074 988 est
1092 951 1196 999 quod
1219 951 1429 988 secundum
1452 952 1472 972 ’¹‘

410 1018 559 1043 sursum
594 1012 630 1041 et
662 1004 841 1041 deorsum
870 1003 1060 1040 invenitur
1088 1003 1328 1042 contrarietas
1358 1003 1470 1041 etiam

410 1059 449 1095 in
476 1057 642 1095 motibus
670 1056 916 1094 naturalibus:
953 1056 1020 1094 sed
1048 1056 1260 1093 secundum
1297 1057 1470 1094 dextrum

411 1119 447 1148 et
475 1110 675 1157 sinistrum,
701 1117 786 1146 ante
816 1116 852 1145 et
879 1116 990 1156 retro,
1011 1109 1202 1146 invenitur
1228 1109 1471 1146 contrarietas

409 1164 448 1200 in
477 1163 654 1209 motibus,
679 1174 758 1199 non
777 1161 987 1198 secundum
1015 1169 1210 1210 naturam,
1237 1162 1303 1200 sed
1340 1174 1472 1198 secun-

411 1217 502 1253 dum
532 1222 680 1252 motum
713 1214 779 1262 qui
808 1221 863 1251 est
898 1214 945 1251 ab
974 1214 1124 1262 anima,
1159 1227 1257 1263 quae
1291 1222 1423 1252 movet
1452 1215 1471 1236 ’Ἡ

409 1269 449 1306 in
485 1269 553 1305 has
583 1267 786 1304 contrarias
814 1275 951 1315 partes.

469 1333 526 1358 10.
547 1320 696 1358 Deinde
717 1332 803 1356 cum
822 1319 926 1357 dicit:
951 1319 1026 1361 Qui
1041 1324 1165 1356 autem
1185 1325 1238 1355 est
1264 1319 1301 1356 in
1326 1325 1472 1356 contra-

409 1386 509 1410 rzum
548 1380 638 1421 etc.‚
677 1372 839 1409 ostendit
876 1372 1033 1421 qualiter
1069 1371 1115 1408 sit
1156 1371 1396 1408 contrarietas
1435 1371 1472 1408 in

409 1426 683 1463 mutationibus.
705 1426 753 1462 Et
771 1425 897 1473 primo
917 1423 1080 1462 ostendit
1098 1424 1295 1471 quomodo
1315 1423 1473 1471 accipia-

409 1486 468 1515 tur
483 1478 725 1515 contrarietas
744 1477 996 1514 mutationum
1011 1476 1050 1512 in
1065 1477 1189 1523 rebus,
1205 1476 1244 1512 in
1263 1476 1400 1524 quibus
1419 1475 1474 1512 in-

410 1531 559 1569 venitur
579 1531 837 1575 contrarietas,
863 1530 1031 1566 secundo
1052 1528 1250 1576 quomodo
1271 1528 1474 1576 accipiatur

411 1585 449 1621 in
464 1585 586 1630 rebus,
603 1584 639 1620 in
655 1583 791 1630 quibus
806 1595 884 1618 non
900 1589 954 1618 est
970 1580 1223 1627 contrarietas,
1239 1580 1312 1617 ibi:
1333 1581 1474 1622 Quibus

411 1643 535 1673 autem
551 1648 624 1672 non
645 1641 698 1671 est
720 1635 951 1672 contrarium
968 1634 987 1654 ³²
1004 1641 1072 1670 ete.
1094 1633 1193 1670 Dicit
1217 1645 1305 1681 ergo
1334 1633 1471 1682 primo,

411 1689 516 1737 quod
553 1688 583 1724 si
611 1687 814 1735 accipiatur
852 1686 1093 1723 contrarietas
1127 1687 1252 1722 solum
1286 1698 1331 1722 ex
1367 1693 1472 1734 parte

410 1741 559 1778 termini
584 1740 633 1777 ad
660 1752 789 1788 quem,
810 1746 851 1776 ut
878 1739 1022 1776 dicatur
1041 1738 1248 1775 contrarius
1267 1739 1332 1786 qui
1361 1746 1416 1775 est
1434 1739 1473 1776 in

412 1793 652 1839 contrarium,
683 1793 757 1829 hoc
785 1804 864 1828 non
893 1791 979 1828 facit
1013 1791 1315 1835 contrarietatem
1348 1798 1474 1828 motus

412 1846 481 1883 sed
508 1845 738 1892 mutationis,
768 1856 866 1893 quae
896 1851 952 1880 est
979 1844 1171 1891 generatio
1200 1851 1237 1880 et
1265 1844 1472 1892 corrupti03

412 1899 505 1936 sicut
533 1898 614 1935 fieri
643 1898 772 1934 album
803 1905 838 1934 et
874 1897 956 1933 fieri
985 1896 1133 1944 nigrum
1163 1896 1348 1933 contraria
1376 1904 1472 1933 sunt.

414 1953 498 1988 Nec
527 1958 675 1999 oportet
703 1950 808 1998 quod
836 1948 1077 1986 contrarietas
1105 1950 1241 1986 harum
1267 1949 1475 1997 generatio-

412 2017 506 2042 num
537 2005 556 2025 ²⁸
584 2004 796 2040 attendatur
825 2002 1036 2039 secundum
1072 2002 1374 2039 contrarietatem
1405 2010 1476 2038 ter-

412 2057 504 2094 mini
526 2070 548 2093 a
571 2069 665 2104 quo;
686 2056 774 2105 quia
803 2055 840 2091 in
869 2054 1110 2103 generatione
1138 2055 1321 2092 terminus
1349 2067 1372 2091 a
1399 2067 1477 2103 quo

413 2123 492 2147 non
517 2117 571 2146 est
590 2109 731 2158 aliquid
750 2108 995 2155 affirmatum,
1020 2107 1089 2144 sed
1110 2107 1250 2154 aliquid
1278 2114 1476 2155 negatum;

413 2163 455 2199 fit
475 2162 576 2198 enim
597 2163 726 2198 album
747 2173 793 2197 ex
812 2173 890 2198 non
919 2160 1018 2206 albo,
1039 2172 1118 2196 non
1138 2168 1266 2196 autem
1286 2172 1331 2196 ex
1351 2159 1476 2208 aliquo

414 2216 614 2251 affirmato.
640 2215 731 2251 Non
757 2213 860 2250 enim
880 2212 1038 2250 mutatio
1067 2213 1114 2250 de
1133 2212 1304 2249 subiecto
1324 2213 1363 2249 in
1391 2213 1478 2249 sub-

413 2268 552 2304 iectum
579 2274 633 2304 est
661 2266 830 2313 mutatio,
852 2266 918 2303 sed
947 2270 1107 2302 motUS.'

474 2333 529 2357 11.
557 2320 704 2357 Deinde
741 2332 828 2356 curn
865 2318 968 2356 dicit:
1005 2318 1144 2360 Quibus
1172 2323 1296 2354 autem
1325 2329 1400 2354 non
1429 2323 1483 2354 est

467 2469 494 2500 η)
516 2469 551 2492 Et
569 2471 681 2493 motus...
701 2467 878 2492 latitudinem.
890 2481 909 2486 -
922 2467 972 2491 Pro
990 2467 1028 2491 ad
1049 2467 1185 2495 dextrum,
1201 2467 1298 2491 dexter
1311 2467 1343 2495 H,
1359 2467 1396 2491 ad
1415 2467 1481 2491 dex-

416 2508 486 2528 tram
505 2503 672 2535 (dexteram)
692 2509 738 2527 cet.
760 2510 812 2527 exc.
832 2502 961 2532 DEGRZ;
977 2510 1024 2534 pro
1049 2502 1085 2526 ad
1103 2502 1251 2532 sinistrum,
1264 2502 1373 2526 sinister
1394 2501 1425 2531 H,
1445 2501 1482 2526 ad

414 2539 549 2564 sinistram
571 2544 619 2563 cet.
644 2546 696 2563 exc.
716 2538 825 2567 DEGR3
849 2545 895 2570 pro
915 2545 981 2570 quae
1006 2540 1072 2562 sunt
1094 2537 1247 2566 contraria,
1267 2537 1313 2569 qui
1335 2539 1398 2561 sunt
1420 2543 1482 2561 con-

414 2574 495 2598 trarii
514 2574 583 2604 Pab‚·
602 2581 669 2606 quae
687 2577 749 2598 sunt
767 2573 904 2598 contraria
917 2573 1061 2598 secundum
1081 2572 1250 2597 latitudinem
1270 2579 1323 2596 om.
1340 2571 1415 2596 codd.
1428 2579 1481 2596 exc.

414 2610 455 2633 BF
458 2609 570 2634 RSsCO.

1046 295 1390 333 PHYSICORUM
1417 297 1765 334 ARISTOTELIS
1795 298 1888 334 LIB.
1918 298 1953 335 V

1525 375 1757 412 contrarium
1785 382 1867 422 etc„
1888 375 2052 413 ostendit
2080 376 2184 425 quod
2211 377 2250 414 in
2277 376 2357 424 illis,
2378 376 2417 414 in
2444 378 2583 426 quibus

1525 439 1603 464 non
1633 435 1687 464 est
1715 428 1976 475 contrarietas,
2005 428 2101 465 sicut
2127 429 2167 465 in
2194 429 2407 466 substantiis
2441 437 2477 466 et
2503 430 2584 467 aliis

1524 479 1764 527 huiusmodi,
1799 480 1978 529 accipitur
2012 481 2032 502 *
2060 481 2301 518 contrarietas
2329 482 2583 520 mutationum

1525 533 1735 570 secundum
1764 545 1958 570 accessum
1987 540 2022 570 et
2048 545 2240 570 recessum
2267 534 2316 570 ab
2350 534 2487 571 eodem
2513 541 2584 572 ter-

1523 585 1640 622 mino.
1661 586 1710 622 Et
1736 585 1811 621 hoc
1831 593 1886 622 est
1909 585 2013 634 quod
2042 585 2140 632 dicit,
2155 585 2266 634 ,quod
2284 586 2323 623 in
2350 586 2419 624 illis
2446 587 2486 624 in
2503 587 2585 636 qui—

1525 638 1596 674 bus
1616 650 1694 674 non
1714 645 1770 674 est
1789 638 2030 685 contrarium,
2048 638 2228 686 accipitur
2242 638 2484 676 contrarietas
2502 650 2585 676 mu·

1524 689 1674 726 tationis
1694 702 1740 726 ex
1756 702 1802 727 eo
1818 690 1923 739 quod
1943 698 1998 727 est
2016 703 2185 728 recessus
2204 691 2252 727 ab
2271 691 2354 739 ipso
2377 692 2410 738 ²¹²,
2427 698 2463 728 et
2481 691 2587 739 quod

1526 750 1581 779 est
1608 754 1783 779 accessus
1818 743 1858 779 in
1884 743 2011 791 ipsum
2047 743 2168 790 idem;
2198 743 2293 780 sicut
2325 755 2500 780 accessus
2536 743 2586 780 ad

1525 794 1691 831 formam
1727 794 1840 843 ignis,
1870 796 1974 845 quod
2018 795 2180 844 pertinet
2216 795 2265 833 ad
2301 795 2586 843 generationem

1524 846 1619 894 ignis
1635 848 1666 894 ²³²,
1684 854 1719 884 et
1737 859 1907 884 recessus
1926 849 1974 885 ab
1995 834 2129 885 eadem
2147 849 2282 896 forma,
2305 849 2410 897 quod
2427 847 2588 897 pertinet

1526 899 1575 936 ad
1603 899 1683 936 eius
1712 900 2009 949 corruptionem,
2039 907 2125 938 sunt
2153 901 2348 938 contraria.
2383 901 2495 938 Unde
2523 913 2586 948 ge-

1525 951 1669 989 neratio
1698 952 1885 989 contraria
1911 960 1967 990 est
1995 953 2237 1002 corruptioni,
2258 960 2295 990 et
2321 965 2587 1002 quaecumque

1526 1004 1686 1041 remotio
1702 1004 1926 1054 cuicumque
1942 1005 2162 1054 acceptioni.
2179 1005 2257 1043 Sed
2274 1005 2493 1043 huiusmodi
2508 1017 2588 1043 non

1526 1064 1612 1094 sunt
1630 1065 1770 1105 motus,
1790 1058 1858 1095 sed
1877 1058 2115 1095 mutationes.
2130 1078 2154 1086 -
2174 1059 2282 1094 Patet
2300 1070 2388 1105 ergo
2409 1059 2514 1106 quod
2542 1070 2588 1094 ex

1527 1109 1694 1158 quinque
1721 1110 1847 1147 modis
1875 1122 1989 1158 supra
2009 1112 2027 1130 ⁴⁸
2056 1109 2187 1159 positis
2210 1108 2234 1155 ⁰,
2257 1109 2347 1156 duo,
2367 1109 2507 1146 scilicet
2530 1122 2586 1147 se·

1527 1162 1673 1199 cundus
1709 1170 1744 1199 et
1771 1170 1941 1210 quartus,
1971 1162 2019 1199 ad
2046 1161 2137 1198 nihil
2170 1161 2277 1198 utiles
2305 1169 2412 1208 sunt;
2439 1174 2538 1199 unus
2568 1163 2589 1185 *

1527 1222 1655 1251 autem
1684 1215 1862 1251 convenit
1889 1214 1938 1251 ad
1967 1213 2270 1250 contrarietatem
2296 1221 2484 1261 motuum3
2510 1214 2587 1252 duo

1527 1274 1654 1303 autem
1684 1274 1895 1313 congruunt
1923 1266 1972 1303 ad
2001 1265 2300 1303 contrarietatem
2320 1267 2585 1304 mutationum.

1587 1330 1643 1355 12.
1656 1318 1804 1355 Deinde
1821 1331 1908 1355 cum
1924 1318 2028 1355 dicit:
2049 1319 2123 1360 Qui
2130 1324 2254 1355 autem
2267 1319 2320 1356 ad
2327 1320 2489 1356 medium
2505 1327 2587 1367 etc„

1529 1370 1752 1408 determinat
1780 1371 1827 1407 de
1856 1371 2116 1408 contrarietate
2144 1378 2270 1408 motus
2298 1383 2344 1408 ex
2377 1380 2482 1420 parte
2509 1384 2588 1409 me-

1529 1423 1590 1460 dii.
1612 1424 1662 1460 Et
1690 1423 1778 1460 dicit
1796 1423 1900 1472 quod
1927 1423 1966 1460 in
1985 1423 2288 1472 quibuscumque
2318 1424 2516 1462 contrariis
2534 1424 2588 1462 in-

1527 1475 1678 1512 venitur
1706 1475 1889 1523 medium,
1910 1484 2037 1513 motus
2065 1476 2129 1525 qui
2156 1476 2405 1514 terminantur
2432 1477 2480 1514 ad
2508 1489 2589 1514 me-

1529 1528 1648 1576 dium,
1668 1528 1743 1564 hoc
1761 1528 1881 1565 modo
1900 1528 2069 1577 ponendi
2088 1537 2176 1566 sunt
2191 1541 2273 1566 esse
2293 1529 2479 1577 contrarii,
2495 1529 2590 1566 sicut

1528 1580 1576 1617 illi
1597 1580 1662 1629 qui
1680 1581 1929 1618 terminantur
1952 1582 2002 1618 ad
2031 1581 2233 1618 contraria:
2262 1581 2352 1630 quia
2374 1589 2501 1619 motus
2518 1582 2590 1619 uti-⁶

1528 1641 1588 1670 tur
1606 1633 1736 1671 medio
1761 1633 1854 1671 sicut
1874 1633 2073 1681 contrario,
2092 1634 2144 1671 ita
2162 1635 2266 1683 quod
2285 1646 2331 1671 ex
2348 1634 2479 1672 medio
2500 1646 2590 1672 con-

1528 1685 1633 1733 tingit
1668 1686 1806 1723 mutari
1833 1686 1872 1723 in
1899 1694 2103 1734 utrumque
2140 1687 2416 1724 contrariorum
2434 1693 2454 1724 ’.
2486 1687 2591 1725 Sicut

1530 1751 1575 1775 ex
1594 1739 1713 1785 fusco,
1730 1738 1834 1787 quod
1854 1746 1910 1775 est
1923 1739 2093 1776 medium
2108 1739 2204 1776 inter
2217 1740 2346 1776 album
2367 1736 2404 1776 et
2421 1740 2588 1788 nigrum,

1529 1792 1603 1828 hoc
1622 1791 1740 1828 modo
1770 1798 1937 1828 mutatur
1959 1791 1999 1828 in
2027 1791 2167 1839 album,
2189 1804 2233 1829 ac
2252 1792 2282 1829 si
2309 1799 2519 1829 mutaretur
2545 1804 2592 1830 ex

1529 1843 1636 1891 nigro
1655 1843 1694 1880 in
1714 1843 1859 1889 album;
1882 1850 1918 1880 et
1937 1856 1956 1880 e
1977 1856 2164 1881 converso
2185 1856 2230 1881 ex
2248 1845 2336 1881 albo
2355 1845 2410 1882 sic
2427 1852 2594 1882 mutatur

1531 1895 1672 1945 aliquid
1700 1896 1738 1932 in
1766 1897 1927 1943 fuscum,
1948 1909 1992 1933 ac
2021 1896 2051 1933 si
2070 1904 2280 1934 mutaretur
2305 1897 2345 1933 in
2363 1897 2531 1944 nigrum;
2555 1905 2594 1934 et

1533 1961 1578 1985 ex
1607 1948 1713 1996 nigro
1734 1948 1787 1985 sic
1807 1950 1826 1969 ’ὅ
1847 1956 2011 1986 mutatur
2029 1949 2068 1985 in
2087 1949 2253 1996 fuscum,
2275 1961 2318 1986 ac
2337 1949 2367 1986 si
2386 1956 2595 1987 mutaretur

1532 2001 1570 2038 in
1589 2002 1728 2038 album:
1745 2001 1833 2049 quia
1848 2002 2009 2049 fuscum,
2031 2013 2119 2038 cum
2135 2002 2180 2038 sit
2198 2001 2369 2038 medium
2384 2002 2433 2039 ad
2447 2009 2593 2039 utrum-

1533 2066 1607 2102 que
1623 2061 1892 2101 extremorum,
1914 2054 2047 2091 dicitur
2069 2061 2292 2103 utrumque3
2323 2054 2412 2103 quia
2429 2054 2468 2091 in
2489 2067 2592 2092 com-

1531 2106 1725 2155 paratione
1764 2107 1838 2143 albi
1873 2114 1928 2143 est
1963 2107 2135 2154 nigrum,
2165 2114 2202 2144 et
2237 2107 2276 2143 in
2310 2107 2594 2155 comparatione

1533 2159 1627 2206 nigri
1656 2166 1711 2195 est
1739 2159 1880 2206 album,
1901 2166 1943 2196 ut
1970 2171 2083 2207 supra
2113 2160 2132 2180 ’¹‘
2162 2159 2303 2196 dictum
2333 2167 2398 2196 est.

1586 2211 1727 2249 Ultimo
1744 2218 1872 2248 autem
1888 2212 2078 2248 concludit
2092 2212 2196 2260 quod
2210 2211 2461 2260 principaliter
2478 2211 2603 2249 intem.

1535 2264 1598 2312 dit,
1633 2263 1772 2300 scilicet
1799 2264 1903 2312 quod
1931 2272 2058 2301 motus
2086 2265 2132 2301 sit
2159 2264 2366 2301 contrarius
2393 2264 2515 2301 motui
2539 2276 2604 2302 se-.

1536 2316 1705 2353 cundum
1735 2316 2034 2354 contrarietatem
2056 2325 2306 2366 utrorumque
2325 2324 2602 2354 extremorum-

1589 2464 1614 2499 0)
1634 2473 1716 2497 supra
1736 2465 1842 2497 positis.
1854 2478 1873 2483 -
1886 2465 2027 2496 suppositis
2046 2465 2073 2493 Ζ,
2095 2471 2177 2496 supra
2201 2464 2283 2496 dictis,
2297 2469 2345 2489 cet.
2360 2471 2412 2489 exc.
2432 2464 2557 2489 BEFGH.
2575 2478 2595 2484 —

1535 2500 1788 2560 {ggddsscscggoet'
1808 2500 1906 2524 scilicet
1925 2500 1977 2524 duo
1996 2499 2076 2528 EGaJ
2096 2499 2194 2524 scilicet
2217 2499 2348 2524 secundus
2365 2502 2392 2524 et
2409 2503 2521 2531 quartus
2539 2506 2593 2525 om.

1589 2570 1607 2602 ι)
1633 2570 1659 2594 in
1685 2573 1824 2602 utrumque
1851 2569 2057 2594 contrariorum.
2077 2570 2138 2595 -in
2165 2572 2304 2602 utrumque
2331 2569 2506 2595 terminorum
2530 2569 2596 2601 EG,

1537 2608 1676 2637 utrumque
1695 2605 1868 2629 terminorum
1888 2605 1949 2629 Pab.

2611 492 2623 503 ⁸
2637 483 2766 514 Attendim-
2780 498 2822 514 m
2877 506 2880 512 ff

2612 520 2634 539 et
2647 517 2694 539 ab.

2611 700 2623 712 ⁴
2631 706 2658 723 eo
2668 706 2726 729 12th
2733 704 2756 723 et
2764 707 2780 724 a
2787 701 2809 722 b.

2613 853 2624 864 ⁶
2638 853 2689 874 eius
2702 852 2736 880 pb,
2745 858 2760 874 a
2768 853 2811 875 hc.

2614 1113 2626 1124 ⁴
2639 1113 2711 1134 Num.
2724 1118 2746 1134 2.

2615 1174 2626 1185 ⁸*
2639 1178 2710 1195 unum
2726 1172 2809 1196 mab.

2620 1957 2630 1965 ‘
2644 1956 2680 1978 sic
2693 1961 2741 1978 om.
2755 1955 2808 1977 rab.

2621 2166 2633 2178 ⁸
2645 2165 2710 2189 Lect.
2723 2172 2740 2194 ι,
2754 2171 2819 2192 n·,u.

2890 2430 2898 2593 l

2887 3349 2898 3509 ..re-xrmunna-
2890 3255 2898 3342 ..αμψ-
2894 3242 2898 3247 .
2895 3228 2898 3233 .
2897 3213 2898 3216 „
2894 3174 2898 3184 Δ
2896 3156 2898 3159 .

2884 3719 2898 3826 *ww-m.
2884 3684 2886 3686 ’
2887 3665 2891 3668 *
