2950 4004
1124 305 1236 340 CAP.
1264 304 1332 351 vl,
1362 304 1512 341 LECT.
1543 306 1594 341 lx

2376 308 2444 355 173

1082 533 1381 589 LECTIO
1419 536 1639 590 NONA

753 693 811 723 AD
834 692 1104 723 NATURALEM
1127 692 1343 723 PERTINET
1367 693 1677 725 DETERMINARE
1701 695 1757 725 DE
1780 695 1929 728 VACUO
1947 714 1965 719 -

563 754 790 787 OPINIONES
813 754 871 784 ET
894 754 1110 785 RATIONES
1133 754 1466 786 AFFIRMANTIUM
1489 756 1547 786 ET
1570 757 1827 788 NEGANTIUM
1850 758 1948 789 ESSE
1973 758 2156 791 VACUUM

276 895 338 927 Το“ν
372 891 478 924 αὐτὸν
509 887 547 922 δὲ
575 889 702 934 τρόπον
738 889 955 927 ὑποληπτέον
987 887 1071 922 εἶναι
1103 892 1166 922 τοῦ
1198 903 1334 935 φυσικου

341 934 507 978 θεωρῆσαι
533 936 592 966 καὶ
617 935 692 976 περὶ
723 934 840 975 κενοῦ,
867 934 895 964 εἰ
919 934 1011 965 ἔστιν
1036 933 1057 970 ἦ
1082 934 1150 978 μή,
1182 937 1240 966 καὶ
1266 936 1333 972 πῶς

342 979 433 1011 ἐστὶν
459 977 480 1015 ἦ
505 980 539 1010 τί
565 979 676 1018 ἐστιν,
702 976 812 1021 ὥσπερ
841 979 899 1009 καὶ
929 980 1001 1022 περὶ
1035 977 1155 1010 τόπου·
1181 981 1238 1010 καὶ
1270 978 1334 1024 γαρ

339 1024 584 1068 παραπλησίαν
610 1022 679 1066 ἔχει
705 1020 769 1057 τήν
794 1033 832 1053 τε
859 1022 1022 1054 ἀπιστίαν
1049 1024 1106 1053 καὶ
1132 1022 1194 1059 τὴν
1220 1025 1333 1055 πίστιν

341 1062 400 1099 διαὶ
423 1067 490 1099 τῶν
516 1065 862 1109 ὑπολαμβανομένων·
882 1066 950 1097 οἷον
966 1066 1031 1111 γαρ
1049 1065 1156 1098 τόπον
1181 1066 1261 1098 τινα
1276 1068 1334 1098 καὶ

343 1112 479 1158 ἀγγεῖον
499 1109 547 1143 “z-0¹
569 1110 663 1142 κενόν
682 1108 832 1141 τιθέασιν
852 1112 880 1141 οἱ
896 1109 1068 1155 λέγοντες,
1086 1105 1180 1141 δοκεῖ
1194 1106 1232 1142 δὲ
1249 1111 1334 1147 πλῆ-

341 1168 392 1198 ρες
417 1155 475 1200 μὲν
501 1151 599 1195 εἶναι,
620 1153 703 1186 ὅταν
721 1153 784 1198 ἔχῃ
802 1154 861 1186 τόν
881 1153 978 1199 ὄγκον
998 1154 1034 1186 οὗ
1054 1151 1209 1188 δεκτικόν
1227 1155 1331 1195 ἐστιν,

343 1199 427 1232 ὅταν
445 1194 482 1231 δὲ
497 1197 658 1243 στερηθῇ,
677 1198 786 1239 κενόν,
805 1199 846 1235 ὠς
867 1198 908 1231 τὸ
927 1198 1013 1230 αὐτὸ
1033 1200 1092 1244 μὲν
1112 1197 1146 1230 ὃν
1166 1199 1259 1231 κενόν
1276 1200 1334 1231 καὶ

343 1244 466 1285 πλῆρες
490 1245 547 1274 καὶ
573 1242 693 1283 τόπον,
720 1241 762 1273 τό
785 1236 812 1273 δ’
835 1238 919 1274 εἶναι
944 1243 1061 1282 αὐτοῖς
1088 1242 1124 1274 οὐ
1149 1242 1260 1276 ταύτὸ
1283 1243 1330 1274 ὄν.

267 1287 454 1332 Ἀρξασθαι
482 1282 520 1318 δὲ
543 1281 596 1317 δεῖ
618 1287 681 1323 τῆς
711 1284 855 1329 σκέψεως
884 1286 1047 1326 λαβοῦσιν
1074 1287 1096 1320 ἅ
1119 1299 1157 1319 τε
1179 1286 1333 1333 λέγουσιν

344 1335 373 1364 οἱ
398 1331 583 1376 φάσκοντες
607 1327 706 1371 εἶναι,
723 1331 781 1362 καὶ
807 1332 908 1362 ποίλιν
936 1331 958 1362 οἳ
980 1331 1133 1377 λέγουσιν
1160 1334 1188 1362 οἱ
1207 1331 1253 1374 μή
1273 1330 1333 1375 φοί-

343 1387 500 1417 σκοντες,
524 1376 582 1406 καὶ
606 1377 720 1417 τρίτον
746 1373 808 1411 τοίς
833 1374 946 1411 κοινοίς
972 1377 1046 1419 περὶ
1072 1375 1184 1408 αὐτῶν
1216 1374 1331 1415 δόξας.

338 1420 396 1464 μὲν
423 1418 479 1452 οὖν
503 1414 672 1450 δεικνύναι
703 1417 898 1462 πειρώμενοι
932 1417 985 1451 ὅτι
1010 1420 1069 1451 οὐκ
1094 1419 1204 1460 ἐ’στιν,
1230 1419 1293 1464 οὐχ
1319 1419 1334 1451 ὃ

344 1463 528 1505 βούλονται
544 1461 652 1508 λέγειν
671 1464 701 1494 οἰ
720 1462 884 1507 ἄνθρωποι
900 1461 1008 1504 κενόν,
1028 1464 1122 1497 τοῦτ’
1141 1462 1335 1518 ἐξελέγχου-

343 1519 406 1550 σιν,
421 1506 493 1540 ἀλλ’
516 1505 770 1550 ἁμαρτάνοντες
787 1505 954 1552 λέγουσιν,
972 1506 1082 1551 ὥσπερ
1103 1506 1335 1553 Ἀναξαγόρας

342 1554 399 1584 καὶ
418 1555 447 1584 οἱ
466 1552 591 1583 τοῦτον
607 1550 667 1583 τὸν
686 1549 812 1594 τρόπον
837 1550 1047 1598 ἐλέγχοντες.
1069 1547 1335 1583 Ἐπιδεικνύουσι

342 1597 407 1642 γαῖρ
433 1595 487 1629 ὅτι
518 1595 592 1626 ἐ’στι
616 1606 651 1626 τι
677 1595 692 1625 ὀ
720 1594 805 1639 ἀήρ,
831 1596 1071 1639 στρεβλοῦντες
1101 1595 1180 1633 τούς
1214 1596 1336 1633 ἀσκούς

341 1641 399 1672 καὶ
423 1635 612 1675 δεικνύντες
636 1639 679 1675 ὠς
702 1639 833 1683 ἰσχυρός
861 1641 876 1670 ὀ
904 1639 987 1684 ἀήρ,
1012 1640 1070 1671 καὶ
1096 1639 1337 1683 ἐναπολαμβα-

343 1695 455 1721 νοντες
474 1683 506 1715 ἐν
525 1685 601 1719 ταῖς
617 1679 829 1727 κλεψύδραις.
857 1684 894 1714 Οἱ
911 1679 940 1715 δ’
964 1682 1130 1727 ἄνθρωποι
1151 1683 1336 1724 βούλονται

341 1727 436 1759 κενόν
461 1724 546 1758 εἶναι
569 1722 746 1770 διάστημα
772 1727 803 1758 ἐν
830 1726 853 1767 ᾧ
877 1722 980 1771 μηδέν
1006 1727 1078 1759 ἐστι
1104 1728 1200 1771 σῶμα
1223 1727 1338 1764 αἰσθη-

343 1770 417 1805 τόν·
445 1770 588 1815 οἰόμενοι
613 1765 650 1801 δέ
675 1770 716 1802 τὸ
742 1770 776 1802 ὃν
804 1769 894 1802 ἅπαν
920 1768 1006 1803 εἶναι
1029 1772 1139 1814 σῶμα,
1165 1773 1275 1814 φασίν·
1303 1769 1335 1803 ἐν

345 1816 368 1857 ᾦ
393 1815 475 1853 ὅλως
500 1810 604 1858 μηδέν
629 1814 716 1856 ἐστι,
735 1815 831 1847 τοῦτ’
853 1812 938 1847 εἶναι
953 1815 1061 1847 κενόν·
1080 1813 1132 1848 διό
1153 1815 1194 1846 τό
1213 1816 1335 1860 πλῆρες

345 1859 459 1903 ἀέρος,
485 1858 532 1903 μή
555 1858 649 1889 κενόν
674 1856 771 1891 εἶναι.
798 1857 923 1890 Οὔκουν
948 1860 1054 1891 τοῦτο
1079 1859 1132 1892 δεῖ
1153 1854 1335 1901 δεικνύναι,

345 1903 398 1936 ὅτι
423 1904 496 1936 ἔστι
521 1914 555 1935 τι
580 1903 596 1934 ό
624 1901 701 1945 ἀήρ,
722 1903 795 1935 ἀλλ’
818 1902 871 1935 ὅτι
898 1903 956 1934 οὐκ
978 1904 1050 1936 ἔστι
1071 1900 1248 1947 διάστημα
1266 1903 1337 1936 ἕτε-

343 1959 396 1993 ρον
423 1948 488 1980 τῶν
514 1945 695 1989 σωμάτων,
716 1947 794 1979 οὔτε
818 1947 982 1992 χωριστὸν
1010 1947 1088 1980 οὔτε
1113 1947 1261 1993 ἐνεργείᾳ
1287 1948 1334 1988 ὅν,

345 1993 361 2024 ὃ
385 1987 612 2036 διαλαμβάνει
636 1990 677 2023 τό
703 1992 770 2023 πᾶν
788 1993 898 2035 σῶμα,
917 1989 996 2024 ὥστ’
1017 1989 1102 2024 εἶναι
1119 1991 1165 2036 μή
1183 1991 1332 2047 συνεζές,

341 2035 496 2077 καθάπερ
519 2034 654 2078 λέγουσι
673 2034 876 2080 Δημόκριτος
901 2038 957 2067 καὶ
974 2036 1165 2073 Λεύκιππος
1187 2037 1246 2067 καὶ
1265 2049 1335 2069 ετε-

344 2091 392 2123 ροι
424 2081 544 2112 πολλοὶ
570 2080 636 2110 τῶν
667 2078 892 2125 φυσιολόγων,
923 2078 944 2116 ἢ
968 2082 1025 2111 καὶ
1055 2082 1086 2112 εἴ
1113 2092 1147 2112 τι
1180 2079 1241 2120 ἔξω
1273 2081 1336 2112 τοῦ

343 2124 474 2161 παντὸς
499 2122 659 2165 σώματός
691 2121 783 2155 ἐστιν
817 2123 912 2161 ὄντος
937 2126 1106 2168 συνεχοῦς.
1143 2124 1245 2156 Οὗτοι
1277 2124 1336 2168 μὲν

344 2167 400 2200 οὖν
427 2168 464 2199 οὐ
487 2168 584 2199 κατα
606 2166 706 2210 θύρας
732 2167 812 2208 πρὸς
838 2167 879 2199 τὸ
904 2167 1086 2212 πρόβλημα
1117 2166 1334 2210 ἀπαντῶσιν,

280 2213 353 2247 ἀλλ’
385 2214 413 2243 οἱ
438 2210 624 2256 φοίσκοντες
648 2207 733 2242 εἶναι
758 2212 901 2254 μᾶλλον.
925 2211 1069 2257 Λέγουσι
1094 2208 1122 2244 δ’
1144 2213 1176 2244 ἓν
1201 2213 1259 2254 μὲν
1283 2211 1337 2244 ὅτι

344 2257 365 2293 ἡ
389 2258 513 2293 κίνησις
539 2256 559 2291 ἡ
584 2254 680 2287 κατα
704 2253 810 2287 τόπον
843 2254 901 2287 οὐκ
928 2254 966 2287 ἂν
992 2258 1041 2293 εἴη
1071 2254 1180 2299 (αὕτη
1206 2251 1235 2287 δ’
1265 2255 1336 2288 ἐστὶ

344 2299 430 2343 φοροί
452 2301 510 2331 καὶ
537 2298 708 2342 αὔξησις),
736 2297 773 2330 οὗ
797 2300 861 2345 γαρ
889 2297 926 2331 div
952 2294 1060 2331 δοκεῖν
1086 2297 1171 2331 εἶναι
1195 2303 1335 2339 κίνησιν,

343 2345 370 2375 εἰ
389 2343 434 2388 μή
452 2345 501 2381 εἴη
524 2342 632 2374 κενόν·
659 2343 700 2375 τὸ
723 2343 787 2388 γοὶρ
806 2344 928 2387 πλῆρες
950 2339 1120 2376 ἀδύνατον
1138 2341 1223 2376 εἶναι
1238 2339 1337 2384 δέξα-

343 2387 422 2420 σθαί
448 2399 496 2420 τι·
522 2388 550 2419 εἰ
574 2383 612 2419 δὲ
635 2383 776 2427 δέξαιτο
802 2389 860 2419 καὶ
886 2388 984 2420 ἔσται
1008 2383 1070 2419 δύο
1096 2386 1128 2419 ἐν
1154 2390 1200 2429 τῷ
1228 2386 1336 2429 αὐτῷ,

344 2427 418 2464 ὲνδέ
449 2433 509 2463 οιτ’
537 2430 575 2463 ᾰῖν
600 2434 657 2463 καὶ
684 2432 854 2463 ὁποσαοῦν
880 2429 965 2463 εἶναι
991 2433 1063 2476 ἅμα
1087 2432 1246 2475 σώματα·
1273 2431 1337 2469 τήν

342 2476 407 2534 γὰρ
432 2474 616 2519 ὸιαφοραὶν,
650 2470 687 2507 δι’
724 2475 763 2511 ’ἣν
790 2476 848 2507 οὐκ
882 2475 920 2507 ἀῖν
953 2477 1001 2513 εἴη
1032 2475 1073 2508 τὸ
1104 2475 1244 2521 λεχθέν,
1280 2476 1338 2508 οὐκ

345 2532 435 2554 εστιν
461 2521 579 2552 εἰπεῖν.
604 2519 642 2550 Εἰ
667 2515 704 2551 δέ
730 2520 836 2552 τοῦτο
862 2515 1051 2564 ἐνδέχεται,
1069 2522 1126 2552 καὶ
1146 2521 1186 2552 τὸ
1207 2520 1339 2564 σμικρό-

345 2576 453 2598 τατον
478 2559 616 2604 δέξεται
642 2563 682 2596 τό
707 2563 882 2608 μέγιστον·
909 2564 1023 2595 πολλοὶ
1049 2564 1113 2609 γὰρ
1138 2565 1239 2609 μικροί
1265 2565 1337 2596 ἐστι

345 2609 386 2642 τό
418 2608 522 2654 μέγα·
548 2606 629 2640 ὥστ’
657 2609 684 2639 εἱ
715 2607 829 2639 πολλοὶ
857 2609 916 2640 ἴσα
946 2603 1123 2653 ἐνδέχεται
1157 2609 1188 2640 ἐν
1218 2609 1337 2650 ταύτῷ

345 2651 444 2694 εἶναι,
469 2653 527 2684 καὶ
552 2651 666 2683 πολλοὶ
692 2651 803 2684 ἄνισα.

277 2697 441 2734 Μέλισσος
466 2696 524 2740 μὲν
551 2693 607 2727 οὖν
632 2697 690 2727 καὶ
714 2690 877 2728 δείκνυσιν
904 2694 958 2728 ὅτι
975 2696 1016 2728 τὸ
1034 2697 1101 2728 πᾶν
1126 2696 1283 2733 ἀκίνητον
1303 2696 1338 2728 ἐκ

345 2740 492 2773 τούτων·
511 2740 540 2771 εἰ
556 2739 620 2786 γοὶρ
644 2739 834 2780 κινήσεται,
855 2738 986 2784 ἀνάγκη
1004 2736 1101 2781 εἶναι,
1121 2742 1211 2783 φησί,
1229 2740 1336 2772 κενόν·

344 2785 385 2817 τό
410 2779 448 2816 δέ
471 2782 580 2824 κενόν,
601 2782 638 2814 οὗ
663 2784 728 2815 τῶν
756 2784 873 2815 ὄντων.
893 2782 977 2815 Ἕνα
1002 2783 1060 2825 μὲν
1082 2782 1138 2815 οὖν
1158 2783 1282 2828 τρόπον
1303 2785 1337 2816 ὲκ

344 2827 476 2861 τούτων
501 2822 705 2858 δεικνύουσιν
732 2826 785 2860 ὅτι
811 2826 883 2859 ἔστι
909 2839 942 2858 τι
966 2826 1078 2868 κενόν,

275 1424 313 1454 Οἱ

280 2914 382 2946 ἄλλον
407 2907 436 2943 δ’
466 2910 520 2943 ὅτι
544 2913 724 2953 φαίνονται
753 2911 825 2942 ἔνια
849 2910 1008 2943 συνιόντα
1038 2912 1096 2942 καὶ
1129 2910 1336 2953 πιλούμενα,

345 2957 413 2988 οἷον
437 2957 495 2986 καὶ
521 2955 580 2987 τὸν
607 2951 692 2986 οἶνόν
718 2965 798 2998 φασι
830 2949 990 3007 δέχεσθαι
1021 2954 1112 2998 μετοὶ
1135 2955 1201 2986 τῶν
1229 2954 1338 2987 ἀσκῶν

345 2999 424 3037 τούς
449 2998 584 3040 πίθους,
610 3000 651 3036 ὠς
675 2999 719 3036 εἰς
746 2998 794 3030 τοὶ
816 2999 941 3031 ένοντα
969 2998 1049 3030 κενοὶ
1081 2998 1250 3036 συνιόντος
1276 2999 1337 3031 τοῦ

345 3043 571 3087 πυκνουμένου
596 3042 766 3087 σώματος.

270 3088 348 3120 Ἔτι
373 3083 410 3119 δὲ
433 3089 492 3118 καὶ
517 3088 537 3123 ’ἦ
565 3086 702 3127 αὔξησις
727 3082 820 3118 δοκεῖ
843 3087 927 3118 πᾶσι
951 3085 1123 3132 γίγνεσθαι
1148 3081 1206 3118 διαὶ
1226 3087 1335 3118 κενοῦ·

345 3131 407 3167 τήν
440 3132 498 3175 μέν
523 3131 587 3176 γαρ
620 3131 746 3174 τροφήν
777 3131 874 3174 σῶμα
906 3127 1010 3171 εἶναι,
1043 3126 1104 3162 δύο
1128 3125 1166 3162 δέ
1190 3130 1338 3174 σώματα

347 3170 516 3207 ἀδύνατον
544 3175 615 3219 ἅμα
640 3172 738 3207 εἶναι.
1113 3180 1118 3184 ”

278 3218 469 3263 Μαρτύριον
494 3214 532 3250 δὲ
555 3221 612 3251 καὶ
639 3219 680 3251 τό
706 3221 779 3262 περὶ
805 3219 868 3254 τῆς
893 3217 1014 3261 τέφρας
1032 3218 1227 3258 ποιοῦνται,
1247 3218 1268 3254 ἦ
1285 3213 1338 3250 δέ-

345 3274 447 3308 χεται
470 3264 540 3294 ἴσον
567 3258 652 3305 ὕδωρ
680 3261 756 3294 ὅσον
782 3261 823 3293 τὸ
850 3262 984 3306 ἀγγεῖον
1010 3263 1052 3293 τό
1076 3261 1184 3293 κενόν.

278 3304 373 3338 Εἶναι
397 3302 428 3337 δ’
450 3306 576 3348 ἔφασαν
600 3307 658 3337 καὶ
683 3308 712 3337 οἱ
736 3304 952 3350 Πυθαγόρειοι
976 3305 1091 3346 κενόν,
1117 3306 1175 3336 καὶ
1200 3305 1339 3337 ἐπεισιέ-

345 3362 400 3382 ναι
425 3349 513 3382 αὖτό
539 3350 585 3390 τῷ
613 3348 740 3393 οὐρανῷ
767 3349 802 3380 ἐκ
827 3349 889 3381 τοῦ
917 3349 1053 3392 ἀπείρου
1079 3348 1273 3392 πνεύματος
1298 3350 1339 3386 ὠς

348 3393 553 3426 ἀναπνέοντι
577 3395 636 3424 καὶ
661 3393 701 3424 τό
725 3392 834 3432 κενόν,
861 3392 877 3422 ὃ
902 3386 1036 3436 διορίζει
1061 3393 1124 3430 τοὶς
1149 3392 1272 3434 φύσεις,
1298 3394 1338 3430 ὠς

347 3438 442 3475 ὄντος
467 3438 529 3469 τοῦ
553 3438 650 3468 κενοῦ
675 3437 843 3480 χωρισμοῦ
869 3435 957 3473 τινος
981 3436 1047 3468 τῶν
1066 3436 1182 3480 ἐφεξῆς
1199 3438 1255 3467 καὶ
1275 3437 1337 3473 τῆς

345 3477 525 3526 διορίσεως·
550 3483 608 3512 καὶ
634 3481 730 3512 τοῦτ’
751 3477 836 3512 εἶναι
862 3481 992 3520 πρῶτον
1020 3481 1051 3511 ἐν
1078 3483 1148 3516 τοῖς
1175 3478 1336 3523 ἀριθμοῖς

346 3526 388 3558 τό
412 3526 476 3572 γὰρ
500 3525 594 3556 κενὸν
615 3519 767 3579 διορίζειν
786 3524 849 3560 τήν
900 3523 969 3555 ύσιν
995 3524 1123 3555 αὐτῶν.
1143 3521 1201 3562 Ἐξ
1218 3523 1261 3554 ὧν
1279 3523 1337 3565 μὲν

348 3569 402 3602 οὖν
429 3572 458 3601 οἰ
483 3570 543 3612 μέν
569 3579 666 3612 φασιν
693 3579 797 3609 ειναι,
825 3570 853 3599 οἱ
899 3568 906 3579 ’
937 3566 975 3598 οὔ
999 3579 1095 3611 φασι,
1122 3562 1242 3612 σχεδόν
1268 3577 1336 3598 τοι-

348 3614 440 3646 αῦτα
463 3616 520 3645 καὶ
546 3611 706 3646 τοσαῦταί
730 3612 814 3644 ἐστι.

1388 894 1406 913 *
1428 891 1552 925 Eodem
1575 903 1681 927 autem
1697 899 1796 928 modo
1817 900 2033 940 accipiendum
2058 908 2088 932 et
2110 901 2230 942 physici
2254 912 2319 933 esse
2343 903 2444 933 consi-

1457 939 1561 969 derare
1585 946 1615 970 et
1634 941 1672 970 de
1689 951 1800 980 vacuo,
1820 943 1845 973 si
1864 950 1910 974 est
1932 951 1986 975 aut
2009 955 2085 983 non,
2102 952 2132 976 et
2152 947 2318 986 quomodo
2342 953 2398 985 est,
2416 953 2446 977 et

1455 982 1533 1022 quid
1557 990 1619 1021 est,
1643 984 1723 1015 sicut
1747 993 1776 1016 et
1800 987 1838 1016 de
1861 987 1943 1018 loco.
1967 989 2008 1019 Et
2030 999 2168 1029 namque
2191 989 2326 1020 similem
2353 990 2446 1020 habet

1455 1026 1704 1058 incredulitatem
1737 1036 1767 1059 et
1795 1029 1905 1069 fidem,
1930 1042 1985 1071 per
2016 1042 2051 1062 ea
2083 1043 2163 1073 quae
2192 1033 2369 1073 opinantur.
2403 1034 2446 1064 Ut

1456 1070 1541 1099 enim
1562 1070 1671 1101 locum
1700 1074 1859 1112 quendam
1891 1082 1921 1106 et
1943 1086 2016 1114 vas,
2039 1086 2176 1107 vacuum
2195 1084 2321 1117 ponunt
2343 1077 2446 1108 dicen-

1455 1120 1517 1144 tes:
1541 1114 1664 1145 videtur
1679 1123 1784 1146 autem
1808 1127 1873 1147 esse
1890 1119 2020 1159 plenum
2043 1120 2183 1160 quidem,
2200 1131 2274 1151 cum
2295 1121 2389 1152 habet
2410 1122 2445 1151 il-

1455 1157 1519 1187 lam
1542 1158 1663 1189 molem
1686 1159 1775 1190 cuius
1791 1163 2003 1201 susceptivum
2027 1171 2087 1202 est;
2103 1174 2175 1194 cum
2191 1174 2265 1195 vero
2289 1165 2446 1205 privatum

1455 1208 1512 1240 est,
1527 1209 1681 1232 vacuum:
1705 1210 1856 1244 tanquam
1871 1206 1956 1236 idem
1979 1207 2107 1249 quidem
2124 1208 2163 1238 sit
2180 1218 2317 1239 vacuum
2335 1215 2366 1240 et
2378 1209 2445 1249 ple-

1455 1255 1535 1275 num
1558 1252 1588 1276 et
1610 1246 1710 1285 locus,
1725 1257 1791 1277 esse
1807 1255 1913 1279 autem
1935 1250 2010 1290 ipsis
2029 1261 2094 1280 non
2116 1251 2210 1282 idern.

1389 1286 1559 1329 *Incipere
1583 1297 1689 1320 autem
1713 1298 1837 1331 oportet
1861 1293 2142 1324 considerationem
2165 1295 2350 1335 accipientes
2365 1306 2446 1336 quae

1457 1333 1566 1364 dicunt
1588 1333 1775 1365 affirmantes
1789 1344 1875 1374 esse;
1895 1344 1924 1367 et
1942 1338 2056 1368 iterum
2072 1348 2152 1380 quae
2169 1339 2275 1369 dicunt
2286 1349 2351 1370 non
2368 1339 2447 1370 affir-

1457 1384 1578 1408 mantes
1602 1386 1686 1416 esse·,
1710 1386 1740 1409 et
1765 1379 1880 1410 iterum
1903 1391 2088 1412 communes
2112 1382 2277 1422 opiniones
2301 1384 2339 1414 de
2361 1384 2445 1424 ipsis.

1390 1421 1454 1451 Alii
1476 1422 1607 1462 quidem
1629 1422 1721 1462 igitur
1745 1430 1898 1454 tentantes
1921 1432 2094 1460 monstrare
2118 1426 2192 1466 quia
2214 1436 2279 1456 non
2299 1434 2361 1465 est,
2381 1437 2447 1458 non

1457 1465 1546 1506 quod
1577 1465 1722 1496 homines
1752 1467 1864 1499 volunt
1903 1469 2003 1499 dicere
2028 1479 2179 1508 vacuum,
2203 1470 2264 1500 hoc
2295 1477 2447 1510 arguunt;

1457 1510 1512 1539 sed
1535 1517 1697 1550 peccantes
1722 1511 1846 1550 dicunt,
1877 1512 1958 1543 sicut
1979 1515 2179 1553 Anaxagoras
2203 1519 2233 1544 et
2256 1513 2310 1554 qui
2334 1515 2448 1544 eodem

1457 1554 1556 1584 modo
1581 1561 1846 1594 argumentantur.
1871 1556 2096 1587 Demonstrant
2119 1557 2204 1587 enim
2218 1558 2306 1599 quod
2329 1558 2447 1598 aliquid

1458 1604 1505 1628 est
1527 1607 1588 1636 aer,
1612 1598 1766 1638 litigantes
1782 1609 1838 1639 per
1859 1607 1954 1638 utres,
1974 1607 2004 1631 et
2018 1601 2266 1631 demonstrantes
2285 1602 2373 1641 quod
2396 1612 2447 1632 aer

1458 1648 1505 1671 est
1527 1641 1631 1680 fortis,
1656 1650 1686 1673 et
1708 1643 1892 1682 acciplentes
1915 1644 1948 1673 in
1972 1644 2149 1685 clepsydris.
2169 1645 2232 1675 Alii
2259 1652 2366 1676 autem
2387 1646 2446 1676 ho-

1458 1685 1558 1715 mines
1578 1686 1690 1716 volunt
1712 1696 1848 1717 vacuum
1868 1697 1934 1718 esse
1952 1688 2090 1728 spatium
2112 1688 2145 1718 in
2168 1698 2234 1731 quo
2257 1688 2382 1720 nullum
2401 1696 2447 1721 est

1459 1739 1573 1768 corpus
1593 1730 1773 1760 sensibile.*
1787 1730 1960 1770 Opinantes
1979 1738 2086 1762 autem
2102 1742 2197 1762 omne
2215 1733 2302 1773 quod
2319 1740 2364 1764 est
2380 1744 2445 1764 esse

1459 1782 1591 1811 corpuS,
1621 1773 1728 1804 dicunt
1760 1774 1892 1804 omnino
1923 1775 1955 1804 in
1988 1785 2053 1816 quo
2086 1775 2163 1806 nihil
2193 1782 2257 1815 est,
2288 1777 2349 1807 hoc
2380 1785 2446 1808 esse

1457 1824 1610 1846 vacuum:
1635 1817 1719 1847 unde
1746 1818 1877 1857 plenum
1907 1828 1976 1848 aere
2003 1829 2139 1849 vacuum
2162 1830 2238 1850 esse.
2268 1820 2363 1860 Igitur
2385 1821 2446 1851 hoc

1458 1870 1524 1890 non
1548 1867 1673 1900 oportet
1695 1868 1879 1899 monstrare,
1904 1863 1978 1902 quia
2001 1869 2046 1893 est
2069 1863 2186 1903 aliquid
2210 1873 2280 1896 aer:
2304 1865 2359 1894 sed
2374 1865 2448 1905 quia

1459 1914 1526 1934 non
1549 1911 1595 1934 est
1617 1905 1751 1935 alterum
1774 1905 1911 1945 spatium
1935 1916 1952 1936 a
1975 1906 2176 1946 corporibuS,
2200 1917 2303 1947 neque
2331 1918 2449 1948 separa-

1458 1947 1538 1986 bile,
1563 1954 1616 1978 aut
1645 1949 1733 1989 quod
1756 1949 1795 1979 sit
1827 1956 1912 1988 actu,
1946 1951 2034 1990 quod
2057 1950 2226 1990 distinguat
2256 1961 2352 1982 omne
2382 1962 2448 1982 cor-

1458 2002 1529 2032 puS,
1554 1998 1590 2022 ut
1613 1991 1652 2022 sit
1674 2002 1739 2022 non
1757 1993 1955 2031 continuum,
1975 1994 2055 2024 sicut
2074 1994 2181 2024 dicunt
2204 1995 2403 2026 Democritus
2420 2002 2450 2026 et

1459 2035 1640 2075 Leucippus
1664 2043 1694 2066 et
1717 2036 1768 2066 alii
1791 2037 1883 2067 multi
1907 2037 2186 2078 physiologorum:
2210 2045 2265 2069 aut
2294 2045 2325 2069 et
2347 2039 2372 2069 si
2396 2039 2449 2069 ali-

1458 2079 1535 2120 quid
1559 2086 1641 2110 extra
1672 2090 1767 2110 omne
1798 2090 1912 2120 corpus
1944 2087 2003 2119 est,
2027 2091 2101 2112 cum
2124 2081 2163 2112 sit
2186 2083 2382 2114 continuum.
2407 2083 2450 2113 Hi

1457 2124 1475 2143 *
1490 2123 1620 2164 quidem
1642 2123 1736 2163 igitur
1751 2134 1816 2154 non
1834 2125 2008 2155 secundum
2023 2125 2125 2165 posita
2141 2126 2180 2155 ad
2198 2126 2360 2166 problema
2376 2137 2450 2158 con-

1457 2167 1630 2198 tradicunt:

1392 2211 1447 2241 sed
1470 2210 1658 2242 affirmantes
1689 2222 1754 2242 esse
1778 2212 1886 2252 magis.
1911 2213 2028 2243 Dicunt
2051 2219 2156 2243 autem
2179 2223 2281 2244 unum
2307 2213 2449 2254 quidem,

1459 2255 1534 2296 quia
1556 2261 1663 2285 motus
1688 2256 1863 2286 secundum
1885 2256 1993 2287 locum
2017 2266 2082 2286 non
2106 2256 2178 2287 erit:
2202 2256 2252 2287 hic
2276 2265 2382 2288 autem
2405 2265 2450 2288 est

1458 2298 1520 2328 loci
1543 2299 1689 2337 mutatio,
1714 2306 1744 2330 et
1767 2307 1983 2339 augmentum.
2006 2301 2080 2330 Non
2105 2300 2189 2330 enim
2212 2301 2366 2332 videbitur
2390 2302 2449 2332 uti-

1459 2352 1522 2382 que
1545 2349 1652 2372 motus
1669 2353 1744 2378 esse.
1762 2343 1821 2373 nisi
1838 2344 1876 2374 sit
1893 2352 2048 2374 vacuum:
2074 2345 2205 2384 plenum
2224 2345 2308 2374 enim
2331 2345 2450 2385 impos-

1460 2386 1548 2416 sibile
1565 2393 1610 2416 est
1623 2386 1768 2426 recipere.
1786 2387 1819 2418 Si
1833 2388 1908 2418 vero
1923 2388 2061 2428 recipiat,
2079 2395 2108 2418 et
2123 2388 2183 2418 sint
2198 2388 2263 2419 duo
2279 2389 2311 2419 in
2326 2390 2449 2427 eodem,

1460 2430 1620 2469 continget
1643 2430 1752 2471 utique
1776 2438 1806 2461 et
1828 2432 1983 2472 quotlibet
2005 2432 2100 2462 simul
2123 2442 2189 2462 esse
2213 2440 2364 2472 corpora:
2392 2433 2449 2463 dif-

1460 2474 1623 2504 ferentiam
1647 2474 1731 2504 enim
1759 2482 1888 2514 propter
1917 2485 2015 2515 quam
2038 2486 2104 2506 non
2136 2475 2192 2506 erit
2222 2476 2330 2517 utique
2363 2477 2451 2517 quod

1460 2518 1580 2548 dictum
1599 2524 1655 2556 est,
1679 2528 1745 2548 non
1769 2518 1824 2549 erit
1848 2519 1957 2549 dicere.
1978 2519 2010 2549 Si
2025 2526 2132 2549 autem
2150 2519 2211 2549 hoc
2235 2520 2403 2560 continget,
2421 2527 2451 2551 et

1460 2561 1682 2601 parvissimum
1707 2562 1836 2602 accipiet
1858 2562 2047 2595 maximum:
2072 2563 2172 2592 multa
2194 2572 2331 2604 namque
2355 2574 2449 2604 parva

1459 2615 1612 2644 magnum
1636 2612 1717 2636 sunt.
1743 2607 1865 2644 Quare,
1890 2606 1915 2636 si
1938 2607 2038 2637 multa
2067 2606 2208 2647 aequalia
2231 2607 2390 2647 continget
2416 2608 2448 2638 in

1460 2650 1573 2680 eodem
1596 2660 1673 2687 esse,
1694 2657 1723 2680 et
1746 2650 1845 2680 multa
1867 2650 2052 2690 inaequalia.

1392 2693 1410 2712 *
1425 2693 1569 2724 Melissus
1592 2693 1722 2734 quidem
1744 2694 1837 2733 igitur
1860 2694 2051 2724 demonstrat
2069 2695 2156 2734 quod
2173 2704 2268 2724 omne
2285 2694 2448 2725 immobile

1460 2747 1497 2767 ex
1526 2737 1584 2767 his.
1613 2737 1645 2768 Si
1669 2737 1753 2768 enim
1783 2737 1960 2768 movebitur
1992 2737 2129 2778 aliquid,
2158 2748 2281 2768 necesse
2314 2745 2360 2769 est
2383 2748 2448 2768 esse

1459 2791 1611 2820 vacuum,
1636 2781 1723 2812 dicit:
1754 2792 1891 2812 vacuum
1924 2788 2029 2812 autem
2059 2791 2124 2811 non
2155 2789 2201 2812 est
2230 2791 2340 2812 eorum
2368 2792 2449 2823 quae

1460 2832 1543 2856 sunt.
1563 2825 1581 2844 *
1605 2825 1679 2856 Uno
1709 2826 1838 2866 quidem
1863 2825 1956 2865 igitur
1980 2826 2077 2855 modo
2106 2836 2142 2856 ex
2164 2826 2212 2856 his
2236 2826 2450 2867 demonstrant

1459 2869 1549 2909 quod
1572 2869 1690 2909 aliquid
1713 2876 1759 2900 est
1781 2879 1928 2900 vacuum.

1394 2913 1466 2944 Alio
1489 2923 1564 2943 vero
1588 2913 1698 2951 modo,
1723 2913 1797 2953 quia
1819 2913 1964 2943 videntur
1979 2913 2134 2953 quaedam
2153 2923 2286 2952 corpora
2307 2913 2451 2956 coeuntia

1460 2963 1490 2987 et
1513 2957 1676 2995 calcantia;
1693 2964 1728 2987 ut
1751 2964 1781 2987 et
1803 2957 1924 2996 vinum,
1945 2957 2062 2995 dicunt,
2080 2967 2152 2987 cum
2172 2957 2292 2988 utribus
2316 2957 2450 2997 recipere

1461 3001 1563 3031 dolia:
1593 3008 1746 3041 tanquam
1770 3001 1803 3031 in
1827 3011 1862 3031 ea
1885 3011 1966 3041 quae
1990 3008 2063 3031 sunt
2093 3011 2191 3032 vacua
2221 3008 2353 3033 coeunte
2377 3001 2450 3031 den-

1461 3052 1527 3075 sato
1552 3054 1693 3085 corpore.

1394 3089 1541 3129 Amplius
1566 3096 1670 3119 autem
1695 3095 1724 3119 et
1754 3094 1960 3128 augmentum
1992 3088 2113 3118 videtur
2137 3088 2284 3119 omnibus
2312 3088 2377 3119 fieri
2396 3099 2451 3128 per

1459 3140 1613 3163 vacuum:
1641 3132 1826 3162 alimentum
1859 3132 1988 3172 quidem
2012 3132 2096 3162 enim
2128 3142 2242 3172 corpus
2271 3140 2355 3170 esse;
2385 3133 2448 3162 duo

1460 3183 1566 3207 autem
1589 3186 1722 3216 corpora
1744 3176 1938 3215 impossibile
1961 3176 2055 3206 simul
2080 3186 2154 3205 esse.

1393 3221 1410 3239 *
1426 3220 1662 3251 Testimonium
1685 3226 1791 3250 autem
1815 3226 1845 3250 et
1865 3219 1953 3260 quod
1978 3226 2024 3249 est
2048 3219 2085 3249 de
2109 3219 2210 3249 cinere
2234 3218 2369 3256 faciunt,
2394 3218 2448 3258 qui

1461 3264 1569 3304 recipit
1591 3271 1714 3294 tantum
1738 3273 1836 3303 aquae
1860 3269 2014 3303 quantum
2038 3262 2062 3292 si
2085 3273 2138 3292 vas
2156 3272 2291 3292 vacuum
2315 3268 2402 3292 esset.

1394 3308 1470 3338 Esse
1490 3315 1596 3338 autem
1615 3307 1846 3337 affirmaverunt
1862 3313 1891 3336 et
1905 3306 2101 3346 Pythagorici
2117 3315 2268 3342 vacuum,
2284 3313 2314 3335 et
2328 3305 2447 3344 ingredi

1460 3351 1567 3391 ipsum
1589 3361 1607 3380 a
1636 3351 1722 3381 caelo
1746 3360 1782 3380 ex
1805 3350 1926 3380 infinito
1946 3349 2055 3388 spiritu
2068 3371 2076 3385 ‚
2100 3355 2251 3388 tanquam
2269 3349 2448 3388 respiranti;

1461 3402 1492 3425 et
1507 3395 1568 3425 hoc
1585 3404 1650 3424 esse
1669 3403 1815 3430 vacuum,
1832 3393 1919 3433 quod
1936 3392 2120 3422 determinat
2138 3399 2277 3422 naturas:
2297 3399 2449 3433 tanquam

1461 3439 1500 3469 sit
1522 3448 1659 3468 vacuum
1683 3437 1833 3476 separatio
1858 3437 2012 3476 quaedam
2040 3445 2150 3465 eorum
2173 3446 2253 3476 quae
2277 3443 2350 3467 sunt
2376 3446 2449 3467 con-

1460 3489 1636 3522 sequenter,
1657 3488 1686 3511 et
1710 3479 1935 3510 determinatio.
1955 3480 1995 3509 Et
2011 3479 2071 3509 hoc
2095 3489 2160 3510 esse
2177 3479 2317 3519 primum
2339 3480 2372 3510 in
2391 3490 2448 3510 nu-

1461 3525 1571 3555 meris:
1595 3534 1731 3555 vacuum
1756 3523 1839 3553 enim
1867 3523 2070 3553 determinare
2098 3533 2268 3554 numerum
2295 3524 2448 3564 ipsorum.

1458 3568 1475 3587 *
1494 3569 1540 3598 Ex
1563 3568 1676 3608 quibus
1700 3567 1829 3607 quidem
1858 3566 1951 3606 igitur
1974 3566 2024 3596 alii
2050 3566 2157 3597 dicunt
2189 3577 2270 3607 esse,
2301 3567 2352 3598 alii
2374 3578 2448 3598 vero

1462 3622 1527 3642 non
1551 3612 1668 3649 dicunt,
1693 3610 1754 3640 fere
1778 3617 1825 3640 tot
1848 3617 1878 3640 et
1900 3610 2084 3640 huiusmodi
2107 3617 2190 3641 sunt.

2470 904 2552 958 Ξοῦιιρ.
2567 911 2599 926 vx.
2612 905 2680 928 Text.

2473 1302 2484 1313 ⁴
2498 1301 2567 1324 Text.
2582 1308 2610 1330 5¹·

2471 1739 2483 1751 ¹*
2497 1739 2564 1761 Text.
2578 1745 2611 1767 52.

2476 2134 2487 2145 ⁴*
2502 2134 2568 2155 Text.
2583 2139 2613 2161 53.

2473 2704 2483 2715 *
2497 2703 2563 2725 Text.
2578 2709 2612 2731 54.

2475 2831 2485 2841 ⁸
2500 2830 2565 2851 Text.
2581 2836 2612 2858 55.

2474 3222 2485 3233 ¹*
2499 3222 2566 3244 Text.
2581 3223 2613 3250 56.

2476 3578 2486 3588 ⁸
2500 3577 2565 3599 Text.
2581 3583 2616 3605 57.
