2982 4022
527 320 575 357 32

1168 320 1515 358 PHYSICORUM
1541 321 1888 358 ARISTOTELIS
1917 321 2011 358 LIB.
2042 322 2056 358 I

1287 483 1588 540 LEcT10
1625 468 1942 540 DECIMA

847 618 905 648 DE
930 617 1300 649 CONTRARIETATE
1322 617 1552 648 PRIMORUM
1574 617 1882 667 PRINCiPIORUM
1905 618 2140 650 SECUNDUM
2164 618 2385 657 ANTIQUOS

530 731 660 768 Πάντες
676 725 719 766 δή
737 729 910 762 τάναντία
937 728 1043 773 ἀρχοὶς
1068 729 1219 761 ποιοῦσιν
1245 729 1274 761 οἳ
1293 741 1331 762 τε
1353 728 1512 774 λέγοντες
1537 728 1590 762 ὅτι

591 1083 668 1117 “Ort

598 775 631 807 ἓν
657 774 699 807 τό
724 774 792 806 πᾶν
816 774 875 805 καὶ
900 772 946 816 μὴ
971 771 1164 816 κινούμενον
1191 774 1267 815 (καὶ
1291 773 1355 819 γάρ
1386 769 1591 818 Παρμενίδης

597 818 715 863 θερμὸν
739 819 797 849 καὶ
821 817 940 861 ψυκρὸν
968 817 1074 862 ἀρχάς
1099 821 1200 856 ποιεῖ,
1224 818 1342 851 ταῦτα
1367 813 1404 850 δὲ
1423 829 1593 864 προσαγο-

599 863 685 906 ρεύει
710 863 775 905 πῦρ
799 863 858 894 καὶ
889 862 983 908 γῆν),
1009 863 1068 893 καὶ
1094 864 1123 893 ol
1148 862 1254 906 μανὸν
1278 863 1336 894 καὶ
1366 861 1508 903 πυκνόν,
1532 863 1592 894 καὶ

598 906 802 952 Δημόκριτος
828 905 868 939 τό
893 905 1027 950 στερεὸν
1051 908 1110 938 καὶ
1134 905 1243 947 κενόν,
1265 906 1308 937 ὥν
1334 906 1374 938 τὰ
1397 906 1456 951 μὲν
1481 907 1522 944 ὡς
1541 905 1590 948 ὄν,

598 951 640 984 τὸ
664 947 702 984 δὲ
726 952 769 988 ὠς
797 950 856 982 οὒκ
881 949 916 982 ὂν
940 949 1024 982 εἷναί
1057 960 1167 992 φησιν·
1200 949 1252 982 ἔτι
1276 949 1385 993 θέσει,
1411 949 1589 996 σχήματι,

599 995 710 1036 τάξει.
737 995 858 1026 Ταῦτα
882 990 920 1026 δέ
944 994 1023 1040 γένη
1050 994 1225 1026 ἐναντίων·
1251 993 1371 1032 θέσεως
1396 995 1463 1027 ἄνω
1479 993 1590 1036 κάτω,

599 1038 741 1084 πρόσθεν
767 1038 914 1072 ὄπισθεν·
940 1037 1119 1083 σχήματος
1144 1040 1264 1084 γωνία,
1290 1036 1383 1080 εὐθύ,
1409 1037 1589 1083 περιφερές.

693 1083 751 1160 μδὲν
778 1081 833 1115 οὖν
858 1083 1032 1116 τάναντία
1057 1094 1126 1120 πως
1151 1082 1277 1120 πάντες
1302 1084 1436 1116 ποιοῦσι
1454 1084 1516 1120 τοὶς
1539 1083 1595 1127 ἀρ-

599 1129 678 1173 χάς,
727 1128 820 1165 ἧλον.

533 1209 599 1240 Καὶ
625 1207 731 1239 τοῦτο
757 1204 915 1260 εὐλόγως·
943 1200 996 1237 δεῖ
1017 1205 1081 1251 γάρ
1107 1199 1169 1243 τοίς
1197 1205 1302 1251 ἀρχάς
1326 1204 1415 1258 μῇτε
1435 1203 1470 1246 ἐξ
1489 1204 1595 1242 ἀλλή-

599 1252 664 1282 λων
696 1247 782 1282 εἶναι
806 1261 895 1294 μητε
921 1249 955 1291 ἐξ
989 1250 1116 1291 ἀλλων,
1148 1253 1205 1282 καὶ
1232 1252 1268 1283 ἐκ
1296 1261 1430 1282 τουτων
1461 1249 1591 1282 πάντα·

601 1299 672 1332 τοῖς
696 1290 724 1325 δ“
754 1295 917 1332 ἐναντίοις
942 1298 1013 1332 τοῖς
1039 1293 1181 1339 πρώτοις
1208 1293 1352 1338 ὑπάρχει
1374 1294 1510 1335 ταῦτα,
1536 1289 1596 1326 διά

600 1339 659 1382 μὲν
685 1338 726 1372 τό
751 1340 871 1381 πρῶτα
896 1336 981 1370 εἶναι
999 1339 1046 1382 μή
1068 1338 1103 1379 ἐξ
1123 1338 1245 1381 ἄλλων,
1263 1334 1322 1371 δια
1337 1334 1375 1369 δὲ
1393 1337 1434 1370 τό
1453 1339 1594 1370 ἐναντία

601 1383 647 1426 μή
674 1382 709 1424 ἐξ
735 1383 903 1420 ἀλλήλων.
929 1382 1037 1414 Ἀλλά
1059 1378 1112 1415 δεῖ
1134 1384 1240 1416 τοῦτο
1264 1386 1321 1415 καὶ
1340 1382 1395 1414 ἐπὶ
1411 1383 1474 1414 τοῦ
1490 1381 1594 1428 λόγου

601 1426 789 1471 σκέψασθαι
814 1428 882 1464 πῶς
907 1427 1097 1472 συμβαίνει.
1129 1426 1288 1464 Αηπτέον
1313 1423 1356 1463 δή
1383 1427 1514 1469 πρῶτον
1542 1424 1596 1458 ὅτι

602 1470 740 1504 πάντων
766 1472 832 1504 τῶν
857 1472 962 1503 ὄντων
991 1470 1084 1503 οὐθὲν
1111 1471 1190 1504 οὔτε
1215 1475 1321 1503 ποιεῖν
1347 1469 1390 1503 πέ
1416 1482 1490 1502 υκεν
1513 1470 1595 1502 οὔτε

603 1515 747 1560 πάσχειν
773 1516 813 1549 τό
838 1515 941 1560 τυχόν
968 1514 1033 1547 ὑπὸ
1059 1516 1121 1548 τοῦ
1147 1514 1332 1559 τυχόντος,
1361 1481 1439 1547 οῦδὲ
1462 1516 1594 1560 γίνεται

604 1561 717 1593 ὁτιοῦν
749 1559 783 1600 ἐξ
809 1560 969 1599 ὁτουοῦν,
998 1558 1036 1591 ἂν
1061 1559 1109 1603 μή
1133 1571 1183 1598 τις
1208 1558 1367 1603 λαμβάνῃ
1392 1558 1489 1592 κατά
1515 1569 1595 1601 συμ-

602 1603 757 1645 βεβηκός·
777 1606 845 1641 πῶς
865 1604 929 1650 γάρ
953 1602 991 1634 ἄν
1009 1602 1143 1648 γένοιτο
1166 1602 1206 1635 τό
1223 1604 1339 1635 λευκὸν
1359 1604 1394 1635 ἐκ
1412 1602 1594 1647 μουσικοῦ,

603 1648 692 1685 πλὴν
716 1649 744 1679 εἰ
767 1647 815 1690 μή
839 1647 1046 1691 συμβεβηκός
1077 1649 1126 1684 εἴη
1153 1649 1200 1689 τῷ
1224 1649 1330 1689 λευκῷ
1356 1646 1377 1684 ἦ
1401 1648 1450 1688 τῷ
1475 1645 1595 1690 μέλανι

602 1692 643 1724 τό
663 1691 841 1737 μουσικόν;
870 1691 960 1724 ἀλλά
981 1691 1099 1723 λευκόν
1124 1692 1182 1736 μέν
1203 1695 1335 1737 γίνεται
1354 1691 1388 1732 ἐξ
1409 1692 1445 1723 οὗ
1461 1691 1595 1730 λευκοῦ,

599 1738 658 1773 καὶ
683 1735 809 1769 τούτου
836 1734 894 1768 οὐκ
918 1736 954 1768 ἐκ
979 1735 1129 1776 παντός,
1157 1736 1225 1768 ἀλλ’
1254 1737 1290 1768 ἐκ
1315 1735 1458 1779 μέλανος
1483 1734 1503 1772 ἦ
1529 1735 1595 1767 τῶν

601 1780 747 1825 μεταξύ,
765 1782 822 1812 καὶ
847 1779 1088 1823 μουσικόνοῦκ
1113 1781 1149 1812 ἐκ
1173 1781 1346 1824 μουσικοῦ,
1366 1780 1454 1816 πλην
1482 1779 1541 1811 οὐκ
1558 1778 1595 1811 ἐκ

603 1825 753 1866 παντός,
789 1825 857 1856 ἀλλ’
886 1824 921 1865 ἐξ
955 1823 1104 1868 ἀμούσου
1130 1823 1152 1861 ἦ
1177 1826 1207 1855 εἴ
1230 1836 1264 1857 τι
1295 1825 1408 1857 αὐτῶν
1439 1824 1511 1855 ἐστὶ
1540 1835 1598 1866 με·

602 1868 705 1910 ταξό.
730 1864 818 1900 Οὐδὲ
839 1863 882 1905 δή
900 1867 1071 1912 φθείρεται
1096 1869 1139 1906 εἰς
1165 1869 1207 1901 τό
1233 1868 1336 1912 τυχόν
1363 1868 1508 1912 πρῶτον,
1528 1868 1595 1899 οἷον

603 1914 644 1946 τό
668 1912 785 1944 λευκὸν
811 1913 870 1944 οὐκ
895 1913 938 1950 εἰς
964 1911 1134 1953 μουσικόν,
1161 1912 1249 1949 πλήν
1275 1914 1303 1944 εἰ
1327 1911 1375 1956 μή
1393 1924 1478 1944 ποτε
1501 1911 1598 1944 κατά

604 1955 825 2002 συμβεβηκός,
853 1957 922 1989 ἀλλ’
951 1958 994 1994 εἰς
1020 1957 1062 1989 τὸ
1086 1956 1132 2002 μή
1156 1956 1287 1998 λευκόν,
1313 1959 1370 1988 καὶ
1398 1955 1457 1988 οὐκ
1485 1956 1529 1993 εἰς
1555 1957 1596 1988 τὰ

603 2002 723 2046 τυχόν,
747 2002 815 2034 ἀλλ’
840 2002 884 2038 εἰς
909 2000 951 2033 τὸ
976 2000 1081 2044 μέλαν
1106 2000 1127 2038 ἦ
1153 2001 1194 2034 τό
1211 2001 1356 2044 μεταξύ·
1375 2001 1415 2039 ὠς
1433 1995 1461 2031 δ’
1484 1999 1595 2037 αὕτως

602 2048 660 2077 καὶ
685 2046 726 2078 τό
751 2045 907 2089 μουσικὸν
933 2045 977 2082 εἰς
1002 2046 1043 2078 τὸ
1067 2046 1114 2090 μή
1139 2045 1310 2090 μουσικόν,
1328 2047 1386 2077 καὶ
1407 2045 1514 2077 τοῦτο
1537 2045 1596 2076 οῦκ

604 2091 649 2128 εἰς
674 2090 715 2122 τὸ
744 2089 868 2135 τυχόν,
903 2089 970 2121 ἀλλ’
1005 2091 1049 2128 εἰς
1075 2090 1115 2123 τὸ
1147 2090 1293 2134 ἄμουσον
1319 2090 1339 2126 ἦ
1366 2091 1395 2121 εἴ
1419 2101 1452 2122 τι
1483 2089 1595 2121 αὐτῶν

604 2135 678 2167 ἐστὶ
703 2133 846 2178 μεταξύ.
870 2134 1007 2176 Ὁμοίως
1032 2133 1070 2166 δὲ
1094 2135 1201 2167 τοῦτο
1225 2137 1282 2166 καὶ
1309 2135 1364 2166 ἐπὶ
1382 2135 1448 2166 τῶν
1471 2133 1595 2174 ἄλλων,

605 2179 678 2211 ἐπεὶ
702 2179 760 2210 καὶ
778 2178 825 2211 τά
845 2177 890 2221 μή
911 2179 1006 2210 ἀπλόἱ
1022 2179 1088 2211 τῶν
1108 2178 1212 2211 ὄντων
1233 2177 1323 2211 ἀλλά
1339 2177 1486 2211 σύνθετα
1501 2178 1598 2210 κατά

604 2222 664 2256 τὸν
691 2222 796 2254 αὐτὸν
822 2222 836 2253 ἐ
864 2233 891 2252 ει
913 2222 1030 2268 λόγον·
1059 2223 1148 2255 ἀλλά
1171 2218 1230 2255 διά
1259 2223 1300 2255 τὰ
1330 2222 1377 2266 μη
1409 2223 1471 2260 τοὶς
1506 2222 1600 2254 ἀντι-

603 2267 759 2310 κειμένας
784 2234 948 2304 διαθέσεις
974 2267 1167 2311 ὠνομάσθαι
1189 2266 1368 2299 λανθάνειν
1394 2267 1499 2299 τοῦτο
1517 2278 1597 2309 συμ-

604 2312 724 2352 βαίνει·
760 2310 890 2356 ἀνάγκη
922 2311 986 2357 γάρ
1017 2312 1084 2343 πᾶν
1116 2311 1157 2343 τό
1189 2311 1397 2356 ἡρμοσμένον
1430 2309 1464 2351 ἐξ
1499 2311 1598 2354 ἀναρ-

605 2354 733 2399 μόστου
758 2353 908 2401 γίνεσθαι
932 2357 989 2387 καὶ
1015 2355 1055 2387 τὸ
1083 2355 1293 2399 ἀνάρμοστον
1320 2355 1354 2396 ἐξ
1373 2353 1595 2399 ἡρμοσμένου,

602 2402 660 2431 καὶ
685 2397 873 2444 φθείρεσθαι
898 2400 939 2431 τό
964 2399 1172 2444 ’ἡρμοσμένον
1198 2401 1241 2438 εἰς
1273 2398 1518 2442 ἀναρμοστίαν,
1539 2400 1597 2430 καὶ

605 2443 738 2480 ταύτην
765 2442 801 2475 οὐ
827 2443 890 2479 τήν
919 2445 1112 2488 τυχοῦσαν,
1141 2444 1230 2476 ἀλλά
1254 2444 1317 2481 τήν
1351 2442 1594 2486 ἀντικειμένην.

1645 730 1662 750 ’¹‘
1677 730 1798 762 Omnes
1813 731 1909 772 igitur
1923 732 2076 763 contraria
2090 732 2243 773 pn‘ncipia
2262 732 2396 771 faciunt;
2416 739 2446 764 et
2461 732 2598 764 dicentes
2616 734 2706 775 quod
2732 744 2740 753 ·
2756 743 2846 771 earm.
2861 743 2917 772 seq.

1647 1212 1689 1243 Et

1711 785 1815 806 unum
1837 775 1877 807 sit
1901 786 1997 806 omne
2027 783 2058 807 et
2085 776 2250 807 immobile
2274 776 2411 819 (etenim
2432 777 2633 808 Parmenides
2657 787 2706 809 ca-

1711 818 1814 849 lidum
1832 826 1863 850 et
1877 819 2027 860 frigidum
2050 820 2204 861 principia
2226 820 2316 851 facit:
2340 820 2416 852 haec
2439 827 2547 852 autem
2569 821 2707 862 appeunt

1712 862 1820 903 ignem
1849 869 1880 896 et
1909 862 2059 905 terram),
2083 871 2114 895 et
2142 864 2272 905 quidam
2303 875 2410 895 rarum
2439 871 2469 896 et
2499 866 2652 904 densum;
2676 873 2707 898 et

1713 906 1913 938 Democritus
1940 907 2070 938 firmum
2098 915 2128 939 et
2150 907 2261 947 inane,
2292 918 2433 949 quorum
2463 908 2548 940 aliud
2576 909 2707 950 quidem

1713 951 1794 981 sicut
1816 952 1905 992 quod
1929 957 1990 991 est,
2013 952 2100 982 aliud
2122 958 2230 983 autem
2253 952 2333 984 sicut
2355 953 2445 994 quod
2463 963 2529 983 non
2552 960 2615 993 est,
2639 963 2706 984 esse

1713 994 1836 1026 dicitur.
1859 995 1974 1026 Adhuc
1996 995 2165 1035 positione,
2184 995 2289 1036 'figura
2303 1003 2333 1027 et
2351 996 2479 1035 ordine;
2502 996 2579 1028 haec
2599 1004 2707 1029 autem

1712 1047 1826 1079 genera
1849 1039 2079 1070 contrariorum
2101 1046 2191 1070 sunt:
2215 1038 2390 1080 positione,
2413 1050 2541 1071 sursum
2563 1047 2594 1072 et
2616 1041 2707 1072 deor-

1714 1093 1797 1121 sum,
1812 1088 1884 1114 ante
1901 1089 1931 1114 et
1945 1089 2044 1122 retro;
2067 1082 2178 1124 figura,
2193 1083 2344 1124 angulus,
2361 1091 2493 1123 rectum,
2511 1084 2705 1117 circulatum.

1711 1125 1730 1145 *
1741 1127 1839 1165 Quod
1854 1127 1984 1168 quidem
1997 1126 2092 1166 igitur
2108 1127 2260 1158 contraria
2273 1127 2514 1167 quodammodo
2531 1138 2643 1159 omnes
2661 1129 2707 1160 fa-

1714 1170 1801 1202 ciunt
1822 1170 1986 1212 principia,
2009 1170 2213 1207 manifestum
2236 1177 2292 1201 est.

1717 1215 1780 1246 hoc
1807 1214 2039 1246 rationabiliter.
2071 1214 2207 1254 Oportet
2236 1214 2322 1244 enim
2348 1214 2501 1256 principia
2537 1225 2641 1257 neque
2671 1224 2708 1247 ex

1715 1259 1868 1291 alterutris
1891 1269 1976 1297 esse,
2000 1267 2103 1298 neque
2126 1268 2163 1288 ex
2186 1258 2271 1296 aliis,
2296 1264 2327 1289 et
2350 1268 2387 1289 ex
2409 1258 2458 1290 his
2481 1259 2608 1291 omnia:
2633 1269 2708 1290 con·

1715 1303 1813 1335 trariis
1829 1309 1935 1334 autem
1949 1301 2059 1342 primis
2077 1301 2185 1332 insunt
2203 1301 2289 1333 haec.
2309 1302 2442 1344 Propter
2455 1303 2488 1334 id
2503 1304 2592 1344 quod
2606 1303 2711 1344 prima

1716 1348 1857 1389 quidem,
1882 1357 1947 1377 non
1971 1352 2045 1376 sunt
2067 1355 2104 1375 ex
2127 1345 2210 1375 aliis:
2236 1346 2278 1376 ob
2296 1345 2330 1376 id
2343 1356 2425 1376 vero·
2436 1347 2525 1388 quod
2544 1354 2618 1378 sunt
2634 1357 2708 1379 con-

1716 1392 1823 1430 traria,
1847 1400 1913 1421 non
1937 1395 2011 1420 sunt
2034 1398 2071 1419 ex
2085 1388 2278 1420 alterutris*
2297 1389 2358 1420 Sed
2373 1397 2499 1430 oportet
2520 1391 2582 1422 hoc
2605 1391 2638 1422 in
2661 1401 2709 1422 ra-

1715 1436 1802 1467 tione
1818 1434 2012 1465 considerare
2028 1432 2161 1473 qualiter
2181 1433 2352 1474 contingat.
2369 1433 2600 1474 Accipiendum
2614 1435 2710 1476 igitur

1717 1486 1763 1510 est
1785 1478 1926 1519 primum
1949 1477 2039 1518 quod
2061 1476 2209 1511 omnium
2231 1487 2314 1518 quae
2337 1484 2411 1509 sunt
2433 1477 2511 1509 nihil
2537 1488 2641 1520 neque
2665 1478 2710 1510 fa-

1718 1533 1785 1554 cere
1808 1529 1920 1562 aptum
1943 1528 2055 1552 natum
2086 1526 2132 1550 est
2162 1531 2265 1562 neque
2293 1521 2358 1562 pati
2386 1522 2571 1563 contingens
2594 1532 2613 1553 a
2635 1532 2710 1554 con-

1717 1566 1866 1607 tingenti,
1890 1575 1994 1606 neque
2016 1564 2052 1596 fit
2081 1565 2247 1605 quodlibet
2275 1575 2313 1596 ex
2344 1565 2487 1606 quolibet
2513 1566 2574 1597 nisi
2597 1566 2711 1608 aliquis

1717 1611 1848 1651 accipiat
1870 1609 2046 1640 secundum
2069 1608 2223 1639 accidens.
2254 1608 2396 1646 Qualiter
2418 1609 2503 1640 enim
2526 1609 2580 1641 fiet
2602 1610 2711 1642 album

1718 1665 1755 1686 ex
1777 1654 1900 1685 musico
1928 1653 1987 1684 nisi
2010 1652 2153 1683 accidens
2177 1653 2216 1683 sit
2238 1652 2310 1683 albo
2341 1659 2396 1684 aut
2418 1653 2508 1693 nigro
2531 1651 2712 1685 musicum?

1717 1699 1779 1730 Sed
1789 1698 1902 1729 album
1918 1697 2049 1739 quidem
2062 1696 2098 1727 fit
2113 1707 2150 1727 ex
2166 1706 2231 1727 non
2247 1696 2331 1735 albo,
2347 1703 2377 1727 et
2395 1697 2458 1728 hoc
2476 1707 2542 1728 non
2561 1708 2598 1728 ex
2621 1697 2712 1728 omni

1717 1743 1772 1774 sed
1795 1742 1884 1783 nigro
1909 1748 1963 1772 aut
1981 1740 2110 1779 mediis;
2124 1747 2163 1772 vet
2185 1740 2345 1771 musicum
2361 1751 2398 1771 ex
2416 1751 2481 1772 non
2500 1741 2636 1780 musico,
2655 1741 2711 1772 sed

1717 1797 1783 1817 non
1809 1797 1846 1817 ex
1864 1785 1953 1817 omni
1976 1785 2031 1816 sed
2058 1795 2095 1815 ex
2113 1784 2293 1823 immusico,
2314 1791 2368 1815 aut
2388 1785 2414 1815 si
2429 1785 2548 1826 aliquid
2565 1785 2642 1826 ipsis
2665 1791 2712 1816 est

1717 1831 1870 1862 medium.
1885 1830 1903 1848 ‘¹‘
1917 1830 2028 1870 Neque
2052 1829 2147 1869 igitur
2162 1828 2373 1869 corrumpitur
2388 1829 2421 1859 in
2441 1829 2625 1870 contingens
2648 1829 2711 1870 pri-

1717 1882 1825 1906 mum:
1851 1881 1886 1905 ut
1909 1874 2017 1904 album
2040 1883 2106 1903 non
2124 1873 2156 1903 in
2176 1872 2334 1903 musicum
2353 1872 2413 1903 nisi
2436 1873 2515 1904 forte
2535 1873 2712 1904 secundum

1717 1919 1870 1956 accidens,
1894 1917 1949 1948 sed
1974 1917 2007 1947 in
2026 1927 2092 1947 non
2114 1917 2233 1955 album,
2258 1923 2288 1947 et
2306 1927 2372 1947 non
2394 1917 2427 1947 in
2447 1917 2630 1958 contingens
2656 1917 2712 1948 sed

1717 1963 1749 1993 in
1773 1963 1899 2003 nigrum
1929 1968 1982 1992 aut
2006 1961 2165 1999 medium;
2189 1961 2331 1991 similiter
2357 1967 2465 1991 autem
2495 1961 2655 1992 musicum
2677 1961 2711 1992 in

1717 2017 1784 2038 non
1807 2006 1986 2044 musicum,
2016 2012 2046 2036 et
2075 2005 2136 2036 hoc
2159 2015 2225 2035 non
2248 2005 2281 2035 in
2305 2005 2490 2045 contingens
2517 2005 2572 2035 sed
2594 2005 2628 2036 in
2650 2005 2710 2036 im-

1717 2051 1886 2088 musicum,
1911 2056 1966 2080 aut
1993 2049 2018 2079 si
2041 2049 2115 2089 ipsis
2139 2049 2259 2089 aliquid
2281 2048 2424 2079 medium
2447 2056 2502 2080 est.
2521 2048 2539 2067 ⁴*
2563 2048 2712 2081 Similiter

1717 2101 1824 2126 autem
1846 2095 1907 2124 hoc
1938 2099 1984 2124 est
2012 2100 2042 2124 et
2063 2093 2096 2123 in
2120 2092 2206 2123 aliis:
2231 2092 2385 2133 quoniam
2412 2102 2478 2123 non
2506 2093 2613 2124 solum
2636 2093 2710 2124 sim-

1717 2139 1809 2179 plicia
1832 2148 1944 2169 eorum
1967 2147 2047 2178 quae
2071 2143 2161 2174 sunt,
2193 2137 2248 2167 sed
2271 2143 2301 2167 et
2331 2137 2508 2176 composita
2535 2137 2711 2168 secundum

1717 2183 1850 2213 eandem
1881 2192 1912 2212 se
1942 2181 2057 2211 habent
2086 2180 2257 2219 rationem;
2287 2180 2341 2210 sed
2370 2187 2500 2220 propter
2529 2180 2591 2212 hoc
2621 2181 2711 2222 quod

1718 2226 1882 2266 oppositae
1899 2225 2120 2265 dispositiones
2139 2234 2205 2254 non
2219 2224 2440 2254 denominatae
2456 2231 2540 2262 sunt,
2559 2225 2634 2256 latet
2649 2225 2712 2256 hoc

1718 2270 1912 2310 contingens
1935 2269 2068 2300 Necesse
2099 2268 2185 2298 enim
2207 2278 2302 2298 omne
2333 2277 2509 2299 consonans
2535 2279 2572 2300 ex
2601 2269 2711 2301 incon-

1718 2314 1843 2345 sonanti
1873 2313 1954 2350 fieri,
1986 2320 2016 2343 et
2043 2313 2256 2343 inconsonans
2285 2322 2321 2342 ex
2349 2313 2555 2343 consonanti:
2587 2319 2618 2344 et
2643 2323 2711 2345 cor-

1717 2358 1823 2398 rumpi
1847 2367 2026 2388 consonans
2054 2357 2087 2387 in
2114 2356 2406 2394 inconsonantiam,
2431 2363 2462 2387 et
2484 2357 2565 2388 hanc
2588 2367 2655 2388 non
2677 2357 2711 2388 in

1718 2402 1951 2442 contingentem
1979 2401 2034 2431 sed
2057 2400 2304 2440 inoppositam.
2323 2399 2342 2417 ⁴*
2365 2400 2475 2431 Differt
2496 2407 2604 2432 autem
2633 2401 2712 2432 nihil

605 2487 756 2532 Διαφέρει
780 2482 808 2518 δ’
839 2486 931 2519 οὐθὲν
964 2490 1018 2521 ἐπὶ
1052 2490 1209 2542 ἁρμονίας
1241 2489 1345 2521 εἰπεῖν
1375 2487 1396 2524 ἦ
1422 2487 1550 2530 τάξεως
1575 2485 1596 2524 ἦ

604 2532 795 2569 συνθέσεως·
822 2531 960 2576 φανερόν
990 2532 1054 2578 γάρ
1090 2533 1142 2564 ὁτι
1169 2534 1185 2564 ὁ
1211 2532 1316 2570 αὐτὸς
1347 2532 1460 2576 λόγος.
1490 2531 1599 2564 Ἀλλά

604 2576 669 2620 μήν
693 2578 750 2607 καὶ
776 2576 864 2607 οἰκία
887 2578 946 2607 καὶ
973 2572 1109 2621 ἀνδριὰς
1132 2578 1190 2608 καὶ
1217 2578 1329 2610 ὁτιοῦν
1357 2577 1440 2609 ἄλλο
1464 2578 1597 2621 γίνεται

606 2622 738 2663 ὁμοίως·
758 2619 779 2656 ἥ
796 2632 834 2652 τε
852 2620 915 2665 γάρ
934 2621 1023 2653 οἰκία
1044 2624 1178 2667 γίνεται
1200 2622 1236 2653 ἐκ
1254 2623 1317 2654 τοῦ
1335 2621 1382 2663 μή
1402 2619 1598 2666 συγκεῖσθαι

607 2665 696 2697 ἀλλά
723 2660 902 2708 διῃρῆσθαι
935 2661 1015 2697 ταδὶ
1049 2660 1129 2708 ῴδί,
1154 2667 1211 2697 καὶ
1239 2667 1254 2697 ὁ
1281 2661 1415 2709 ἀνδριάς
1446 2665 1504 2695 καὶ
1526 2664 1596 2696 τῶν

604 2709 903 2754 ἐσχηματισμένων
935 2721 969 2741 τι
999 2708 1034 2750 ἐξ
1070 2710 1112 2742 ἀσ
1138 2709 1328 2753 ημοσόνης,
1360 2711 1416 2741 καὶ
1451 2707 1596 2740 ἕκαστον

605 2754 736 2786 τούτων
762 2753 810 2785 τοὶ
834 2754 892 2798 μὲν
917 2752 1028 2794 τάξις,
1055 2754 1102 2786 τά
1148 2754 1162 2785 ἐ
1187 2752 1334 2790 σύνθεσίς
1352 2765 1403 2790 τις
1430 2753 1532 2785 ἐστίν.
1560 2753 1597 2784 Εἰ

604 2800 714 2830 τοίνυν
733 2798 824 2829 τοῦτ’
846 2798 937 2829 ἐστὶν
962 2796 1096 2838 ἀληθές,
1124 2798 1215 2831 ἅπαν
1243 2797 1281 2830 ἂν
1305 2801 1457 2843 γίγνοιτο
1482 2795 1524 2829 τό
1548 2809 1597 2842 γι-

602 2842 762 2896 γνόμενον
787 2843 846 2872 καὶ
874 2841 1039 2885 φθείροιτο
1058 2841 1098 2873 τὸ
1116 2841 1324 2886 φθειρόμενον
1344 2841 1365 2878 ἦ
1383 2841 1417 2881 ἐξ
1437 2842 1595 2874 ἐναντίων

605 2887 625 2923 ’ἡ
651 2888 694 2924 εἰς
726 2886 866 2917 ἐναντία
894 2887 953 2917 καὶ
984 2885 1032 2918 τοὶ
1062 2887 1194 2920 τούτων
1221 2885 1364 2930 μεταξύ.
1401 2886 1453 2918 'roz
1476 2881 1513 2917 δέ
1542 2898 1599 2929 με-

603 2930 692 2972 ταξύ
711 2931 745 2962 ἐκ
764 2930 829 2962 τῶν
848 2930 1006 2962 ἐναντίων
1026 2927 1130 2972 ἐστίν,
1149 2931 1216 2963 οἷον
1239 2930 1407 2975 χρώματα
1426 2928 1461 2962 ἐκ
1477 2931 1596 2962 λευκοῦ

603 2976 661 3006 καὶ
679 2974 834 3019 μέλανος.
855 2973 956 3006 Ὥστε
982 2973 1099 3007 πάντα
1118 2975 1155 3008 ἂν
1181 2977 1230 3012 εἴη
1257 2975 1304 3007 τά
1327 2974 1421 3017 φύσει
1437 2972 1596 3020 γινόμενα

605 3018 625 3055 ἦ
652 3019 792 3051 ἐναντία
816 3017 837 3054 ἦ
863 3016 898 3057 ἐξ
924 3018 1095 3051 ἐναντίων.

537 3063 643 3108 Μέχρι
668 3063 727 3105 μὲν
754 3060 809 3094 οὖν
834 3061 961 3094 τούτου
986 3058 1106 3107 σχεδόν
1128 3061 1438 3099 συνηκολουθήκασι
1453 3063 1511 3093 καὶ
1529 3063 1595 3094 τῶν

607 3107 716 3139 ἄλλων
742 3109 771 3138 οἱ
797 3107 964 3147 πλεῖστοι,
989 3106 1141 3151 καθάπερ
1166 3109 1301 3149 εἴπομεν
1319 3105 1494 3150 πρότερον·
1513 3105 1597 3138 ποίν-

605 3163 660 3188 τες
686 3150 749 3197 γάρ
775 3150 823 3182 τά
846 3154 1002 3195 στοιχεῖα
1033 3154 1090 3183 καὶ
1121 3151 1182 3188 τοὶς
1209 3151 1260 3183 ὐπ’
1290 3151 1402 3183 αὐτῶν
1431 3149 1597 3193 καλουμέ-

605 3207 663 3232 νας
691 3194 796 3239 ἀρχάς
820 3196 942 3239 καίπερ
975 3195 1052 3227 ἄνευ
1082 3194 1186 3241 λόγου
1220 3194 1390 3234 τιθέντες,
1418 3193 1503 3238 ὅμως
1534 3195 1597 3227 τά-

605 3241 728 3271 ναντία
761 3237 936 3283 λέγουσιν,
969 3238 1078 3284 ὥσπερ
1113 3240 1167 3272 ὑπ’
1201 3240 1309 3277 αὐτῆς
1342 3240 1404 3277 τῆς
1439 3237 1597 3276 ἀληθείας

608 3282 891 3329 ἀναγκασθέντες.

539 3326 734 3370 Διαφέρουσι
765 3322 795 3358 δ’
828 3326 982 3363 ἀλλήλων
1008 3327 1055 3368 τῷ
1080 3327 1158 3365 τούς
1192 3327 1250 3370 μὲν
1284 3325 1433 3371 πρότερα
1459 3326 1537 3364 τούς
1562 3321 1593 3357 δ’

608 3370 731 3415 ὕστερα
754 3370 955 3415 λαμβάνειν,
978 3373 1036 3403 καὶ
1062 3371 1140 3409 τους
1165 3371 1224 3414 μέν
1241 3371 1479 3416 γνωριμώτερα
1502 3370 1598 3403 κατά

608 3414 666 3446 τόν
690 3414 805 3460 λόγον,
829 3415 906 3453 τούς
932 3412 969 3447 δὲ
993 3415 1089 3448 κατά
1112 3415 1175 3452 την
1203 3413 1368 3452 αἴσθησιν·
1395 3418 1424 3447 οἱ
1449 3414 1508 3458 μὲν
1532 3414 1596 3461 γάρ

608 3456 724 3501 θερμὸν
743 3461 801 3491 καὶ
826 3458 960 3504 φυγρόν,
978 3462 1006 3491 οἰ
1030 3455 1067 3491 δὲ
1093 3460 1190 3506 ὑγρόν
1215 3462 1272 3492 καὶ
1298 3458 1408 3502 ξηρόν,
1430 3458 1536 3502 Ιέτεροι
1560 3453 1598 3490 δὲ

610 3502 766 3571 περιττὸν
790 3506 846 3535 καὶ
875 3498 1001 3547 ἀρτιον,
1025 3507 1052 3535 οἱ
1069 3499 1107 3536 δὲ
1131 3507 1235 3541 νεῖκος
1260 3505 1318 3536 καὶ
1343 3505 1453 3546 φιλίαν
1481 3503 1596 3541 αἰτίας

611 3546 763 3577 τί)ενται
787 3548 848 3584 τῆς
873 3547 1045 3592 γενέσεως·
1074 3549 1192 3582 ταῦτα
1217 3543 1245 3580 δ’
1269 3547 1423 3585 ἀλλήλων
1449 3543 1597 3592 διαφέρει

609 3588 705 3619 κατά
727 3589 786 3620 τὸν
811 3591 979 3634 εἰρημένον
1005 3591 1143 3634 τρόπον.

1712 2445 1992 2479 inconsonantiam
2008 2444 2109 2474 dicere
2123 2451 2178 2474 aut
2187 2444 2297 2474 ordine
2312 2450 2366 2474 aut
2382 2444 2629 2484 compositione:
2645 2455 2711 2476 ma-

1716 2489 1866 2521 nifestum
1889 2489 1974 2519 enirn
2000 2495 2046 2519 est
2069 2488 2157 2528 quod
2181 2488 2291 2518 eadem
2313 2487 2352 2518 sit
2374 2487 2464 2518 ratio.
2494 2490 2538 2519 At
2559 2498 2634 2519 vero
2654 2489 2710 2519 do-

1717 2542 1791 2565 mus
1820 2540 1851 2564 et
1873 2539 1975 2564 statua
1997 2539 2028 2563 et
2051 2532 2215 2572 quodlibet
2237 2531 2324 2562 aliud
2346 2530 2382 2562 fit
2404 2531 2561 2563 similiter:
2593 2532 2710 2564 domus

1717 2577 1804 2609 enim
1825 2577 1861 2608 fit
1884 2586 1920 2607 ex
1943 2586 1982 2607 eo
2006 2576 2094 2616 quod
2113 2586 2180 2607 non
2209 2575 2386 2615 composita
2413 2582 2504 2614 sunt,
2534 2576 2588 2606 sed
2612 2586 2648 2607 ex
2671 2586 2710 2607 eo

1717 2620 1929 2663 quoddivisa
1955 2627 2029 2650 sunt
2059 2620 2134 2650 haec
2164 2619 2223 2658 sic;
2254 2626 2284 2650 et
2314 2625 2414 2650 statua
2445 2626 2475 2650 et
2503 2619 2712 2660 figuratorum

1652 2663 1654 2665 “
1699 2665 1848 2706 νεΙίᾳυοά
1867 2675 1903 2695 ex
1922 2675 1987 2695 non
2011 2663 2158 2704 figurato:
2186 2670 2216 2694 et
2235 2663 2490 2704 unumquodque
2509 2664 2627 2695 horum
2649 2664 2710 2695 alia

1700 2710 1848 2750 'quidem
1883 2709 1961 2739 ordo
1976 2731 1984 2747 ,
2019 2708 2078 2738 alia
2107 2717 2182 2738 vero
2217 2707 2406 2747 compositio
2436 2708 2593 2748 quaedam
2626 2715 2710 2740 sunt.

1717 2753 1736 2771 ’κ’
1752 2753 1784 2784 Si
1808 2763 1882 2792 ergo
1906 2753 1968 2783 hoc
1990 2762 2101 2782 verum
2118 2758 2181 2789 est,
2198 2752 2286 2792 quod
2302 2761 2398 2782 omne
2418 2752 2507 2792 quod
2529 2751 2564 2783 fit
2586 2751 2657 2791 fiat,
2681 2759 2712 2784 et

1718 2803 1938 2837 corrumpatur
1959 2796 2047 2837 quod
2063 2795 2286 2835 corrumpitur,
2302 2802 2356 2825 aut
2375 2805 2411 2825 ex
2431 2796 2592 2827 contrariis
2608 2803 2663 2827 aut
2676 2796 2711 2827 in

1718 2841 1871 2872 contraria
1894 2847 1924 2871 et
1947 2840 1979 2870 in
1998 2841 2115 2870 horum
2139 2840 2259 2878 media;
2284 2839 2387 2869 media
2407 2846 2513 2870 autem
2533 2850 2569 2870 ex
2588 2847 2710 2871 contra-

1717 2886 1768 2916 riis
1792 2892 1882 2923 sunt‚
1910 2891 1946 2915 ut
1969 2885 2090 2915 colores
2113 2894 2149 2914 ex
2173 2883 2245 2914 albo
2274 2890 2305 2914 et
2335 2883 2446 2923 nigro;
2475 2893 2572 2924 quare
2601 2884 2710 2915 omnia

1718 2936 1808 2960 erunt
1839 2939 1920 2970 quae
1953 2936 2063 2959 natura
2090 2927 2188 2966 fiunt,
2221 2934 2276 2958 aut
2305 2927 2458 2958 contraria
2487 2934 2542 2958 aut
2571 2937 2607 2958 ex
2636 2937 2710 2958 con-

1716 2973 1826 3003 trariis.

1649 3060 1668 3079 ⁴*
1683 3061 1792 3101 Usque
1816 3059 1945 3100 quidem
1960 3059 2054 3099 igitur
2074 3060 2112 3089 ad
2136 3058 2197 3088 hoc
2216 3058 2278 3089 fere
2298 3057 2395 3095 secuti
2415 3065 2489 3089 sunt
2514 3066 2544 3090 et
2573 3058 2710 3089 aliorum

1716 3104 1863 3144 plurimi,
1893 3103 2167 3144 quemadmodum
2195 3102 2330 3132 diximus
2354 3101 2450 3141 prius.
2478 3102 2600 3134 Omnes
2624 3102 2710 3133 enim

1717 3149 1870 3178 elementa
1887 3154 1916 3178 et
1943 3148 1981 3178 ab
2005 3147 2080 3187 ipsis
2106 3153 2216 3176 vocata
2239 3145 2401 3186 principia,
2424 3153 2455 3177 et
2476 3157 2548 3177 vere
2572 3147 2638 3177 sine
2662 3157 2709 3177 ra-

1717 3192 1802 3223 tione
1815 3198 1979 3232 ponentes,
1996 3198 2102 3222 tamen
2116 3189 2269 3221 contraria
2285 3189 2403 3228 dicunt,
2419 3197 2571 3232 tanquam
2587 3192 2626 3221 ab
2642 3190 2710 3231 ipsa

1717 3235 1845 3266 veritate
1869 3235 1978 3266 coacti.
2436 3277 2449 3297 ⁸

1651 3323 1805 3354 Differunt
1828 3329 1934 3353 autem
1958 3323 1995 3352 ab
2012 3322 2146 3352 invicem
2168 3322 2201 3352 in
2224 3331 2262 3352 eo
2286 3322 2374 3362 quod
2398 3322 2449 3352 alii
2472 3322 2601 3363 quidem
2625 3321 2708 3362 prio-

1718 3378 1761 3406 ra,
1777 3367 1828 3398 alii
1843 3366 2017 3407 posteriora
2041 3366 2213 3406 accipiunt;
2229 3372 2259 3396 et
2274 3366 2362 3406 quod
2385 3365 2417 3396 hi
2441 3366 2571 3407 quidem
2586 3365 2709 3397 notiora

1718 3411 1893 3442 secundum
1916 3410 2081 3448 rationem,
2105 3410 2149 3440 illi
2173 3417 2279 3440 autem
2310 3410 2485 3440 secundum
2508 3410 2645 3440 sensum.
2666 3408 2709 3439 Hi

1717 3455 1848 3496 quidem
1872 3455 1956 3485 enim
1973 3454 2109 3485 calidum
2126 3461 2156 3485 et
2179 3453 2339 3494 frigidum,
2356 3454 2399 3484 illi
2419 3461 2524 3485 autem
2539 3452 2709 3484 humidum

1718 3507 1748 3530 et
1772 3500 1907 3537 siccum,
1933 3498 1982 3529 alii
2006 3506 2112 3529 autem
2129 3498 2283 3539 imparem
2299 3505 2329 3529 et
2352 3508 2478 3537 parem,
2501 3497 2631 3538 quidam
2653 3506 2708 3526 au-

1718 3551 1782 3575 tem
1814 3542 2015 3574 concordiam
2047 3549 2076 3573 et
2107 3541 2294 3572 discordiam
2326 3551 2433 3572 causas
2465 3546 2589 3581 ponunt
2616 3549 2707 3579 gene-

1717 3587 1861 3618 rationis:
1892 3586 1967 3617 haec
1998 3593 2103 3617 autem
2133 3586 2170 3616 ab
2194 3585 2329 3616 invicem
2359 3585 2504 3615 differunt
2533 3583 2708 3614 secundum

1718 3631 1838 3662 dictum
1862 3630 2007 3661 modum.

2731 772 2787 791 text.
2801 775 2835 797 ⁴¹·

2733 1136 2743 1146 '
2756 1135 2825 1159 Text.
2839 1141 2877 1164 4²·

2735 1399 2746 1412 ⁸
2759 1398 2830 1422 Text.
2844 1404 2883 1428 43.

2736 1841 2748 1854 ·
2761 1840 2829 1864 Text.
2842 1847 2884 1869 44.

2736 2061 2748 2073 ⁸
2761 2054 2830 2083 Text.¹
2842 2066 2879 2088 45.

2736 2407 2749 2419 ⁸
2761 2406 2830 2430 Text.
2842 2409 2884 2435 4⁶·

2737 2762 2748 2774 ·
2761 2761 2830 2784 Text.
2843 2767 2883 2790 ⁴7·

2736 3070 2747 3081 ⁸
2760 3069 2828 3092 Text.
2842 3069 2882 3096 48.
