2898 3996
198 650 208 659 ·
216 648 278 670 Lect.
286 653 406 675 praec.n.2.

286 753 302 769 α

199 1018 208 1026 ·
219 1015 281 1037 Lect.
288 1021 361 1043 praec.
367 1021 389 1036 n.
395 1021 407 1043 3

199 1048 250 1069 sqq.

197 2177 206 2185 '¹
221 2175 279 2197 nihil
292 2182 329 2197 rr«.

197 2491 219 2510 'e
225 2490 403 2512 contrarioadd.

195 2522 324 2537 BDGHLNoz.

433 303 508 348 384

1035 296 1378 334 PHYSICORUM
1405 294 1751 332 ARISTOTELIS
1781 294 1874 330 LIB.
1903 293 1989 330 VIII

433 378 508 414 cipia
529 385 556 407 et
576 387 636 406 non
656 376 803 413 principia,
825 384 878 403 nec
900 375 972 403 inter
993 374 1125 402 credibile
1147 380 1174 401 et
1194 383 1255 401 non
1276 373 1418 408 credibile,
1434 382 1487 401 nec
1540 373 1612 399 Nam
1635 377 1735 399 contra
1762 371 1834 399 haec
1855 370 1954 399 omnia
1981 370 2068 399 fidem
2089 371 2156 400 facit
2180 373 2366 408 experientia,
2392 383 2449 411 qua
2470 374 2600 404 videmus

433 418 519 446 etiam
546 418 618 445 inter
645 415 745 444 melius
767 422 794 443 et
814 414 903 451 peius.
929 431 949 435 -
970 415 996 441 6.
1018 414 1213 441 Excluduntur
1233 413 1289 440 alia
1316 413 1374 440 duo
1396 421 1486 440 mern-

1540 411 1683 447 quaedam
1706 411 1884 446 quandoque
1906 410 2016 438 moveri
2040 417 2068 438 et
2093 412 2268 448 quandoque
2290 412 2392 441 iterum
2417 414 2600 450 quiescere.-

434 458 500 492 bra,
523 465 626 492 nempe
647 462 674 483 et
695 455 774 491 quod
802 453 900 482 omnia
924 459 1094 481 moveantur
1119 461 1247 488 semper,
1276 458 1304 479 et
1331 452 1410 487 quod
1431 451 1486 479 alia
1541 459 1567 485 7.
1579 449 1758 486 Relinquitur
1771 458 1839 486 ergo
1855 449 2097 477 considerandum
2112 451 2192 487 quod
2206 452 2369 492 membrum
2389 452 2512 481 aliorum
2526 454 2600 482 duo-

435 503 603 524 moveantur
623 504 748 530 semper,
774 493 829 521 alia
849 501 963 528 semper
983 491 1130 528 quiescant
1150 497 1178 518 et
1198 490 1269 518 nihil
1290 490 1325 518 sit
1346 490 1484 518 medium.

520 635 523 640 Α
628 602 645 623 ’τ
694 592 882 641 eprobatis
911 591 1059 628 duobus
1092 589 1271 626 membris
1303 589 1485 638 praemis-

500 644 523 675 Ἰἱ·
550 637 603 678 {a
694 657 757 682 sae
774 646 793 665 '1‘
814 643 1020 690 divisionis,
1040 642 1101 679 hic
1121 643 1300 690 reprobat
1320 641 1482 687 tertium,

549 688 679 755 jayr
694 697 797 745 quod
816 696 954 733 scilicet
971 695 1063 743 poni
1082 702 1211 743 posset
1240 694 1339 732 entia
1368 693 1486 730 dividi

522 761 523 764 ¹
559 758 626 778 «ὅ
652 750 731 785 in
769 749 861 786 duas
899 747 1164 795 dispositiones
1192 753 1209 768 α
1237 753 1403 793 tantum,
1437 745 1487 782 ita

436 803 539 852 quod
567 803 755 851 quaedam
788 812 937 848 semper
965 799 1209 847 quiescerent,
1239 799 1310 834 alia
1338 810 1488 846 semper

435 862 695 900 moverentur;
712 861 748 890 et
762 866 838 890 non
858 853 903 889 sit
917 852 1066 888 tertium
1082 863 1200 898 genus
1220 851 1376 897 entium,
1389 862 1486 898 quae

436 907 663 957 quandoque
679 913 915 951 moveantur,
933 903 1162 952 quandoque
1179 902 1384 951 quiescant.
1402 903 1488 939 Hoc

435 968 563 997 autem
591 959 767 1007 reprobat
795 956 998 1006 dupliciter.
1038 955 1167 992 Primo
1196 955 1364 1003 quidem,
1394 954 1489 991 sicut

436 1020 471 1049 et
497 1011 704 1060 praedictas
722 1011 742 1032 '¹‘
760 1010 854 1046 duas
872 1008 1089 1058 positiones,
1111 1020 1156 1044 ex
1178 1020 1224 1044 eo
1245 1009 1350 1055 quod
1377 1019 1487 1056 repu-

434 1071 523 1112 gnat
550 1063 684 1100 sensui.
724 1063 815 1099 Non
843 1062 967 1098 solum
996 1061 1096 1097 enim
1122 1060 1300 1097 videmus
1330 1060 1378 1096 ad
1406 1072 1488 1097 sen-

434 1129 519 1153 sum
539 1116 643 1163 quod
666 1114 854 1163 quaedam
883 1121 1096 1161 moventur,
1115 1125 1185 1162 per
1204 1113 1308 1161 quod
1332 1112 1488 1149 destrui-

434 1176 493 1205 tur
531 1167 654 1216 prima
689 1166 825 1216 positio
862 1165 1086 1214 ponentium
1125 1165 1255 1202 omnia
1293 1165 1487 1214 quiescere

434 1232 604 1268 semper3
634 1227 670 1256 et
697 1220 802 1268 quod
829 1220 1018 1267 quaedam
1046 1218 1258 1266 quiescunt,
1287 1230 1356 1266 per
1384 1217 1488 1265 quod

435 1272 634 1310 destruitur
654 1273 820 1308 secunda
846 1271 982 1319 positio
1002 1271 1228 1319 ponentium
1256 1270 1386 1307 omnia
1405 1282 1488 1306 mo-

433 1325 513 1362 veri
532 1337 703 1373 semper:
732 1325 799 1361 sed
823 1324 934 1360 etiam
956 1323 1132 1360 videmus
1161 1323 1266 1372 quod
1285 1322 1323 1359 in
1343 1323 1487 1359 eisdem

435 1378 546 1414 rebus
573 1378 669 1414 fiunt
685 1376 897 1425 praedictae
918 1376 1145 1413 mutationes
1166 1388 1233 1412 seu
1260 1374 1488 1413 variationes

436 1430 483 1467 de
511 1438 618 1466 motu
636 1429 674 1466 in
694 1429 870 1478 quietem,
893 1436 928 1465 et
947 1429 994 1465 de
1014 1428 1137 1476 quiete
1166 1428 1204 1465 in
1232 1435 1400 1475 motum;
1419 1440 1489 1476 per

435 1482 537 1530 quod
566 1491 722 1530 apparet
747 1481 852 1530 quod
875 1481 999 1529 aliqua
1027 1489 1113 1517 sunt
1135 1493 1233 1530 quae
1258 1481 1488 1530 quandoque

435 1542 638 1571 moventur
666 1542 701 1571 et
728 1534 957 1583 quandoque
986 1533 1194 1582 quiescunt.

488 1599 522 1624 2.
554 1587 731 1624 Secundo
760 1587 827 1623 ibi:
856 1587 908 1623 Et
924 1587 1046 1623 adhuc
1069 1587 1156 1635 quia
1185 1591 1380 1636 oppugnat
1407 1593 1487 1634 etc.,

434 1640 610 1688 reprobat
646 1639 748 1676 idem
776 1651 844 1688 per
879 1640 953 1676 hoc
987 1639 1092 1688 quod
1125 1639 1189 1687 qui
1217 1640 1315 1676 hanc
1345 1638 1489 1675 dubita-

433 1692 575 1728 tionem
603 1691 816 1740 induceret,
846 1699 1072 1740 repugnaret
1098 1691 1141 1728 iis
1169 1704 1268 1739 quae
1297 1699 1383 1728 sunt
1410 1704 1488 1728 ma-

433 1745 566 1781 nifesta
594 1744 631 1781 in
659 1753 802 1781 natura.
842 1745 971 1781 Primo
1005 1744 1106 1780 enim
1135 1745 1326 1781 tolleretur
1362 1751 1489 1794 motus

433 1797 644 1845 augmenti:
672 1798 847 1834 videmus
878 1797 978 1833 enim
1005 1805 1153 1833 motum
1183 1796 1374 1844 augmenti
1408 1809 1488 1833 esse

433 1850 471 1886 in
498 1850 555 1886 his
584 1862 680 1899 quae
700 1863 778 1886 non
807 1862 958 1898 semper
978 1850 1229 1897 augebantur;
1259 1848 1437 1897 alioquin,
1459 1849 1489 1885 si

433 1915 584 1951 semper
603 1910 838 1950 augerentur,
868 1914 947 1939 non
967 1910 1063 1939 esset
1091 1909 1337 1950 augmentum
1356 1901 1405 1938 ad
1426 1901 1488 1938 de-

433 1956 670 1992 terminatam
692 1955 951 2004 quantitatem,
974 1955 1041 1991 sed
1060 1955 1098 1991 in
1118 1954 1316 1991 infinitum.
1348 1955 1488 1991 Secun-

435 2008 484 2045 do
504 2009 640 2045 tollitur
657 2015 782 2044 motus
802 2008 930 2044 localis
956 2007 1165 2044 violentus:
1195 2019 1273 2043 non
1298 2006 1400 2043 enim
1434 2014 1488 2043 est

434 2067 561 2097 motus
587 2061 791 2107 violentus,
822 2060 892 2097 nisi
920 2059 965 2096 sit
993 2060 1132 2108 aliquid
1160 2061 1264 2108 quod
1293 2067 1395 2095 extra
1423 2071 1487 2095 na-

434 2120 557 2149 turam
578 2120 787 2160 moveatur,
818 2112 921 2161 quod
940 2112 1043 2161 prius
1064 2112 1249 2161 quieverit
1276 2112 1486 2148 secundum

434 2173 624 2212 naturam;
663 2178 751 2202 cum
779 2173 905 2202 motus
933 2165 1121 2202 violentus
1140 2177 1219 2201 non
1238 2165 1258 2184 ²¹⁸
1278 2165 1324 2200 sit
1343 2164 1412 2201 nisi
1432 2176 1486 2200 re-

435 2231 561 2255 cessus
581 2231 603 2255 a
623 2218 745 2267 quiete
765 2217 933 2255 naturali.
957 2218 995 2254 Si
1016 2230 1103 2265 ergo
1124 2218 1269 2254 nullum
1290 2217 1486 2265 quiescens

432 2278 557 2319 potest
593 2271 757 2317 moveri,
796 2277 973 2318 sequetur
1000 2270 1103 2318 quod
1131 2269 1170 2306 id
1197 2269 1302 2318 quod
1330 2269 1487 2318 quiescit

433 2324 657 2369 naturaliter,
683 2336 760 2360 non
778 2323 897 2372 possit
914 2323 1161 2371 postmodum
1180 2335 1249 2371 per
1266 2322 1486 2359 violentiam

433 2375 591 2413 moveri.
621 2376 751 2412 Tertio
782 2376 986 2412 excluditur
1013 2375 1202 2423 generatio
1233 2383 1268 2411 et
1296 2375 1484 2424 corruptio

430 2441 500 2477 per
517 2430 616 2466 hanc
633 2429 872 2478 positionem.
903 2428 1105 2466 Generatio
1132 2427 1232 2464 enim
1253 2432 1309 2464 es't
1326 2428 1484 2464 mutatio

432 2482 479 2518 de
507 2494 585 2518 non
615 2494 696 2518 esse
725 2482 763 2518 in
783 2494 876 2529 esse,
907 2481 1096 2529 corruptio
1124 2493 1217 2518 vero
1239 2482 1258 2502 *
1279 2481 1325 2518 de
1347 2493 1427 2517 esse
1447 2481 1485 2517 in

431 2547 509 2582 non
529 2547 621 2571 esse.
643 2535 704 2572 Ad
723 2535 797 2571 hoc
817 2547 905 2582 ergo
926 2535 1031 2583 quod
1051 2533 1190 2582 aliquid
1211 2541 1484 2582 corrumpatur,

431 2595 580 2636 oportet
598 2587 702 2635 quod
722 2588 824 2635 prius
840 2587 948 2624 fuerit
968 2599 1034 2624 ens
1053 2599 1121 2636 per
1140 2586 1293 2635 aliquod
1311 2594 1483 2635 tempus;

431 2647 466 2676 et
494 2640 542 2677 ad
569 2641 643 2676 hoc
671 2638 776 2688 quod
814 2647 1027 2688 generetur,
1058 2647 1207 2688 oportet
1243 2639 1347 2687 quod
1382 2639 1485 2687 prius

430 2692 539 2729 fuerit
568 2705 645 2730 non
665 2705 730 2730 ens
759 2705 827 2742 per
855 2693 1008 2741 aliquod
1027 2701 1189 2741 tempus.
1221 2692 1337 2738 Quod
1357 2699 1484 2728 autem

428 2758 497 2794 per
524 2745 677 2794 aliquod
705 2754 855 2794 tempus
879 2754 935 2782 est
963 2758 1030 2782 ens
1048 2746 1110 2782 vel
1128 2757 1207 2782 non
1227 2757 1304 2791 ens,
1331 2744 1487 2793 quiescit

431 2801 486 2845 (ut
513 2799 612 2846 large
642 2799 688 2835 de
717 2799 840 2847 quiete
869 2799 1113 2847 loquamur):
1143 2798 1173 2834 si
1202 2797 1310 2845 igitur
1342 2798 1502 2834 nullum·

432 2851 629 2900 quiescens
644 2859 766 2900 potest
785 2851 943 2898 moveri,
966 2851 1134 2900 sequitur
1149 2852 1252 2899 quod
1272 2850 1362 2887 nihil
1382 2850 1486 2899 quod

430 2917 508 2940 non
537 2912 591 2940 est
618 2917 685 2953 per
708 2905 860 2953 aliquod
888 2911 1056 2953 tempus,
1085 2903 1204 2952 possit
1231 2903 1419 2951 generari,
1451 2910 1487 2939 et

431 2956 520 2993 nihil
541 2958 643 3005 quod
664 2965 717 2994 est
736 2957 774 2994 in
793 2957 918 3006 aliquo
938 2965 1122 3006 ternpore,
1142 2956 1261 3005 possit
1281 2956 1484 3005 corrumpi.

433 3010 577 3055 Quarto
606 3017 732 3046 autem
760 3011 912 3047 ulterius
940 3011 1034 3047 haec
1060 3009 1197 3058 positio
1222 3009 1378 3047 destruit
1405 3009 1486 3046 uni-

431 3062 623 3098 versaliter
642 3074 797 3099 ornnem
818 3071 985 3099 motum:
1011 3063 1099 3111 quia
1118 3063 1155 3099 in
1176 3063 1280 3099 omni
1304 3070 1412 3099 motu
1432 3069 1486 3098 est

433 3115 619 3162 quaedam
657 3115 846 3162 generatio
877 3123 911 3151 et
941 3115 1151 3164 corruptiO,
1181 3117 1242 3153 vel
1271 3115 1487 3164 simpliciter

431 3167 492 3203 vel
520 3167 728 3205 secundum
753 3167 854 3215 quid.
885 3168 1001 3214 Quod
1030 3168 1131 3205 enim
1151 3168 1189 3205 in
1209 3168 1349 3217 aliquid
1367 3167 1384 3197 β
1403 3181 1485 3205 mo-

432 3227 541 3256 vetur
564 3220 658 3257 sicut
676 3220 713 3257 in
733 3220 949 3268 terminum,
979 3229 1178 3268 generatur
1196 3222 1277 3267 hoc,
1301 3229 1486 3270 quantum

433 3272 480 3308 ad
509 3280 655 3309 motum
685 3273 910 3310 alterationis
939 3282 974 3310 et
1002 3273 1209 3321 augmenti;
1239 3281 1303 3310 aut
1331 3274 1367 3310 in
1395 3275 1485 3319 hoc,

434 3331 614 3371 quantum
636 3325 682 3362 ad
702 3333 850 3362 motum
870 3326 1047 3372 localem;
1074 3326 1169 3363 sicut
1188 3326 1292 3374 quod
1311 3333 1488 3363 movetur

458 3469 462 3475 Ι
487 3435 514 3468 α)
534 3435 723 3467 dispositiones.
736 3451 755 3457 -
769 3437 930 3470 definitiones
942 3439 1145 3470 ACIKMSVXY,
1165 3439 1210 3464 sed
1224 3440 1352 3471 margines
1372 3440 1423 3464 CS:
1443 3441 1484 3465 vel

435 3469 629 3508 dispositiones
648 3472 830 3503 dispositiones
848 3473 1012 3506 definitiones
1023 3474 1059 3504 Q,
1074 3475 1119 3499 sed
1140 3470 1304 3507 definitiones
1319 3475 1481 3507 expungstun

435 3504 492 3528 dios
510 3505 542 3535 T,
560 3506 655 3543 species
681 3507 736 3531 ΗΝ.
753 3519 774 3526 —-
791 3507 840 3531 Pro
859 3511 884 3532 ct
903 3516 953 3533 non
972 3509 1014 3537 sit,
1034 3512 1059 3533 et
1078 3509 1148 3541 quod
1167 3517 1218 3534 non
1242 3509 1278 3534 sit
1296 3509 1379 3539 codd„
1398 3511 1439 3535 ab
1458 3515 1483 3535 ct

435 3538 526 3563 Venet.
544 3546 617 3570 1204.
634 3554 652 3559 —
666 3541 715 3565 Pro
731 3545 885 3566 moveantur
907 3544 1063 3575 quandoque
1081 3544 1224 3576 quiescant,
1240 3547 1378 3569 moventur
1400 3552 1482 3577 quan-

437 3573 519 3605 doque
542 3574 676 3605 quiescant
700 3576 787 3605 Alxa,
808 3581 946 3602 moventur
964 3582 989 3603 et
1007 3579 1164 3612 quandoque
1183 3579 1318 3611 quiescunt
1342 3584 1389 3604 cet.
1409 3585 1434 3605 et
1452 3579 1482 3611 b;

437 3612 521 3631 tamen
542 3609 581 3633 ed.
596 3609 610 3633 b
629 3617 680 3633 om.
699 3613 731 3634 et.

1538 497 1604 516 rum
1626 497 1700 525 quae
1721 495 1886 523 remanent,
1908 487 1943 516 sit
1965 488 2067 517 verius.

1541 589 1587 626 de
1616 589 1721 637 nigro
1741 589 1779 626 in
1799 589 1945 636 album,
1976 595 2039 625 aut
2064 587 2110 625 de
2138 601 2259 638 parvo
2279 590 2318 626 in
2335 602 2528 638 magnum,
2557 592 2600 629 fit

1540 642 1669 678 album
1703 649 1767 678 aut
1799 653 2002 689 magnum;
2037 642 2141 690 quod
2174 649 2300 679 autem
2338 650 2516 680 movetur
2551 644 2600 681 ad

1540 693 1705 742 aliquem
1734 695 1875 741 locum,
1904 694 1947 730 fit
1975 693 2134 731 existens
2159 694 2198 732 in
2226 695 2310 732 loco
2339 695 2413 732 illo.
2445 696 2521 732 Sed
2555 707 2600 733 ex

1540 757 1616 794 quo
1651 746 1790 795 aliquid
1819 754 1984 783 mutatur
2011 747 2106 784 sicut
2125 759 2147 783 a
2166 747 2328 784 termino
2349 760 2370 784 a
2395 760 2488 796 quo,
2519 760 2599 786 cor-

1541 798 1726 846 rumpitur
1743 800 1814 835 hoc
1833 799 1870 835 in
1890 806 1999 836 motu
2026 799 2253 836 alterationis
2273 808 2309 836 et
2328 801 2531 848 augmenti,
2560 809 2601 838 ut

1541 851 1689 898 nigrum
1723 858 1787 887 aut
1812 863 1997 899 parvum3
2026 859 2090 888 aut
2117 854 2165 889 ab
2185 852 2205 873 *
2224 852 2310 889 hinc
2337 860 2522 901 quantum
2551 853 2599 891 ad

1540 910 1690 940 motum
1709 904 1882 940 localem.
1909 903 2008 950 Quia
2029 916 2116 952 ergo
2136 904 2175 941 in
2196 905 2302 942 omni
2321 913 2430 942 motu
2456 913 2511 943 est
2537 918 2599 954 ge-

1541 956 1683 992 neratio
1714 963 1749 992 et
1777 956 1979 1007 corruptiO,
2009 956 2102 994 dum
2129 957 2320 1005 praedicta
2342 958 2479 1006 positio
2508 958 2600 996 tollit

1541 1008 1823 1056 generationem
1857 1016 1893 1045 et
1925 1009 2226 1057 corruptionem,
2259 1022 2329 1058 per
2361 1023 2598 1060 consequens

1540 1061 1632 1097 tollit
1651 1073 1808 1098 omnem
1838 1068 1998 1098 motum.
2026 1060 2126 1108 Quia
2155 1073 2243 1109 ergo
2264 1063 2360 1098 haec
2388 1074 2485 1111 quae
2506 1065 2526 1085 *
2546 1063 2599 1100 di-

1542 1120 1599 1150 cta
1619 1114 1639 1134 ¹⁸
1659 1121 1756 1160 sunt,
1778 1120 1864 1150 sunt
1883 1113 2141 1162 impossibilia,
2168 1114 2409 1152 manifestum
2433 1115 2476 1152 fit
2496 1116 2599 1164 quod

1541 1165 1731 1214 quaedam
1751 1173 1956 1203 moventur
1975 1178 2053 1203 non
2081 1166 2236 1214 quidem
2256 1179 2418 1216 semper,
2439 1167 2507 1206 sed
2535 1168 2599 1205 ali-

1542 1219 1717 1267 quand03
1749 1226 1784 1255 et
1803 1220 1993 1268 quaedam
2022 1218 2220 1267 quiescunt
2246 1231 2326 1256 non
2349 1232 2512 1270 semper,
2533 1221 2600 1259 sed

1542 1271 1757 1320 aliquando.

1596 1325 1630 1360 3.
1661 1323 1809 1360 Deinde
1838 1334 1926 1359 cum
1955 1322 2063 1360 dicit:
2097 1323 2232 1360 Omnia
2251 1330 2375 1361 autem
2394 1324 2488 1362 velle
2507 1332 2597 1373 etc.,

1541 1376 1692 1425 inquirit
1711 1377 1758 1414 de
1778 1375 1856 1413 aliis
1886 1375 2036 1413 duobus
2055 1376 2236 1413 membris
2261 1377 2490 1426 praemissae
2505 1378 2526 1398 ⁴·
2546 1377 2599 1415 di-

1541 1429 1708 1466 visionis.
1738 1430 1787 1466 Et
1813 1428 1938 1478 primo
1967 1428 2179 1466 manifestat
2197 1441 2307 1467 suam
2335 1429 2599 1477 intentionem;

1543 1482 1710 1519 secundo
1740 1481 1936 1530 exequitur
1962 1481 2097 1530 ipsam,
2126 1481 2198 1518 ibi:
2227 1483 2464 1520 Moventium
2484 1482 2601 1533 igitur

1542 1540 1577 1571 et
1594 1547 1725 1572 eorum
1747 1546 1844 1583 quae
1862 1539 2060 1572 moventur
2080 1535 2099 1555 *
2118 1542 2185 1571 etc.
2217 1534 2326 1572 Circa
2344 1535 2511 1584 primurn
2531 1535 2600 1573 tria
2627 1541 2637 1550 ·

1542 1588 1648 1624 facit:
1676 1588 1802 1636 primo
1828 1586 1991 1624 ostendit
2019 1587 2067 1624 ad
2096 1595 2210 1636 quarn
2230 1587 2458 1636 positionem
2486 1588 2598 1638 perti-

1542 1648 1629 1677 neat
1657 1648 1833 1689 quartum
1852 1640 2092 1686 membrum;
2122 1640 2291 1677 secundo
2312 1652 2357 1677 ea
2376 1653 2472 1690 quae
2501 1641 2598 1678 dicta

1543 1701 1628 1730 sunt
1659 1693 1698 1730 in
1735 1693 1805 1730 isto
1831 1692 1993 1742 capitulo
2018 1692 2197 1740 recolligit
2216 1693 2247 1740 ²³,
2268 1693 2340 1730 ibi:
2368 1693 2598 1742 Princzpium

1542 1751 1666 1782 autem
1686 1746 1818 1782 iterum
1825 1745 2082 1794 faciendum*
2095 1753 2179 1791 etc.;
2199 1745 2307 1782 tertio
2329 1746 2490 1783 ostendit
2508 1746 2600 1796 quid
2627 1756 2636 1765 ·

1542 1805 1655 1834 restat
1682 1797 1898 1845 dicendum,
1919 1797 1992 1833 ibi:
2021 1797 2222 1845 Reliquum
2250 1810 2344 1848 ergo
2364 1799 2600 1836 consideran-

1541 1851 1662 1886 dum*
1682 1858 1750 1887 etc.
1781 1849 1879 1886 Dicit
1908 1861 1996 1897 ergo
2024 1849 2160 1898 primO,
2190 1851 2294 1897 quod
2322 1863 2467 1899 ponere
2494 1851 2600 1900 quod

1542 1903 1671 1939 omnia
1699 1903 1930 1951 quandoque
1965 1901 2163 1950 quiescunt
2191 1909 2227 1938 et
2255 1903 2485 1952 quandoque
2514 1916 2598 1940 mo-

1541 1963 1689 2003 ventur,
1718 1956 1793 1992 hoc
1820 1955 1898 1992 iam
1926 1954 2086 2003 pertinet
2113 1954 2162 1991 ad
2182 1955 2353 2003 antiquas
2373 1956 2393 1976 *
2413 1956 2597 2004 rationes,

1541 2020 1634 2056 quas
1662 2008 1849 2056 tetigimus
1879 2006 2110 2055 disputantes
2139 2007 2185 2043 de
2214 2015 2341 2044 motus
2365 2009 2597 2057 sempiterni-

1540 2068 1612 2097 tate
1635 2062 1664 2098 *.
1696 2061 1781 2097 Hoc
1806 2060 1906 2096 enirn
1925 2059 2098 2108 posuisse
2116 2059 2268 2096 videtur
2284 2061 2488 2109 praecipue
2508 2062 2598 2098 Em-

1540 2113 1730 2161 pedocles,
1752 2113 1856 2162 quod
1876 2112 2007 2148 omnia
2026 2112 2254 2160 quandoque
2275 2121 2478 2150 moventur
2493 2114 2513 2135 *
2528 2114 2599 2151 sub

1541 2165 1710 2202 dominio
1747 2165 1933 2202 amicitiae
1967 2171 2002 2200 et
2033 2164 2124 2211 litis,
2159 2172 2196 2212 et
2227 2165 2458 2215 quandoque
2494 2166 2598 2216 quie-

1540 2226 1647 2255 scunt
1669 2219 1687 2239 ’¹‘
1705 2217 1935 2254 intermediis
1963 2217 2209 2266 temporibus

1592 2282 1629 2317 4.
1659 2271 1807 2308 Deinde
1837 2282 1924 2307 cum
1954 2269 2060 2307 dicit:
2094 2271 2325 2318 Principium
2353 2276 2478 2308 autem
2506 2278 2597 2319 etc.,

1541 2323 1697 2360 resumit
1725 2336 1770 2360 ea
1797 2335 1895 2372 quae
1931 2322 2028 2359 dicta
2056 2330 2143 2359 sunt
2170 2323 2208 2359 in
2235 2323 2305 2360 isto
2345 2323 2520 2372 capitulo.
2550 2324 2599 2360 Et

1539 2376 1664 2425 primo
1693 2376 1849 2413 resumit
1878 2375 2103 2412 divisionem
2133 2377 2280 2424 supra*
2296 2376 2460 2425 positam
2475 2381 2510 2422 γ;
2540 2388 2597 2413 se-

1541 2429 1665 2466 cundo
1695 2428 2000 2478 reprobationem
2020 2427 2164 2476 primae
2192 2428 2318 2476 partis,
2344 2441 2419 2476 qua
2446 2428 2599 2477 ponitur

1541 2482 1670 2518 omnia
1693 2481 1885 2530 quiescere
1910 2492 2070 2529 semper,
2082 2480 2150 2517 ibi:
2189 2481 2298 2522 Quod
2315 2481 2462 2529 quidem
2482 2481 2599 2530 igitur

1540 2546 1613 2571 non
1632 2534 1808 2582 possibile
1827 2535 1846 2555 '⁴²
1867 2540 1952 2579 etc.;
1982 2533 2090 2569 tertio
2111 2533 2416 2582 reprobationem
2435 2532 2597 2570 aliorum

1541 2587 1705 2624 duorum
1725 2587 2000 2633 membrorum,
2029 2586 2100 2622 ibi:
2134 2584 2311 2622 Similz'te'r
2334 2592 2458 2622 autem
2477 2591 2512 2622 et
2529 2587 2597 2623 im-

1533 2639 1709 2688 possibile
1729 2641 1748 2661 '³‘
1769 2647 1836 2676 etc.
1867 2638 1966 2675 Dicit
1994 2651 2083 2687 ergo
2111 2638 2248 2687 primo,
2270 2639 2373 2687 quod
2402 2638 2451 2675 ad
2478 2638 2597 2676 mani-

1540 2692 1754 2729 festandum
1782 2691 1901 2739 magis
1930 2691 2176 2728 intentionem
2203 2691 2454 2741 sequentium,
2483 2691 2597 2729 debe-

1540 2758 1626 2782 mus
1654 2745 1817 2794 incipere
1842 2745 1890 2782 ab
1918 2744 1962 2781 iis
1990 2757 2086 2793 quae
2107 2757 2229 2793 nuper
2248 2743 2596 2792 determinavimus,

1541 2806 1732 2835 sumentes
1765 2797 1865 2834 idem
1898 2797 2125 2846 principium
2158 2797 2262 2846 quod
2298 2797 2423 2846 prius;
2461 2796 2599 2834 scilicet

1541 2852 1644 2900 quod
1673 2850 1771 2887 entia
1807 2857 1956 2898 oportet
1988 2850 2113 2899 primo
2151 2850 2255 2898 quod
2292 2862 2331 2886 se
2359 2850 2523 2886 habeant
2559 2849 2598 2887 in

1541 2904 1664 2952 aliqua
1691 2904 1826 2940 harum
1854 2902 1966 2940 trium
1996 2902 2298 2951 dispositionum,
2328 2902 2466 2939 scilicet
2493 2901 2599 2952 quod

1539 2957 1602 2995 vel
1629 2956 1758 2993 omnia
1787 2955 1991 3004 quiescant,
2020 2956 2081 2993 vel
2111 2955 2240 2992 omnia
2269 2962 2506 3001 moveantur,
2535 2954 2597 2991 vel

1541 3010 1646 3058 quod
1671 3009 1860 3058 quaedam
1880 3008 2073 3056 quiescant
2093 3016 2128 3044 et
2146 3007 2334 3057 quaedam
2359 3014 2596 3044 moveantur.

1541 3064 1589 3099 Et
1620 3063 1694 3099 hoc
1722 3061 1872 3098 tertium
1893 3062 1912 3082 ²¹²
1932 3061 2067 3097 iterum
2089 3061 2127 3097 in
2154 3061 2225 3097 tria
2245 3059 2437 3097 dividitur:
2460 3060 2547 3109 quia
2567 3060 2597 3097 si

1542 3127 1674 3152 eorum
1693 3127 1790 3164 quae
1810 3121 1906 3160 sunt,
1928 3113 2116 3162 quaedam
2136 3113 2333 3161 quiescunt
2353 3120 2388 3149 et
2407 3113 2596 3162 quaedam

1541 3175 1764 3215 moventur,
1803 3178 1956 3204 necesse
1995 3173 2050 3203 est
2077 3165 2181 3215 quod
2212 3166 2274 3203 vel
2307 3165 2437 3202 omnia
2470 3165 2523 3203 sic
2556 3177 2597 3202 se

1541 3221 1705 3258 habeant
1724 3219 1829 3270 quod
1848 3218 2077 3268 quandoque
2097 3218 2292 3267 quiescant
2311 3226 2347 3255 et
2367 3218 2598 3267 quandoque

1541 3281 1788 3318 moveantur;
1807 3273 1869 3309 vel
1889 3272 1993 3321 quod
2009 3271 2199 3320 quaedam
2219 3283 2372 3319 semper
2390 3271 2595 3320 quiescant,

1541 3326 1729 3375 quaedam
1766 3332 1892 3362 autem
1921 3336 2072 3374 semper
2104 3331 2355 3370 moveantur;
2393 3324 2455 3361 vel
2491 3323 2597 3372 quod

1589 3439 1615 3475 β)
1631 3440 1709 3470 Quod
1726 3439 1795 3481 enim
1815 3439 1841 3480 {n
1860 3439 1974 3480 alff‘l'ffdg
1987 3452 2008 3458 -
2027 3438 2113 3469 Quum
2133 3437 2202 3469 (cum
2214 3437 2374 3478 'FsNJJng'm
2393 3437 2495 3470 aliquid
2513 3435 2596 3462 DTsC

1536 3472 2432 3550 FN’Yfiiggog'iindisiiizo':esilgnfxapplfdsissiaeq—exaniiiqeua'dq152.
2443 3477 2519 3532 deieran-
2533 3507 2595 3530 sunt

1536 3545 1562 3570 in
1583 3545 1711 3569 divisione
1734 3551 1817 3576 supra
1837 3543 1928 3576 posita
1947 3543 2082 3568 editiones.
2107 3543 2195 3568 Lectio
2214 3550 2243 3567 ex
2262 3541 2383 3567 omnibus
2403 3541 2531 3566 codicibus
2550 3539 2594 3579 afl-

1535 3578 1960 3647 pplgqgibgpigxgzlitjun'ieaelrgnteilics
1973 3586 2040 3611 quae
2054 3578 2140 3603 statim
2159 3582 2316 3611 sequuntur:
2335 3576 2450 3602 secundo
2465 3574 2593 3608 (resumit)

2627 863 2838 918 zozimas-„tsi

2627 915 2657 936 ab
2670 916 2723 938 hr'nc
2736 923 2785 939 om.
2794 923 2837 945 pu.

2626 1070 2636 1079 '¹
2651 1075 2712 1097 quae
2723 1075 2771 1092 om.
2786 1076 2810 1092 a.

2627 1122 2760 1170 ὲξνὲιεάιοτα
2767 1122 2839 1146 codd.

2627 1389 2636 1399 '
2644 1388 2707 1411 Lect.
2716 1394 2838 1417 praee-na.

2626 1704 2636 1714 '¹
2649 1703 2735 1725 recolit
2745 1709 2768 1725 r.

2651 1754 2721 1778 Num.
2736 1761 2785 1785 neq.

2626 1858 2637 1867 ·
2650 1856 2722 1879 Num.
2736 1863 2758 1885 7.

2626 1966 2636 1975 '
2655 1964 2749 1993 aliquas
2766 1971 2836 1988 acm.

2625 1997 2762 2017 κρυ-νινε.

2625 2070 2634 2078 ·
2648 2068 2754 2091 Lem-m.

2626 2125 2636 2135 ‘¹
2649 2126 2787 2148 moveantar
2799 2131 2838 2148 ur.

2625 2258 2649 2277 et
2657 2229 2782 2278 3521:ae
2792 2229 2840 2278 gg

2626 2287 2750 2304 monz.

2625 2384 2634 2393 '¹
2640 2382 2704 2406 Μαι.
2711 2388 2836 2445 pytana-
2866 2406 2870 2411 ¹

2625 2545 2636 2553 ·
2650 2543 2721 2566 Num.
2735 2549 2784 2572 seq.

2626 2650 2635 2660 ‘
2649 2648 2722 2671 Num.
2735 2648 2760 2671 6.
