2950 4004
496 288 566 325 160

492 367 642 404 moveri
669 378 738 416 per
765 378 821 413 se,
852 366 921 403 sed
950 377 1102 414 semper
1129 373 1335 403 moventur
1360 378 1431 416 per
1458 367 1553 403 acci-

494 420 604 467 dens3
626 419 721 456 sicut
736 418 872 456 albedo
894 425 930 454 et
949 417 1118 466 seientia,
1140 430 1238 467 quae
1258 427 1407 457 mutant
1424 420 1554 456 locum

493 474 719 521 inquantum
739 479 907 508 mutatur
926 470 1017 507 illud
1036 471 1074 508 in
1102 483 1180 520 quo
1201 479 1298 508 sunt.
1320 473 1405 510 Hoc
1425 479 1554 509 autem

493 525 647 572 induxit,
669 524 757 573 quia
784 525 859 560 hoc
887 523 1007 560 modo
1037 523 1176 573 aliquid
1194 525 1215 545 '⁸
1241 536 1311 574 per
1338 537 1379 562 se
1396 525 1459 563 vel
1486 537 1555 574 per

494 578 688 624 accidens,
719 584 805 614 actu
831 577 895 613 vel
922 576 1090 625 potentia
1118 584 1250 614 natum
1279 585 1335 615 est
1356 578 1376 599 *
1405 590 1486 615 esse
1516 578 1555 615 in

493 633 592 678 loco,
622 630 716 666 sicut
744 637 781 666 et
807 629 968 666 moveri.

547 696 583 732 7.
614 682 786 719 Tertium
805 681 914 730 ponit
932 681 999 718 ibi:
1033 682 1221 724 Quoniam
1245 688 1370 719 autem
1399 683 1555 720 dicimus

493 749 570 773 esse
590 743 658 772 etc.
685 736 734 772 Et
753 734 841 772 dicit
865 734 970 783 quod
989 734 1122 783 aliquis
1142 735 1276 772 dicitur
1291 748 1372 772 esse
1392 735 1430 772 in
1450 737 1555 772 83810

494 790 588 826 318οῖ
615 788 653 825 10
681 789 779 834 1080,
808 795 964 836 propter
991 788 1066 824 hoc
1095 788 1199 836 quod
1219 796 1275 825 est
1293 788 1331 825 in
1359 800 1461 835 aere,
1492 789 1556 837 qui

493 842 648 891 quidem
670 848 725 878 est
743 841 781 877 in
802 842 918 877 caelo.
949 841 1034 876 Nec
1052 847 1180 877 tamen
1210 840 1370 877 dicimus
1394 842 1498 890 quod
1518 841 1556 878 in

251 900 450 928 *atiquidcodd-
493 903 572 932 toto
602 906 688 931 aere
708 893 754 930 sit
782 893 914 942 aliquis
933 893 953 914 ³¹⁸
982 892 1107 941 primo
1137 900 1173 930 et
1199 905 1268 942 per
1296 906 1353 940 se;
1374 894 1442 931 sed
1469 906 1556 943 pro-

492 955 576 997 pter
602 947 775 983 ultimam
809 946 1083 983 extremitatem
1117 946 1228 994 aeris,
1263 958 1361 994 quae
1390 947 1558 984 continet

493 1001 675 1049 aliquem,
698 999 831 1036 dicitur
859 999 991 1048 aliquis
1008 1000 1027 1020 *
1048 1011 1130 1036 8338
1149 999 1188 1036 10
1207 1011 1310 1046 aere;
1344 999 1433 1048 quia
1453 1000 1483 1037 si
1502 1007 1557 1037 to-

492 1061 551 1090 tus
579 1065 643 1090 aer
671 1059 768 1089 esset
795 1053 901 1089 locus
935 1052 1111 1098 alicuius,
1144 1059 1236 1101 puta
1266 1052 1448 1099 hominis,
1478 1065 1557 1090 non

494 1113 592 1143 esset
619 1105 785 1154 aequalis
813 1106 920 1142 locus
947 1113 983 1142 et
1009 1106 1192 1151 locatum3
1213 1105 1399 1154 quodest
1426 1113 1557 1143 contra

493 1158 795 1207 suppositionem
819 1158 923 1207 prius
940 1159 959 1179 ²²²
973 1158 1150 1207 positam.
1163 1159 1239 1196 Sed
1254 1158 1293 1196 id
1307 1158 1394 1196 *³¹³in
1409 1171 1486 1207 quo
1502 1167 1558 1196 est

494 1211 634 1260 aliquid
666 1211 813 1260 primo,
847 1211 999 1248 videtur
1028 1223 1110 1248 esse
1145 1219 1358 1248 extremum
1387 1213 1556 1260 corporis

251 534 261 543 '¹
283 533 374 560 aliquid
390 538 437 554 om.

252 559 321 580 codd.
336 563 357 580 et
371 565 386 579 a
395 559 415 579 b.

253 588 260 594 ·
276 585 368 613 aliquid
382 585 436 606 add.

253 618 288 633 ec.

251 1008 262 1018 ⁴⁵
277 1006 369 1034 aliquid
386 1012 437 1032 rm,

253 1039 300 1054 om.
317 1039 337 1054 c.

251 1165 261 1175 ⁸
275 1163 346 1185 Num.
361 1169 380 1184 2.

252 1191 274 1201 '⁴'
289 1189 314 1211 id
332 1196 380 1211 om.
395 1189 466 1215 PQab.

253 1274 263 1283 ⁸
278 1273 346 1294 huius
359 1279 380 1294 Ρ·
495 1263 730 1311 continentis,
748 1271 784 1301 et
803 1263 856 1301 sic
871 1271 927 1301 est
944 1265 1158 1301 huiusmodi
1172 1267 1203 1311 ³²,
1221 1264 1360 1301 scilicet
1384 1266 1555 1313 aequale.

549 1319 584 1355 8.
615 1318 806 1364 Quartum
834 1316 941 1365 ponit
964 1317 1030 1354 ibi:
1057 1318 1152 1354 Cum
1172 1318 1320 1366 quidem
1341 1317 1457 1367 igitur
1481 1331 1555 1355 non

494 1371 653 1408 divisum
674 1377 742 1407 etc.
765 1370 814 1407 Et
832 1370 956 1419 primo
975 1370 1098 1419 ponit3
1125 1371 1293 1408 secundo
1313 1369 1465 1419 probat,
1486 1371 1555 1407 ibi:

253 1431 413 1458 ‘Num-seq·
493 1425 544 1460 Et
570 1435 655 1460 cum
684 1423 901 1460 continuum
918 1424 938 1444 *
958 1430 1026 1459 etc.
1058 1423 1157 1460 Dicit
1186 1435 1274 1471 ergo
1303 1423 1428 1471 primo
1449 1424 1556 1471 quod

255 1490 263 1496 '
278 1493 377 1515 corpore
391 1487 443 1509 add.

252 1514 296 1535 m
495 1489 583 1514 cum
621 1476 816 1513 continens
853 1488 932 1512 non
970 1483 1024 1512 est
1061 1476 1225 1513 divisum
1254 1489 1276 1512 a
1306 1476 1325 1497 '¹‘
1354 1482 1531 1513 contento
1547 1505 1556 1523 ,

494 1529 562 1566 380
591 1536 646 1566 est
675 1528 707 1565 ei
746 1529 987 1574 continuum,
1018 1540 1096 1564 non
1134 1529 1267 1565 dicitur
1305 1538 1386 1564 esse
1423 1528 1462 1564 in
1493 1529 1557 1566 illo

495 1582 589 1619 sicut
617 1582 655 1618 in
682 1582 788 1627 1080,
818 1581 886 1618 380
919 1581 1014 1617 318οῑ
1039 1592 1127 1628 pars
1154 1580 1193 1617 in
1220 1587 1318 1627 toto;
1347 1588 1495 1629 utpote,
1527 1581 1557 1619 si

495 1635 666 1672 dicamus
684 1645 801 1670 unam
820 1641 968 1682 partem
989 1633 1085 1670 aeris
1105 1633 1287 1670 contineri
1312 1646 1334 1670 3
1352 1641 1432 1671 toto
1457 1647 1556 1672 aere.

494 1689 542 1724 Et
569 1687 643 1723 hoc
665 1686 854 1723 concludit
877 1698 923 1722 ex
941 1686 1170 1734 praemissis,
1191 1686 1280 1736 quia
1298 1686 1364 1723 ubi
1389 1694 1444 1724 est
1468 1700 1558 1724 con-

254 1753 372 1775 *ibiom.
390 1759 466 1774 osma
493 1740 658 1786 tinuum,
687 1739 739 1776 ibi
760 1740 780 1760 '⁸
808 1751 887 1776 non
908 1747 963 1775 est
986 1739 1157 1788 accipere
1185 1739 1363 1777 ultimum
1392 1740 1431 1776 in
1458 1747 1556 1787 actu,

254 1786 438 1833 ῗοέἔὶηψηω.
493 1792 598 1842 0000
626 1805 740 1841 supra
767 1793 787 1813 '¹‘
816 1792 905 1829 dixit
933 1792 1070 1840 requiri
1100 1792 1148 1830 ad
1182 1793 1322 1830 locum.
1358 1793 1435 1830 Sed
1470 1806 1558 1830 cum

494 1846 690 1882 continens
719 1853 774 1882 est
808 1845 992 1892 divisum,
1031 1852 1068 1881 et
1096 1846 1317 1894 contiguum
1355 1853 1555 1893 contento,

253 1909 407 1955 {tgogttegggffi
418 1913 465 1928 om·
494 1906 595 1946 tunc,
617 1906 837 1935 contentum
854 1899 874 1920 ’³‘
894 1898 1043 1946 scilicet,
1066 1906 1121 1936 est
1143 1899 1183 1936 in
1210 1899 1308 1945 1080,
1330 1899 1491 1936 existens
1519 1899 1557 1936 in

493 1951 626 1989 ultimo
648 1951 871 1988 continentis
890 1951 1017 2000 primo
1043 1959 1078 1989 et
1105 1964 1174 2001 per
1201 1964 1259 1989 se:
1288 1951 1380 1990 illud
1399 1952 1557 2001 inquam

549 2088 574 2122 β)
595 2090 661 2115 illud
680 2090 787 2122 inquam
806 2090 951 2119 continens,
971 2090 1043 2122 quod
1055 2098 1106 2115 non
1121 2094 1162 2116 est
1175 2098 1244 2123 pars
1259 2091 1324 2116 eius.
1337 2105 1356 2110 —
1370 2091 1437 2116 illud
1451 2091 1558 2123 inquam

495 2125 566 2157 quod
585 2132 667 2157 neque
685 2129 724 2150 est
738 2133 806 2158 pars
819 2126 875 2151 eius
891 2126 1174 2158 DEFGHMNOSZpR,
1189 2126 1256 2151 illud
1270 2126 1377 2159 inquam
1391 2126 1509 2152 continet
1521 2130 1560 2151 est

1119 287 1465 326 PHYSICORUM
1492 287 1840 324 ARISTOTELIS
1870 287 1963 323 LIB.
1994 286 2044 323 IV

1609 365 1816 412 continens,
1838 365 1943 414 quod
1979 377 2059 402 non
2091 372 2149 402 est
2173 377 2262 414 pars
2301 366 2379 403 eius
2398 365 2427 413 β,
2461 378 2587 416 neque
2618 374 2673 404 est

1609 419 1732 456 maius
1753 431 1876 467 neque
1900 417 2026 455 minus
2055 418 2266 456 secundum
2295 418 2585 468 dimensionem,
2606 419 2673 458 sed

1609 472 1777 521 aequale.
1807 473 1856 508 Et
1884 470 2083 520 quomodo
2101 470 2249 519 possint
2269 471 2288 493 ²¹⁸
2317 484 2399 508 esse
2419 471 2618 510 continens
2638 480 2674 510 et

1610 531 1830 561 contentum
1851 524 2034 572 aequalia,
2056 523 2220 561 ostendit
2238 536 2306 572 per
2324 525 2399 561 hoc
2419 525 2524 573 0000
2541 525 2674 563 ultima

1610 576 1908 625 contingentium
1937 589 1976 614 se
1998 579 2016 596 ⁹⁶
2046 583 2132 613 sunt
2151 576 2281 624 simul;
2310 577 2413 614 unde
2442 584 2591 627 oportet
2610 591 2656 616 eo

1610 641 1695 666 rum
1723 630 1855 666 ultima
1884 641 1966 667 esse
1994 629 2177 678 aequalia.
2651 648 2653 650 ·

1664 695 1699 730 9.
1730 682 1879 719 Deinde
1909 694 1998 720 cum
2026 682 2130 720 dicit:
2159 683 2210 719 Et
2235 694 2320 718 cum
2350 682 2568 719 continuum
2595 683 2675 732 qui-

1610 735 1693 772 dem
1720 735 1768 772 sit
1795 743 1877 783 etc.,
1906 735 2045 784 probat
2071 735 2171 772 istud
2199 741 2375 784 quartum
2397 735 2546 773 duabus
2565 735 2676 774 ratio-

1610 787 1733 824 nibus.
1764 788 1938 834 Quarum
1961 787 2085 837 prima
2113 795 2183 835 est,
2213 788 2318 836 quod
2347 795 2567 826 contentum
2587 801 2676 826 con-

1610 840 1759 877 tInuum
1789 840 2010 888 continenti,
2049 853 2127 878 non
2160 849 2338 878 movetur
2369 841 2407 877 in
2441 840 2674 889 continente,

1611 893 1679 931 sed
1711 893 1822 930 simul
1856 906 1943 930 cum
1971 893 2047 941 illo,
2077 893 2172 930 sicut
2199 906 2287 942 pars
2316 893 2427 930 simul
2457 906 2545 932 cum
2572 901 2675 932 toto:

1611 947 1678 984 sed
1707 946 1860 995 quando
1890 953 1945 984 est
1972 946 2138 984 divisum
2158 954 2378 984 contentum
2399 959 2421 984 a
2440 947 2674 995 continente,

1610 1006 1700 1036 tunc
1736 1006 1861 1048 potest
1897 998 2046 1037 moveri
2074 998 2112 1036 in
2139 999 2224 1046 illo,
2253 1000 2333 1036 sive
2362 1000 2558 1038 continens
2590 1012 2674 1038 mo-

1610 1059 1744 1089 veatur
1771 1052 1850 1090 sive
1879 1064 1977 1099 non;
2007 1053 2126 1089 homo
2157 1052 2258 1089 enim
2287 1060 2465 1090 movetur
2495 1051 2535 1090 in
2571 1053 2673 1101 navi,

1610 1106 1673 1142 vel
1692 1105 1906 1154 quiescente
1934 1106 1996 1142 vel
2024 1112 2141 1142 mota.
2181 1105 2281 1141 Cum
2311 1116 2399 1152 ergo
2429 1104 2570 1154 aliquid
2591 1118 2676 1143 mo-

1610 1166 1745 1195 veatur
1763 1158 1802 1195 in
1830 1159 1933 1205 loco,
1963 1157 2130 1206 sequitur
2149 1157 2255 1205 quod
2273 1157 2379 1194 locus
2407 1157 2454 1195 sit
2480 1157 2676 1196 continens

1612 1211 1789 1248 divisum.

1671 1276 1727 1300 10.
1746 1263 1963 1300 Secundam
1980 1263 2165 1300 rationem
2179 1262 2288 1312 ponit
2301 1262 2370 1300 ibi:
2389 1263 2574 1312 Amplius,
2589 1275 2676 1301 cum

1612 1329 1686 1353 non
1706 1317 1865 1354 divisum
1883 1316 1931 1352 sit
1948 1323 2017 1352 etc.
2046 1317 2096 1353 Et
2115 1315 2202 1353 dicit
2220 1315 2327 1364 quod
2346 1328 2433 1353 cum
2455 1323 2676 1354 contentum

1612 1381 1690 1406 non
1718 1369 1764 1406 sit
1792 1368 1957 1406 divisum
1986 1381 2008 1406 a
2037 1368 2348 1406 continentersed
2377 1368 2599 1407 continuum
2628 1369 2675 1418 ei,

1611 1430 1701 1459 tunc
1721 1421 1855 1459 dicitur
1874 1433 1956 1459 esse
1976 1421 2014 1458 in
2034 1433 2081 1459 eo
2100 1422 2195 1459 sicut
2213 1434 2302 1471 pars
2320 1421 2359 1459 in
2377 1429 2478 1468 t0t0;
2506 1430 2550 1460 ut
2570 1422 2678 1461 visus

1613 1483 1668 1512 est
1695 1474 1790 1511 sicut
1816 1487 1904 1524 pars
1932 1474 2099 1512 formalis
2127 1475 2165 1512 in
2193 1476 2324 1523 oculo,
2355 1483 2391 1513 et
2417 1487 2554 1513 manus
2581 1475 2678 1515 sicut

1611 1540 1698 1576 pars
1727 1528 1905 1576 organica
1931 1527 1971 1564 in
1999 1540 2180 1578 corpore:
2215 1528 2283 1566 sed
2311 1540 2399 1566 cum
2428 1529 2593 1566 divisum
2621 1536 2678 1567 est

1613 1587 1834 1618 contentum
1863 1593 1885 1618 3
1914 1580 2144 1629 continente,
2173 1589 2263 1618 tunc
2289 1581 2424 1629 dicitur
2452 1594 2534 1620 esse
2562 1581 2601 1619 in
2629 1594 2678 1621 eo

1612 1641 1653 1671 ut
1671 1634 1709 1671 in
1728 1646 1832 1681 vase,
1849 1634 1944 1671 sicut
1962 1646 2062 1682 aqua
2080 1634 2120 1672 in
2139 1635 2235 1672 cado
2251 1642 2288 1672 et
2301 1634 2435 1672 vinum
2453 1635 2494 1673 in
2512 1635 2677 1684 scypho:

1613 1699 1778 1736 quorum
1805 1687 1901 1724 haec
1929 1694 1985 1724 est
2012 1686 2233 1734 differentia,
2263 1688 2369 1737 quod
2387 1700 2524 1726 manus
2543 1700 2678 1733 move-

1612 1748 1672 1777 tur
1699 1752 1788 1776 cum
1817 1751 1977 1789 corpore
2006 1740 2074 1777 sed
2101 1752 2181 1778 non
2208 1740 2246 1777 in
2275 1753 2452 1790 corpore,
2481 1741 2550 1779 sed
2577 1752 2679 1790 aqua

1613 1800 1791 1831 movetur
1823 1792 1862 1830 in
1891 1793 1998 1830 cado.
2030 1793 2131 1830 Cum
2161 1805 2249 1841 ergo
2279 1806 2394 1843 supra
2413 1796 2433 1814 ⁴’
2462 1793 2606 1832 dictum
2633 1793 2680 1832 sit

1614 1846 1719 1895 quod
1757 1857 1838 1882 esse
1875 1845 1914 1882 in
1941 1846 2027 1882 loco
2057 1845 2103 1883 sit
2133 1846 2228 1883 sicut
2263 1859 2345 1884 esse
2381 1846 2421 1884 in
2447 1859 2562 1895 vase,
2600 1859 2681 1885 non

1614 1906 1742 1936 autem
1762 1898 1857 1935 sicut
1883 1910 1971 1947 pars
1997 1898 2036 1936 in
2064 1906 2156 1946 toto,
2186 1899 2356 1948 sequitur
2383 1900 2489 1949 quod
2507 1901 2615 1938 locus
2633 1899 2681 1938 sit

1614 1952 1708 1988 sicut
1728 1952 1748 1973 *²
1777 1951 1974 1988 continens
2003 1951 2181 1989 divisum.

1608 2097 1677 2122 pars
1695 2090 1750 2115 eius
1769 2091 1816 2123 pC,
1836 2090 1903 2115 illud
1920 2094 2009 2116 autem
2029 2090 2136 2123 inquam
2155 2090 2225 2123 (lege
2249 2090 2417 2124 inquantum)
2435 2091 2553 2116 continet
2570 2098 2622 2117 non
2641 2095 2682 2118 est

1608 2133 1677 2158 pars
1695 2126 1751 2151 eius
1770 2126 1814 2150 sC.
1827 2140 1846 2144 -
1860 2125 1940 2151 Linea
1964 2126 2082 2158 sequenti
2101 2133 2184 2158 neque
2202 2126 2289 2152 minus
2309 2127 2431 2151 omittunt
2448 2126 2551 2152 codices

490 2167 558 2192 pars
577 2160 632 2185 eius
646 2160 781 2193 KVpAIY;
797 2161 866 2186 istud
880 2161 998 2186 continet
1011 2166 1101 2194 posset
1115 2169 1174 2186 esse
1188 2162 1317 2194 corruptio
1330 2169 1377 2194 pro
1391 2162 1463 2194 quod
1477 2169 1560 2194 neque
1612 2161 1649 2191 R;
1670 2161 1758 2186 confer
1776 2166 1881 2186 textum.
1894 2176 1913 2180 —
1925 2161 1977 2186 Pro
1996 2161 2185 2186 dimensionem
2204 2162 2223 2186 Ρ
2243 2166 2268 2186 et
2293 2162 2418 2186 editiones
2436 2169 2454 2187 a
2464 2162 2478 2186 1>
2497 2161 2592 2187 habent
2610 2161 2680 2188 divi-

495 2196 577 2229 (900ν
591 2203 638 2228 pro
657 2196 693 2228 qd
711 2197 776 2229 nz);
795 2196 861 2221 illud
880 2195 917 2230 (et
936 2196 1003 2221 illud
1021 2195 1060 2229 sl)
1080 2196 1187 2229 inquam
1207 2196 1332 2229 (inquam
1351 2205 1404 2222 om.
1417 2195 1469 2231 sY)
1489 2197 1560 2229 quod
1613 2196 1725 2226 sionem,
1746 2196 1817 2229 quod
1840 2204 1888 2221 nec
1907 2201 1946 2222 est
1965 2196 2098 2221 conforme
2123 2196 2216 2228 textui,
2236 2204 2284 2222 nec
2307 2197 2409 2222 videtur
2431 2204 2491 2222 esse
2510 2197 2542 2222 ad
2560 2196 2680 2231 proposi-

495 2231 612 2256 conn'net
631 2238 713 2264 neque
730 2235 770 2256 est
783 2239 852 2264 pars
869 2232 925 2257 eius
939 2231 1094 2263 QTsAIRY,
1109 2232 1175 2257 illud
1194 2232 1302 2265 inquam
1321 2232 1438 2258 conn‘net
1456 2239 1507 2257 non
1521 2235 1560 2257 est
1613 2236 1669 2256 tum
1693 2231 1743 2256 hoc
1767 2231 1793 2256 in
1812 2231 1878 2256 loco.

2799 374 2814 408 β

2699 479 2709 489 “
2723 481 2825 507 ponunt
2836 480 2904 503 mab.
2942 463 2944 467 ⁷

2701 585 2711 595 ³
2730 590 2756 606 ae
2774 590 2823 606 om.
2837 585 2873 606 ab
2892 589 2915 607 et
2943 607 2946 610 ,

2702 610 2771 633 codd.

2705 1802 2717 1813 ⁴
2730 1801 2798 1824 Lect.
2811 1807 2846 1830 m,
2855 1808 2880 1825 n.
2889 1802 2913 1826 8.

2709 1933 2719 1942 ‘
2732 1932 2794 1955 sicut
2805 1938 2853 1955 om.
2869 1938 2923 1956 Am
2937 1935 2940 1950 ῖ

2708 1959 2858 1985 namuh.
