2982 4022
42 581 56 593 ⁸
64 581 117 603 Lib.
127 587 159 606 vx,
174 582 225 602 lect.
237 587 254 602 ι.

16 623 17 626 ,
42 607 64 620 ⁸⁴
71 607 173 635 primam
183 607 253 629 codd.

14 638 17 642 '
43 639 96 656 exc.
110 639 191 655 omer.

41 874 52 884 '
76 873 219 902 sequebatur

0 914 2 916 v
42 899 114 921 codd.
129 905 178 921 exc.
194 903 253 924 nse,

41 925 154 988 gigaat.

43 977 138 999 'Nuim
153 976 177 998 6.

148 925 254 952 sequitur
278 937 280 940 ν

11 1093 20 1114 Γ
44 1111 54 1122 ·
66 1109 117 1132 aua
131 1109 211 1130 mma
226 1115 252 1130 u-

28 1136 29 1139 ’
42 1141 97 1159 ενι
109 1135 172 1157 addit
187 1142 206 1157 a.

24 1183 31 1191 Ἰ.
41 1161 222 1189 “mangenas
230 1167 251 1182 z.

18 1317 23 1342 1
40 1320 96 1342 *m
105 1319 252 1341 omittcodd.

15 1367 20 1377 Ι,
42 1351 252 1368 emmanu-ecum.

21 1635 23 1638 ,
39 1580 252 1630 mag-1³20

1063 278 1068 282 ¹
1122 232 1232 268 CAP.
1263 232 1336 278 111,·
1361 232 1511 268 LECT.
1540 233 1609 268 v11

332 324 370 359 4.
399 311 547 348 Deinde
577 324 664 348 cum
694 311 796 348 dicit:
826 311 1072 358 Manifestum
1101 315 1224 346 autem
1253 316 1336 355 etc„

281 365 471 412 improbat
489 365 721 412 praedictam
740 363 969 412 positionem
985 370 1168 410 quantum
1184 361 1232 397 ad
1251 362 1336 407 hoc,

281 417 385 466 quod
414 417 647 453 concedebat
674 417 779 464 quod
798 428 876 452 non
896 427 961 451 ens
982 422 1045 450 est
1055 413 1206 461 aliquid.
1234 414 1338 449 Nam

281 477 466 518 quantum
507 469 556 506 ad
592 469 630 506 id
665 469 770 517 quod
811 467 970 504 faciebat
1006 466 1218 502 individuas
1258 477 1337 501 ma-

281 522 492 581 gnitudines
520 521 554 568 ζ,
580 521 770 569 improbat
801 531 870 556 suo
905 519 990 554 loco
1018 518 1057 554 in
1094 517 1337 576 sequentibus

281 574 456 611 scientiae
481 574 699 610 naturalis*
731 571 926 620 Improbat
949 578 1076 606 autem
1103 570 1270 618 primum
1297 570 1338 591 *³¹²

282 627 497 675 dupliciter:
526 625 651 673 primo
679 623 915 661 ostendendo
944 622 1050 671 quod
1072 635 1150 659 non
1170 622 1338 670 sequitur

281 692 327 716 ex
359 679 501 715 ratione
535 677 700 713 Platonis
737 676 841 724 quod
878 687 956 712 non
990 687 1056 711 ens
1093 675 1138 711 sit
1174 674 1336 733 aliquid3

281 732 449 771 secundo
477 736 661 778 quantum
681 728 729 765 ad
752 729 827 765 hoc
846 727 974 776 quod
967 727 1124 774 dicebat,
1145 728 1250 776 quod
1269 727 1339 764 nisi

279 785 355 820 hoc
380 789 543 831 ponatur
571 781 731 825 [scilicet-
757 781 863 829 quod
890 780 921 816 si
948 791 1024 815 non
1055 792 1122 816 ens
1150 780 1255 827 quod
1285 787 1340 817 est

278 835 464 880 accidens,
485 845 564 870 non
592 834 638 870 sit
656 833 796 893 aliquid
813 837 863 878 '¹],
885 832 1089 881 sequitur·
1109 832 1237 868 omnia
1257 844 1338 869 esse

278 898 416 932 unum,
446 885 515 923 ibi:
543 886 681 923 Dicere
708 885 824 935 igitur
851 885 871 906 *¹
893 892 960 921 etc.

336 940 380 980 5.4
406 939 507 976 Dicit
544 951 632 986 ergo
668 939 794 988 primo
833 936 1075 974 manifestum
1114 948 1195 973 esse
1234 937 1338 984 quod

278 1004 358 1029 non
386 999 443 1028 est
467 1003 604 1028 verum
633 991 736 1040 quod
756 991 824 1029 ista
848 989 940 1027 ratio
962 989 1128 1026 Platonis
1147 997 1336 1038 sequatur,

278 1056 356 1093 qua
383 1044 438 1081 sic
459 1042 472 1064 ⁰
501 1043 723 1090 deducebat,
753 1055 818 1080 ens
846 1055 962 1079 unum
995 1042 1193 1091 significat.
1214 1043 1338 1078 Pone-

279 1098 344 1133 bat
372 1096 474 1134 enim
495 1108 561 1133 ens
581 1097 600 1117 *
622 1108 704 1133 esse
724 1107 843 1144 genus
862 1096 918 1142 *²¹3
941 1102 975 1131 et
1001 1094 1165 1131 univoce
1195 1094 1338 1131 dictum

280 1149 328 1186 de
343 1148 523 1186 omnibus
538 1149 750 1186 secundum
764 1147 1089 1198 participationem
1103 1147 1217 1195 primi
1232 1148 1337 1193 entis3

280 1210 316 1238 et
342 1201 479 1239 iterum
506 1201 808 1250 ponebat-quod
831 1199 1120 1238 contradictoria
1146 1212 1225 1236 non
1253 1208 1340 1236 sunt

279 1254 391 1292 simul
410 1266 514 1292 vera.
545 1255 603 1290 Ex
621 1254 679 1291 his
699 1255 850 1294 duobus
869 1253 1117 1301 arbitrabatur
1135 1253 1241 1301 sequi
1261 1265 1338 1289 non

279 1320 347 1344 ens
374 1319 454 1343 non
482 1319 564 1343 esse
601 1307 713 1353 nihil,
742 1307 810 1344 sed
843 1306 994 1355 aliquid.
1024 1305 1064 1342 Si
1093 1305 1195 1342 enirn
1225 1317 1291 1342 ens
1320 1308 1338 1324 r

279 1360 464 1408 significat
498 1372 619 1396 unum
652 1359 756 1408 quod
790 1366 845 1396 est
878 1358 1109 1404 substantia,
1153 1358 1342 1407 oportebit

279 1414 383 1462 quod
411 1412 593 1472 quidquid
624 1419 679 1449 est
710 1424 788 1449 non
820 1411 1043 1458 substantia
1072 1410 1118 1447 sit
1144 1423 1223 1447 non
1252 1423 1339 1447 ens:

279 1465 367 1514 quia
396 1461 427 1501 si
464 1473 562 1501 esset
595 1477 682 1511 ens,
720 1477 807 1501 cum
846 1477 912 1500 ens
946 1476 1025 1500 non
1062 1463 1244 1510 significet
1271 1463 1342 1500 nisi

279 1517 539 1564 substantiam,
565 1525 784 1566 sequeretur
811 1517 916 1564 quod
940 1524 1038 1553 esset
1061 1517 1283 1561 substantia;
1307 1524 1342 1553 et

278 1570 329 1608 ita
356 1570 376 1591 *
406 1577 504 1607 esset
540 1569 651 1606 simul
689 1569 895 1618 substantia
933 1576 969 1605 et
1004 1581 1083 1606 non
1111 1568 1340 1614 substantia;

278 1623 384 1672 quod
408 1630 464 1658 est
491 1621 780 1659 contradictoria
808 1621 919 1658 simul
937 1632 1030 1658 vera
1049 1633 1143 1657 esse.
1175 1621 1214 1657 Si
1233 1620 1343 1668 igitur

278 1674 513 1724 impossibile
542 1682 597 1711 est
624 1673 911 1711 contradictoria
940 1674 1052 1710 simul
1070 1685 1163 1710 vera
1192 1686 1284 1720 esse,
1307 1681 1364 1709 et-

279 1740 346 1765 ens
375 1727 559 1776 significat
585 1740 706 1764 unum
726 1727 831 1775 quod
852 1735 907 1763 est
926 1726 1143 1773 substantia,
1165 1734 1343 1776 sequetur

280 1892 294 1905 ‹
306 1881 341 1906 Si·
351 1886 436 1907 autem
455 1881 493 1906 sic
510 1889 540 1906 se
557 1881 635 1906 habet
652 1881 718 1906 sieut
736 1880 810 1906 Plato
823 1882 922 1914 posuit.
937 1881 1008 1913 quod
1027 1889 1134 1913 corpora
1149 1886 1341 1914 componantur

280 1925 311 1943 ex
329 1917 410 1946 lineis,
425 1922 452 1942 et
469 1917 534 1942 tinea
552 1923 582 1942 ex
597 1917 698 1949 punctis
710 1925 724 1940 »
739 1922 787 1941 etc.
799 1931 819 1935 -
832 1917 882 1941 Pro
896 1917 928 1941 de
945 1917 1023 1942 Caelo
1036 1920 1062 1941 et
1073 1916 1184 1946 Mundo,
1197 1917 1229 1942 de
1242 1917 1340 1941 Anima

281 1951 388 1982 CDOX;
407 1955 434 1976 et
451 1950 554 1976 Mundo
572 1959 626 1976 om.
645 1955 702 1976 cett.
722 1959 775 1976 exc.
794 1950 872 1976 FIsA.

332 1986 358 2020 ζ)
370 1986 492 2019 saefebat
509 1986 662 2011 individuas
681 1986 973 2018 magnitudines.-Est
990 1986 1064 2011 lectio
1087 1986 1203 2011 omnium
1223 1986 1339 2011 codicum

279 2028 306 2047 et
322 2022 463 2054 respondet
480 2021 572 2051 textui;
591 2022 652 2051 Pab,
666 2021 824 2046 concedebat
836 2021 988 2046 individuas
1007 2029 1061 2046 esse
1075 2022 1288 2054 magnitudines„
1300 2021 1340 2045 Cf.

281 2063 352 2080 num.
371 2055 632 2088 praeced—Codices
652 2063 706 2081 exc.
724 2054 867 2080 DFGMNT
885 2064 933 2087 pro
951 2056 1084 2088 improbat
1095 2056 1189 2081 habent
1208 2057 1339 2088 improba-

282 2091 327 2119 bit,
342 2091 413 2124 quod
430 2091 526 2123 posset.
538 2090 941 2123 acceptari.-DEFGHMNRZa,
961 2091 987 2115 in
1006 2091 1228 2123 consequentibus.

252 2152 253 2155 ,
335 2125 362 2158 η)
381 2125 479 2151 scilicet
497 2125 594 2158 quod...
607 2125 744 2157 aliquid.-
758 2126 828 2149 Haec
845 2126 937 2155 verba,
959 2133 1027 2158 quae
1045 2126 1171 2150 uncinulis
1190 2125 1339 2156 clausimus,

282 2159 434 2184 omittuntur
459 2160 489 2184 ab
515 2159 636 2184 omnibus
663 2159 810 2185 codicibus:
836 2167 883 2184 nec
907 2165 993 2192 potest
1016 2159 1065 2184 hoc
1087 2160 1112 2184 in
1137 2161 1194 2185 loco
1222 2144 1340 2192 explicari

281 2195 391 2220 omissio
408 2201 455 2228 per
472 2201 606 2223 recursum
628 2195 768 2219 eorundem
785 2194 932 2225 verborum,
950 2200 979 2218 ut
997 2201 1075 2227 saepe
1093 2196 1168 2220 solet.
1187 2195 1261 2220 Unde
1279 2202 1339 2219 con-

283 2229 406 2254 iectamus
430 2229 543 2271 praefata
565 2229 644 2254 verba
667 2230 803 2262 desumpta
826 2237 884 2254 esse
903 2237 933 2254 cx
951 2237 1022 2254 num.
1041 2229 1065 2259 6.
1081 2235 1106 2254 et
1124 2230 1241 2254 claritatis
1260 2230 1341 2261 gratia

282 2262 343 2289 huic
361 2264 438 2289 textui
456 2265 557 2289 inserta.
577 2264 651 2288 Certe
670 2272 721 2288 non
740 2269 800 2289 sunt
818 2265 974 2289 necessaria:
989 2265 1042 2288 imo
1061 2269 1152 2296 textus,
1171 2265 1232 2290 satis
1251 2272 1298 2296 per
1311 2273 1340 2289 se

282 2300 375 2329 clarus,
394 2299 476 2339 magis
495 2299 610 2331 expedite
628 2299 742 2331 procedit
760 2299 815 2324 sine
832 2299 981 2324 huiusmodi
999 2300 1094 2324 verbis.

336 2332 360 2366 θ)
379 2341 431 2366 qua
449 2334 524 2358 sic.—
504 2334 570 2358 —Ita
584 2334 636 2358 PG.
651 2334 719 2358 CDH
739 2341 816 2366 quam
831 2334 875 2363 sic,
892 2335 956 2358 ERZ
976 2334 1047 2366 quod
1059 2335 1110 2362 sic,·
1129 2339 1187 2359 cett.
1202 2339 1227 2359 et
1241 2335 1263 2364 b,
1277 2335 1339 2367 quia

282 2369 333 2398 sic,·
345 2369 385 2393 ed.
395 2375 420 2397 a,
431 2369 502 2401 quod
513 2369 558 2394 sic.
568 2369 657 2393 Melior
670 2368 744 2393 lectio
757 2369 857 2393 videtur
871 2369 912 2393 illa
923 2377 1001 2401 quam
1012 2369 1131 2394 exhibent
1141 2370 1222 2394 CDH.
1237 2370 1340 2402 exponit

280 2404 360 2429 enim
370 2411 392 2428 s.
405 2403 521 2428 'sbornas
536 2411 688 2436 processum
706 2404 811 2428 rationis
829 2411 909 2436 quam
927 2404 1000 2428 Plato
1019 2404 1127 2429 ducebat
1145 2412 1175 2429 ex
1193 2405 1249 2434 hoc,
1269 2405 1340 2437 quod

282 2438 430 2465 assumebat
454 2443 577 2471 tanquam
595 2438 763 2471 principium,
787 2446 881 2471 nempe
899 2446 944 2463 ens
964 2447 1044 2464 unum
1067 2439 1208 2472 significat.
1224 2453 1243 2457 -
1259 2440 1339 2464 Paulo

281 2472 360 2502 infra,
381 2473 427 2497 Er
445 2473 485 2498 his
504 2473 616 2502 duobus,
641 2474 714 2498 codd.
733 2481 785 2498 exc.
805 2473 916 2506 FGMpE
938 2473 1033 2498 habent
1057 2475 1093 2498 Et
1110 2481 1147 2499 ex
1165 2475 1205 2499 his
1224 2475 1340 2503 duobus,-

282 2508 349 2540 MpE
367 2513 393 2533 et
410 2514 427 2534 a
437 2509 460 2537 ὸ,
480 2509 516 2534 Et
528 2509 568 2534 his
581 2509 690 2534 duobus.
710 2509 742 2533 Et
757 2516 846 2533 revera
860 2509 981 2540 particula
994 2509 1037 2534 illa
1055 2513 1123 2534 recte
1136 2510 1231 2534 assumi
1252 2515 1341 2542 posset

281 2542 308 2568 in
326 2548 395 2569 textu
412 2543 444 2568 ad
462 2543 662 2568 continuandum
680 2544 856 2576 praecedentia
874 2551 934 2569 cum
953 2545 1248 2577 sequentibus.-Codd.
1266 2545 1341 2577 sequi

281 2578 354 2610 quod
371 2582 423 2603 non
442 2585 488 2603 ens
506 2585 558 2603 non
577 2581 617 2604 est
634 2579 708 2603 nihil.

2400 235 2448 270 23

1391 309 1496 356 quod
1523 309 1706 358 quidquid
1727 317 1781 346 est
1809 322 1886 347 non
1906 310 2127 357 substantia,
2152 311 2198 347 sit
2221 311 2241 332 ²³⁸
2262 323 2339 347 non
2369 323 2447 347 ens.

1393 361 1468 397 Sed
1497 362 1635 408 aliquid
1664 370 1719 398 est
1746 375 1823 398 non
1852 363 2068 409 substantia,
2091 363 2228 399 scilicet
2256 363 2447 408 accidens3

1392 413 1500 460 igitur
1519 414 1538 434 ’¹‘

1392 465 1497 513 quod
1524 478 1602 502 non
1631 478 1697 502 ens
1725 466 1770 502 sit
1797 467 1898 503 nihil.

1446 519 1620 555 Ostendit
1639 526 1765 555 autem
1781 519 1997 555 Aristoteles
2017 519 2122 567 quod
2140 520 2215 555 hoc
2234 532 2312 556 non
2326 519 2449 567 sequi-

1391 577 1461 618 tur,
1482 571 1569 618 quia
1590 571 1620 607 si
1640 583 1706 607 ens
1725 571 1908 618 significat
1934 572 2186 620 principaliter
2203 584 2324 608 unum
2345 572 2450 620 quod

1393 630 1447 658 est
1461 623 1679 669 substantia,
1700 623 1789 659 nihil
1808 625 1982 672 prohibet
2002 624 2125 661 dicere
2141 624 2245 672 quod
2261 624 2448 671 accidens,

1393 675 1496 723 quod
1525 688 1602 712 non
1623 683 1677 711 est
1700 676 1921 723 substantia,
1947 689 2025 712 non
2054 676 2099 712 sit
2117 676 2333 725 simpliciter
2362 689 2448 712 ens:

1392 728 1460 764 sed
1486 735 1615 764 tamen
1647 740 1725 764 non
1755 736 1911 776 propter
1938 730 2012 765 hoc
2045 737 2195 777 oportet
2228 729 2332 777 quod
2360 728 2451 765 illud

1393 780 1497 828 quod
1525 793 1604 817 non
1623 788 1678 816 est
1696 781 1846 829 aliquid,
1868 781 1964 817 idest
1983 781 2200 828 substantia,
2222 781 2367 818 dicatur
2386 782 2450 817 ab·

1392 834 1512 869 solute
1541 845 1618 870 non
1647 845 1725 869 ens.
1757 834 1860 869 Licet
1880 835 1899 854 ²⁴
1920 846 2008 881 ergo
2030 833 2203 870 accidens
2223 846 2302 870 non
2321 833 2366 870 sit
2385 846 2451 870 ens

1393 885 1619 933 simpliciter,
1632 897 1709 921 non
1724 893 1851 922 tamen
1866 894 1990 935 potest
2005 886 2078 923 dici
2093 887 2264 922 absolute
2279 898 2358 922 non
2373 898 2448 922 ens.

1446 939 1481 974 6.
1511 937 1659 975 Deinde
1681 950 1767 974 curn
1797 938 1899 975 dicit:
1920 939 2057 976 chere
2084 939 2200 988 igitur
2219 946 2306 985 etc„
2328 946 2451 974 osten-

1393 989 1479 1026 dit‘
1504 991 1657 1026 ulterius
1686 991 1790 1038 quod
1810 1003 1887 1027 non
1907 991 2083 1039 sequitur,
2105 991 2135 1027 si
2154 1003 2232 1028 non
2262 968 2327 1027 eris
2347 992 2452 1049 quod

1393 1049 1448 1078 est
1479 1043 1654 1079 accidens
1683 1055 1762 1079 non
1789 1043 1836 1079 sit
1863 1044 2020 1092 aliquid,
2051 1044 2154 1092 quod
2183 1044 2312 1079 omnia
2341 1043 2451 1079 sint*

1391 1107 1524 1132 unum.
1546 1096 1596 1132 Et
1617 1096 1692 1132 hoc
1720 1102 1774 1132 est
1794 1096 1898 1143 quod
1923 1096 2024 1142 dicit,
2046 1097 2150 1144 quod
2178 1096 2451 1132 inconveniens

1393 1155 1448 1184 est
1467 1147 1591 1185 dicere
1615 1147 1720 1196 quod
1744 1156 1921 1196 sequatur
1940 1149 1960 1169 ‘¹‘
1981 1149 2109 1185 omnia
2134 1161 2214 1185 esse
2237 1161 2358 1185 unum
2383 1148 2453 1184 nisi
2478 1155 2490 1166 ⁴

1393 1199 1533 1248 aliquid
1561 1200 1607 1237 sit
1635 1208 1736 1237 extra
1756 1213 1834 1247 ens,
1854 1201 1943 1250 quia
1960 1214 2029 1249 per
2058 1213 2124 1238 ens
2148 1214 2227 1238 non
2245 1208 2370 1250 potest
2396 1200 2452 1237 in-

1392 1253 1503 1300 telligi
1531 1253 1602 1290 nisi
1629 1253 1846 1297 substantia,
1867 1266 1965 1301 quae
1993 1265 2082 1290 vere
2111 1261 2176 1290 est.
2208 1254 2284 1290 Sed
2313 1254 2343 1290 si
2367 1253 2454 1289 sub-

1394 1306 1528 1343 stantia
1547 1306 1602 1353 sit,
1619 1306 1708 1342 nihil
1723 1306 1899 1354 prohibet
1919 1319 2000 1342 esse
2019 1307 2147 1352 multa,
2165 1306 2258 1343 sicut
2272 1306 2349 1342 iam
2364 1306 2385 1327 *
2401 1306 2454 1343 di-

1395 1365 1496 1395 ctum
1518 1366 1592 1405 est,
1614 1358 1726 1395 etiam
1746 1366 1894 1395 remota
1913 1359 2168 1406 magnitudine
2189 1367 2226 1395 et
2244 1359 2453 1404 accidente3

1394 1411 1483 1460 quia
1503 1411 1670 1448 definitio
1700 1411 1927 1448 substantiae
1957 1411 2135 1448 dividitur
2162 1411 2200 1448 in
2219 1413 2338 1448 multa
2357 1423 2454 1460 quae

1396 1472 1481 1500 sunt
1510 1464 1556 1500 de
1575 1476 1711 1511 genere
1728 1464 1967 1511 substantiae,
1989 1464 2085 1500 sicut
2111 1465 2230 1500 homo
2257 1464 2295 1500 in
2315 1464 2455 1500 animal

1396 1524 1432 1553 et
1459 1517 1566 1565 bipes
1595 1523 1618 1553 ³².
1647 1518 1695 1552 Et
1721 1517 1874 1554 ulterius
1907 1516 2075 1566 sequitur
2102 1517 2208 1565 quod
2242 1517 2454 1553 secundum

1397 1569 1564 1606 diversas
1599 1569 1826 1606 differentias
1863 1569 2009 1616 generis
2038 1569 2112 1606 sint
2141 1571 2160 1591 ’¹‘
2188 1571 2330 1606 multae
2368 1570 2455 1606 sub-

1397 1622 1551 1658 stantiae
1579 1621 1617 1658 in
1650 1630 1746 1658 actu.
1781 1623 1829 1658 Et
1864 1622 1997 1658 ultimo
2031 1622 2139 1658 infert
2171 1622 2455 1658 conclusionem

1395 1673 1648 1722 principaliter
1663 1674 1856 1720 intentam,
1869 1676 1974 1722 quod
1989 1687 2067 1711 non
2083 1674 2212 1711 omnia
2227 1682 2312 1711 sunt
2322 1687 2454 1722 unum,

1396 1726 1491 1762 sicut
1510 1726 1658 1763 dicebat
1678 1728 1697 1747 Ἐ
1717 1727 1962 1764 Parmenides
1988 1735 2023 1763 et
2042 1728 2228 1764 Melissus.

1448 1881 1467 1914 ι)
1481 1881 1604 1906 ostendit.
1613 1896 1633 1900 —
1642 1882 1685 1906 PE
1699 1887 1724 1906 et
1737 1889 1755 1906 a
1765 1882 1779 1906 b
1799 1887 1887 1906 contra
1899 1889 1991 1906 omnes
2006 1881 2069 1906 alios
2088 1882 2189 1906 codices
2208 1883 2297 1914 legunt
2313 1883 2455 1911 concludit,

1394 1917 1441 1941 sed
1461 1925 1512 1941 non
1531 1917 1633 1942 melius.
1651 1917 1716 1942 Nam
1736 1917 1870 1949 duplIciter
1884 1917 2042 1949 improbatur
2061 1917 2086 1941 in
2105 1917 2152 1941 hac
2165 1917 2274 1942 lectione
2292 1918 2380 1950 opinio
2399 1918 2457 1942 Pla-

1393 1951 1460 1976 tonis
1471 1952 1632 1976 concedentis
1646 1953 1716 1984 quod
1735 1960 1788 1976 non
1803 1960 1848 1976 ens
1864 1953 1895 1976 sit
1906 1952 2015 1984 aliquid:
2035 1952 2118 1984 primo
2132 1953 2292 1977 ostendendo
2307 1953 2332 1977 in
2347 1960 2456 1978 numero

1394 1987 1555 2019 praecedenti
1574 1988 1644 2019 quod
1664 1995 1694 2011 ex
1710 1987 1808 2011 ratione
1828 1987 1940 2011 Platonis
1954 1995 2006 2011 non
2021 1987 2137 2019 sequitur
2150 1987 2207 2016 hoc,
2228 1988 2324 2012 scilicet
2342 1996 2395 2012 non
2409 1996 2455 2013 ens

1394 2026 1434 2046 est
1448 2022 1557 2054 aliquid3
1578 2023 1692 2046 secundo
1710 2022 1871 2047 ostendendo
1890 2022 1996 2046 ulterius
2016 2022 2041 2046 in
2060 2023 2188 2054 praesenti
2202 2031 2273 2047 num.
2289 2024 2360 2055 quod
2379 2023 2455 2048 etiam

1394 2056 1415 2080 si
1434 2065 1486 2080 non
1505 2065 1559 2086 ens,
1579 2065 1633 2089 quo
1652 2057 1756 2081 nomine
1769 2057 1809 2081 hic
1829 2057 1976 2089 designatur
1990 2058 2116 2088 accidens,
2132 2065 2183 2081 non
2198 2062 2267 2082 esset
2286 2058 2389 2090 aliquid,
2403 2067 2455 2083 non

1393 2097 1545 2123 sequeretur
1562 2093 1649 2116 omnia
1664 2100 1722 2116 esse
1741 2099 1832 2116 unum.
1850 2092 1946 2117 Ultimo
1959 2097 2046 2116 autem
2060 2093 2227 2117 concluditur
2245 2098 2332 2117 contra
2351 2094 2455 2118 Parme-

1393 2126 1480 2151 uidem
1495 2131 1520 2151 et
1533 2127 1667 2152 Melissum
1685 2128 1756 2159 quod
1775 2135 1827 2151 non
1851 2127 1938 2151 omnia
1957 2133 2017 2151 sunt
2035 2135 2126 2152 unum.
2138 2128 2221 2152 -Pro
2239 2129 2311 2160 quod
2335 2129 2456 2153 inconve-

1394 2161 1467 2186 niens
1485 2165 1537 2191 est,
1557 2162 1577 2186 P
1592 2162 1663 2194 quod
1681 2170 1732 2187 non
1748 2162 1931 2187 inconveniens
1950 2165 1997 2187 est.
2016 2163 2049 2187 At
2063 2163 2185 2195 particula
2202 2170 2298 2195 negans
2314 2169 2354 2188 est
2368 2169 2455 2188 contra

1393 2203 1499 2220 sensum
1519 2197 1746 2238 argumentationis
1765 2205 1844 2229 quam
1864 2205 1884 2221 s.
1897 2197 2014 2222 Thomas
2033 2198 2137 2230 exponit
2155 2205 2185 2222 ex
2203 2198 2341 2223 Aristotele
2355 2198 2455 2223 dicente

1393 2230 1584 2261 inconveniens,
1605 2228 1710 2257 ἄτοπον.
1719 2228 1798 2256 —F‘ro
1816 2233 1868 2257 nisi
1885 2232 1994 2264 aliquid,
2014 2233 2088 2258 codd.
2104 2241 2157 2258 exc.
2175 2233 2384 2266 DGHMNRZpE
2404 2234 2456 2258 nisi

1393 2265 1500 2290 dicatur
1517 2266 1588 2298 quod
1605 2267 1715 2299 aliquid.

1446 2299 1472 2334 κ)
1490 2300 1560 2325 sicut
1577 2301 1655 2326 homo
1674 2302 1700 2326 in
1720 2302 1821 2326 animal
1839 2306 1865 2327 et
1883 2302 1990 2334 bipesffi
1971 2303 2120 2327 -PFLYsS
2138 2303 2237 2328 scilicet
2251 2302 2337 2332 homo,
2352 2304 2455 2328 animal

1393 2337 1420 2359 et
1437 2335 1517 2366 bipes.
1537 2336 1644 2360 Codices
1664 2337 1704 2361 alii
1725 2345 1776 2361 non
1795 2345 1887 2361 omnes
1911 2337 2080 2368 conveniunt;
2103 2346 2163 2362 nam
2177 2339 2196 2362 Z
2216 2339 2273 2363 loco
2292 2339 2392 2363 scilicet
2410 2338 2454 2363 ha-

1394 2369 1437 2394 bet
1454 2370 1536 2400 sicut,
1557 2375 1582 2395 et
1600 2371 1764 2403 prosequitur
1783 2379 1842 2396 cum
1862 2372 1980 2401 HKTab,
2000 2373 2078 2397 homo
2096 2377 2122 2397 et
2141 2373 2244 2398 animal
2261 2376 2287 2397 et
2305 2374 2384 2405 bipes.
2404 2374 2452 2397 Ce-

1393 2405 1449 2434 teri,
1463 2405 1562 2430 scilicet
1579 2406 1657 2430 homo
1672 2406 1697 2430 in
1716 2406 1818 2431 animal
1830 2410 1856 2431 et
1870 2407 1949 2447 bipes:
1969 2407 2042 2432 Hanc
2054 2408 2198 2438 lectionem,
2214 2413 2311 2433 mutato
2325 2417 2355 2432 ex
2370 2409 2389 2432 Z
2403 2408 2453 2433 sci-

1394 2423 1473 2464 licei'
1467 2448 1493 2463 1n
1506 2440 1582 2470 sicut,
1598 2441 1716 2465 duximus
1736 2441 1888 2473 eligendam,
1903 2442 1963 2474 quia
1976 2443 2112 2475 perspicua
2124 2448 2171 2474 est,
2190 2428 2348 2476 iespondet'
2343 2444 2373 2468 iis
2387 2451 2453 2475 quae

1394 2475 1426 2498 de
1444 2474 1491 2499 hac
1509 2483 1537 2500 re
1556 2476 1621 2500 dicta
1640 2481 1699 2500 sunt
1717 2476 1742 2500 in
1761 2477 1921 2508 praecedenti
1942 2477 2050 2502 lectione
2068 2486 2094 2502 n.
2118 2486 2155 2508 10,
2171 2483 2196 2503 et
2214 2479 2357 2510 postulatur
2375 2478 2452 2502 etiam

1393 2509 1468 2533 abiis
1487 2518 1554 2542 quae
1573 2511 1719 2535 immedIate
1737 2516 1888 2543 sequuntur,
1901 2520 1996 2544 nempe
2015 2513 2051 2537 Et
2068 2513 2179 2538 ulterius
2197 2514 2359 2543 etc.-·1nfra,
2376 2513 2452 2544 prin-

1392 2544 1514 2576 cipaliter
1528 2545 1664 2574 intentam,
1680 2547 1868 2578 principaliter
1885 2547 2010 2573 omittitur
2027 2555 2042 2572 a
2060 2548 2114 2572 Pab
2133 2553 2158 2572 et
2175 2548 2207 2573 ab
2226 2549 2287 2577 EG,
2302 2548 2346 2580 qui
2365 2554 2453 2573 tamen

1393 2580 1481 2612 legunt
1495 2580 1703 2612 praeintentam.

1559 414 1698 463 aliquid
1727 422 1781 451 est
1807 427 1884 451 non
1905 428 1987 452 ens:
2010 423 2046 451 et
2065 415 2117 452 sic
2140 428 2219 452 non
2239 422 2294 452 est
2311 427 2448 452 verum
2476 427 2486 439 ⁸

2475 323 2487 334 ⁴
2502 325 2538 343 est
2549 323 2575 344 P.

2502 433 2561 454 ergo
2577 427 2647 449 codd.

2478 898 2582 919 Licet...
2593 904 2639 919 non
2648 904 2690 919 ens

2479 931 2527 946 om.
2542 931 2626 951 cnxpe.

2581 1009 2588 1024 ῑ

2478 1051 2490 1061 ·
2498 1052 2552 1071 sunt
2561 1050 2628 1072 codd.
2638 1056 2688 1072 exc.

2480 1083 2531 1098 cuz.

2505 1155 2610 1182 sequitur
2624 1155 2694 1177 codd.

2481 1187 2529 1202 exc.
2540 1187 2652 1203 DEFGuRz.
2680 1202 2682 1204 ,

2481 1313 2492 1323 ⁸
2508 1313 2569 1334 Lect.
2584 1318 2659 1340 praec.

2482 1345 2506 1360 n.
2522 1345 2555 1360 ιο.

2581 1532 2596 1548 κ

2483 1579 2493 1589 *
2508 1580 2563 1599 sunt
2574 1584 2691 1603 Aemi-oon

2484 1610 2564 1626 srvxv.

2482 1735 2493 1746 '⁸
2508 1734 2615 1756 dicebant
2627 1741 2664 1757 nr.
