2950 4004
247 1060 258 1071 ⁸
273 1060 336 1081 Lect.
351 1066 390 1086 111,
407 1065 430 1080 n.
445 1066 460 1085 4

248 1093 313 1114 seqq.

249 1491 258 1499 ·
274 1489 337 1510 Num
344 1505 349 1510 .
365 1495 413 1516 seq.

255 2230 266 2241 “
281 2236 366 2257 corpus
384 2229 428 2250 rab
446 2232 468 2250 et

256 2257 324 2277 codd.
336 2262 385 2277 exc.
396 2261 468 2277 aaron

273 2289 308 2304 ιιι.

254 2384 265 2394 “
279 2383 350 2405 Num.
360 2390 379 2411 5.

258 2705 383 2733 Lmetpra
386 2711 418 2726 <:.c

261 3080 272 3090 ¹·
288 3079 398 3107 opinatur
413 3085 433 3100 Ρ,

265 3269 274 3279 “
285 3268 345 3289 Lect.
356 3274 429 3296 praec.
439 3269 476 3290 n.6

267 3301 291 3315 sc
327 3310 332 3315 .

493 291 562 338 178

485 368 589 418 poris
608 368 804 416 tangibilis,
824 380 992 405 vacuum
1012 375 1087 404 est:
1118 367 1148 404 si
1172 380 1266 405 vero
1286 380 1376 416 non,
1397 380 1476 405 non
1496 376 1551 405 est

486 434 664 459 vacuum.
695 422 744 457 Et
762 421 836 457 hoc
856 421 955 468 ideo,
977 420 1066 469 quia
1093 420 1189 457 haec
1217 433 1295 458 non
1316 428 1371 458 est
1397 421 1551 470 propria

488 474 657 512 definitio
681 473 804 519 vacui,
834 485 997 510 vacuum
1027 479 1080 510 est
1107 473 1145 510 in
1174 485 1247 522 quo
1277 474 1369 510 nihil
1396 479 1459 519 est,
1481 473 1551 511 nisi

488 526 699 564 secundum
734 525 955 574 opinionem
991 525 1247 573 credentium,
1285 525 1351 563 ubi
1389 539 1468 564 non
1497 535 1552 564 est

489 591 625 628 corpus
654 578 744 615 nihil
774 590 854 615 esse
874 576 902 614 β.

541 644 577 680 7.
606 631 754 668 Deinde
785 643 872 667 cum
902 629 1008 668 dicit:
1042 631 1129 668 Alio
1162 636 1286 668 autem
1319 632 1430 668 modo
1460 640 1550 679 etc„

486 685 593 733 ponit
612 684 724 720 aliam
744 683 1059 731 significationem
1074 683 1187 720 vacui
1206 685 1418 722 secundum
1438 697 1552 722 usum

487 737 782 774 Platonicorum.
817 737 867 773 Et
898 736 987 774 dicit
1018 736 1122 784 quod
1160 736 1232 773 alio
1270 737 1390 774 modo
1420 737 1553 775 dicitur

488 802 570 826 esse
598 802 787 827 vacuum:
817 789 855 826 in
874 801 952 837 quo
968 801 1059 830 ‚non
1079 797 1134 826 est
1151 790 1226 826 hoc
1246 789 1398 838 aliquid,
1427 803 1552 839 neque

488 842 613 891 aliqua
632 842 839 879 substantia
864 853 1059 890 corporea.
1090 841 1149 878 Fit
1167 850 1295 879 autem
1318 843 1393 879 hoc
1412 843 1553 892 aliquid

486 908 556 945 per
583 896 759 932 formam.
794 894 906 932 Unde
934 894 1049 942 aliqui
1083 894 1211 932 dieunt
1243 894 1442 932 materiam
1472 908 1553 932 cor-

486 948 611 997 poris,
649 948 860 985 secundum
889 948 994 996 quod
1028 955 1083 984 est
1111 948 1254 996 absque
1287 948 1431 995 forma,
1471 960 1553 985 esse

487 1013 670 1038 vacuum:
701 1001 766 1049 qui
786 1001 899 1037 etiam
924 1000 1122 1037 materiam
1151 1000 1281 1038 dicunt
1309 1013 1392 1038 esse
1411 1002 1552 1050 locum,

488 1062 529 1091 ut
549 1067 663 1103 supra
682 1054 702 1075 *
723 1054 865 1091 dictum
886 1061 951 1090 est.
974 1053 1051 1090 Sed
1075 1065 1154 1091 non
1173 1054 1271 1091 bene
1297 1053 1444 1091 dicunt:
1465 1054 1554 1103 quia

489 1107 646 1144 materia
674 1119 753 1143 non
782 1114 836 1143 est
863 1106 1083 1155 separabilis
1111 1118 1134 1143 a
1162 1107 1276 1144 rebus
1304 1119 1468 1155 quarum
1498 1115 1554 1144 est

489 1159 663 1206 materia3
685 1160 753 1196 sed
771 1159 948 1196 homines
962 1166 1151 1208 quaerunt
1165 1160 1293 1197 locum
1316 1167 1353 1196 et
1370 1172 1552 1208 vacuum,

488 1221 671 1261 tanquam
691 1212 831 1261 aliquid
851 1212 1060 1261 separabile
1081 1225 1103 1249 a
1123 1213 1347 1261 corporibus
1366 1213 1507 1250 locatis.

545 1267 581 1303 8.
610 1265 759 1303 Deinde
788 1278 877 1302 cum
905 1265 1013 1302 dicit:
1048 1265 1235 1307 Quoniam
1267 1271 1392 1303 autem
1424 1267 1470 1303 de
1501 1266 1554 1303 lo—

490 1331 534 1356 co
550 1326 632 1365 etc.,
646 1318 808 1356 ostendit
826 1315 1026 1367 quomodo
1047 1317 1161 1366 aliqui
1176 1319 1372 1367 ponebant
1386 1331 1554 1356 vacuum

491 1384 584 1408 esse.
616 1372 664 1408 Et
690 1371 815 1420 primo
845 1371 937 1419 quid
965 1370 1140 1408 dicebant
1168 1384 1251 1408 esse
1278 1384 1467 1417 vacuum;
1497 1383 1555 1408 se-

491 1424 616 1462 cundo
644 1432 800 1473 propter
833 1424 923 1472 quid
955 1436 1122 1461 vacuum
1155 1425 1369 1473 ponebant,
1403 1424 1475 1461 ibi:
1507 1426 1559 1461 Et

485 1484 642 1527 propter
669 1477 799 1514 eadem
828 1482 1019 1525 acceptum
1042 1478 1061 1498 *
1079 1485 1150 1513 etc.

545 1530 644 1567 Dicit
668 1543 755 1578 ergo
776 1529 913 1578 primo,
935 1529 1039 1577 quod
1059 1529 1147 1577 quia
1174 1541 1342 1566 vacuum
1372 1537 1427 1566 est
1451 1530 1557 1566 locus

250 1594 337 1647 822&
353 1600 374 1615 w
391 1599 429 1615 nn
442 1600 462 1621 7
491 1584 660 1633 privatus
688 1594 865 1641 corpore,
897 1589 932 1618 et
960 1581 1251 1618 determinatum
1279 1590 1334 1618 est
1356 1582 1376 1602 ’¹‘
1396 1582 1443 1619 de
1471 1583 1556 1619 loco

492 1635 691 1685 quomodo
730 1635 775 1672 sit
808 1643 844 1671 et
878 1635 1076 1682 quomodo
1115 1647 1193 1671 non
1228 1634 1273 1671 sit
1307 1634 1473 1681 (dictum
1503 1643 1559 1672 est

494 1689 595 1726 enim
624 1688 727 1736 quod
756 1689 862 1724 locus
890 1700 969 1724 non
1002 1695 1057 1724 est
1094 1687 1248 1736 aliquod
1277 1688 1460 1736 spatium,
1490 1688 1558 1725 sed

492 1741 675 1779 terminus
696 1740 956 1787 continentis);
977 1740 1220 1778 manifestum
1241 1749 1296 1777 est
1320 1741 1432 1778 etiarn
1453 1741 1556 1789 quod

493 1807 617 1843 neque
644 1806 812 1832 vacuum
833 1801 888 1830 est
908 1793 1072 1842 spatium
1101 1801 1318 1842 separatum
1337 1799 1352 1820 Ὺ
1372 1806 1394 1830 a
1423 1806 1557 1842 corpo-

493 1848 612 1894 ribus,
642 1859 766 1895 neque
794 1846 1038 1883 intrinsecum
1068 1846 1301 1895 corporibus,
1327 1846 1422 1883 sicut
1439 1859 1557 1895 pone-

493 1902 558 1939 bat
576 1900 828 1937 Democritus.
860 1900 908 1936 Et
933 1900 1008 1936 hoc
1036 1899 1135 1946 ideo,
1162 1899 1251 1947 quia
1277 1907 1464 1948 ponentes
1491 1912 1558 1936 va-

495 1966 610 1990 cuum
624 1965 871 2001 quocumque
886 1952 1046 1989 istorum
1060 1952 1284 1999 modorum,
1301 1953 1434 1989 volunt
1453 1953 1558 2001 quod

493 2019 662 2043 vacuum
689 2018 769 2042 non
805 2005 850 2042 sit
885 2018 1047 2054 corpus,
1078 2005 1144 2042 sed
1174 2005 1337 2054 spatium
1376 2005 1557 2054 corporis.

495 2059 587 2096 Ideo
617 2059 719 2095 enim
752 2057 954 2095 videbatur
981 2058 1121 2106 aliquid
1152 2070 1233 2095 esse
1262 2071 1441 2106 vacuum,
1471 2058 1559 2107 quia

495 2114 601 2150 locus
634 2111 775 2160 aliquid
810 2119 880 2148 est:
911 2119 947 2148 et
974 2111 1069 2148 sicut
1101 2112 1208 2148 locus
1241 2111 1443 2149 videbatur
1476 2124 1558 2148 esse

496 2165 684 2214 spatium,
714 2165 764 2201 ita
793 2172 829 2200 et
855 2176 1034 2201 vacuum.
1066 2164 1106 2201 Si
1135 2176 1223 2212 ergo
1258 2165 1364 2201 locus
1398 2177 1477 2201 non
1506 2172 1560 2201 est

496 2218 650 2267 aliquod
670 2217 834 2267 spatium
853 2225 1003 2266 praeter
1023 2229 1184 2266 corpora
1198 2218 1229 2264 ²³²,
1251 2230 1376 2266 neque
1391 2229 1558 2254 vacuum

495 2279 619 2321 potest
639 2284 720 2308 esse
744 2270 907 2319 spatium
934 2278 1084 2318 praeter
1117 2282 1288 2319 corpora.
1319 2271 1367 2307 Et
1396 2282 1484 2306 cum
1513 2270 1559 2307 de

497 2324 641 2361 ratione
659 2324 771 2361 vacui
791 2323 836 2359 sit
855 2323 960 2372 quod
980 2323 1025 2360 sit
1044 2323 1207 2372 spatium
1229 2323 1398 2371 corporis
1412 2330 1562 2371 praeter

498 2390 683 2426 corpora,
712 2385 753 2414 ut
785 2389 898 2425 supra
927 2377 946 2397 '⁴⁵
975 2376 1118 2413 dictum
1151 2384 1230 2425 est,
1261 2376 1428 2425 sequitur
1455 2376 1562 2424 quod

496 2443 664 2468 vacuum
693 2443 772 2466 non
800 2430 855 2467 sit.

553 2496 588 2531 9.
618 2483 768 2520 Deinde
798 2495 885 2519 cum
915 2482 1022 2519 dicit:
1051 2483 1102 2518 Et
1122 2488 1278 2530 propter
1306 2482 1436 2519 eadem
1456 2493 1560 2518 acce-

493 2542 602 2586 ptum
631 2544 712 2582 etc.,
734 2535 897 2572 ostendit
924 2532 1040 2583 quare
1068 2543 1278 2584 posuerunt
1304 2547 1483 2571 vacuum.
1514 2535 1564 2571 Et

501 2590 588 2626 dicit
607 2589 711 2638 quod
730 2596 886 2638 propter
905 2589 1008 2625 idem
1033 2596 1261 2636 acceperunt
1278 2600 1446 2624 vacuum
1467 2599 1561 2634 esse,

499 2650 654 2692 propter
673 2642 778 2690 quod
807 2649 1034 2690 acceperunt
1054 2642 1184 2678 locum
1205 2653 1298 2687 esse,
1319 2640 1458 2677 scilicet
1475 2652 1562 2688 pro-

452 2703 583 2744 7·pter
602 2703 763 2742 motum,
792 2702 834 2731 ut
862 2707 976 2743 supra
994 2694 1174 2730 *-dictum
1204 2701 1279 2730 est:
1309 2693 1398 2740 quia
1425 2705 1563 2741 prove-

260 2712 440 2806 wudz
424 2765 474 2806 2¹:3²0}
502 2749 555 2785 nit
575 2750 594 2770 ²²
614 2756 655 2785 ut
683 2749 848 2785 salvetur
867 2755 994 2784 motus
1015 2746 1227 2783 secundum
1247 2746 1388 2792 locum,
1409 2753 1486 2782 tam
1507 2758 1563 2782 se-

503 2802 672 2838 cundum
692 2801 774 2838 illos
789 2799 854 2849 qui
870 2800 998 2837 dicunt
1012 2800 1139 2835 locum
1156 2798 1294 2847 aliquid
1315 2810 1395 2835 esse
1416 2806 1565 2847 praeter

504 2867 665 2903 corpora
685 2866 782 2902 quae
807 2860 893 2889 sunt
920 2852 959 2889 in
987 2853 1085 2899 loco,
1106 2863 1223 2899 quam
1252 2851 1464 2888 secundum
1483 2852 1565 2888 illos

503 2907 568 2955 qui
582 2914 730 2956 ponunt
743 2917 911 2943 vacuum
928 2917 1020 2942 esse.
1038 2904 1274 2952 Negantibus
1290 2912 1417 2941 autern
1437 2905 1565 2941 locum

505 2968 541 2996 et
567 2972 751 3004 vacuum,
786 2971 864 2995 non
891 2957 1067 3006 provenit
1094 2965 1244 2994 motum
1273 2957 1484 2994 secundum
1512 2958 1566 2994 lo-

505 3025 593 3049 cum
614 3024 707 3049 esse.
738 3013 786 3048 Et
815 3011 866 3048 sic
894 3023 1062 3047 vacuum
1091 3010 1382 3059 quodammodo
1409 3010 1566 3058 opinan-

503 3073 564 3102 tur
583 3066 603 3086 *
624 3077 777 3102 causam
798 3076 879 3100 esse
899 3071 1026 3100 motus
1056 3076 1101 3100 eo
1121 3063 1240 3100 modo
1261 3075 1337 3111 quo
1368 3071 1403 3099 et
1426 3064 1566 3111 locum,

503 3126 545 3155 ut
573 3118 610 3155 in
639 3130 715 3166 quo
746 3117 883 3154 scilicet
912 3124 966 3153 est
994 3124 1132 3153 motus.

565 3184 621 3208 10.
643 3171 791 3208 Deinde
813 3182 900 3206 cum
922 3169 1024 3212 dicit:
1050 3169 1186 3217 Neque
1206 3180 1280 3205 una
1301 3174 1424 3205 autem
1445 3179 1566 3204 neces—

504 3225 592 3261 sitas
611 3230 665 3261 est
682 3231 764 3270 etc.,
783 3222 945 3260 excludit
974 3221 1136 3259 rationes
1155 3221 1380 3270 ponentium
1399 3233 1566 3258 vacuum

506 3290 598 3315 esse.
629 3278 678 3314 Et
706 3289 784 3314 non
821 3275 978 3313 intendit
1005 3275 1066 3312 hic
1094 3274 1257 3312 rationes
1291 3274 1518 3323 praemissas
1548 3275 1567 3295 ’¹‘

561 3438 585 3471 β)
602 3439 645 3463 ubi
659 3447 710 3463 non
725 3442 764 3464 est
777 3446 873 3471 corpus
888 3439 953 3463 nihil
967 3445 1058 3464 esse.-
1071 3438 1106 3463 lta
1121 3437 1188 3467 Palu
1205 3445 1252 3470 pro
1267 3437 1318 3467 ubi,
1333 3436 1404 3469 quod
1417 3436 1461 3461 ubi
1473 3436 1567 3467 NsGY,

508 3481 584 3498 omne
602 3475 673 3506 quod
690 3475 783 3506 Fpsssl,
798 3474 864 3499 illud
882 3474 953 3506 quod
971 3474 998 3503 Z,
1013 3473 1084 3506 quod
1103 3478 1151 3498 cct.
1171 3473 1208 3498 Cf.
1228 3481 1266 3499 n..

562 3509 588 3541 γ)
609 3509 679 3540 quod
698 3516 778 3541 neque
798 3517 908 3534 vacuum
928 3512 967 3534 est
984 3509 1100 3541 spatium
1126 3511 1318 3540 separatum.-
1300 3507 1368 3532 -lta
1387 3507 1480 3536 PDa1>;
1499 3507 1570 3539 quod

1122 289 1467 331 PHYSICORUM
1493 288 1838 327 ARISTOTELIS
1868 290 1962 326 LIB.
1994 290 2045 326 IV

1603 380 1696 405 vera
1724 367 1910 404 solutione
1947 369 2116 415 solvere3
2151 369 2219 406 sed
2245 368 2460 408 instantiam
2496 370 2586 408 dare
2622 383 2667 408 ex

1606 433 1681 470 qua
1710 433 1755 458 ex
1783 420 1866 469 ipso
1895 428 2050 470 aspectu
2078 429 2243 470 apparet,
2264 422 2371 470 quod
2397 422 2560 461 rationes
2588 437 2667 462 non

1606 486 1652 510 ex
1680 474 1900 510 necessitate
1939 473 2179 511 concludunt.
2215 474 2345 513 Primo
2383 487 2472 524 ergo
2505 477 2669 514 excludit

1606 526 1770 563 rationes
1797 525 2023 575 ponentium
2040 538 2208 564 vacuum
2237 534 2474 576 separatum3
2498 531 2666 567 secundo

1604 579 1830 628 ponentium
1847 591 2015 616 vacuum
2043 579 2082 616 in
2106 579 2339 628 corporibus,
2370 580 2441 618 ibi:
2479 581 2671 632 Contingit

1605 637 1731 668 autem
1759 632 1911 668 densari
1929 633 1949 654 ²⁸
1978 639 2047 669 etc.

1665 696 1721 721 11.
1743 684 1912 721 Primam
1947 692 2077 722 autem
2106 685 2292 722 rationem
2320 682 2487 724 'excludit
2514 685 2677 736 duplici-

1605 744 1672 774 ter.
1706 737 1835 774 Primo
1874 737 2051 786 quidem,
2086 737 2174 787 quia
2209 750 2287 775 non
2321 745 2377 775 est
2413 738 2670 777 necessarium

1606 789 1638 826 si
1666 797 1792 827 motus
1826 789 1871 826 sit
1903 790 2008 838 quod
2034 803 2204 828 vacuum
2238 791 2295 828 sit.
2331 792 2380 828 Et
2407 791 2437 828 si
2465 792 2670 841 loquamur

1605 841 1866 879 universaliter
1886 843 1934 879 de
1953 842 2120 892 qualibet
2147 843 2274 892 specie
2301 852 2440 892 motus,
2470 844 2669 882 manifeste

1606 902 1764 944 apparet
1781 895 1887 944 quod
1910 907 2154 945 nequaquam
2183 903 2239 933 est
2264 897 2535 935 necessarium.
2565 896 2670 935 Nihil

1607 948 1710 985 enim
1727 947 1906 997 prohibet
1921 948 1960 986 id
1979 949 2084 997 quod
2103 956 2159 986 est
2181 950 2351 998 plenum,
2371 950 2541 987 alterari:
2565 952 2669 988 solus

1607 1001 1709 1037 enim
1729 1009 1855 1038 motus
1874 1001 2001 1038 localis
2021 1001 2167 1039 excludi
2182 1001 2335 1039 videtur
2353 1002 2384 1039 si
2402 1015 2570 1040 vacuum
2590 1015 2669 1040 non

1606 1061 1781 1102 ponatur.
1817 1055 1866 1091 Et
1892 1054 1967 1091 hoc
1998 1054 2104 1091 latuit
2131 1053 2351 1101 Melissum,
2387 1055 2480 1092 dum
2513 1055 2670 1093 credidit

1607 1114 1755 1143 remoto
1792 1119 1917 1143 vacuo
1955 1119 2112 1143 omnem
2149 1106 2316 1155 speciem
2350 1114 2477 1144 motus
2519 1108 2667 1146 auferri.

1662 1159 1839 1196 Secundo
1879 1159 2040 1196 excludit
2077 1159 2239 1196 eandem
2277 1158 2463 1197 rationem
2494 1172 2564 1209 per
2595 1161 2669 1198 hoc

1608 1211 1712 1260 quod
1732 1212 2024 1260 neque*motus
2044 1211 2172 1247 localis
2187 1211 2334 1259 tollitur,
2351 1212 2382 1249 si
2400 1225 2567 1250 vacuum
2591 1225 2670 1250 non

1608 1264 1663 1301 sit.
1685 1265 1784 1301 Dato
1802 1264 1904 1301 enim
1924 1264 2028 1311 quod
2048 1263 2194 1300 nullum
2213 1264 2376 1312 spatium
2395 1265 2606 1315 separabile
2624 1265 2672 1304 sit

1606 1324 1756 1365 praeter
1793 1329 1954 1366 corpora
1990 1328 2089 1365 quae
2123 1325 2347 1364 moventur,
2383 1325 2509 1366 potest
2543 1322 2671 1356 motus

1608 1369 1736 1406 localis
1769 1381 1852 1405 esse
1874 1381 1943 1418 per
1974 1369 2049 1406 hoc
2081 1369 2187 1417 quod
2210 1381 2371 1418 corpora
2403 1370 2612 1408 subintrent
2630 1383 2670 1408 se

1608 1422 1773 1459 invicem
1801 1434 1871 1470 per
1897 1421 2060 1459 modum
2088 1421 2372 1471 inspissationis,
2402 1430 2439 1460 et
2460 1422 2513 1460 sic
2531 1423 2671 1474 aliquid

1609 1475 1647 1511 in
1675 1475 1833 1523 plenum
1861 1482 2052 1522 movetur,
2082 1481 2118 1511 et
2145 1487 2224 1512 non
2251 1475 2290 1512 in
2316 1488 2497 1514 vacuum.
2526 1477 2576 1514 Et
2597 1477 2675 1514 hoc

1610 1535 1768 1587 apparet
1803 1527 2000 1564 manifeste
2041 1526 2080 1564 in
2120 1528 2424 1575 generationibus
2466 1541 2672 1589 corporum

1611 1580 1890 1628 continuorum,
1913 1587 1950 1617 et
1972 1579 2176 1629 praecipue
2195 1580 2234 1618 in
2256 1581 2434 1629 humidis,
2455 1582 2550 1620 sicut
2566 1582 2672 1620 vide-

1610 1641 1670 1670 tur
1691 1635 1710 1655 ’¹‘
1730 1633 1770 1670 in
1793 1645 1903 1682 aqua.
1926 1633 1966 1670 Si
1986 1633 2087 1671 enim
2106 1633 2323 1682 proiiciatur
2340 1634 2462 1684 lapis
2453 1647 2491 1672 in
2506 1635 2672 1685 aliquam
2697 1643 2710 1658 -’

1612 1698 1791 1734 magnam
1828 1686 2063 1723 latitudinem
2101 1699 2244 1735 aquae,
2282 1686 2479 1725 manifeste
2517 1696 2675 1738 apparet

1611 1739 1694 1776 fieri
1723 1739 1910 1788 quasdam
1931 1737 2230 1776 circulationes⁸
2249 1739 2346 1777 circa
2372 1741 2501 1778 locum
2520 1753 2673 1790 percus·

1612 1791 1739 1839 sionis,
1762 1804 1960 1841 quousque
1979 1804 2068 1851 pars
2087 1804 2208 1840 aquae
2229 1793 2408 1842 depulsae
2429 1801 2676 1832 commoveat

1612 1845 1726 1882 aliam
1746 1853 1782 1881 et
1801 1845 1984 1882 subintret
2011 1844 2154 1893 ipsam:
2184 1847 2284 1883 unde
2308 1846 2397 1894 quia
2415 1847 2569 1884 modica
2585 1858 2675 1896 pars

1613 1910 1734 1946 aquae
1762 1898 1946 1934 subintrat
1963 1909 2032 1946 per
2050 1898 2245 1946 quandam
2273 1898 2517 1936 diffusionem
2537 1900 2576 1937 in
2594 1909 2674 1938 ma-

1612 1951 1902 1999 ioremaquam,
1919 1950 2178 1989 circulationes
2194 1952 2214 1972 *
2228 1951 2443 2000 praedictae
2458 1965 2480 1989 a
2494 1965 2616 2001 parvo
2635 1953 2676 1990 in

1613 2003 1735 2040 maius
1762 2003 1985 2052 procedunt,
2015 2015 2215 2052 quousque
2242 2004 2405 2041 totaliter
2432 2005 2620 2043 deficiant.

1673 2069 1729 2094 12.
1759 2056 1908 2094 Deinde
1947 2069 2034 2094 cum
2064 2056 2170 2094 dicit:
2214 2058 2404 2107 Contingit
2435 2064 2560 2095 autem
2588 2059 2677 2096 den-

1612 2110 1693 2146 sari
1719 2117 1802 2157 etc.,
1832 2109 1993 2146 excludit
2021 2109 2184 2147 rationes
2206 2110 2432 2158 ponentium
2450 2122 2619 2148 vacuum
2636 2110 2676 2148 in

1615 2163 1848 2211 corporibus.
1879 2163 1929 2199 Et
1954 2162 2080 2211 primo
2109 2162 2294 2199 rationem
2322 2175 2422 2211 quae
2445 2163 2678 2212 procedebat

1616 2228 1661 2252 ex
1681 2215 1988 2252 condensatione.
2019 2215 2068 2252 Et
2086 2215 2174 2252 dicit
2192 2215 2297 2263 quod
2318 2216 2497 2264 contingit
2516 2227 2678 2265 corpora

1617 2268 1852 2315 condensari,
1875 2275 1911 2304 et
1937 2275 2062 2316 partes
2087 2268 2255 2317 eorporis
2277 2269 2296 2290 *
2315 2269 2525 2306 subintrare
2544 2269 2615 2306 sibi
2634 2268 2678 2291 ¹²*

1615 2321 1801 2368 invicem,
1828 2333 1906 2358 non
1933 2328 2087 2370 propter
2114 2321 2188 2358 hoc
2217 2321 2322 2369 quod
2349 2334 2436 2370 pars
2464 2322 2678 2360 subintrans

1615 2374 1731 2412 vadat
1760 2375 1780 2395 ²³
1807 2374 1846 2410 in
1877 2374 2005 2419 locum
2033 2386 2218 2420 vacuum;
2247 2374 2314 2412 sed
2341 2374 2429 2412 ideo
2457 2375 2546 2424 quia
2574 2382 2680 2412 erant
2705 2383 2715 2393 ·

1617 2427 1742 2475 aliqua
1769 2426 1968 2473 foramina,
1991 2427 2104 2474 plena
2132 2427 2259 2475 aliquo
2289 2439 2448 2476 corpore
2477 2427 2674 2475 subtiliori,

1618 2480 1721 2529 quod
1749 2479 1845 2516 facta
1875 2479 2170 2517 condensatione
2199 2480 2371 2517 elabitur:
2401 2480 2496 2517 sicut
2523 2481 2678 2529 quando

1617 2546 1717 2582 aqua
1746 2531 1930 2570 colliditur
1959 2539 1995 2569 et
2021 2532 2252 2581 inspissatur,
2275 2545 2339 2570 aer
2367 2533 2430 2582 qui
2459 2533 2558 2571 intus
2586 2541 2677 2581 erat,

1618 2585 1836 2623 excluditur.
1858 2586 1907 2622 Et
1925 2585 2019 2622 haec
2039 2585 2204 2622 maxime
2223 2594 2406 2635 apparent
2424 2585 2463 2623 in
2481 2586 2641 2635 spongia
2653 2592 2677 2634 ⁸,

1618 2646 1654 2675 et
1681 2639 1720 2675 in
1751 2637 1970 2675 huiusmodi
1999 2638 2406 2687 corporibusporosis.
2437 2640 2544 2676 Haec
2571 2639 2681 2688 igitur

1619 2692 1755 2728 solutio
1771 2703 1850 2728 non
1869 2691 2032 2728 ostendit
2054 2703 2208 2728 causam
2225 2692 2541 2739 condensationis,
2562 2703 2680 2742 quam

1619 2745 1771 2781 inferius
1796 2744 1816 2765 ²¹²
1831 2743 1954 2793 ponit:
1975 2744 2042 2781 sed
2057 2744 2218 2781 ostendit
2235 2745 2341 2794 quod
2360 2745 2472 2782 etiam
2491 2757 2562 2794 per
2579 2746 2682 2783 hunc
2705 2751 2718 2763 ⁴

1620 2798 1781 2835 modum
1801 2797 1997 2834 manifeste
2023 2797 2170 2835 excludi
2189 2805 2314 2847 potest
2332 2798 2535 2836 necessitas
2553 2798 2679 2837 vacui.

1681 2852 1738 2888 13.
1770 2850 1947 2887 Secundo
1985 2850 2052 2887 ibi:
2081 2851 2132 2887 Et
2163 2852 2405 2900 augmentari
2437 2859 2529 2899 etc.,
2559 2852 2681 2888 exclu-

1622 2903 1674 2940 dit
1701 2903 1886 2940 rationem
1916 2915 2014 2952 quae
2033 2904 2203 2952 procedit
2231 2916 2276 2940 ex
2303 2911 2520 2952 augmento.
2550 2905 2599 2941 Et
2626 2904 2680 2942 di-

1622 2957 1670 2993 cit
1698 2956 1804 3004 quod
1832 2963 2079 3003 augmentum
2109 2956 2288 3004 contingit
2316 2969 2398 2993 esse
2440 2969 2518 2994 non
2555 2957 2680 2993 solum

1620 3021 1689 3058 per
1726 3009 1958 3046 additionem
1996 3009 2151 3046 alicuius
2179 3009 2347 3058 corporis
2374 3009 2615 3057 ingredientis
2643 3009 2682 3046 in

1623 3074 1760 3110 corpus
1794 3069 2091 3109 augmentatum,
2112 3069 2154 3098 ut
2178 3062 2230 3099 sic
2258 3074 2412 3099 necesse
2441 3062 2486 3099 sit
2515 3074 2597 3099 esse
2615 3073 2682 3099 va·

1623 3127 1750 3162 cuum,
1771 3115 1839 3151 sed
1868 3114 1980 3151 etiam
2008 3126 2077 3163 per
2103 3115 2363 3152 alterationem
2371 3127 2382 3161 3
2410 3114 2505 3152 sicut
2529 3127 2618 3152 curn
2637 3126 2683 3152 ex

1622 3180 1721 3217 aqua
1749 3167 1791 3204 fit
1818 3179 1893 3214 aer,
1924 3167 2046 3204 maior
2067 3167 2112 3204 fit
2129 3168 2315 3216 quantitas
2343 3167 2439 3205 aeris
2468 3180 2584 3216 quam
2604 3174 2684 3205 erat

1622 3233 1756 3269 aquae.
1795 3221 1844 3257 Et
1870 3221 1965 3257 haec
2003 3220 2116 3257 etiam
2153 3233 2232 3258 non
2260 3228 2316 3257 est
2341 3233 2433 3258 vera
2461 3221 2597 3258 solutio
2626 3232 2684 3258 ra·
2722 3232 2725 3236 ·

1621 3273 1732 3310 tionis
1760 3273 1956 3310 inductae:
1986 3273 2054 3310 sed
2081 3274 2206 3311 solum
2226 3273 2398 3311 instantia
2417 3274 2618 3323 quaedam,
2633 3285 2682 3311 ne

1674 3436 1698 3469 ὃ)
1719 3440 1831 3469 apparet
1843 3436 1907 3469 fieri
1921 3436 2051 3469 quasdam
2070 3436 2293 3462 circulationesn—
2272 3439 2436 3468 —apparent
2449 3436 2579 3468 quaedam
2596 3435 2681 3461 cir-eu-

1621 3472 1733 3497 tationes
1753 3471 1789 3502 Q,
1809 3475 1920 3504 apparet
1931 3472 1998 3505 fieri
2015 3471 2144 3504 quaedam
2163 3471 2348 3497 circulationes
2363 3470 2460 3502 BEFY,
2474 3473 2606 3503 apparent
2615 3469 2683 3504 fieri

1622 3507 1751 3540 quasdam
1770 3507 1954 3532 circinationes
1973 3507 2013 3532 ed.
2028 3507 2051 3536 b,
2065 3509 2198 3539 apparent
2207 3506 2274 3540 fieri
2291 3506 2423 3539 quaedam
2437 3505 2620 3531 ctrculart'ones
2639 3504 2681 3529 ed.

510 3551 592 3575 neque
611 3551 720 3568 vacuum
741 3547 779 3568 est
799 3545 847 3575 (cst
867 3551 977 3569 vacuum
998 3544 1029 3579 R)
1051 3551 1133 3576 neque
1152 3546 1304 3575 separatum
1324 3542 1479 3575 EGMRpH,
1498 3543 1570 3575 quod
1622 3550 1638 3567 a
1659 3548 1683 3567 et
1702 3548 1749 3567 cet.
1765 3542 1840 3567 codd.

510 3586 591 3610 neque
611 3586 719 3603 vacuum
739 3582 778 3603 cst
797 3587 878 3611 neque
903 3587 1013 3604 vacuum
1032 3582 1185 3611 separatum
1206 3579 1240 3609 L,
1261 3577 1331 3611 quod
1349 3585 1432 3610 neque
1457 3585 1567 3603 vacuum

510 3617 548 3638 est
568 3621 648 3645 neque
666 3614 779 3645 spatium
799 3618 982 3645 separatum
971 3620 1018 3639 c.et

1675 3579 1697 3611 ε)
1713 3578 1748 3603 Et
1762 3578 1825 3603 haec
1840 3577 1958 3603 maxime
1969 3579 2100 3609 apparent
2115 3577 2140 3601 in
2155 3577 2305 3610 spongia.—
2285 3577 2355 3601 —Sic
2366 3576 2431 3606 Pam·
2444 3575 2544 3600 codices
2553 3582 2628 3600 vero·
2645 3574 2681 3599 Et

1622 3613 1670 3639 hoc
1689 3613 1807 3638 maxime
1825 3611 1975 3646 (manifeste
1994 3613 2022 3644 S)
2040 3614 2153 3644 apparet
2172 3611 2198 3636 in
2217 3611 2340 3645 spongia.
2359 3610 2398 3635 cf.
2412 3611 2469 3636 lect.
2481 3617 2531 3641 xrv,
2545 3618 2570 3634 n.
2586 3609 2609 3635 3.

2695 641 2790 663 'Num
2828 657 2836 663 .

2695 1222 2708 1234 ⁴
2722 1222 2793 1244 ettam
2810 1222 2864 1247 add.
2881 1228 2912 1245 nt

2696 1254 2838 1272 mmm.

2699 1642 2819 1692 eonatgeur
2837 1649 2887 1666 om.

2701 1960 2714 1972 ⁸
2722 1959 2884 1983 circulatione
2892 1965 2915 1982 P.
