2898 3996
411 283 484 319 262

1058 285 1404 322 PHYSICORUM
1430 285 1779 324 ARISTOTELIS
1809 287 1902 324 LIB.
1930 288 1964 325 V

1174 461 1475 557 LEcT10
1513 502 1830 559 DEcmA

1078 659 1341 693 SOLVUNTUR
1365 661 1578 699 QUAEDAM
1601 663 1920 695 DUBITATIONES

479 841 614 883 ταβολῇ
647 841 708 872 εἰσὶ
739 843 798 872 καὶ
829 841 926 873 καταὶ
956 840 1050 886 φύσιν
1078 843 1137 873 καὶ
1163 842 1259 886 παραὶ
1289 841 1384 885 φύσιν
1416 845 1475 874 καὶ

479 887 580 930 μοναὶ
603 886 662 916 καὶ
686 885 845 926 κινήσεις,
873 885 904 917 ἐν
930 880 968 917 8&
993 888 1070 922 ταῖς
1097 886 1216 924 ἄλλαις
1244 885 1296 927 οὔ,
1323 886 1392 918 οῐον
1419 885 1476 919 ἀλ-

477 931 610 966 λοίωσις
636 930 656 966 ή
685 929 743 972 μὲν
768 928 864 962 καταὶ
887 928 996 973 φύσιν,
1022 930 1043 966 ή
1068 924 1106 961 8&
1132 930 1228 974 παραὶ
1251 929 1358 970 φύσιν·
1379 925 1475 962 οὐδὲν

478 974 542 1020 γαὶρ
567 973 697 1018 μᾶλλον
724 973 744 1010 ή
772 974 920 1017 ὑγίανσις
947 973 968 1010 ἦ
994 973 1015 1010 ή
1040 972 1194 1011 νόσανσις
1218 973 1314 1007 καταὶ
1337 973 1431 1019 φύσιν
1454 973 1475 1011 ἦ

479 1018 575 1060 παραὶ
598 1017 707 1060 φύσιν,
729 1012 806 1049 οὐδὲ
829 1017 1007 1055 λεύκανσις
1033 1015 1053 1053 ἦ
1079 1016 1249 1060 μέλανσις.
1274 1019 1412 1063 Ὁμοίως
1437 1013 1476 1050 8&

478 1064 536 1093 καὶ
563 1060 614 1094 ἐπ’
640 1061 811 1102 αὐξήσεως
836 1062 894 1093 καὶ
920 1061 1068 1106 φθίσεως·
1097 1062 1175 1094 οὔτε
1199 1061 1264 1108 γαὶρ
1291 1061 1397 1095 αὗται
1420 1063 1476 1094 ἀλ-

473 1105 597 1142 ’λήλαις
625 1106 778 1138 ἐναντίαι
802 1106 844 1142 ὠς
870 1106 965 1149 φύσει
990 1104 1011 1142 ἦ
1037 1117 1087 1137 πα
1111 1106 1133 1138 αὶ
1152 1105 1260 1149 φύσιν,
1280 1106 1352 1138 οὔτ’
1374 1105 1478 1147 αὐξη-

479 1161 526 1187 σις
554 1149 706 1190 αὐξήσει.
732 1151 799 1181 Καὶ
824 1150 880 1182 ἐπὶ
904 1149 1063 1196 γενέσεως
1089 1117 1127 1182 8&
1151 1151 1209 1182 καὶ
1233 1148 1355 1194 φθορᾶς
1381 1151 1398 1182 ὁ
1416 1151 1476 1183 αὐ-

479 1194 537 1231 τὸς
561 1193 676 1240 λόγος·
709 1194 788 1227 οὔτε
817 1193 882 1239 γαὶρ
907 1196 927 1231 η“
953 1194 1012 1238 μὲν
1036 1193 1164 1239 γένεσις
1187 1194 1283 1226 καταὶ
1311 1194 1427 1237 φύσιν,
1454 1195 1475 1230 ἡ

478 1233 516 1270 8&
541 1237 647 1282 φθοραὶ
671 1237 767 1282 παραὶ
791 1239 885 1282 φύσιν
913 1238 975 1283 (τό
999 1239 1064 1284 γαὶρ
1089 1238 1194 1285 γηρᾶν
1219 1237 1316 1270 καταὶ
1339 1237 1474 1282 φύσιν),

480 1282 559 1314 οὔτε
584 1281 713 1328 γένεσιν
745 1283 869 1327 ὁρῶμεν
902 1283 965 1319 τήν
991 1282 1050 1327 μὲν
1075 1282 1171 1315 καταὶ
1201 1281 1313 1326 φύσιν,
1348 1282 1413 1318 τήν
1437 1278 1476 1314 8&

481 1325 577 1370 παραὶ
600 1325 707 1370 φύσιν.

412 1459 449 1489 Εἰ
475 1453 512 1489 δέ
538 1458 612 1489 ἐστι
637 1457 678 1490 τό
704 1457 761 1497 βίᾳ
787 1458 882 1500 παραὶ
906 1457 1014 1501 φύσιν,
1032 1458 1091 1488 καὶ
1115 1455 1220 1509 φθρραὶ
1239 1454 1282 1508 ὀὶν.
1298 1457 1348 1492 εἴη
1370 1454 1476 1510 φθορῖζι

481 1502 622 1534 ἐναντία
647 1501 667 1538 ή
694 1501 801 1540 βίαιος
826 1503 867 1538 ὠς
893 1501 988 1545 παραὶ
1012 1500 1105 1544 φύσιν
1132 1511 1217 1531 ουσα
1239 1511 1283 1540 τῃ
1304 1499 1399 1532 καταὶ
1418 1510 1476 1543 φυ-

479 1557 542 1577 σιν.
570 1544 637 1598 'Ap'
662 1543 716 1576 οὖν
741 1547 799 1577 καὶ
824 1544 968 1590 γενέσεις
994 1545 1074 1576 εἰσὶν
1101 1543 1184 1574 ἔνιαι
1206 1543 1310 1583 βίαιοι
1334 1545 1392 1575 καὶ
1413 1544 1476 1589 οὐχ

479 1592 691 1632 εἱμαρμεναι,
719 1589 770 1627 αἷς
797 1589 950 1620 ἐναντίαι
975 1590 1009 1620 αἱ
1034 1586 1130 1619 καταὶ
1153 1586 1261 1631 φύσιν,
1286 1588 1345 1618 καὶ
1371 1586 1476 1628 αὐξή-

478 1645 543 1670 σεις
570 1633 674 1672 βίαιοι
698 1634 756 1664 καὶ
780 1632 914 1676 φθίσεις,
943 1633 1010 1664 οἷον
1044 1630 1202 1671 αὐξήσεις
1228 1633 1262 1662 αἱ
1289 1631 1355 1663 τῶν
1381 1632 1474 1677 ταχῦ

477 1673 537 1709 διαὶ
560 1676 685 1720 τρυφήν
711 1676 887 1717 ἡβώντων,
908 1678 965 1708 καὶ
993 1678 1021 1707 οἱ
1047 1679 1136 1707 σῖτοι
1163 1677 1190 1706 οἱ
1216 1675 1308 1719 ταχύ
1337 1671 1477 1719 ἀὸρυνό·

477 1732 570 1763 μενοι
594 1722 651 1752 καὶ
677 1721 723 1764 μή
750 1719 959 1758 πιληθέντες.
989 1718 1069 1751 Ἐπὶ
1093 1713 1124 1750 8'
1151 1716 1358 1757 ἀλλοιώσεως
1385 1721 1473 1760 πῶς;

478 1763 499 1801 ἦ
524 1764 707 1805 ώσαύτως;
734 1762 797 1797 εἷεν
822 1765 886 1811 γαὶρ
914 1764 952 1796 α’ίν
972 1775 1058 1801 τινες
1077 1763 1195 1804 βίαιοι,
1219 1758 1308 1795 αἰδὲ
1326 1766 1473 1806 φυσικαί,

477 1809 545 1840 οἷον
573 1807 743 1852 ἀφιέμενοι
768 1807 814 1854 μή
841 1809 873 1841 ἐν
897 1811 1058 1853 κρισίμοις
1084 1805 1237 1851 ἡμέραις,
1260 1809 1289 1839 οἱ
1307 1808 1335 1838 δ’
1358 1808 1390 1840 ἐν
1407 1819 1476 1852 κρι-

477 1855 598 1897 σίμοις·
626 1855 654 1884 οἱ
687 1853 746 1897 μὲν
777 1851 834 1885 οὖν
868 1852 963 1898 παραὶ
994 1851 1088 1895 φύσιν
1114 1851 1340 1893 ήλλοίωνται,
1377 1854 1406 1884 οἱ
1438 1848 1476 1884 8&

477 1897 573 1929 καταὶ
596 1896 703 1940 φύσιν.

403 1984 565 2017 Ἔσονται
589 1979 618 2015 8’
647 1984 801 2016 ἐναντίαι
827 1986 861 2016 αἱ
886 1982 1004 2028 φθοραὶ
1039 1981 1225 2024 ἀλλήλαις,
1253 1983 1291 2014 οὐ
1315 1982 1471 2029 γενέσεις.

476 2030 542 2060 Καὶ
568 2031 600 2060 τί
626 2040 663 2074 γε
688 2028 829 2068 κωλόει;
861 2028 934 2060 ἔστι
966 2027 1031 2074 γαὶρ
1056 2026 1112 2065 ὥς·
1137 2028 1194 2057 καὶ
1225 2027 1289 2073 γαὶρ
1315 2028 1343 2059 εἰ
1367 2029 1388 2064 ή
1414 2028 1473 2071 μὲν

477 2068 597 2113 ήδεῖα,
631 2073 651 2108 ’ἡ
682 2067 720 2104 8&
749 2073 887 2116 λυπηραὶ
917 2074 981 2109 εἴη·
1014 2070 1101 2104 ὥστε
1135 2070 1172 2102 οὐ
1231 2071 1343 2109 ἁπλῶς
1369 2070 1476 2117 φθοραὶ

476 2116 582 2161 φθορᾷ
612 2117 771 2156 ἐναντία,
804 2116 876 2149 ἀλλ’
906 2116 928 2159 ’ᾖ
953 2117 973 2153 'ri
1000 2116 1058 2160 μὲν
1091 2082 1206 2149 τοιαέὶ
1239 2116 1260 2152 ή
1289 2111 1327 2147 8&
1359 2112 1473 2148 τοιαδὶ

478 2161 590 2193 αὐτῶν
617 2159 722 2193 ἐστιν.

403 2204 507 2243 ”Ολως
532 2205 591 2249 μὲν
618 2203 674 2237 οὐν
701 2203 853 2237 ἐναντίαι
884 2203 1028 2241 κινήσεις
1053 2203 1112 2234 καὶ
1143 2202 1278 2248 ἦρεμίαι
1302 2202 1362 2235 τὸν
1387 2204 1471 2246 εἰρη-

476 2248 574 2293 μένον
600 2248 725 2294 τρόπον
753 2249 847 2289 εὶσίν,
867 2249 934 2280 οἷον
956 2249 977 2284 ή
998 2247 1065 2280 ἄνω
1084 2247 1128 2287 τῇ
1146 2247 1257 2281 καίτω·
1277 2245 1386 2279 τόπου
1408 2248 1472 2294 γαὶρ

476 2293 685 2330 ἐναντιώσεις
713 2292 831 2325 αὗται.
865 2292 1011 2337 Φέρεται
1036 2287 1073 2323 8&
1099 2290 1163 2326 τήν
1188 2292 1246 2336 μέν
1274 2290 1341 2323 ἄνω
1369 2292 1472 2336 φοραὶν

475 2337 569 2383 φύσει
594 2338 634 2370 τό
661 2338 737 2380 πῦρ,
765 2337 829 2374 τήν
854 2335 892 2368 8&
915 2336 1012 2368 καίτω
1039 2337 1059 2372 ἡ
1084 2335 1143 2381 γῆ·
1161 2338 1218 2368 καὶ
1243 2335 1396 2368 ἐναντίαι
1414 2336 1474 2368 αὐ-

475 2383 542 2414 τῶν
569 2384 603 2413 αἱ
629 2384 737 2426 φοραί.
773 2381 818 2413 Τὸ
842 2376 880 2412 8&
905 2381 968 2423 πῦρ
997 2380 1063 2412 α’ίνω
1089 2379 1148 2424 μὲν
1174 2379 1288 2424 φύσει,
1313 2378 1409 2412 καίτω
1434 2376 1472 2413 8&

476 2426 571 2471 παραὶ
598 2426 705 2469 φύσιν·
738 2428 796 2457 καὶ
828 2423 970 2457 ἐναντία
1000 2437 1038 2470 γε
1064 2424 1084 2460 ή
1109 2424 1206 2457 καταὶ
1233 2422 1328 2467 φύσιν
1362 2424 1472 2457 αὐτοῦ

477 2471 521 2512 τῇ
548 2471 643 2515 παραὶ
665 2469 773 2512 φύσιν.
800 2471 865 2501 Καὶ
891 2470 991 2513 μοναὶ
1016 2464 1047 2500 8’
1065 2467 1240 2506 ὡσαύτως·
1268 2468 1288 2504 ή
1314 2468 1378 2513 γαὶρ
1405 2468 1471 2500 ἄνω

475 2514 560 2559 μονή
587 2515 631 2556 τῇ
660 2513 781 2546 ἄνωθεν
806 2512 903 2546 καίτω
927 2511 1054 2549 κινήσει
1080 2510 1232 2545 ἐναντία.
1260 2514 1418 2556 Γίγνεται
1435 2508 1472 2544 8&

476 2559 520 2600 τῇ
546 2559 608 2604 γῇ,
635 2559 655 2595 ή
682 2558 740 2590 μὲν
766 2558 851 2601 μονή
878 2557 984 2594 ἐκείνη
1011 2557 1106 2610 παραὶ
1126 2556 1235 2600 φύσιν,
1254 2557 1275 2593 ή
1291 2552 1329 2588 8&
1345 2559 1471 2594 κίνησις

475 2602 564 2640 αὕτη
598 2591 693 2635 καταὶ
725 2602 831 2646 φύσιν.
860 2601 963 2633 ’Ὥστε
994 2612 1123 2636 κινησει
1154 2600 1240 2645 μονή
1275 2600 1417 2632 ἐναντία
1449 2601 1470 2637 ἡ

475 2647 571 2692 παραὶ
594 2646 687 2692 φύσιν
714 2647 759 2688 τῇ
784 2647 880 2678 καταὶ
909 2644 1004 2689 φύσιν
1030 2645 1092 2677 τοῦ
1119 2645 1242 2676 αὐτοῦ·
1267 2646 1324 2676 καὶ
1356 2644 1421 2689 γαὶρ
1447 2645 1468 2681 ἦ

472 2694 598 2729 κίνησις
615 2692 635 2727 ή
654 2691 716 2723 τοῦ
742 2691 851 2722 αὐτοῦ
876 2690 1016 2721 ἐναντία
1035 2688 1154 2726 οὕτως·
1173 2689 1194 2725 ἡ
1216 2687 1274 2732 μὲν
1291 2687 1356 2734 γαὶρ
1374 2687 1471 2720 καταὶ

474 2735 568 2780 φύσιν
599 2735 699 2767 ἔσται
735 2732 846 2766 αὐτῶν
872 2734 893 2770 ή
921 2732 988 2765 α’ίνω
1013 2731 1034 2768 ἢ
1061 2733 1082 2768 ἧ
1106 2732 1225 2772 καίτω,
1259 2732 1279 2768 ἡ
1308 2726 1346 2763 8&
1377 2732 1473 2772 παραὶ

476 2780 584 2823 φύσιν.

402 2911 496 2956 Ἔχει
521 2906 549 2942 8'
580 2911 723 2954 ἀπορίαν
749 2908 776 2939 εἰ
803 2907 875 2939 ἐστι
901 2906 1011 2943 παίσής
1038 2906 1178 2951 ἠρεμίας
1203 2906 1266 2943 τῆς
1284 2906 1331 2950 μή
1350 2906 1400 2939 ἀεὶ
1417 2905 1473 2952 γέ-

475 2966 580 2995 νεσις,
607 2955 664 2985 καὶ
690 2952 779 2989 αὕτη
811 2951 852 2983 τὸ
882 2949 1060 2983 ἵστασθαι.
1097 2950 1163 2982 Τοῦ
1188 2945 1230 2986 δή
1257 2951 1352 2995 παραὶ
1375 2949 1469 2993 φύσιν

476 2998 652 3042 μένοντος,
684 2997 751 3028 οἷον
777 2996 840 3032 τῆς
863 2995 926 3040 γῆς
954 2994 1041 3036 α’ίνω,
1068 2996 1116 3031 εἴη
1151 2993 1188 3026 ὀὶν
1218 2993 1357 3040 γε’νεσις.
1389 2993 1470 3025 ’Ότε

477 3042 541 3086 ἄρα
567 3040 703 3085 ἐφέρετο
731 3039 797 3071 α’ἱνω
822 3040 893 3079 βία,
916 3039 1059 3071 ἵστατο.
1091 3038 1200 3070 Ἀλλαὶ
1224 3038 1264 3070 τό
1291 3038 1348 3082 μὲν
1375 3037 1472 3070 ἱστοὶ-

475 3097 572 3130 μενον
600 3085 650 3118 ἀεὶ
675 3079 769 3116 δοκεῖ
791 3082 947 3126 φέρεσθαι
973 3082 1116 3124 θᾶττον,
1135 3082 1176 3114 τὸ
1201 3077 1238 3114 8&
1256 3082 1314 3122 βία
1331 3082 1473 3114 τούναν-

475 3133 559 3162 τίον.
586 3129 632 3161 Οὐ
657 3127 834 3174 γενόμενον
862 3127 926 3170 ἄρα
952 3127 1095 3171 ἠρεμοῦν
1122 3126 1220 3158 ἔσται
1246 3124 1404 3170 ήρεμοῧν.

401 3217 479 3249 Ἔτι
503 3211 597 3248 δοκεῖ·
622 3215 662 3247 τό
682 3213 848 3247 ’ίστασθαι
874 3213 894 3250 ἦ
921 3213 1003 3251 ὅλως
1028 3210 1113 3245 εἶναι
1140 3213 1180 3245 τὸ
1205 3213 1249 3251 εἰς
1276 3213 1335 3245 τόν
1362 3212 1471 3244 αὐτοῦ

475 3260 582 3294 τόπον
608 3258 763 3304 φέρεσθαι
788 3257 809 3295 ἦ
834 3258 1027 3302 συμβαίνειν
1055 3256 1137 3301 ἅμα.

402 3305 495 3351 Ἔχει
519 3300 548 3336 8'
579 3305 722 3348 ἀπορίαν
748 3303 775 3334 εἰ
802 3302 942 3334 ἐναντία
963 3303 983 3339 ἡ
1010 3301 1094 3346 μονή
1122 3302 1142 3338 ή
1168 3299 1318 3333 ἐνταῦθα
1350 3301 1395 3354 τῇ
1422 3300 1469 3331 ἐν-

475 3348 590 3381 τεῦθεν
619 3347 760 3384 κινήσει·
792 3345 876 3379 όταν
909 3346 974 3392 γαὶρ
1005 3346 1144 3381 κινῆται
1178 3346 1213 3377 ἐκ
1245 3339 1340 3377 τουδὶ
1366 3346 1386 3380 ἢ
1412 3345 1470 3375 καὶ

478 3391 675 3436 ἀποβάλλῃ,
703 3392 755 3423 ἐτι
779 3386 872 3423 δοκεῖ
892 3389 979 3436 ἔχειν
998 3390 1038 3423 τὸ
1059 3387 1351 3432 ἀποβαλλόμενον.
1372 3387 1467 3421 ’Ὦστ’

475 3437 502 3467 εἰ
529 3437 620 3472 αὐτή
647 3437 768 3480 ἠρεμία
795 3435 934 3467 ἐναντία
959 3435 1005 3477 τῇ
1033 3433 1184 3466 ἐντεῦθεν
1205 3433 1249 3470 εἰς
1267 3433 1470 3464 τούναντίον

475 3479 616 3520 κινήσει,
646 3479 716 3523 α’ίμα
742 3478 882 3523 ὑπάρξει
908 3479 1094 3512 τάναντία.

402 3523 448 3555 Ἥ
473 3525 521 3565 πῇ
548 3524 675 3567 ήρεμεῖ,
702 3524 729 3555 εἰ
755 3524 806 3555 ἔτι
831 3522 941 3567 μένει;
970 3522 1051 3560 ὅλως
1076 3517 1114 3554 8&
1135 3521 1197 3554 τοῦ
1217 3519 1410 3564 κινουμένου
1430 3519 1471 3552 τό

563 3566 570 3576 ,

477 3567 535 3611 μὲν
561 3571 647 3608 εκεῖ,
675 3568 716 3599 τὰ
745 3566 778 3598 δ’
804 3568 847 3605 εἰς
874 3567 890 3599 ὃ
915 3566 1141 3611 μεταβάλλει·
1167 3561 1220 3597 διό
1251 3565 1309 3597 καὶ
1341 3565 1469 3608 μᾶλλον

477 3613 601 3648 κίνησις
634 3610 762 3646 κινήσει
791 3610 943 3643 ἐναντίον
970 3610 990 3647 ἦ
1017 3610 1188 3655 ἠρέμησις.
1221 3610 1287 3641 Καὶ
1312 3610 1385 3652 περὶ
1410 3608 1469 3652 μὲν

405 782 606 842 ΙΑπορῆσεῑε
631 791 660 828 δ’
683 796 721 828 ἄν
747 808 797 834 τις
822 791 882 829 3ῑᾶ
905 799 939 829 τί
965 797 998 829 ἓν
1024 797 1083 840 μὲν
1108 798 1153 839 τῇ
1178 798 1273 831 >ea-roe
1296 797 1404 830 τόπον
1422 810 1477 842 με·
1530 802 1548 821 *
1566 802 1729 834 Dubitabit
1751 810 1858 835 autem
1881 804 2004 846 aliquis,
2022 815 2118 846 quare
2141 805 2173 836 in
2190 806 2366 837 mutatione
2390 807 2520 848 quidem
2543 818 2590 840 se-

1599 847 1740 878 cundum
1769 848 1879 878 locum
1906 855 1980 879 sunt
2011 855 2042 880 et
2067 850 2244 880 secundum
2273 857 2419 882 naturam
2445 858 2477 883 et
2508 858 2592 884 extra

1597 897 1742 922 naturam
1766 898 1796 922 et
1823 892 1943 933 quietes
1966 899 1997 924 et
2019 900 2144 931 motus,
2167 893 2201 924 in
2225 894 2292 924 aliis
2315 902 2422 926 autem
2445 903 2530 927 non:
2555 903 2593 928 ut

1597 934 1749 974 alteratio,
1773 935 1850 966 haec
1868 936 1999 977 quidem
2022 937 2198 968 secundum
2219 945 2384 978 naturam,
2407 939 2461 970 illa
2484 947 2592 971 autem

1593 984 1677 1009 extra
1697 985 1851 1010 naturam.
1875 979 1963 1011 Nihil
1982 980 2067 1011 enim
2082 980 2181 1021 magis
2197 981 2317 1013 sanatio
2341 989 2396 1014 aut
2418 984 2590 1024 aegrotatio

1598 1022 1774 1053 secundum
1797 1029 1941 1054 naturam
1964 1030 2018 1055 aut
2038 1031 2120 1055 extra
2143 1031 2297 1064 naturam,
2314 1036 2418 1067 neque
2436 1027 2591 1059 dealbatio

1598 1072 1652 1096 aut
1676 1066 1857 1106 denigratio.
1883 1067 2031 1099 Similiter
2053 1075 2160 1099 autem
2183 1075 2230 1099 est
2252 1075 2283 1099 et
2304 1068 2338 1099 in
2366 1077 2537 1110 augmento
2561 1078 2592 1103 et

1597 1110 1815 1141 decremento:
1840 1121 1944 1152 neque
1968 1111 2053 1142 enim
2076 1112 2115 1142 ad
2136 1111 2271 1142 invicem
2289 1112 2322 1142 hi
2341 1113 2487 1144 contrarii
2505 1121 2591 1154 sunt,

1597 1160 1634 1184 ut
1656 1155 1832 1184 secundum
1855 1162 2000 1185 naturam
2023 1161 2078 1186 aut
2100 1161 2184 1186 extra
2210 1162 2367 1195 naturam,
2389 1166 2494 1197 neque
2516 1167 2591 1198 aug—

1598 1203 1743 1228 mentum
1767 1205 1948 1238 augmento.
1971 1199 2012 1229 Et
2034 1199 2067 1228 in
2083 1198 2283 1238 generatione
2305 1206 2412 1231 autern
2431 1207 2462 1231 et
2485 1211 2594 1232 corru-

1597 1240 1707 1280 ptione
1730 1242 1841 1271 eadem
1863 1241 1942 1272 ratio
1966 1248 2030 1272 est:
2055 1251 2158 1282 neque
2182 1241 2267 1273 enim
2287 1243 2445 1283 generatio
2461 1245 2595 1285 quidem

1598 1284 1775 1314 secundum
1798 1291 1960 1323 naturam,
1985 1285 2145 1326 corruptio
2178 1293 2284 1317 autem
2314 1293 2398 1318 extra
2425 1294 2591 1328 naturam;

1598 1337 1757 1358 senescere
1776 1327 1861 1358 enim
1885 1329 2061 1359 secundum
2083 1336 2228 1360 naturam
2252 1336 2307 1362 est.
2330 1331 2442 1372 Neque
2465 1341 2591 1372 genera-

1598 1371 1719 1401 tionem
1728 1371 1872 1402 videmus
1889 1372 1983 1402 aliam
1998 1372 2129 1414 quidem
2140 1374 2317 1405 secundum
2331 1381 2487 1415 naturam,
2497 1377 2592 1407 aliam

1597 1424 1673 1445 vero
1697 1421 1780 1446 extra
1803 1422 1956 1447 naturam.

1530 1457 1547 1477 *
1562 1459 1606 1489 At
1628 1459 1654 1489 si
1677 1465 1723 1489 est
1738 1460 1826 1500 quod
1839 1459 1989 1491 violentia
2006 1459 2052 1500 fit,
2067 1466 2153 1492 extra
2174 1468 2330 1501 naturam,
2344 1468 2420 1494 tunc
2434 1469 2465 1494 et
2487 1473 2592 1495 corru-

1597 1502 1665 1542 ptio
1689 1512 1770 1544 quae
1792 1503 1940 1543 violenta,
1965 1503 2021 1534 erit
2044 1505 2238 1545 corruptioni
2264 1506 2428 1546 contraria,
2451 1513 2488 1538 ut
2509 1517 2592 1548 quae

1598 1552 1682 1576 extra
1705 1553 1850 1578 naturam
1869 1547 1897 1578 ei
1921 1557 2002 1589 quae
2025 1554 2072 1579 est
2086 1549 2261 1580 secundum
2280 1556 2434 1582 naturam.
2458 1550 2543 1591 Ergo
2562 1557 2593 1582 et

1597 1590 1812 1630 generationes
1840 1592 1997 1632 quaedam
2027 1598 2102 1623 sunt
2122 1592 2297 1632 violentae,
2321 1600 2352 1624 et
2374 1604 2440 1625 non
2464 1594 2594 1626 fatatae:

1597 1633 1714 1674 quibus
1738 1635 1909 1666 contrariae
1941 1641 2015 1666 sunt
2042 1645 2096 1667 eae
2127 1646 2209 1677 quae
2232 1638 2408 1668 secundum
2435 1645 2594 1670 naturam*

1596 1678 1638 1709 Et
1659 1685 1829 1718 augmenta
1852 1686 1925 1710 sunt
1939 1679 2077 1711 violenta
2093 1686 2124 1711 et
2142 1681 2355 1720 decrementa;
2372 1689 2408 1713 ut
2423 1688 2593 1722 augmenta

1597 1731 1679 1762 quae
1699 1723 1847 1754 velociter
1862 1730 1990 1764 propter
2005 1723 2192 1755 alimentum
2207 1725 2448 1765 pubescentium
2462 1733 2546 1766 sunt,
2561 1732 2592 1758 et

1597 1765 1696 1796 tritica
1719 1765 1781 1797 cito
1803 1767 1934 1798 adaucta
1957 1774 1987 1798 et
2016 1777 2083 1798 non
2111 1768 2285 1800 constricta.
2311 1769 2328 1788 *
2353 1769 2388 1800 In
2411 1769 2593 1802 alteratione

1597 1815 1703 1840 autem
1719 1809 1872 1851 qualiter?
1894 1813 1960 1842 Aut
1975 1811 2125 1842 similiter.
2142 1812 2244 1843 Erunt
2258 1812 2342 1843 enim
2363 1813 2440 1844 aliae
2463 1813 2595 1855 quidem

1595 1853 1767 1892 violentae,
1785 1854 1862 1885 aliae
1893 1865 1967 1885 vero
1991 1855 2165 1894 naturales3
2190 1862 2226 1886 ut
2249 1856 2368 1887 dimissi
2391 1866 2457 1887 non
2479 1857 2513 1888 in
2536 1857 2593 1889 cri-

1596 1897 1664 1928 ticis
1680 1897 1801 1937 diebus,
1814 1898 1865 1928 alii
1884 1905 1991 1930 autem
2009 1899 2042 1929 in
2061 1899 2186 1930 criticis:
2210 1899 2256 1930 illi
2276 1900 2407 1941 quidem
2431 1906 2516 1932 extra
2537 1911 2598 1933 na-

1596 1947 1700 1972 turam
1724 1942 1903 1981 alterantur‚
1926 1942 1960 1973 hi
1981 1952 2056 1973 vero
2080 1943 2255 1974 secundum
2278 1950 2433 1976 naturam.

1529 1983 1631 2016 Erunt
1649 1985 1744 2025 igitur
1766 1986 1984 2026 corruptiones
2008 1987 2178 2018 contrariae
2200 1987 2239 2017 ad
2253 1987 2399 2027 invicem,
2415 1998 2482 2019 non
2496 1998 2591 2029 gene-

1595 2029 1720 2060 rationi.
1745 2030 1786 2060 Et
1801 2030 1879 2071 quid
1901 2029 2065 2070 prohibet?
2088 2031 2144 2062 Est
2164 2031 2248 2061 enirn
2270 2037 2305 2062 ut
2324 2031 2383 2062 sic:
2409 2038 2439 2063 et
2454 2042 2593 2074 namque

1596 2073 1621 2103 si
1644 2073 1721 2104 haec
1744 2074 1875 2114 quidem
1898 2074 2010 2113 dulcis,
2033 2074 2086 2104 illa
2107 2085 2183 2105 vero
2206 2075 2301 2105 tristis
2321 2082 2376 2106 est.
2402 2076 2507 2113 Quare
2523 2086 2590 2108 non

1596 2117 1778 2157 simpliciter
1801 2118 1996 2158 corruptioni
2016 2118 2175 2158 corruptio
2199 2118 2352 2149 contraria
2367 2126 2424 2158 est,
2443 2120 2499 2150 sed
2513 2120 2591 2152 haec

1595 2161 1727 2201 quidem
1750 2161 1945 2200 huiusmodi,
1969 2162 2028 2192 alia
2051 2172 2126 2192 vero
2149 2162 2333 2193 huiusmodi
2356 2163 2470 2194 harum
2492 2170 2548 2195 est.

1528 2202 1543 2219 *
1568 2204 1710 2235 Omnino
1735 2205 1865 2245 quidem
1888 2205 1982 2245 igitur
2005 2205 2151 2236 contrarii
2174 2213 2282 2237 motus
2306 2213 2336 2237 et
2359 2207 2479 2247 quietes
2507 2207 2592 2239 dicto

1595 2249 1695 2279 modo
1711 2255 1799 2288 sunt3
1817 2256 1852 2280 ut
1867 2249 1923 2290 qui
1942 2256 1988 2280 est
2010 2259 2147 2287 sursum,
2163 2250 2191 2280 ei
2206 2250 2262 2291 qui
2277 2256 2323 2281 est
2341 2251 2506 2282 deorsum:
2529 2251 2593 2282 loci

1595 2293 1680 2323 enim
1700 2293 1930 2324 contrarietates
1946 2293 2004 2324 hae
2020 2300 2103 2324 sunt.
2123 2294 2235 2324 Fertur
2248 2301 2355 2325 autem
2373 2305 2500 2326 sursum
2518 2295 2588 2336 qui-

1595 2337 1669 2367 dem
1684 2343 1776 2367 motu
1795 2343 1905 2367 natura
1928 2337 2023 2377 ignis,
2048 2338 2197 2368 deorsum
2211 2347 2286 2368 vero
2302 2344 2401 2368 terra:
2426 2345 2456 2370 et
2471 2345 2592 2370 contra-

1594 2381 1657 2411 riae
1673 2381 1817 2421 ipsorum
1839 2380 1902 2411 loci
1925 2381 2116 2411 mutationes
2131 2387 2213 2412 sunt.
2231 2381 2314 2421 Ignis
2337 2389 2444 2413 autem
2462 2392 2589 2424 sursum

1595 2424 1725 2465 quidem
1741 2431 1866 2463 natura,
1883 2424 2032 2455 deorsum
2054 2431 2161 2455 autem
2184 2431 2268 2455 extra
2291 2431 2450 2456 naturam:
2468 2432 2500 2457 et
2513 2436 2589 2457 con-

1593 2468 1704 2498 trarius
1720 2468 1851 2508 quidem
1866 2474 1973 2498 motus
1990 2468 2045 2509 qui
2061 2474 2107 2499 est
2121 2469 2296 2499 secundum
2312 2475 2458 2500 naturam
2475 2469 2586 2510 ipsius,

1595 2512 1623 2542 ei
1639 2511 1694 2552 qui
1721 2518 1767 2542 est
1790 2518 1873 2542 extra
1896 2519 2050 2543 naturam.
2074 2512 2091 2531 *
2113 2512 2154 2542 Et
2176 2512 2297 2553 quietes
2320 2513 2415 2544 etiam
2438 2513 2591 2545 similiter.

1594 2556 1684 2593 Quae
1701 2566 1839 2596 namque
1856 2563 1902 2586 est
1920 2566 2046 2586 sursum
2061 2555 2162 2596 quies,
2179 2556 2207 2586 ei
2223 2556 2278 2596 qui
2295 2563 2341 2587 est
2359 2557 2397 2587 de
2411 2567 2538 2588 sursum
2556 2557 2590 2588 in

1594 2600 1744 2630 deorsum
1767 2599 1869 2630 motui
1889 2599 2042 2630 contraria
2064 2606 2126 2630 est:
2144 2606 2190 2630 est
2213 2607 2319 2631 autern
2337 2607 2435 2631 terrae
2448 2601 2502 2631 illa
2519 2601 2591 2642 qui-

1594 2643 1667 2674 dem
1690 2643 1779 2684 quies
1798 2649 1882 2674 extra
1906 2650 2061 2681 naturam,
2077 2650 2185 2674 motus
2212 2650 2319 2674 autem
2341 2644 2392 2675 hic
2414 2645 2591 2676 secundum

1594 2694 1748 2719 naturam.
1780 2687 1885 2724 Quare
1909 2687 2011 2718 motui
2035 2687 2123 2728 quies
2147 2688 2300 2718 contraria
2324 2695 2370 2718 est
2393 2695 2476 2719 extra
2498 2695 2591 2722 natu-

1593 2741 1676 2769 ram,
1700 2731 1728 2761 ei
1756 2731 1811 2771 qui
1843 2737 1889 2762 est
1920 2731 2096 2762 secundum
2127 2738 2272 2762 naturam
2298 2732 2453 2763 eiusdem:
2482 2739 2590 2764 motus

1594 2775 1710 2806 etenim
1733 2775 1874 2805 eiusdem
1898 2775 2070 2806 contrarius
2094 2774 2137 2805 sic
2161 2782 2215 2806 est.
2239 2775 2312 2806 Alia
2331 2775 2461 2816 quidem
2480 2786 2590 2808 secun-

1594 2819 1673 2849 dum
1692 2825 1836 2849 naturam
1863 2819 2003 2859 ipsarum
2027 2818 2083 2849 erit
2106 2829 2232 2850 sursum
2255 2826 2310 2850 aut
2337 2820 2506 2860 deorsum,
2530 2820 2590 2852 alia

1594 2869 1701 2894 autem
1725 2869 1807 2893 extra
1830 2869 1984 2893 naturam.

1526 2907 1544 2926 *
1559 2908 1663 2938 Habet
1678 2914 1785 2938 autem
1800 2906 2040 2945 dubitationem,
2057 2906 2083 2936 si
2107 2913 2153 2937 est
2175 2907 2280 2937 omnis
2296 2907 2409 2947 quietis
2425 2917 2507 2948 quae
2522 2917 2589 2938 non

1595 2960 1718 2991 semper
1748 2957 1812 2989 est,
1836 2950 2016 2990 generatio;
2041 2957 2071 2981 et
2093 2951 2154 2981 hoc
2177 2950 2284 2990 ipsum
2307 2957 2396 2981 stare.
2430 2951 2586 2982 Manentis

1594 2994 1688 3034 igitur
1711 3001 1794 3024 extra
1817 3001 1972 3032 naturam,
1997 3001 2032 3024 ut
2054 3001 2152 3024 terrae
2176 3004 2313 3033 sursum,
2337 2994 2394 3025 erit
2415 2994 2586 3034 generatio.

1595 3038 1681 3068 Cum
1704 3047 1778 3077 ergo
1802 3037 1956 3068 ferebatur
1976 3047 2102 3068 sursum
2124 3037 2283 3076 violentia,
2303 3037 2395 3069 stetit.
2420 3037 2481 3068 Sed
2499 3039 2588 3079 quod

1595 3088 1672 3120 stat,
1696 3091 1819 3121 semper
1841 3081 1964 3111 videtur
1994 3080 2065 3111 ferri
2087 3081 2244 3112 velocius:
2273 3081 2361 3122 quod
2389 3088 2496 3112 autem
2518 3082 2588 3113 vio-

1594 3125 1688 3156 lentia
1711 3132 1766 3163 est,
1792 3125 1983 3155 contrarium
2007 3131 2061 3155 est.
2086 3125 2160 3155 Non
2179 3125 2298 3156 factum
2317 3135 2391 3165 ergo
2407 3125 2583 3166 quiescens,

1595 3169 1651 3199 erit
1673 3169 1846 3209 quiescens

1528 3213 1687 3253 Amplius,
1710 3212 1834 3243 videtur
1855 3212 1961 3252 ipsum
1989 3218 2068 3243 stare
2096 3218 2151 3243 aut
2181 3212 2315 3243 omnino
2343 3222 2409 3243 esse
2432 3213 2465 3243 in
2487 3213 2587 3254 ipsius

1593 3257 1702 3289 locum
1724 3255 1806 3295 ferri,
1830 3263 1884 3287 aut
1907 3255 2043 3287 accidere
2067 3255 2171 3287 simul.

1526 3300 1543 3320 *
1559 3301 1663 3332 Habet
1681 3307 1786 3331 autem
1802 3300 2041 3339 dubitationem,
2059 3300 2084 3330 si
2099 3300 2251 3331 contraria
2266 3307 2313 3331 est
2327 3300 2416 3341 quies
2440 3310 2521 3342 quae
2541 3307 2587 3332 est

1592 3344 1654 3383 hic,
1678 3344 1733 3385 qui
1757 3344 1830 3375 hinc
1853 3351 1899 3375 est
1922 3344 2035 3375 motui.
2060 3343 2146 3376 Cum
2169 3344 2254 3375 enim
2277 3351 2442 3375 moveatur
2464 3354 2501 3375 ex
2523 3344 2586 3375 hoc

1593 3395 1647 3419 aut
1670 3388 1834 3427 reficiatur,
1851 3388 1954 3419 adhuc
1976 3388 2099 3419 videtur
2120 3388 2232 3419 habere
2248 3388 2337 3429 quod
2356 3388 2512 3419 abiectum
2527 3394 2582 3419 est.

1593 3433 1714 3470 Quare,
1738 3432 1763 3462 si
1787 3432 1862 3462 haec
1886 3432 1975 3473 quies
1999 3432 2152 3463 contraria
2175 3439 2221 3463 est
2243 3432 2271 3463 ei
2301 3432 2356 3473 qui
2379 3432 2452 3463 hinc
2483 3438 2530 3462 est
2551 3431 2583 3462 in

1592 3476 1783 3507 contrarium
1806 3476 1919 3514 motui,
1944 3476 2039 3507 simul
2063 3482 2154 3507 erunt
2177 3476 2340 3507 contraria.

1525 3523 1590 3551 Aut
1609 3521 1716 3562 aliquo
1741 3520 1839 3550 modo
1863 3520 2006 3561 quiescit,
2031 3520 2206 3551 secundum
2228 3520 2317 3561 quod
2339 3518 2442 3550 adhuc
2464 3524 2581 3549 manet.

1591 3564 1734 3595 Omnino
1758 3570 1864 3595 autem
1888 3563 1954 3594 eius
1978 3563 2067 3604 quod
2090 3570 2246 3601 movetur,
2271 3562 2356 3594 aliud
2379 3561 2508 3604 quidem
2526 3561 2580 3600 ibi,

1591 3608 1676 3639 aliud
1700 3614 1806 3639 autem
1829 3614 1875 3638 est
1893 3607 1925 3638 in
1949 3607 2038 3648 quod
2061 3614 2209 3638 mutatur.
2231 3606 2323 3638 Unde
2347 3612 2377 3637 et
2395 3605 2494 3646 magis
2510 3614 2580 3635 mo-

2616 814 2628 826 ·
2649 814 2704 843 Seq.
2725 820 2778 844 cap.
2798 821 2829 838 vt.
2874 847 2876 850 v

2617 840 2685 863 Text.
2699 840 2734 869 56.

2617 1470 2630 1482 ⁴
2643 1469 2710 1493 Text.
2725 1475 2762 1498 57.

2619 1776 2631 1788 ⁴*
2644 1775 2712 1798 Text.
2725 1776 2761 1804 58.

2618 2219 2631 2231 ⁸
2643 2219 2712 2243 Text.
2725 2226 2762 2249 59.

2616 2520 2626 2531 ·
2641 2520 2709 2543 Text.
2724 2521 2764 2543 60.

2615 2913 2708 2936 'Text
2723 2913 2756 2936 61.

2612 3307 2622 3318 ·
2636 3307 2702 3331 Text.
2718 3308 2760 3332 62-
