2982 4022
8 1827 35 1866 ’,-
85 1835 94 1845 ”
108 1839 138 1856 ea
151 1839 201 1856 om.
215 1833 269 1856 rab.

8 1867 36 1915 ἒ
83 1886 96 1898 ⁸
107 1886 180 1908 Num.
189 1892 239 1914 seq.

99 1991 121 2014 z

122 1990 296 2039 nand&

128 2060 134 2066 .
147 2043 226 2072 1:5‚qui
239 2050 288 2065 om.

83 2023 136 2067 ἒξ

85 2404 96 2418 ⁸¹
109 2405 180 2428 Num.
194 2412 244 2434 seq.

0 2514 1 2518 ’
38 2510 50 2546 [ζ
83 2517 170 2539 'Leon
188 2517 294 2545 praeced.

83 2569 96 2582 ⁶
107 2570 190 2598 μία...
205 2571 294 2591 tantum

33 2603 52 2624 22
83 2601 132 2618 om.
147 2601 169 2618 c.
183 2618 187 2622 ,

35 2630 51 2647 ,-
83 2625 92 2633 ·
106 2628 193 2652 ergog..
206 2624 294 2644 tannem

32 2659 41 2675 [ι
83 2654 133 2671 om.
145 2656 168 2672 R·

0 2865 1 2873 l
28 2862 45 2873 ¹4¹2

0 2876 1 2886 ¹
26 2874 49 2913 §21⁴
82 2881 93 2892 ·
106 2881 175 2903 hidas
188 2881 240 2903 rab.

26 2941 38 2966 ,⁶2⁷
82 2941 94 2953 ‘
103 2945 214 2971 sequetur
223 2942 293 2965 codd.

40 2990 47 2995 ,s
82 2974 132 2991 nc.
146 2971 272 2996 annotat).

27 3002 36 3018 a
81 2996 91 3005 “’
105 2995 221 3023 rationem
244 3002 293 3017 om.

20 3018 39 3056 ξ
83 3021 152 3043 codd.
169 3027 220 3043 exc.
234 3028 293 3043 nnec.
307 3044 310 3046 ,

17 3063 41 3108 ,⁴⁴¹
81 3074 94 3086 ⁶
103 3063 185 3102 prima
200 3080 248 3095 om.
263 3079 293 3095 er

26 3138 37 3155 5·
78 3105 179 3148 &Leon
186 3126 293 3153 praeced.

24 3158 39 3164 ⁴-
82 3158 105 3174 n.
116 3158 137 3180 3.
152 3164 163 3168 -
177 3154 240 3174 sicut
251 3159 292 3173 su-

37 3184 39 3187 ⁴
79 3179 162 3206 persus
176 3185 212 3200 m.
223 3190 233 3195 —
248 3185 293 3200 au-

24 3226 29 3230 ,
39 3211 41 3215 ⁴
82 3207 128 3227 tem
141 3211 190 3227 om.
203 3211 240 3227 Ec.

22 3241 25 3250 r

1178 276 1385 323 CAP.VL

317 356 411 400 ’Ἀμα
435 351 473 388 δὲ
503 357 562 387 καὶ
595 350 765 388 ἀδύνατον
799 356 931 392 πλείους
963 351 1048 386 εἶναι
1081 352 1293 389 ἐναντιώσεις
1323 352 1387 389 τοὶς

392 399 540 444 πρώτας·
569 399 589 436 ἡ
615 399 679 446 γὰρ
705 400 803 431 οὐσία
830 398 862 431 ἕν
887 410 921 431 τι
945 397 1040 444 γένος
1072 398 1143 429 ἐστὶ
1174 397 1236 428 τοῦ
1268 396 1386 437 ὄντος,

390 443 477 477 ὥστε
503 443 551 484 τῷ
578 443 740 488 πρότερον
764 446 822 475 καὶ
848 441 986 486 ὕστερον
1017 437 1197 473 διοίσουσιν
1231 440 1385 476 ἀλλήλων

393 491 427 520 αἱ
454 489 558 533 ἀρχαὶ
590 487 712 532 μόνον,
741 488 810 520 ἀλλ’
839 488 875 519 οὐ
902 487 949 527 τῷ
981 485 1082 531 γένει·
1115 485 1165 517 ἀεὶ
1190 484 1254 530 γάρ
1282 484 1313 516 ἐν
1341 485 1386 515 ἑνὶ

390 532 481 579 γένει
505 535 566 576 μία
592 533 783 569 ἐναντίωσίς
802 530 905 572 ἐστιν,
925 531 1034 563 πᾶσαί
1057 541 1094 562 τε
1118 531 1152 560 αἱ
1171 527 1385 565 ἐναντιώσεις

393 576 579 623 ἀνοίγεσθαι
603 573 758 609 δοκοῦσιν
783 576 828 613 εἰς
852 578 943 619 μίαν.
974 574 1051 606 “Ort
1076 573 1135 616 μὲν
1161 571 1217 604 οὖν
1247 572 1327 604 οὔτε
1353 573 1385 604 ἓν

392 622 433 655 τὸ
465 625 634 664 στοιχεῖον
667 621 745 654 οὔτε
774 621 878 652 πλείω
911 614 1001 650 δυοῖν
1032 616 1052 654 ἦ
1078 618 1198 661 τριῶν,
1231 616 1384 660 φανερόν·

390 666 524 700 τούτων
549 664 587 700 δὲ
612 665 770 709 πότερον,
795 661 950 705 καθάπερ
975 664 1125 706 εἴπομεν,
1155 662 1298 705 ἀπορίαν
1317 660 1386 704 ἔχει

392 709 538 748 πολλήν.

383 850 531 877 Smopsts.
554 864 589 869 —
623 857 647 876 1.
668 847 880 884 Argumentum
901 852 930 874 et
949 844 1051 874 divisio
1072 851 1173 873 textus.
1196 862 1214 866 -
1240 852 1267 873 2.
1288 845 1385 873 Unum

322 895 435 919 tantum
455 887 629 925 principium
648 896 758 923 ponere
778 886 956 923 impossibile
977 891 1027 920 est,
1050 884 1119 921 quia
1132 884 1226 921 prima
1246 883 1386 920 principia

322 927 467 958 contraria
487 934 563 962 sunt,
578 933 606 955 et
619 926 690 955 nihil
711 932 754 954 est
767 926 821 954 sibi
835 926 890 963 ipsi
904 925 1090 954 contrarium.
1106 941 1125 946 -
1141 925 1166 952 3.
1181 924 1294 952 Infinita
1307 923 1386 960 prin-

322 967 397 1004 cipia
417 976 527 1004 ponere
547 966 725 1003 impossibile
739 972 782 994 est
803 975 837 993 ex
858 971 983 1002 quatuor
1003 963 1179 992 rationibus:
1202 965 1229 999 a)
1252 963 1328 998 Quia
1342 963 1386 990 in-

321 1007 435 1036 finitum
457 1007 629 1044 inquantum
650 1005 818 1034 huiusmodi
839 1011 881 1033 est
901 1004 1050 1041 ignotum,
1079 1010 1107 1031 et
1134 1012 1167 1031 ex
1188 1002 1294 1039 ignotis
1315 1002 1388 1030 nihil

322 1047 419 1076 scitur.
434 1063 455 1068 —
474 1055 502 1082 4.
525 1047 553 1082 b)
575 1045 652 1080 Quia
671 1045 766 1082 prima
786 1044 930 1073 contraria
953 1050 1020 1072 sunt
1039 1043 1126 1071 unius
1142 1042 1228 1079 primi
1258 1042 1385 1079 generis,

322 1086 404 1123 quod
431 1092 473 1114 est
493 1085 661 1114 substantia.
676 1101 695 1107 -
718 1085 744 1113 5.
766 1085 792 1120 c)
815 1085 892 1119 Quia
911 1084 992 1120 quod
1012 1089 1108 1120 potest
1134 1091 1187 1119 per
1207 1082 1288 1110 finita
1308 1081 1385 1117 fieri,

321 1135 384 1154 non
405 1126 490 1154 debet
503 1125 574 1162 poni
594 1124 656 1153 fieri
669 1134 722 1161 per
738 1123 858 1152 infinita.
873 1140 892 1145 -
907 1124 934 1151 6.
956 1123 986 1158 d)
1009 1122 1083 1158 Quia
1093 1122 1116 1150 si
1131 1121 1271 1158 principia
1292 1126 1387 1149 essent

321 1165 451 1201 infinita,
480 1171 647 1201 sequeretur
671 1164 752 1201 quod
782 1163 882 1192 omnia
905 1162 1049 1191 contraria
1076 1167 1171 1190 essent
1197 1160 1345 1198 principia.
1367 1177 1387 1182 -

322 1214 350 1242 7.
373 1206 456 1240 Quae
475 1204 669 1241 Philosophus
690 1210 802 1232 tantum
822 1209 905 1240 urget
924 1211 959 1230 ex
983 1201 1180 1238 probabilibus
1201 1201 1385 1237 disputando,

321 1245 498 1273 assumendo
519 1253 625 1280 nempe
647 1253 720 1281 quae
734 1243 867 1271 videntur
886 1241 1027 1279 pluribus,
1042 1247 1070 1269 et
1087 1250 1149 1269 non
1170 1247 1237 1268 sunt
1257 1240 1328 1268 falsa
1342 1249 1385 1268 se-

321 1284 451 1312 cundum
471 1289 575 1319 totum,
590 1284 641 1311 sed
661 1289 728 1311 sunt
748 1283 907 1311 secundum
934 1287 1044 1318 partem
1065 1289 1140 1309 vera.
1163 1297 1183 1301 -
1204 1281 1232 1308 8.
1255 1279 1388 1307 Subdivi-

322 1323 366 1351 sio
393 1329 486 1351 textus
507 1329 535 1351 et
554 1322 661 1359 positio
690 1322 794 1351 thesis.-
814 1322 895 1359 quod
921 1320 1061 1358 principia
1087 1329 1183 1348 rerum
1212 1319 1386 1347 naturalium

321 1372 383 1391 non
403 1362 460 1391 sint
480 1363 549 1398 duo,
564 1360 621 1390 sed(
629 1362 691 1390 tria.
707 1378 726 1395 ,-
740 1371 768 1398 9.
785 1362 926 1390 Probatur
945 1360 1101 1397 tripliciter.
1116 1361 1144 1395 a)
1159 1361 1226 1387 Duo
1246 1358 1387 1396 principia

320 1411 383 1430 non
412 1400 559 1431 sufficiunt
585 1408 618 1430 ut
644 1401 757 1438 possint
778 1401 877 1430 omnia
897 1400 968 1428 fieri.
991 1401 1066 1428 Nam
1090 1409 1182 1427 unum
1212 1398 1386 1435 principium

321 1451 383 1470 non
403 1442 470 1470 facit
489 1441 599 1479 aliquid
619 1451 653 1469 ex
673 1441 763 1469 altero
790 1440 948 1477 principio,
969 1449 995 1467 e.
1017 1449 1059 1476 gr.
1081 1438 1207 1467 densitas
1234 1447 1295 1466 non
1322 1437 1388 1466 facit

321 1481 431 1518 aliquid
452 1490 486 1509 ex
505 1481 635 1516 raritate,
652 1481 701 1508 ·vel
722 1480 879 1509 concordia
901 1489 936 1508 ex
957 1478 1114 1514 discordia3
1137 1479 1188 1506 sed
1208 1486 1325 1506 necesse
1346 1483 1388 1505 est

320 1521 392 1558 poni
405 1521 522 1549 tertium
543 1521 663 1558 aliquod
677 1526 709 1548 ut
723 1519 883 1548 subiectum
905 1518 1126 1548 contrariorum.
1141 1534 1160 1539 -
1178 1526 1221 1546 10.
1241 1518 1268 1553 b)
1283 1517 1387 1545 Positis

441 1711 449 1716 “
464 1710 484 1767 ᾖ
586 1718 773 1766 inquirere
795 1717 840 1753 de
861 1728 1024 1753 numero
1049 1728 1196 1752 eorum.
1218 1716 1268 1751 Et
1287 1714 1384 1751 circa

399 1803 404 1805 .
448 1766 479 1810 ”2
526 1765 660 1807 s'vhoe
696 1769 765 1806 tria
797 1769 907 1806 facit:
944 1769 1070 1817 primo
1105 1775 1238 1806 movet
1269 1780 1384 1816 quae-

321 1823 506 1869 stionem;
536 1822 705 1860 secundo
731 1822 893 1859 excludit
921 1834 966 1859 ea
982 1823 1001 1843 *
1021 1834 1119 1870 quae
1143 1834 1222 1859 non
1246 1821 1386 1857 cadunt

321 1877 392 1913 sub
421 1876 653 1924 quaestione,
682 1875 755 1911 ibi:
790 1877 915 1912 Unum
944 1875 1091 1923 quidem
1110 1876 1131 1897 ³⁸
1159 1882 1245 1920 etc.;
1275 1873 1382 1910 tertio

320 1929 564 1978 prosequitur
581 1928 864 1977 quaestionem,
888 1927 959 1964 ibi:
991 1928 1177 1970 Quoniam
1197 1932 1322 1964 autem
1331 1928 1384 1974 fi-

321 1982 399 2019 nita
419 1983 439 2003 ’⁸
469 1989 536 2018 etc.
566 1981 667 2018 Dicit
694 1993 783 2028 ergo
802 1981 928 2030 primo
949 1981 1053 2029 quod
1071 1989 1160 2030 post
1177 1979 1383 2029 inquisitio-

320 2047 411 2072 nem
445 2034 492 2072 de
525 2034 784 2071 contrarietate
816 2034 1110 2083 principiorum,
1146 2046 1383 2082 consequens

321 2095 377 2124 est
404 2087 592 2135 inquirere
623 2087 671 2124 de
700 2099 860 2124 numero
895 2099 1050 2133 eorum,
1088 2094 1215 2124 utrum
1244 2086 1384 2123 scilicet

322 2140 396 2177 sint
423 2140 500 2177 duo
530 2146 594 2175 aut
619 2140 689 2176 tria
716 2146 782 2176 aut
806 2140 925 2187 plura.

377 2203 412 2228 2.
433 2191 582 2228 Deinde
596 2197 613 2212 α
639 2204 727 2228 cum
747 2191 850 2228 dicit:
875 2193 1001 2228 Unum
1016 2191 1164 2239 quidem
1184 2192 1283 2227 enim
1299 2199 1381 2238 etc.,

323 2243 485 2280 excludit
513 2256 558 2280 ea
585 2256 683 2292 quae
713 2256 791 2280 non
819 2243 960 2281 cadunt
987 2245 1057 2280 sub
1077 2244 1316 2292 quaestione:
1348 2252 1384 2281 et

321 2297 446 2346 primo
480 2296 585 2345 quod
617 2309 695 2333 non
727 2297 773 2333 sit
803 2303 950 2333 tantum
978 2309 1099 2333 unum
1132 2296 1381 2345 principium3

322 2348 491 2386 secundo
511 2349 614 2397 quod
643 2361 722 2386 non
749 2349 822 2386 sint
839 2349 1004 2396 infinita,
1034 2349 1106 2386 ibi:
1134 2350 1288 2397 Infinita
1317 2362 1383 2386 au-

322 2407 394 2438 tem
413 2413 488 2438 non
505 2403 525 2423 *
553 2409 622 2438 etc.
651 2402 751 2438 Dicit
770 2414 860 2449 ergo
879 2402 1004 2450 primo
1025 2403 1130 2451 quod
1148 2402 1382 2450 impossibile

321 2461 378 2491 est
405 2467 487 2491 esse
505 2467 627 2491 unum
653 2454 881 2503 principium
909 2462 1067 2492 tantum.
1090 2456 1298 2492 Ostensum
1328 2464 1383 2493 est

321 2507 423 2544 enim
440 2508 460 2528 ’¹‘
485 2507 590 2556 quod
607 2507 792 2556 principia
811 2515 897 2544 sunt
916 2508 1117 2553 contraria3
1148 2508 1217 2545 sed
1236 2516 1381 2545 contra-

321 2559 375 2596 ria
402 2572 480 2597 non
508 2566 595 2602 sunt
620 2573 742 2597 unum
770 2568 928 2607 tantum,
958 2561 1080 2609 quia*
1109 2561 1200 2598 nihil
1229 2569 1284 2598 est
1312 2562 1382 2598 sibi

319 2612 390 2662 ipsi
409 2613 661 2657 contrarium
691 2625 780 2661 ergo
797 2615 816 2635 ’³‘
844 2613 1027 2662 principia
1050 2627 1128 2651 non
1154 2621 1240 2651 sunt
1258 2627 1379 2652 unum

320 2673 478 2703 tantum.

375 2719 410 2755 3.
439 2717 587 2755 Deinde
617 2730 706 2754 cum
735 2717 842 2755 dicit:
871 2719 1024 2766 Infinita
1052 2725 1176 2756 autem
1201 2731 1275 2756 non
1297 2727 1379 2767 etc.,

320 2770 482 2807 ostendit
501 2770 606 2819 quod
633 2783 711 2807 non
739 2779 825 2807 sunt
842 2771 988 2808 infinita
1005 2772 1190 2821 principia
1218 2780 1380 2820 quatuor

320 2823 541 2861 rationibus:
571 2835 732 2871 quarum
750 2823 874 2871 prima
902 2824 983 2861 talis
1008 2833 1073 2862 est.
1104 2825 1296 2863 Infinitum
1324 2826 1379 2863 in-

285 2908 295 2912 ,
320 2883 504 2925 quantum
522 2876 743 2913 huiusmodi
760 2877 780 2897 *
809 2884 864 2913 est
882 2877 1072 2924 ignotum;
1100 2879 1132 2915 'si
1150 2879 1260 2926 igitur
1277 2879 1378 2927 prin-

319 2928 416 2978 cipia
444 2935 530 2966 sunt
555 2928 716 2975 infinita,
744 2928 922 2977 oportetss
951 2943 996 2967 ea
1024 2943 1106 2967 esse
1133 2931 1281 2979 ignota:
1312 2933 1378 2970 sed

318 2981 495 3029 ignoratis
509 2981 711 3029 principiis,
727 2981 945 3029 ignorantur
960 2996 1004 3020 ea
1023 2997 1121 3032 quae
1141 2993 1227 3022 sunt
1242 2997 1286 3022 ex
1306 2986 1376 3032 eis;

320 3046 408 3081 ergo
438 3034 605 3082 sequitur
625 3035 644 3055 ²¹⁴
673 3035 776 3083 quod
796 3035 885 3072 nihil
913 3036 951 3072 in
971 3037 1117 3074 mundo
1143 3039 1262 3087 possit
1281 3038 1375 3076 sciri.

371 3098 409 3133 4.
431 3087 650 3124 Secundam
678 3087 862 3125 rationem
879 3090 899 3108 ἢ
926 3089 1034 3137 ponit
1061 3090 1133 3127 ibi:
1161 3093 1213 3128 Et
1229 3098 1284 3128 est
1301 3104 1376 3129 una

319 3140 564 3176 contrarietas
592 3147 679 3176 etc.:
709 3152 807 3188 quae
826 3141 906 3178 talis
926 3149 992 3179 est.
1021 3143 1208 3192 Principia
1229 3152 1378 3193 oportet

320 3204 402 3228 esse
419 3191 543 3240 prima
557 3192 577 3213 ³⁸
606 3193 807 3241 contraria,
826 3201 869 3230 ut
887 3206 1001 3243 supra
1017 3196 1059 3217 *²¹²
1088 3203 1283 3234 ostensum
1304 3205 1375 3244 est;

374 3322 401 3354 α)
422 3321 525 3346 Deinde
543 3328 602 3346 cum
621 3327 696 3347 etc.-
710 3322 813 3348 Deinde
832 3323 952 3348 excludit
970 3331 1002 3349 ea
1021 3325 1073 3355 ΗΖ,
1087 3324 1245 3350 intermediis
1258 3326 1376 3356 omissis;

320 3357 397 3381 iidem
415 3356 441 3381 in
460 3356 582 3389 principio
601 3357 733 3389 sequentis
747 3358 855 3382 numeri:
870 3358 933 3390 (om.
949 3359 1078 3384 Deinde...
1093 3359 1218 3394 ostendit)
1240 3360 1294 3385 Sed
1307 3361 1378 3393 quod

320 3399 371 3416 non
391 3394 454 3416 sunt
472 3391 576 3424 infinita
594 3392 711 3416 ostendit
728 3395 843 3424 quatuor
861 3393 1017 3418 rationibus.

373 3425 399 3460 β)
420 3429 525 3458 oportet
537 3426 608 3451 sciri.
617 3440 636 3446 —-
645 3427 695 3451 Pro
707 3426 747 3451 his
759 3427 845 3452 verbis
861 3427 903 3452 RZ
918 3427 1022 3458 habent,
1035 3435 1100 3461 ergo
1119 3432 1146 3453 et
1163 3429 1265 3462 ignota,
1285 3433 1312 3454 et
1322 3437 1374 3461 per

319 3468 480 3494 consequens
493 3468 524 3485 ea
538 3468 605 3493 quae
618 3464 681 3486 sunt
694 3468 732 3486 ex
745 3461 789 3490 eis,
804 3466 831 3486 et
843 3462 882 3487 sic
894 3463 961 3487 nihil
975 3463 1000 3487 in
1016 3463 1114 3488 mundo
1130 3464 1232 3495 poterit
1251 3464 1323 3489 sciri.

368 3493 400 3530 ’γ)
415 3496 542 3528 primam.
560 3510 579 3514 -
597 3497 653 3520 Hoc
671 3496 779 3521 verbum
798 3505 850 3521 om.
865 3498 940 3522 codd.
955 3505 1007 3522 exc.
1026 3498 1192 3523 FLMNRSZ.
1204 3513 1222 3516 —
1235 3499 1298 3523 Post
1315 3506 1377 3524 con-

320 3531 486 3556 trarietatem
501 3531 522 3555 E
538 3539 617 3563 marg.
633 3531 747 3557 additur:
767 3531 822 3556 Sed
835 3532 927 3564 prima
945 3533 1083 3557 contraria
1101 3533 1126 3557 in
1146 3530 1377 3566 genere'substan-

320 3566 374 3591 tiae
391 3566 545 3598 simpliciter
562 3569 625 3590 sunt
638 3566 766 3598 ponenda
780 3567 923 3598 posterius,
938 3571 1035 3592 etcum
1049 3567 1115 3592 talia
1134 3576 1184 3593 non
1204 3569 1258 3593 sint
1271 3569 1377 3601 infinita

320 3601 368 3626 sed
386 3601 438 3626 duo
457 3604 570 3630 tantum,
585 3601 722 3633 principia
741 3609 792 3626 non
812 3605 891 3627 erunt
909 3602 1021 3635 infinita.

1416 277 1566 312 LECT.
1596 278 1648 313 XI

2454 279 2502 326 37

1441 354 1544 386 Simul
1567 362 1674 385 autem
1697 361 1727 386 et
1749 355 1945 395 impossibile
1968 363 2014 386 est
2041 355 2146 396 plures
2175 366 2242 387 esse
2270 356 2502 387 contrarietates

1507 399 1634 438 primas.
1668 399 1847 430 Substantia
1879 400 1964 430 enim
1996 410 2098 430 unum
2131 401 2295 441 quoddam
2325 410 2424 440 genus
2457 407 2503 431 est

1508 442 1597 473 entis.
1622 444 1728 480 Quare
1750 443 1783 473 in
1807 453 1845 474 eo
1869 444 1957 484 quod
1980 444 2066 483 prius
2090 451 2120 474 et
2142 444 2298 484 posterius
2322 451 2414 483 sunt,
2444 444 2502 475 dif-

1508 486 1611 517 ferunt
1639 488 1676 516 ab
1700 487 1834 517 invicem
1857 484 2010 527 principia
2037 494 2179 526 tantum,
2209 488 2263 518 sed
2290 498 2356 518 non
2379 495 2500 527 genere.

1508 530 1638 570 Semper
1657 530 1788 561 enimin
1805 541 1870 562 uno
1890 541 2002 570 genere
2019 532 2217 562 contrarietas
2235 538 2281 562 est
2292 539 2370 562 una:
2391 541 2502 562 ornnes

1507 574 1593 604 enim
1619 575 1849 605 contrarietates
1873 575 1979 606 reduci
2007 575 2152 606 videntur
2179 576 2212 605 in
2228 585 2336 606 unam.
2362 575 2380 594 *
2405 576 2503 613 Quod

1507 618 1638 658 quidem
1660 618 1755 658 igitur
1777 629 1881 659 neque
1904 629 2006 650 unum
2022 619 2061 650 sit
2077 620 2269 650 elementum
2292 629 2395 660 neque
2411 620 2503 659 plura

1508 662 1634 692 duobus
1650 663 1700 692 vel
1717 662 1825 700 tribus,
1838 663 2041 693 manifestum
2057 670 2111 694 est.
2128 664 2255 694 Horum
2271 670 2379 694 autem
2394 670 2503 694 utrum

1507 706 1546 736 sit
1564 716 1686 745 verum,
1706 707 1980 747 quemadmodum
1996 707 2142 746 diximus,
2160 707 2390 738 dubitationem
2409 707 2503 738 habet

1507 750 1653 781 multam.

2530 581 2541 592 '⁶
2555 581 2623 603 Text.
2639 588 2676 610 57.

2489 798 2504 816 1*

1439 844 1508 872 solis
1529 845 1687 880 contrariis,
1703 845 1757 873 nisi
1772 845 1812 873 eis
1827 845 1935 882 aliquid
1951 851 2131 882 supponatur
2144 852 2176 873 ut
2197 845 2321 880 tertium,
2337 851 2489 882 sequeretu

1440 893 1502 912 esse
1517 884 1689 920 principium
1710 885 1852 921 principii.
1875 887 1949 913 Nam
1970 885 2145 913 substantiae
2162 895 2223 913 non
2237 892 2304 913 sunt
2325 884 2502 920 contrariae,

1440 924 1491 951 sed
1505 924 1691 952 contrarIetas
1706 925 1801 952 solum
1816 931 1858 952 est
1872 925 1946 953 inter
1959 925 2126 953 accidentia.
2136 926 2175 952 At
2188 924 2315 961 primum
2329 924 2504 960 principium

1440 972 1501 991 non
1515 970 1610 1000 potest
1624 973 1685 991 esse
1700 964 1841 999 accidens,
1857 974 1924 992 cum
1939 964 2098 996 subiectum
2120 964 2156 992 sit
2175 963 2349 1000 principium
2371 963 2504 991 acciden—

1439 1002 1484 1030 tis.
1502 1019 1519 1024 —
1539 1012 1581 1031 11.
1597 1004 1623 1038 c)
1638 1004 1713 1030 Cum
1734 1003 1764 1030 id
1785 1005 1865 1040 quod
1886 1013 1946 1031 non
1968 1011 2010 1032 est
2025 1003 2196 1040 principium
2211 1003 2247 1031 sit
2261 1012 2294 1031 ex
2308 1002 2465 1039 principiis,
2480 1002 2504 1030 si

1439 1049 1586 1078 ponantur
1606 1043 1665 1070 duo
1686 1042 1827 1079 principia
1847 1043 1991 1071 contraria
2005 1044 2076 1078 sola,
2092 1050 2278 1080 sequerentur
2293 1043 2351 1070 duo
2366 1042 2503 1070 inconve-

1439 1081 1549 1110 nientia
1570 1083 1668 1118 quoad
1689 1083 1887 1110 substantiam.
1903 1099 1922 1104 -
1940 1091 1982 1111 12.
1998 1084 2081 1111 Unde
2097 1083 2184 1111 etiam
2205 1082 2316 1119 antiqui
2337 1081 2504 1119 philosophi

1439 1128 1600 1157 posuerunt
1627 1128 1740 1158 praeter
1765 1123 1823 1150 duo
1845 1122 1990 1150 contraria
2018 1132 2110 1150 unum
2139 1122 2311 1159 principium
2340 1121 2502 1157 materiale,

1440 1161 1571 1197 quamvis
1592 1160 1706 1189 diverso
1727 1162 1827 1189 modo.
1844 1179 1864 1183 -
1882 1163 1925 1189 13.
1941 1163 1976 1189 Et
1996 1162 2129 1189 dicebant
2150 1161 2261 1198 antiqui
2282 1162 2426 1189 naturales
2447 1162 2504 1189 hoc

1439 1210 1532 1228 unum
1553 1201 1699 1228 materiale
1720 1201 1894 1237 principium
1914 1201 2032 1229 formari
2053 1201 2203 1229 contrariis
2229 1201 2338 1229 formis.
2361 1200 2504 1229 Platonici

1439 1246 1538 1268 autem
1559 1249 1574 1268 e
1595 1247 1697 1268 contra
1716 1247 1877 1277 posuerunt
1890 1250 1981 1270 unum
2003 1241 2128 1268 activum
2145 1250 2162 1269 a
2175 1247 2255 1276 parte
2276 1241 2386 1268 formae
2401 1246 2429 1268 et
2443 1241 2502 1268 duo

1439 1279 1579 1316 principia
1599 1279 1712 1316 passiva
1733 1289 1766 1308 ex
1787 1287 1866 1316 parte
1892 1280 2036 1308 materiae.
2059 1298 2077 1301 —
2102 1290 2145 1315 14.
2173 1281 2261 1314 Quod
2281 1286 2377 1308 autem
2398 1279 2503 1315 princi-

1440 1319 1488 1355 pia
1508 1328 1569 1347 non
1584 1319 1640 1347 sint
1654 1319 1736 1355 plura
1757 1329 1845 1356 quam
1862 1319 1916 1348 tria
1934 1321 2074 1356 probatur
2094 1319 2252 1356 dupliciter.
2275 1321 2302 1354 a)
2325 1319 2401 1353 Quia
2420 1319 2504 1355 plura

1439 1365 1507 1386 sunt
1520 1359 1675 1395 superflua.
1690 1376 1709 1380 -
1728 1360 1771 1387 15.
1787 1360 1814 1394 b)
1830 1359 1860 1387 Si
1874 1366 1969 1387 essent
1982 1360 2065 1396 plura
2078 1359 2219 1395 principia
2233 1368 2321 1395 quam
2336 1358 2398 1393 tria,
2413 1367 2503 1394 opor-

1439 1404 1512 1426 teret
1532 1407 1594 1426 esse
1614 1399 1710 1435 plures
1731 1398 1839 1435 primas
1860 1399 2084 1427 contrarietates.
2100 1400 2157 1427 Sed
2178 1399 2234 1426 hoc
2252 1405 2294 1426 est
2315 1397 2502 1434 impossibile,

1440 1438 1509 1474 quia
1529 1437 1623 1474 prima
1644 1438 1831 1466 contrarietas
1846 1445 1888 1466 est
1902 1438 1987 1466 unius
2008 1438 2094 1475 primi
2108 1439 2228 1475 generis,
2244 1446 2349 1474 nempe
2371 1438 2502 1465 substan-

1442 1477 1507 1505 tiae.
1522 1479 1559 1505 Et
1579 1477 1646 1505 ideo
1667 1487 1728 1505 non
1749 1485 1816 1506 sunt
1837 1479 1919 1515 plura
1944 1477 2084 1514 principia
2104 1487 2192 1514 quam
2213 1477 2276 1512 tria,
2295 1487 2387 1504 unum
2407 1477 2502 1505 subie-

1441 1523 1519 1545 ctum
1541 1523 1568 1545 et
1590 1518 1663 1545 duae
1685 1517 1909 1546 contrarietates.
1924 1535 1944 1539 -
1962 1519 2005 1546 16.
2020 1518 2158 1554 Epilogus
2179 1524 2208 1545 et
2228 1516 2385 1545 conclusio.

1436 1609 1560 1657 prima
1589 1616 1717 1645 autem
1746 1609 1932 1646 contraria
1960 1617 2047 1646 sunt
2063 1609 2177 1657 primi
2207 1608 2365 1656 generis,
2397 1609 2503 1656 quod

1437 1669 1493 1698 est
1521 1661 1750 1707 substantia;
1780 1662 1988 1698 substantia
2015 1669 2161 1709 autem,
2188 1674 2276 1698 eum
2305 1662 2351 1698 sit
2379 1673 2502 1698 unum

1437 1727 1568 1762 genus,
1590 1715 1705 1750 habet
1727 1727 1844 1751 unam
1863 1715 2028 1763 primam
2043 1720 2057 1741 ⁷
2078 1714 2398 1752 contrarietatem:
2426 1715 2502 1764 pri·
2621 1725 2641 1754 ’τ

1437 1779 1502 1804 ma
1531 1767 1632 1804 enim
1649 1769 1668 1789 ss
1698 1767 1938 1804 contrarietas
1959 1768 2155 1804 cuiuslibet
2174 1768 2320 1815 generis
2350 1776 2405 1805 est
2426 1769 2500 1817 pri-
2528 1782 2536 1790 ·
2551 1782 2628 1802 autem
2642 1787 2726 1802 trono.

1437 1823 1589 1856 mamm
1610 1820 1919 1867 differentiarum,
1938 1833 2008 1868 per
2033 1833 2127 1868 quas
2157 1821 2334 1858 dividitur
2362 1833 2498 1869 genus;

1438 1885 1527 1920 ergo
1557 1886 1635 1910 non
1663 1880 1750 1910 sunt
1777 1873 1923 1909 infinita
1949 1873 2144 1921 principia.

1494 1927 1527 1962 5.
1549 1926 1718 1963 Tertiam
1739 1926 1925 1962 rationem
1947 1927 1966 1947 ’¹‘
1993 1926 2100 1974 ponit
2118 1925 2190 1962 ibi:
2219 1927 2268 1962 Et
2295 1927 2395 1974 quod
2413 1938 2499 1963 con·
2526 1943 2536 1953 ε
2552 1943 2667 1965 ran-onem
2689 1950 2738 1966 om.

1436 1979 1548 2028 tingit
1573 1987 1660 2016 etc.:
1690 1991 1788 2027 quae
1818 1979 1899 2015 talis
1929 1986 1994 2015 est.
2026 1978 2142 2025 Quod
2170 1986 2295 2027 potest
2321 1979 2404 2016 fieri
2431 1992 2500 2027 per
2527 1974 2567 1994 ‘²⁸'

1437 2032 1553 2079 finita,
1583 2032 1703 2079 magis
1733 2039 1787 2068 est
1813 2031 2038 2080 ponendum
2065 2044 2135 2080 per
2157 2031 2263 2068 finita
2282 2032 2363 2068 fieri
2383 2045 2499 2081 quam

1435 2097 1504 2133 per
1526 2085 1688 2127 infinita;
1710 2085 1778 2122 sed
1798 2085 1890 2121 ratio
1912 2085 2086 2121 omnium
2102 2097 2200 2133 quae
2220 2085 2317 2121 fiunt
2330 2086 2350 2105 '¹‘
2366 2098 2498 2122 secun·
2524 2104 2532 2111 ·
2558 2103 2614 2123 sunt
2631 2108 2736 2128 mmm

1437 2138 1530 2175 dum
1550 2145 1737 2185 naturam,
1759 2138 1969 2185 assignatur
1988 2138 2199 2174 secundum
2219 2138 2498 2186 Empedoclem
2517 2130 2635 2181 Ehissfn
2651 2130 2734 2151 ‘'mr“

1435 2202 1505 2238 per
1530 2191 1714 2240 principia
1742 2191 1862 2239 finita,
1893 2188 2014 2227 sicut⁵
2040 2203 2109 2239 per
2132 2192 2398 2238 Anaxagoram
2430 2203 2499 2239 per
2625 2204 2638 2229 δ

1435 2243 1619 2292 principia
1646 2244 1811 2289 infinita3
1842 2256 1931 2291 ergo
1960 2256 2039 2280 non
2068 2251 2123 2280 est
2149 2243 2373 2292 ponendum
2397 2244 2497 2292 prin-

1437 2296 1534 2344 cipia
1563 2309 1644 2332 esse
1673 2296 1830 2333 infinita.

1490 2349 1525 2385 6.
1548 2349 1734 2395 Quartam
1756 2349 1942 2385 rationem
1965 2350 1984 2370 '¹‘
2011 2348 2118 2397 ponit
2137 2348 2203 2385 ibi:
2224 2348 2396 2397 Amplius
2413 2355 2501 2385 sunt
2522 2365 2534 2376 ⁴
2549 2367 2664 2388 ran-onem
2686 2373 2733 2390 om.

1436 2400 1512 2438 alia
1533 2409 1618 2439 etc.:
1649 2414 1746 2450 quae
1775 2401 1856 2437 talis
1887 2409 1951 2438 est.
1982 2401 2170 2450 Principia
2190 2409 2276 2438 sunt
2296 2401 2495 2449 contraria,
2522 2398 2559 2413 ¹³²·

1436 2454 1467 2490 si
1495 2454 1606 2502 igitur
1633 2454 1817 2503 principia
1833 2455 1852 2475 ’³
1881 2462 1968 2490 sunt
1995 2454 2160 2501 infinita,
2190 2461 2340 2503 oportet
2368 2454 2497 2491 omnia
2522 2472 2664 2499 *principia
2686 2479 2734 2494 om.

1437 2507 1622 2544 contraria
1651 2520 1732 2544 esse
1750 2507 1944 2555 principia.
1968 2507 2045 2544 Sed
2063 2520 2142 2558 non
2162 2507 2292 2547 omnia
2311 2507 2497 2544 contraria
2522 2504 2550 2519 ¹³⁰

1436 2568 1522 2596 sunt
1539 2560 1733 2609 principia.
1756 2560 1872 2606 Quod
1890 2567 1994 2609 patet
2013 2572 2058 2596 ex
2079 2558 2244 2611 duobusJ:
2269 2560 2394 2608 primo
2415 2560 2495 2608 qui-

1436 2614 1525 2651 dem
1542 2614 1561 2634 *²
1582 2614 1670 2662 quia
1683 2613 1866 2662 principia
1881 2620 2029 2661 oportet
2049 2625 2130 2650 esse
2149 2613 2273 2661 prima
2298 2613 2493 2660 contraria,
2521 2630 2532 2640 ι
2560 2629 2651 2656 quidem
2684 2636 2732 2651 om.

1435 2679 1513 2703 non
1533 2674 1660 2702 autem
1675 2666 1805 2703 omnia
1826 2665 2011 2702 contraria
2029 2673 2115 2702 sunt
2127 2665 2262 2714 prima,
2276 2678 2363 2702 cum
2379 2678 2494 2714 quae·
2521 2656 2591 2704 ᾗὲῗῗ·
2607 2662 2656 2677 ω’
2670 2662 2732 2678 ”⁹³¹¹

1436 2719 1525 2756 darn
1554 2719 1626 2756 sint
1645 2719 1723 2755 aliis
1741 2719 1888 2767 priora3
1919 2719 2087 2755 secundo
2108 2718 2196 2767 quia
2215 2718 2398 2767 principia
2417 2731 2495 2755 non

1435 2772 1575 2809 debent
1590 2774 1610 2793 ss
1630 2784 1712 2808 esse
1733 2784 1778 2808 ex
1797 2771 1991 2818 alterutris,
2007 2779 2049 2808 ut
2067 2784 2180 2820 supra
2194 2772 2236 2792 *Ψ
2261 2771 2402 2808 dietum
2423 2779 2492 2819 est,
2520 2787 2531 2798 υ
2545 2787 2655 2809 dscuntur
2667 2794 2733 2815 mc,

1435 2825 1620 2862 contraria
1643 2832 1770 2862 autem
1800 2825 1988 2873 quaedam
2017 2825 2114 2861 fiunt
2142 2837 2186 2860 ex
2214 2824 2396 2867 alterutris
2411 2830 2432 2872 ⁸,
2453 2832 2495 2862 ut
2520 2813 2724 2868 fimissct'fp‘ssraec.

1435 2878 1543 2915 dulce
1572 2886 1608 2915 et
1636 2890 1822 2925 amarum,
1844 2885 1880 2914 et
1896 2878 1915 2898 ³²
1930 2878 2058 2914 album
2085 2885 2121 2914 et
2141 2877 2301 2925 nigrum.
2323 2878 2414 2914 Non
2438 2891 2493 2915 er·
2521 2872 2544 2888 ‘¹'
2559 2872 2578 2894 3'
2623 2904 2633 2919 Ε

2520 2928 2531 2939 ⁸
2546 2930 2569 2949 et
2582 2935 2629 2950 om.
2644 2935 2698 2950 rou.

1433 2944 1481 2979 go
1498 2931 1716 2980 *principia
1743 2938 1830 2967 sunt
1856 2930 2012 2967 infinita.
2035 2931 2083 2967 Et
2111 2930 2163 2966 sic
2189 2930 2322 2967 ultimo
2344 2931 2493 2967 conclu-
2519 2955 2530 2966 ,ι
2552 2956 2611 2976 ent-„1
2627 2962 2733 2981 mmm„

1433 2985 1485 3022 dit
1513 2985 1617 3034 quod
1644 2983 1827 3033 principia
1846 2996 1924 3020 non
1944 2991 2029 3020 sunt
2046 2996 2168 3020 unum
2190 2991 2348 3031 tantum,
2369 2997 2492 3032 neque
2519 2988 2615 3009 “XYPCS·

1432 3037 1587 3074 infinita.

1486 3103 1522 3138 7.
1555 3089 1884 3126 Considerandum
1915 3097 1969 3126 est
1996 3096 2122 3125 autem
2146 3089 2165 3109 *
2189 3090 2293 3136 quod
2321 3090 2492 3126 Philoso-
2519 3104 2619 3124 ‘tamen
2634 3110 2671 3130 Lo,

1430 3144 1529 3191 phus
1566 3142 1627 3178 hic
1665 3142 1889 3191 disputative
1926 3142 2098 3190 procedit
2139 3154 2183 3177 ex
2219 3142 2489 3190 probabilibus.
2519 3136 2596 3151 ⁰¹¹¹'¹'

1431 3195 1543 3232 Unde
1571 3195 1729 3232 assumit
1762 3206 1806 3231 ea
1837 3207 1934 3243 quae
1962 3191 2138 3232 vide‘ntur
2169 3195 2357 3242 pluribus,
2393 3206 2491 3242 quae

1485 3325 1510 3360 ὃ)
1530 3327 1784 3358 sicut...principia
1804 3327 1914 3359 infinita.
1931 3340 1950 3344 —
1967 3327 2036 3350 Haec
2055 3326 2134 3350 verba
2151 3333 2204 3350 om.
2218 3326 2292 3350 codd.
2307 3333 2360 3351 exc.
2374 3326 2490 3351 FMNRZ

1432 3362 1481 3392 sL;
1502 3370 1548 3394 pro
1567 3363 1770 3394 Anaxagoram,
1789 3361 2025 3386 Anaximandrum
2045 3361 2084 3384 ed.
2099 3368 2124 3385 a.

1484 3396 1505 3429 ε)
1526 3401 1556 3422 ut
1573 3404 1663 3429 supra.
1675 3415 1698 3421 ..
1718 3396 1864 3421 alterutris.
1882 3411 1900 3414 —
1918 3397 1988 3420 Haec
2007 3396 2085 3419 verba
2109 3403 2161 3419 om.
2180 3395 2488 3429 ACDIl{OQTVXYpL;

1431 3439 1521 3463 margo
1540 3432 1560 3456 C
1575 3432 1657 3456 addit:
1676 3434 1781 3463 oportet
1794 3431 1862 3455 enim
1881 3438 1911 3454 ea
1926 3431 1951 3454 1'n
1966 3430 2110 3462 composito
2124 3437 2244 3459 manere;
2257 3431 2387 3462 quaedam
2401 3435 2490 3456 autem

1430 3469 1494 3491 sunt
1506 3467 1644 3491 contraria
1663 3474 1729 3498 quae
1748 3466 1872 3490 dicuntur
1886 3472 1940 3490 esse
1952 3472 1989 3489 ex
2000 3465 2154 3495 alterutris5
2168 3466 2229 3490 item
2242 3466 2278 3490 T:
2297 3466 2388 3498 aliqua
2400 3471 2490 3492 autem

1430 3502 1568 3526 contraria
1579 3502 1653 3534 fiunt
1673 3509 1709 3526 ex
1727 3500 1871 3528 alterutris,
1892 3500 1930 3524 ita
1949 3500 2020 3531 quod
2039 3508 2118 3524 unum
2138 3503 2243 3526 tantum
2263 3505 2352 3526 manet
2370 3505 2397 3526 et
2415 3503 2490 3527 aliud

1430 3543 1496 3564 non;
1516 3540 1545 3560 ut
1562 3544 1645 3568 supra
1664 3536 1762 3561 dictum
1782 3538 1821 3560 est
1838 3543 1891 3560 om.
1906 3535 1975 3559 HsL.
1990 3548 2009 3553 -
2022 3540 2082 3567 post
2102 3543 2225 3561 amarum
2245 3536 2314 3561 addit
2331 3537 2354 3561 D
2373 3541 2435 3562 sunt
2453 3545 2490 3562 ex

1430 3577 1540 3595 mvtcem
