2950 4004
257 2652 269 2662 ’⁶
283 2651 353 2674 Num.
368 2658 417 2680 seq.

261 3238 271 3248 ⁸
286 3237 356 3259 Num.
372 3244 400 3266 ¹3·

262 3342 271 3351 ⁸
286 3341 356 3362 Num.
370 3348 391 3368 7.

260 3501 271 3511 ·
286 3500 356 3522 Num.
371 3501 393 3522 6.

501 279 574 325 184

1122 277 1468 315 PHYSICORUM
1495 279 1843 316 ARISTOTELIS
1873 279 1967 316 LIB.
1998 279 2049 316 IV

494 357 590 391 κατᾶ
624 352 662 390 δὲ
692 358 756 395 τήν
790 358 855 390 τῶν
887 355 1073 400 φερομένων
1107 355 1276 410 ύῖτεροχῆν
1309 350 1408 388 τάδε·
1432 356 1558 408 ’ὁρῶμεν
1615 357 1799 388 Secundum
1821 364 1928 389 autem
1952 367 2064 389 eorum
2089 368 2170 399 quae
2189 358 2332 390 feruntur
2354 360 2578 398 excellentiam,
2598 360 2675 392 haec

563 402 628 447 γάρ
653 402 701 435 τοὶ
724 401 825 445 μείζω
845 401 952 445 ῥοπήν
971 399 1099 445 ἔχοντα
1117 401 1137 436 ἢ
1157 400 1276 443 βαρους
1295 398 1316 436 ἦ
1335 411 1559 444 κουφοτητος,

564 447 622 479 ἑοὶν
648 445 763 479 τᾶλλα
790 446 908 489 ὁμοίως
935 444 997 489 ἔχῃ
1023 448 1094 482 τοῖς
1119 443 1286 488 σχήμασι,
1313 443 1442 476 θᾶττον
1467 443 1561 487 φερό-

564 502 648 535 μενα
672 490 713 523 τὸ
737 492 808 521 ἴσον
833 491 967 533 χωρίον,
993 490 1052 520 καὶ
1075 488 1172 520 κατὰ
1194 486 1295 532 λόγον
1322 488 1356 519 ὃν
1383 487 1496 533 ἔχουσι
1514 488 1562 520 τοὶ

564 533 687 580 μεγέθη
715 533 794 578 πρὸς
823 533 966 569 ἄλληλα.
987 531 1090 564 ’Ώστε
1106 533 1165 563 καὶ
1181 526 1241 564 διαὶ
1257 531 1321 564 τοῦ
1337 533 1447 564 κενοῦ.
1469 532 1556 564 Ἀλλ’

567 575 751 611 ἀδύνατον·
770 573 829 608 δια
853 579 932 608 τίνα
956 577 1020 621 γσὶρ
1047 577 1163 608 αἰτίαν
1191 574 1387 612 οἰσθήσεται
1407 574 1558 616 effert-023

566 624 598 655 ἑν
624 622 683 666 μέν
708 621 772 668 γοὶρ
799 624 869 658 τοῖς
903 621 1063 664 πλήρεσιν
1091 620 1126 661 ἐξ
1153 617 1315 666 ἀνάγκης·
1341 619 1469 652 θᾶττον
1495 620 1559 666 γάρ

564 662 687 711 διαιρεῖ
711 666 757 707 τῇ
781 664 873 710 ἰσχύϊ
898 664 939 696 τὸ
964 665 1088 710 μεῖζον.
1107 663 1154 695 ’Ἡ
1170 665 1234 709 γοίρ
1252 662 1408 709 σχήματι
1425 660 1558 709 διαιρεῖ,

565 710 585 746 ἦ
603 711 692 755 ῥοπῇ
718 710 758 746 ἦν
787 709 856 753 ἔχει
881 709 922 741 τὸ
939 708 1115 753 φερόμενον
1134 707 1155 745 ἦ
1177 708 1218 741 vt>
1238 707 1368 753 ἀφεθέν.
1388 709 1560 754 Ἰσοταχῆ

567 754 632 799 ἄρα
657 754 760 786 πάντ’
790 754 900 786 ἔσται.
931 754 1021 785 Ἀλλ’
1054 748 1237 785 ἀδύνατον.

488 839 567 873 ’Ὀτι
592 839 651 884 μὲν
677 839 748 882 οὖν,
774 841 802 872 εἱ
827 839 900 872 ἔστι
923 839 1031 880 κενόν,
1058 839 1232 884 συμβαίνει
1257 839 1457 872 τούναντίον
1481 836 1502 875 ἦ
1521 833 1558 870 δι’

567 884 582 916 ὃ
606 884 921 926 κατασκευάζουσιν
947 886 976 916 οἱ
1001 882 1188 927 φάσκοντες
1212 880 1298 915 εἶναι
1321 883 1437 923 κενόν,
1464 893 1560 926 φανε-

565 928 619 974 ρὸν
645 929 682 961 ἐκ
707 930 772 961 τῶν
798 928 990 984 εἰρημένων.
1015 929 1052 959 ot
1077 927 1138 982 μὲν
1165 926 1220 960 οὖν
1248 930 1378 960 οἴονται
1403 927 1444 960 τὸ
1467 926 1561 958 κενόν

564 970 671 1014 εἶναι,
702 975 794 1017 εἴπερ
820 984 920 1006 εσται
945 973 965 1009 ἢ
991 984 1089 1004 κατα,
1112 971 1220 1004 τόπον
1245 975 1390 1012 κίνησις,
1427 971 1565 1016 ἀποκρι-

564 1017 702 1061 νόμενον
731 1016 805 1049 καθ’
836 1015 938 1049 αὑτό·
966 1018 1072 1049 τοῦτο
1106 1011 1143 1048 δὲ
1173 1016 1304 1049 ταύτόν
1331 1017 1404 1048 ἐστι
1430 1016 1478 1056 τῷ
1503 1015 1562 1048 τὸν

565 1061 673 1094 τόπον
703 1062 807 1105 φάναι
837 1058 922 1093 εἷναί
955 1073 989 1094 τι
1022 1060 1279 1106 κεχωρισμένον·
1312 1061 1418 1093 τοῦτο
1450 1055 1478 1092 δ’
1509 1058 1562 1092 ὅτι

567 1101 757 1148 ἀδύνατον,
784 1108 917 1150 εἴρηται
942 1104 1115 1150 πρότερον.

552 1203 701 1231 synopsis.
719 1219 754 1224 --
775 1212 799 1231 1.
821 1203 1032 1240 Argumentum
1047 1209 1075 1231 et
1092 1202 1193 1231 divisio
1207 1209 1309 1231 textus.
1331 1202 1442 1230 Causae
1456 1201 1561 1230 veloci-

497 1243 562 1271 tatis
577 1249 605 1271 et
618 1242 758 1271 tarditatis
771 1243 802 1271 in
816 1249 898 1271 motu
918 1249 984 1271 sunt
998 1242 1158 1271 differentia
1171 1242 1345 1277 mediorum,
1360 1248 1388 1270 et
1402 1241 1562 1270 differentia

498 1292 532 1311 ex
552 1289 633 1319 parte
654 1282 778 1311 mobilis.
800 1299 819 1304 -
840 1290 868 1310 2.
884 1282 1048 1310 Subdivisio
1069 1289 1171 1310 textus.
1187 1298 1207 1302 -
1227 1282 1252 1310 3.
1275 1281 1464 1310 Considerata
1484 1281 1561 1309 velo-

498 1322 581 1351 citate
603 1328 631 1350 et
650 1322 782 1350 tarditate
803 1331 837 1350 ex
857 1328 938 1359 parte
959 1321 1046 1350 medii
1062 1328 1168 1356 motus,
1184 1321 1346 1349 ostenditur
1363 1330 1419 1349 non
1434 1329 1496 1348 esse
1512 1329 1560 1348 να-

498 1371 583 1390 cuum
605 1367 781 1400 separatum.
810 1361 965 1398 Proportio
987 1368 1084 1390 motus
1105 1362 1142 1390 ad
1163 1367 1276 1389 motum
1297 1361 1327 1388 in
1341 1360 1498 1388 velocitate
1519 1366 1561 1387 est

498 1401 572 1430 sicut
585 1401 672 1429 medii
686 1402 723 1430 ad
738 1401 866 1430 medium
881 1401 910 1429 in
925 1401 1094 1429 subtilitate:
1109 1401 1192 1429 vacui
1205 1407 1302 1429 autem
1316 1401 1354 1428 ad
1367 1400 1486 1436 plenum
1500 1408 1562 1427 non

499 1447 542 1469 est
561 1441 728 1478 proportio:
751 1450 818 1478 ergo
840 1449 893 1469 nec
915 1447 1011 1469 motus
1033 1450 1083 1477 per
1103 1450 1226 1469 vacuum
1248 1441 1285 1468 ad
1307 1446 1420 1467 motum
1437 1448 1489 1475 per
1502 1439 1561 1475 ple-

498 1490 580 1509 num.
592 1497 611 1501 —
626 1480 722 1509 Prima
736 1479 897 1517 propositio
912 1480 1117 1508 manifestatur.
1130 1479 1257 1507 Medium
1272 1479 1350 1507 enim
1364 1477 1484 1515 impedit
1498 1487 1561 1506 mo-

497 1526 561 1548 tum
575 1520 715 1557 corporis,
731 1526 758 1548 et
772 1526 853 1548 tanto
874 1519 964 1556 magis
986 1526 1095 1556 quanto
1118 1519 1246 1547 medium
1261 1525 1303 1546 est
1317 1517 1460 1555 grossius;
1482 1519 1562 1555 quod

498 1566 576 1596 patet
597 1560 737 1596 exemplo.
753 1576 772 1580 -
786 1569 814 1594 4.
837 1560 970 1587 Secunda
990 1558 1152 1595 propositio
1174 1557 1379 1586 manifestatur.
1409 1557 1487 1585 Sicut
1508 1567 1561 1585 nu-

498 1609 595 1627 merus
610 1609 670 1627 non
685 1599 793 1627 excedit
807 1599 877 1626 nihil
891 1599 1050 1627 secundum
1065 1598 1191 1636 aliquam
1211 1597 1441 1634 proportionem,
1456 1596 1495 1625 ita
1509 1606 1562 1625 nec

497 1648 621 1667 vacuum
643 1638 787 1667 exceditur
804 1648 822 1666 a
842 1639 938 1675 pleno.
961 1639 1109 1666 Excedens
1131 1637 1207 1665 enim
1229 1637 1365 1666 dividitur
1385 1637 1415 1665 in
1435 1636 1464 1664 id
1486 1637 1562 1674 quod

498 1678 643 1707 exceditur
664 1685 692 1706 et
713 1678 743 1706 in
764 1677 793 1705 id
815 1678 844 1705 in
866 1687 921 1715 quo
943 1678 1067 1713 excedit;
1090 1686 1228 1706 numerus
1249 1683 1346 1706 autern
1365 1686 1425 1705 non
1441 1686 1562 1713 compo-

497 1718 575 1746 nitur
595 1727 628 1746 ex
650 1717 762 1746 nihilet
775 1717 942 1746 unitatibus.
965 1718 1043 1746 Idem
1059 1717 1214 1746 dicendum
1229 1717 1264 1745 de
1278 1717 1354 1745 linea
1367 1723 1396 1744 et
1409 1723 1527 1753 puncto.
1543 1733 1561 1738 -

500 1758 525 1786 5.
542 1757 731 1786 Concluditur
745 1757 855 1785 nullam
871 1767 931 1785 esse
946 1757 1166 1794 proportionem
1186 1757 1259 1784 inter
1273 1763 1385 1785 motum
1401 1756 1450 1793 qui
1465 1756 1496 1784 fit
1510 1765 1561 1793 per

497 1807 620 1825 vacuum
642 1804 670 1825 et
691 1803 804 1825 motum
820 1806 871 1834 per
893 1797 1022 1834 plenum=
1036 1814 1055 1818 —
1070 1797 1097 1825 6.
1113 1797 1255 1824 Probatur
1276 1795 1423 1827 conclusio
1445 1805 1496 1832 per
1517 1805 1561 1823 re-

497 1836 662 1865 ductionem
685 1837 722 1865 ad
744 1836 930 1873 impossibile.
953 1837 983 1864 Si
1005 1836 1082 1864 enim
1097 1842 1170 1864 esset
1189 1835 1340 1872 proportio
1362 1835 1391 1863 in
1412 1835 1561 1863 velocitate

498 1882 595 1904 motus
622 1885 673 1913 per
700 1886 823 1904 vacuum
852 1877 889 1904 ad
917 1875 998 1903 illum
1027 1875 1076 1912 qui
1100 1876 1131 1904 fit
1158 1885 1210 1912 per
1237 1876 1371 1912 plenum,
1395 1881 1562 1912 sequeretur

497 1917 620 1944 eandem
641 1925 703 1944 esse
724 1915 943 1952 proportionem
965 1915 1039 1943 inter
1060 1922 1174 1952 tempus
1195 1915 1280 1943 unius
1307 1921 1335 1943 et
1355 1922 1469 1951 tempus
1492 1915 1560 1943 alte-

498 1955 572 1990 rius;
595 1961 622 1984 et
642 1955 760 1983 ulterius
782 1955 889 1983 mobile
910 1955 940 1983 in
955 1956 1058 1983 eodem
1079 1955 1218 1991 temporis
1240 1955 1332 1991 spatio
1354 1953 1475 1982 transire
1496 1963 1561 1991 spa-

497 1995 570 2023 tium
591 2004 714 2023 vacuum
736 2001 764 2023 et
785 1995 909 2031 spatium
930 1995 1051 2031 plenum
1072 1994 1300 2035 corporekcuius
1321 1994 1460 2022 subtilitas
1481 1993 1511 2022 in
1528 2003 1561 2022 ea

497 2034 687 2072 proportione
708 2041 782 2063 esset
802 2035 839 2063 ad
860 2034 1044 2063 subtilitatem
1065 2034 1187 2062 aliorum
1210 2034 1383 2069 mediorum,
1406 2043 1480 2071 quae
1502 2040 1562 2062 erat

498 2075 636 2111 temporis
658 2081 754 2102 motus
781 2084 833 2111 per
853 2083 976 2102 vacuum
1004 2075 1041 2102 ad
1061 2081 1175 2110 tempus
1203 2080 1301 2102 motus
1323 2083 1374 2111 per
1400 2074 1527 2110 plenum.
1542 2091 1561 2095 -

499 2124 526 2151 7.
548 2114 761 2151 Recapitulatur
782 2114 855 2142 ratio
877 2113 1043 2150 praemissa.
1066 2113 1213 2151 Epilogus.
1229 2130 1248 2135 -
1262 2114 1289 2142 8.
1312 2114 1409 2142 Prima
1427 2113 1561 2142 obiectio.

498 2155 595 2182 Motus
616 2155 702 2182 habet
723 2153 1137 2182 determinatam'velocitatem
1152 2163 1185 2182 ex
1206 2153 1395 2190 proportione
1415 2152 1561 2190 potentiae

498 2193 620 2222 motoris
641 2194 678 2222 ad
706 2193 828 2229 mobile,
858 2193 968 2221 etiamsi
990 2193 1103 2221 nullum
1132 2193 1168 2221 sit
1195 2193 1450 2230 impedimentum:
1482 2192 1561 2229 quod

497 2240 575 2270 patet
596 2235 624 2269 a)
646 2234 777 2270 exemplo
805 2242 960 2270 corporum
982 2233 1161 2268 caelestium,
1183 2233 1210 2268 b)
1233 2242 1266 2260 ex
1287 2242 1322 2261 eo
1344 2233 1425 2269 quod
1445 2241 1478 2260 ex
1500 2241 1560 2259 ma-

691 2456 702 2463 <
730 2440 862 2477 *circa
894 2441 968 2477 hoc
1001 2440 1078 2477 duo
1107 2441 1212 2477 facit:
1246 2440 1371 2490 primo
1400 2440 1563 2488 assignat

576 2517 586 2524 ν
665 2507 695 2531 5⁴
732 2504 738 2509 “
766 2506 897 2530 causas
924 2501 1080 2542 propter
1108 2506 1202 2543 quas
1229 2493 1410 2531 velocitas
1435 2500 1471 2530 et
1489 2501 1561 2530 tar-

498 2546 593 2583 ditas
622 2553 678 2582 est
704 2545 743 2583 in
771 2554 900 2592 motu;
934 2546 1103 2583 secundo
1134 2559 1178 2583 ex
1206 2546 1275 2584 illis
1305 2546 1425 2583 causis
1454 2558 1562 2594 argu-

498 2606 688 2639 mentatur
707 2599 755 2636 ad
769 2599 1020 2648 propositum,
1041 2599 1108 2636 ibi:
1136 2601 1227 2637 Hoc
1245 2600 1362 2649 igitur
1373 2611 1446 2647 per
1463 2599 1564 2647 quod

489 2653 618 2701 fertur
637 2652 657 2672 ’μ
678 2659 746 2689 etc.
763 2652 863 2689 Dicit
883 2665 972 2700 ergo
993 2653 1118 2701 primo
1139 2653 1244 2702 quod
1262 2664 1383 2689 unum
1403 2659 1440 2688 et
1458 2651 1560 2688 idern

500 2717 636 2754 corpus
656 2717 783 2752 grave,
814 2713 850 2742 et
878 2705 1151 2754 quodcumque
1179 2705 1292 2751 aliud,
1316 2711 1448 2753 utpote
1468 2704 1561 2753 lapis

497 2759 560 2794 vel
588 2758 729 2806 aliquid
757 2757 994 2804 huiusmodi,
1023 2765 1180 2806 propter
1214 2757 1308 2794 duas
1337 2769 1469 2794 causas
1496 2768 1561 2794 ve-

498 2810 617 2848 locius
637 2811 772 2857 fertur3
801 2818 865 2847 aut
891 2818 1046 2859 propter
1074 2809 1326 2847 differentiam
1349 2810 1466 2847 medii
1493 2822 1562 2859 per

499 2863 603 2912 quod
632 2864 758 2910 fertur,
778 2871 819 2900 ut
836 2875 904 2911 per
932 2875 1061 2899 aerem
1081 2864 1144 2899 vel
1164 2870 1302 2899 terram
1321 2863 1382 2900 vel
1403 2875 1559 2911 aquam;

499 2924 563 2952 aut
589 2923 744 2964 propter
772 2915 1023 2953 differentiam
1051 2915 1168 2964 ipsius
1196 2915 1358 2962 mobilis,
1391 2916 1478 2964 quia
1507 2924 1562 2953 est

498 2970 558 3005 vel
587 2968 740 3016 gravius
768 2970 829 3005 vel
858 2968 990 3015 levius,
1021 2968 1176 3005 caeteris
1203 2968 1369 3017 paribus.

553 3033 588 3058 2.
627 3021 775 3058 Deinde
811 3033 898 3058 cum
937 3021 1048 3058 dicit:
1086 3022 1176 3058 Hoc
1212 3021 1328 3071 igitur
1356 3033 1427 3069 per
1463 3022 1564 3070 quod

489 3075 619 3123 fertur
638 3082 725 3121 etc.,
755 3086 799 3110 ex
822 3070 1045 3122 *praemissis
1067 3074 1188 3111 causis
1208 3081 1489 3122 argumentatur
1513 3074 1562 3111 ad

497 3127 749 3176 propositum.
785 3127 833 3163 Et
859 3126 984 3175 primo
1020 3139 1066 3163 ex
1095 3126 1304 3164 differentia
1338 3126 1475 3172 medii3
1505 3139 1562 3163 se—

499 3180 625 3217 cundo
645 3192 690 3217 ex
710 3179 920 3217 differentia
936 3179 1096 3227 mobilis,
1118 3180 1185 3216 ibi:
1207 3180 1417 3216 Secundum
1437 3185 1561 3216 autem

500 3245 630 3270 eorum
651 3233 671 3254 ”¹
692 3241 760 3270 etc.
779 3233 888 3270 Circa
906 3233 1074 3282 primum
1095 3233 1171 3270 duo
1191 3232 1292 3269 facit:
1311 3233 1437 3282 primo
1456 3233 1563 3281 ponit

500 3286 707 3331 rationem3
738 3285 906 3323 secundo
937 3298 1022 3323 eam
1052 3285 1332 3335 recapitulando
1362 3285 1561 3334 recolligit,

500 3339 571 3375 ibi:
593 3339 666 3375 Sed
691 3340 786 3376 sicut
807 3340 844 3376 in
869 3339 1029 3387 capitulo
1046 3340 1066 3360 '⁵
1083 3346 1151 3376 etc.
1170 3338 1279 3376 Circa
1297 3338 1464 3387 primum
1485 3339 1561 3376 duo

501 3391 604 3428 facit:
643 3392 768 3439 primo
806 3392 913 3441 ponit
950 3392 1157 3438 rationem;
1195 3389 1363 3428 secundo
1401 3391 1563 3429 ostendit

502 3443 785 3481 conclusionem
820 3445 926 3494 sequi
955 3457 1000 3482 ex
1027 3445 1258 3494 praemissis,
1288 3443 1357 3482 ibi:
1383 3445 1438 3481 Sit
1463 3446 1561 3482 enim

502 3497 539 3531 Z
561 3507 721 3533 vacuum
750 3498 770 3518 *
798 3506 866 3534 etc.

557 3549 590 3585 3.
621 3549 733 3585 Ponit
761 3562 849 3597 ergo
878 3550 1002 3598 primo
1031 3552 1144 3588 talem
1175 3550 1371 3588 rationem.
1401 3551 1563 3600 Propor-

501 3599 552 3636 tio
582 3608 707 3637 motus
737 3603 782 3638 ad
812 3611 960 3639 motum
991 3603 1028 3640 in
1057 3603 1256 3641 velocitate
1280 3610 1336 3641 est
1363 3602 1458 3640 sicut
1476 3615 1562 3652 pro-

1682 409 1765 432 sunt.
1790 402 1943 433 Videmus
1972 402 2057 432 enim
2082 402 2237 433 maiorem
2264 403 2501 434 inclinationem
2533 404 2679 436 habentia

1681 453 1736 476 aut
1758 446 1913 486 gravitatis
1944 453 1999 477 aut
2029 445 2180 485 levitatis,
2211 446 2237 477 si
2260 447 2367 488 quoad
2397 447 2457 478 alia
2483 447 2624 479 similiter
2646 459 2679 479 se

1681 490 1816 521 habeant
1839 489 1957 530 figuris,
1975 490 2067 521 citius
2089 490 2151 521 lata
2165 500 2221 531 per
2235 491 2364 531 aequale
2381 491 2519 532 spatium
2532 491 2677 530 finitum;

1682 540 1713 564 et
1744 534 1920 565 secundum
1941 533 2098 565 rationem
2121 544 2219 575 quam
2242 534 2357 566 habent
2379 536 2611 575 magnitudines
2638 537 2679 566 ad

1681 577 1826 608 invicem.
1852 578 1958 615 Quare
1981 584 2012 609 et
2038 588 2094 618 per
2120 588 2268 609 vacuum.
2303 579 2364 609 Sed
2395 579 2590 619 impossibile
2621 587 2677 611 est.

1681 622 1812 662 Propter
1834 631 1933 662 quam
1961 622 2046 652 enim
2070 632 2198 653 causam
2221 622 2317 653 fertur
2339 621 2496 658 velocius?
2521 624 2554 654 ln
2580 624 2679 664 plenis

1682 665 1812 706 quidem
1836 666 1921 696 enim
1945 675 1981 696 ex
2004 666 2200 697 necessitate:
2229 666 2370 697 velocius
2394 667 2478 698 enim
2510 666 2620 698 dividit
2642 676 2679 698 u

1682 709 1866 740 fortitudine
1885 709 2005 748 maius;
2028 717 2084 741 aut
2107 710 2192 741 enirn
2214 710 2315 753 figura
2334 710 2453 750 dividit,
2473 719 2527 742 aut
2549 711 2678 742 inclina-

1682 753 1768 783 tione
1791 763 1888 794 quarn
1911 754 2005 785 habet
2030 755 2118 795 quod
2143 754 2255 794 fertur,
2279 761 2334 786 aut
2354 755 2541 795 proiectum.
2568 758 2679 796 Aeque

1681 796 1801 827 velocia
1825 807 1899 837 ergo
1923 798 2031 828 omnia
2054 804 2155 830 erunt.
2180 799 2241 830 Sed
2263 798 2458 839 impossibile
2482 806 2537 830 est.

1615 838 1631 855 ⁴¹
1647 840 1745 877 Quod
1768 841 1898 881 quidem
1921 841 2027 882 igitur,
2047 842 2074 872 si
2095 852 2234 873 vacuum
2257 843 2313 882 sit,
2340 843 2459 874 accidat
2487 843 2679 874 contrarium

1683 894 1780 925 quam
1794 892 1923 925 propter
1948 885 2039 926 quod
2064 887 2199 926 probant
2225 897 2292 917 esse
2311 897 2460 926 vacuum,
2477 887 2680 918 manifestum

1683 935 1729 972 est
1747 939 1784 960 ex
1807 929 1905 961 dictis.
1930 930 1974 960 Hi
1996 929 2091 970 igitur
2114 930 2285 971 opinantur
2307 941 2445 962 vacuum
2468 942 2545 970 esse,
2569 931 2594 962 si
2623 931 2680 963 erit

1683 973 1860 1004 secundum
1881 973 1991 1004 locum
2014 981 2133 1012 motus,
2150 974 2319 1006 discretum
2341 976 2517 1006 secundum
2538 986 2581 1006 se.
2605 976 2679 1006 Hoc

1683 1023 1790 1048 autem
1812 1017 1898 1048 idem
1913 1024 1959 1048 est
1982 1017 2010 1048 ei
2034 1018 2122 1059 quod
2142 1025 2188 1050 est
2207 1018 2318 1058 dicere,
2337 1019 2446 1050 locum
2461 1029 2528 1050 esse
2547 1019 2679 1060 aliquod

1683 1063 1875 1102 separatum.
1896 1061 1957 1092 Sed
1980 1061 2042 1092 hoc
2065 1062 2154 1103 quod
2177 1062 2216 1093 sit
2233 1062 2429 1103 impossibile
2453 1073 2534 1103 esse,
2558 1063 2680 1095 dictum

1684 1112 1730 1136 est
1752 1115 1849 1146 prius.

1614 1199 1763 1238 gnitudine
1783 1209 1836 1237 per
1849 1210 1937 1237 quam
1951 1201 2053 1229 transit
2066 1207 2173 1236 motus,
2189 1207 2232 1231 est
2245 1201 2374 1238 accipere
2387 1201 2467 1238 prius
2488 1207 2516 1231 et
2534 1203 2679 1240 posterius

1615 1239 1645 1268 in
1666 1246 1764 1275 motu;
1786 1239 1835 1276 qui
1860 1240 1983 1276 proinde
2010 1246 2053 1268 est
2073 1240 2103 1268 in
2124 1240 2314 1269 determinato
2341 1247 2481 1278 tempore.
2510 1243 2594 1271 Unde
2613 1242 2680 1272 licet

1615 1279 1707 1307 motui
1721 1279 1751 1307 in
1767 1289 1860 1307 vacuo
1881 1279 1959 1308 nulla
1979 1279 2134 1308 retardatio
2156 1279 2275 1316 accidat,
2291 1289 2353 1310 non
2374 1281 2503 1319 sequitur
2523 1281 2604 1315 illum
2617 1291 2679 1311 non

1615 1327 1676 1346 esse
1698 1319 1952 1355 proportionatum
1965 1318 2057 1347 motui
2078 1318 2108 1347 in
2129 1319 2225 1356 pleno.
2240 1335 2260 1340 -
2274 1329 2302 1356 9.
2325 1321 2486 1358 Responsio
2500 1321 2644 1350 Averrois.
2659 1338 2679 1344 -

1620 1367 1663 1386 ιο.
1685 1357 1819 1386 Reiicitur
1839 1358 1911 1386 haec
1931 1358 2047 1386 solutio.
2061 1374 2082 1379 —
2096 1359 2179 1387 Ratio
2193 1359 2364 1395 Aristotelis,
2385 1367 2485 1389 contra
2501 1370 2589 1399 quam
2604 1360 2678 1390 obii-

1615 1397 1702 1432 citur,
1725 1406 1786 1426 non
1804 1404 1847 1425 est
1867 1397 2093 1426 demonstrativa
2113 1397 2286 1436 simpliciter,
2301 1399 2352 1428 sed
2366 1406 2408 1428 est
2422 1399 2495 1429 ratio
2510 1401 2547 1429 ad
2563 1407 2679 1431 contra-

1615 1436 1778 1464 dicendum.
1793 1453 1812 1457 -
1832 1446 1875 1465 11.
1894 1437 2027 1466 Secunda
2048 1437 2183 1467 obiectio.
2206 1438 2236 1467 Si
2251 1439 2380 1468 medium
2395 1440 2475 1477 quod
2490 1446 2533 1468 est
2547 1438 2677 1476 plenum,

1615 1475 1743 1513 impedit,
1759 1483 1926 1513 sequeretur
1946 1476 1976 1505 in
1989 1477 2047 1505 hoc
2067 1477 2165 1506 medio
2186 1477 2314 1506 inferiori
2332 1487 2393 1507 non
2408 1488 2470 1508 esse
2483 1485 2596 1508 motum
2616 1489 2679 1508 non

1615 1515 1795 1552 impeditum.
1810 1533 1830 1537 —
1845 1516 2005 1553 Responsio
2023 1517 2277 1546 commentatoris.
2293 1533 2312 1539 —
2326 1519 2394 1547 Non
2410 1525 2452 1547 est
2472 1518 2679 1548 inconveniens

1615 1556 1695 1592 quod
1716 1555 1809 1584 motui
1829 1555 1952 1584 naturali
1973 1556 2145 1595 adiungatur
2165 1557 2274 1594 aliquid
2294 1567 2355 1587 non
2375 1558 2515 1594 naturale,
2530 1567 2596 1587 cum
2611 1558 2647 1588 sit
2660 1568 2678 1588 a

1613 1595 1680 1624 loco
1701 1604 1763 1623 non
1788 1595 1911 1624 naturali
1939 1597 1976 1624 ad
2001 1596 2099 1624 locum
2126 1597 2296 1626 naturalem.
2317 1613 2337 1618 -
2363 1605 2406 1626 12.
2427 1597 2525 1627 Tertia
2549 1598 2676 1628 obiectio

1615 1635 1691 1664 Cum
1712 1635 1742 1663 in
1763 1635 1933 1672 corporibus
1953 1635 2093 1664 terminus
2113 1635 2236 1665 raritatis
2257 1637 2293 1665 sit
2313 1637 2533 1674 determinatus,
2554 1646 2616 1667 non
2635 1637 2678 1667 vi·-

1615 1675 1719 1703 dentur
1739 1675 1839 1703 raritas
1853 1681 1882 1703 et
1894 1681 2009 1712 tempus
2029 1685 2091 1704 esse
2112 1675 2234 1704 invicem
2255 1677 2484 1714 proportionata.
2505 1693 2525 1698 -
2546 1678 2678 1715 Respon-

1615 1715 1698 1742 detur
1718 1715 1799 1751 quod
1823 1714 1924 1743 raritas
1945 1725 2006 1744 non
2027 1722 2069 1744 est
2096 1715 2285 1745 determinata
2305 1723 2462 1746 eit-natura
2482 1717 2613 1754 corporis
2633 1716 2677 1746 in-

1615 1760 1756 1791 quantum
1778 1760 1821 1782 est
1841 1754 1964 1783 mobile:
1987 1756 2040 1783 sub
2062 1765 2121 1792 quo
2143 1762 2273 1792 respectu
2294 1762 2391 1784 tamen
2412 1756 2611 1786 consideratur
2630 1756 2678 1786 hic

1614 1795 1650 1822 ab
1665 1793 1818 1822 Aristotele
1833 1803 1937 1831 corpus
1952 1794 2068 1823 mobile.
2083 1811 2102 1815 -
2115 1795 2169 1824 Vel
2182 1795 2269 1824 etiam
2289 1795 2344 1824 dici
2358 1802 2454 1833 potest
2468 1795 2678 1834 Philosophum

1614 1833 1660 1862 hic
1681 1834 1837 1870 procedere
1865 1834 2024 1862 secundum
2045 1833 2214 1871 opinionem
2235 1835 2438 1872 antiquorum,
2460 1835 2510 1873 qui
2530 1834 2679 1873 ponebant

1614 1873 1759 1902 raritatem
1779 1880 1808 1901 et
1828 1873 1998 1902 densitatem
2013 1883 2098 1910 posse
2112 1874 2142 1902 in
2156 1874 2300 1903 infinitum
2314 1875 2421 1913 augeri.
2435 1890 2455 1896 -
2474 1875 2517 1904 13.
2533 1875 2676 1904 Probatur

1614 1912 1701 1941 thesis
1723 1922 1762 1941 ex
1778 1918 1866 1951 parte
1893 1913 1985 1951 ipsius
2007 1913 2129 1942 mobilis.
2158 1915 2212 1942 Per
2239 1915 2359 1951 aequale
2386 1913 2510 1952 spatium
2533 1914 2616 1944 citius
2635 1915 2678 1960 fe-
2727 1943 2735 1946 t

1614 1959 1716 1980 runtur
1737 1961 1771 1981 ea
1792 1961 1866 1989 quae
1887 1953 1993 1981 habent
2010 1953 2150 1981 maiorem
2172 1953 2387 1982 inclinationem
2408 1954 2568 1982 secundum
2582 1962 2676 1992 gravi-

1614 1998 1702 2021 tatem
1723 1989 1779 2020 aut'
1793 1992 1946 2027 levitatem,
1967 1992 1991 2020 si
2012 1999 2111 2021 tamen
2131 1993 2260 2022 similiter
2280 2003 2310 2022 se
2324 1994 2450 2022 habeant
2467 1994 2628 2023 secundum
2642 1993 2676 2022 fi-

1614 2042 1712 2069 guras3
1734 2033 1811 2060 unde
1826 2032 1976 2069 proportio
1990 2032 2148 2061 velocitatis
2163 2039 2204 2061 est
2218 2034 2377 2062 secundum
2392 2033 2612 2071 proportionem
2625 2039 2677 2062 aut

1614 2072 1644 2100 in
1665 2071 1862 2109 magnitudine
1883 2078 1932 2100 aut
1952 2071 1982 2099 in
2002 2072 2138 2109 gravitate
2165 2073 2397 2110 magnitudinum
2418 2082 2492 2110 quae
2513 2079 2675 2102 moventur.

1615 2111 1644 2139 Si
1665 2118 1762 2140 autem
1784 2111 1823 2139 ita
1844 2110 1880 2139 sit
1893 2111 1924 2139 in
1937 2111 2034 2148 pleno,
2050 2118 2078 2139 et
2091 2111 2121 2139 in
2135 2121 2228 2140 vacuo
2242 2121 2304 2141 esse
2318 2113 2412 2141 debet.
2428 2114 2460 2141 In
2473 2122 2564 2142 vacuo
2578 2119 2677 2142 tamen

1614 2160 1675 2179 non
1703 2157 1745 2179 est
1772 2151 1916 2188 assignare
1944 2150 2071 2188 aliquam
2099 2160 2216 2180 causam
2245 2151 2372 2181 diversae
2393 2152 2550 2181 velocitatis
2570 2158 2677 2181 motus.

1613 2192 1690 2228 Ergo
1711 2199 1834 2218 vacuum
1856 2199 1916 2218 non
1937 2197 1987 2218 est.
2003 2207 2022 2212 -
2039 2189 2200 2226 Difficultas
2221 2191 2295 2220 circa
2316 2191 2390 2220 hanc
2415 2191 2568 2220 rationem.
2591 2191 2681 2221 Solu-

1613 2230 1664 2258 tio.
1680 2247 1698 2252 -
1718 2239 1762 2265 14.
1778 2229 1926 2267 Epilogus.

1615 2331 1740 2381 portio
1769 2331 1885 2369 medii
1913 2331 1962 2378 ad
1990 2332 2163 2370 medium
2182 2333 2220 2369 in
2241 2332 2463 2380 subtilitate;
2483 2332 2552 2370 sed
2571 2332 2681 2382 spatii

1615 2384 1727 2422 vacui
1765 2385 1813 2421 ad
1848 2385 2012 2433 spatium
2045 2387 2204 2434 plenum
2236 2386 2339 2422 nulla
2372 2393 2429 2422 est
2457 2385 2679 2436 proportio,

1617 2450 1705 2485 ergo
1744 2445 1870 2474 motus
1906 2449 1976 2486 per
2002 2450 2169 2475 vacuum
2203 2450 2282 2475 non
2314 2438 2430 2475 habet
2463 2437 2678 2488 proporttoa-

1616 2502 1706 2527 nem
1744 2490 1793 2527 ad
1829 2497 1978 2527 motum
2007 2491 2072 2539 qui
2108 2491 2154 2528 sit
2188 2503 2258 2539 per
2291 2492 2461 2540 plenum.
2495 2512 2519 2520 -
2548 2488 2678 2528 Primo

1617 2555 1706 2591 ergo
1726 2543 1940 2580 manifestat
1966 2543 2131 2592 primam
2157 2543 2460 2592 propositionem
2488 2543 2601 2582 huius
2620 2556 2678 2586 ra-

1616 2596 1738 2633 tionis.
1769 2597 1818 2632 Et
1846 2596 1934 2633 dicit
1961 2596 2067 2644 quod
2098 2596 2270 2634 medium
2304 2609 2373 2646 per
2404 2597 2510 2645 quod
2537 2596 2678 2646 aliquid

1617 2649 1741 2696 fertur,
1759 2657 1814 2685 est
1833 2661 1946 2685 causa
1964 2649 2173 2686 velocitatis
2193 2653 2232 2686 et'
2250 2651 2268 2671 ⁹¹⁴
2288 2649 2479 2698 tarditatis,
2500 2650 2589 2700 quia
2607 2650 2677 2687 im—

1615 2701 1719 2750 pedit
1739 2713 1876 2751 corpus
1904 2702 2009 2750 quod
2036 2710 2224 2740 movetur.
2254 2704 2303 2740 Et
2327 2703 2493 2740 maxime
2521 2703 2677 2752 quidem

1616 2754 1775 2803 impedit
1801 2756 1954 2804 quando
1983 2755 2154 2792 medium
2183 2756 2299 2793 fertur
2317 2756 2355 2792 in
2376 2756 2618 2804 contrarium,
2637 2763 2679 2794 ut

1615 2815 1718 2856 patet
1745 2807 1783 2844 in
1810 2807 1920 2854 navi,
1960 2808 2066 2845 cuius
2099 2816 2226 2845 motus
2262 2809 2468 2858 impeditur
2499 2821 2522 2846 a
2548 2816 2677 2847 vento.

1618 2861 1852 2898 Secundario
1887 2868 2015 2898 autern
2050 2861 2230 2910 impedit,
2269 2862 2300 2899 si
2337 2862 2451 2899 etlam
2488 2861 2678 2911 quiescat:

1616 2913 1704 2962 quia
1733 2913 1763 2951 si
1792 2914 1903 2951 simul
1933 2922 2152 2951 moveretur
2179 2927 2267 2952 cum
2295 2914 2439 2961 mobili,
2460 2926 2538 2952 non
2556 2914 2678 2965 impe-

1617 2966 1722 3013 diret,
1752 2966 1819 3003 sed
1848 2966 1968 3014 magis
1996 2967 2152 3014 iuvaret,
2182 2968 2277 3004 sicut
2303 2967 2443 3005 fluvius
2470 2966 2535 3016 qui
2560 2967 2680 3005 defert

1617 3031 1757 3056 navem
1786 3019 1950 3056 inferius.
1991 3020 2067 3057 Sed
2099 3020 2195 3057 inter
2228 3033 2272 3057 ea
2310 3032 2407 3070 quae
2444 3020 2677 3069 impediunt,

1617 3072 1736 3119 magis
1758 3072 1916 3121 impedit
1931 3073 1950 3094 *²
1970 3071 2061 3109 illud
2080 3073 2185 3122 quod
2203 3085 2283 3110 non
2301 3073 2408 3111 facile
2432 3073 2626 3120 dividitur;
2642 3081 2679 3111 et
2703 3080 2716 3093 ⁸

1615 3125 1688 3161 tale
1708 3133 1764 3161 est
1783 3137 1921 3174 corpus
1948 3125 2068 3173 magis
2091 3137 2276 3173 grossum.
2307 3127 2356 3164 Et
2373 3127 2448 3163 hoc
2466 3127 2680 3164 manifestat

1616 3190 1685 3226 per
1704 3179 1935 3227 exemplum.
1957 3178 2012 3215 Sit
2031 3178 2133 3215 enim
2154 3191 2292 3228 corpus
2311 3179 2414 3227 quod
2435 3187 2614 3217 movetur
2630 3181 2678 3227 A;

1617 3230 1780 3279 spatium
1807 3243 1877 3280 per
1904 3230 2008 3280 quod
2038 3239 2226 3279 movetur,
2255 3231 2301 3269 sit
2327 3233 2376 3278 B;
2406 3240 2443 3269 et
2470 3240 2622 3282 tempus
2640 3232 2679 3270 in

1618 3296 1694 3332 quo
1723 3286 1757 3320 A
1786 3291 1964 3321 movetur
1991 3297 2060 3333 per
2087 3285 2138 3332 B,
2168 3284 2214 3322 sit
2242 3285 2285 3322 C.
2322 3286 2517 3322 Ponamus
2550 3293 2678 3322 autem

1618 3337 1718 3374 aliud
1746 3337 1909 3386 spatium
1945 3338 2049 3386 quod
2076 3337 2123 3375 sit
2150 3339 2207 3385 D,
2230 3338 2406 3386 aequalis
2438 3337 2678 3386 longitudinis

1619 3402 1706 3426 cum
1735 3391 1786 3436 B;
1818 3390 1885 3427 sed
1913 3394 2042 3428 tamen
2069 3391 2104 3428 D
2133 3391 2179 3428 sit
2205 3392 2362 3440 plenum
2392 3391 2573 3428 subtiliori
2597 3402 2678 3434 cor-

1617 3455 1711 3492 pore
1749 3455 1864 3492 quam
1894 3444 1945 3490 B,
1984 3445 2195 3481 secundum
2233 3443 2399 3492 aliquam
2435 3443 2654 3494 analogiam
2665 3470 2676 3488 ,

1618 3496 1714 3533 idest
1732 3496 2031 3545 proportionem,
2053 3496 2221 3545 corporis
2241 3496 2369 3543 medii,
2391 3497 2494 3546 quod
2517 3494 2677 3544 impedit

1618 3557 1767 3586 motum
1801 3549 1990 3598 corporis;
2025 3557 2066 3587 ut
2105 3556 2197 3598 puta
2234 3549 2340 3598 quod
2373 3548 2536 3598 spatium
2572 3548 2602 3586 Β
2631 3547 2678 3584 sit

1618 3603 1774 3651 plenum
1803 3614 1913 3651 aqua,
1943 3601 2106 3650 spatium
2131 3613 2224 3639 vero
2253 3602 2288 3638 D
2317 3601 2363 3638 sit
2389 3601 2546 3650 plenum
2575 3612 2676 3637 aere.

2705 847 2714 856 ⁸
2728 847 2796 870 Text.
2805 853 2842 877 75.

2704 2658 2917 2682 ‘teledam-m*

2704 2691 2755 2708 uc.
2768 2690 2838 2715 ιηη.

2705 3085 2856 3134 moq'm’
2900 3090 2918 3115 ’ῑ
