2898 3996
216 886 225 895 '¹
239 885 276 907 hic
289 885 342 907 add.
356 892 379 907 n.

216 991 225 999 '
240 989 273 1010 ad
294 989 346 1010 add.
365 994 426 1010 ozon

218 1304 226 1311 '
243 1302 301 1323 enim
315 1302 412 1324 ranzab.

461 277 535 322 340

456 361 517 391 tur
544 365 692 402 corpus,
722 354 771 390 ad
797 353 961 390 invicem
981 359 1017 389 et
1038 353 1090 389 ad
1115 353 1315 398 continens,
1339 352 1436 389 idest
1463 352 1512 389 ad

457 413 579 443 totum
608 418 755 454 corpus.
775 405 911 454 Aliqua
931 405 1032 442 enim
1053 404 1350 452 contemperatio
1374 405 1510 441 humo-

457 470 542 495 rum
571 465 626 494 est
659 458 795 495 sanitas
818 458 857 494 in
883 458 1005 503 leone,
1026 468 1124 504 quae
1152 468 1232 493 non
1251 463 1348 493 esset
1374 456 1511 493 sanitas

456 510 495 547 in
521 510 688 556 homine,
709 510 776 547 sed
805 509 883 546 eius
903 509 1092 554 extincti03
1123 508 1210 556 quia
1236 520 1321 545 eam
1343 509 1512 546 humana

456 570 589 599 natura
611 563 708 598 ferre
731 574 810 599 non
831 569 968 610 posset.
990 581 1014 588 -
1039 561 1329 598 Commentator
1351 568 1479 597 autem
1500 565 1511 580 ⁸

457 613 609 662 exponit
627 615 678 651 ad
694 615 893 661 continens,
913 614 1008 650 idest
1026 613 1075 650 ad
1094 624 1222 650 aerem
1242 612 1509 650 continentem.

457 666 532 703 Sed
559 666 726 714 primum
762 666 897 703 melius
934 673 1012 702 est:
1047 665 1136 714 quia
1173 665 1310 702 sanitas
1338 664 1510 702 animalis

455 731 533 754 non
561 718 758 756 attenditur
781 731 849 767 per
868 717 1190 766 comparationem
1211 718 1258 754 ad
1277 729 1423 763 aerem;
1443 716 1510 753 sed

454 770 579 819 potius
613 783 634 807 e
667 783 852 807 converso
886 769 1080 818 dispositio
1118 769 1213 806 aeris
1252 769 1385 806 dicitur
1419 781 1510 805 sana

452 834 521 871 per
540 823 861 871 comparationem
881 823 929 859 ad
948 822 1097 859 animal.
1113 842 1137 850 -
1154 821 1331 858 Similiter
1347 821 1508 870 pulchri-

452 875 544 912 tudo
573 883 609 912 et
635 875 774 912 macies
802 875 974 912 dicuntur
1001 875 1048 911 ad
1067 874 1206 922 aliquid
1236 877 1293 920 (et
1311 873 1470 911 sumitur
1490 875 1509 895 ²²

453 927 590 964 macies
614 939 683 976 pro
712 927 965 976 dispositione,
986 939 1061 974 qua
1080 926 1212 975 aliquis
1241 934 1296 963 est
1316 926 1509 975 expeditus

453 979 502 1016 ad
521 987 668 1016 motum
689 988 724 1016 et
745 981 763 1001 ²³
791 979 1005 1025 actionem).
1035 979 1265 1016 Huiusmodi
1293 979 1396 1016 enirn
1423 987 1510 1016 sunt

454 1032 642 1080 quaedam
671 1032 932 1080 dispositiones
971 1031 1050 1068 eius
1079 1031 1184 1080 quod
1219 1038 1274 1068 est
1299 1031 1509 1080 perfectum

453 1084 491 1120 in
519 1097 586 1121 sua
618 1081 749 1121 natura
779 1097 848 1133 per
880 1084 1202 1132 comparationem
1235 1084 1287 1121 ad
1312 1085 1508 1132 optimum,

453 1136 548 1173 idest
575 1136 624 1173 ad
650 1137 779 1183 finem,
800 1136 864 1184 qui
893 1144 947 1173 est
975 1136 1157 1185 operatio.
1188 1137 1293 1174 Sicut
1321 1137 1423 1174 enim
1453 1137 1507 1174 di-

454 1196 555 1225 ctum
583 1196 648 1235 est,
670 1201 715 1225 ex
742 1190 817 1225 hoc
843 1189 1061 1227 huiusmodi
1100 1189 1364 1238 dispositiones
1391 1189 1507 1227 virtu-

452 1248 508 1278 tes
536 1241 719 1288 dicuntur,
744 1241 850 1289 quod
877 1242 1023 1278 bonum
1052 1241 1191 1278 faciunt
1217 1242 1442 1288 habentem,
1472 1250 1509 1279 et

453 1306 549 1341 opus
569 1293 648 1330 eius
667 1294 812 1331 bonum
831 1294 1006 1331 reddunt.
1029 1294 1215 1331 Dicuntur
1238 1306 1327 1341 ergo
1344 1296 1363 1316 *²
1381 1294 1508 1332 huius-

452 1346 557 1382 modi
595 1346 856 1395 dispositiones
892 1359 960 1395 per
997 1346 1218 1383 relationem
1255 1347 1303 1384 ad
1337 1347 1507 1384 debitum

453 1410 561 1447 opuS,
582 1399 685 1447 quod
705 1406 759 1436 est
779 1398 966 1448 optimum
987 1399 1051 1436 rei.
1072 1420 1096 1426 -
1122 1400 1204 1436 Nec
1223 1406 1373 1448 oportet
1391 1411 1505 1449 expo-

1082 274 1426 311 PHYSICORUM
1453 274 1800 311 ARISTOTELIS
1829 274 1923 310 LIB.
1951 274 2020 311 VII

1565 364 1654 389 nere
1674 352 1865 399 optimum,
1885 351 2026 400 aliquid
2046 351 2307 400 extrinsecum,
2327 352 2422 390 sicut
2445 354 2550 402 quod
2568 361 2624 392 est

1564 403 1861 452 pulcherrimum
1889 411 1954 440 aut
1981 403 2234 451 sanissimum,
2264 412 2306 441 ut
2333 405 2624 445 Commentator

1566 455 1742 504 exponit:
1781 455 1916 493 accidit
1953 455 2055 492 enirn
2094 456 2361 505 pulchritudini
2403 465 2440 495 et
2475 458 2622 497 sanitati

1565 508 1694 544 relatio
1709 520 1806 556 quae
1822 515 1878 545 est
1891 508 1939 545 ad
1955 508 2206 546 extrinsecum
2221 509 2364 558 optime
2380 509 2620 559 dispositum;

1564 560 1632 597 sed
1650 572 1718 609 per
1737 573 1777 597 se
1798 560 1979 609 competit
1998 560 2051 598 eis
2070 561 2199 598 relatio
2219 573 2316 610 quae
2333 569 2388 599 est
2405 563 2455 600 ad
2473 563 2621 602 bonum

1564 624 1672 661 opus.
1685 633 1710 640 —
1727 614 1775 650 Et
1794 625 1842 650 ne
1861 613 1995 662 aliquis
2010 613 2168 662 accipiat
2179 615 2402 663 perfectum,
2423 615 2526 663 quod
2544 615 2622 653 iam
2683 647 2685 649 .

1564 665 1745 714 adeptum
1774 673 1830 702 est
1855 666 1994 712 finem,
2024 665 2111 703 dicit
2130 666 2234 715 quod
2251 666 2463 715 perfectum
2481 667 2543 705 hic
2561 679 2621 705 ac-

1565 717 1698 766 cipitur
1723 719 1798 755 hoc
1826 718 1931 766 quod
1959 726 2015 755 est
2033 718 2247 756 sanativum
2267 726 2304 756 et
2321 719 2547 768 dispositum
2565 732 2622 758 se-

1565 771 1733 808 cundum
1761 777 1946 807 naturam.
1976 771 2068 808 Non
2095 779 2223 808 autern
2253 779 2308 808 est
2334 771 2395 809 hic
2417 771 2622 820 intelligen-

1564 822 1657 859 dum
1677 822 1783 871 quod
1801 822 2020 860 huiusmodi
2038 824 2188 861 habitus
2207 831 2244 861 et
2263 824 2529 873 dispositiones
2547 825 2623 863 hoc

1563 874 1689 923 ipsum
1709 874 1814 922 quod
1833 882 1931 922 sunt,
1952 875 2001 912 ad
2019 875 2158 924 aliquid
2186 877 2260 914 sint
2277 877 2315 922 *ς
2345 877 2446 926 quiav
2460 877 2514 914 sic
2541 889 2621 916 non
2649 887 2659 896 ”

1564 934 1688 964 essent
1706 927 1744 964 in
1763 939 1900 974 genere
1919 927 2116 975 qualitatis,
2137 930 2203 967 sed
2222 929 2426 967 relationis:
2446 931 2514 968 sed
2533 930 2622 980 quia

1563 992 1698 1017 eorum
1725 980 1820 1016 ratio
1849 991 1894 1016 ex
1921 979 2047 1029 aliqua
2071 981 2252 1018 relatione
2279 983 2478 1030 dependet.

1615 1032 1716 1079 Quia
1730 1032 1838 1080 igitur
1851 1032 2071 1070 huiusmodi
2085 1033 2233 1070 habitus
2248 1034 2298 1071 ad
2311 1034 2452 1082 aliquid
2466 1042 2570 1082 sunt;
2586 1043 2623 1072 et

1563 1085 1600 1122 in
1617 1085 1666 1122 acl
1681 1085 1821 1134 aliquid
1835 1092 1984 1123 nonest
2002 1092 2129 1122 motus
2143 1098 2268 1134 neque
2288 1086 2478 1134 generatio
2497 1099 2621 1136 neque

1563 1137 1743 1184 alteratio,
1755 1145 1805 1174 sut
1823 1137 1862 1174 in
1881 1137 2012 1186 quinto
2026 1138 2046 1159 *
2060 1138 2264 1186 probatum
2284 1146 2357 1185 est;
2377 1139 2622 1178 manifestum
2648 1147 2658 1158 ·

1564 1197 1620 1227 est
1639 1190 1743 1239 quod
1757 1190 1796 1226 in
1815 1188 2034 1227 huius'modi
2053 1190 2242 1228 habitibus
2256 1191 2276 1213 '¹‘
2290 1203 2368 1229 non
2384 1199 2440 1229 est
2453 1192 2620 1230 alteratio
2648 1199 2659 1209 ·

1562 1242 1688 1291 primo
1705 1250 1740 1279 et
1753 1254 1822 1291 per
1835 1254 1892 1279 se:
1909 1242 1977 1279 sed
1997 1255 2131 1280 eorum
2145 1243 2406 1282 transmutatio
2422 1244 2620 1294 consequi-

1562 1302 1623 1331 tur
1641 1295 1809 1343 aliquam
1829 1295 1996 1344 priorem
2015 1295 2275 1334 alterationem
2299 1296 2407 1335 calidi
2427 1304 2464 1334 et
2481 1297 2619 1346 frigidi,

1562 1355 1627 1384 aut
1645 1347 1801 1384 alicuius
1819 1348 2057 1395 huiusmodi;
2077 1348 2173 1386 sieut
2191 1349 2304 1387 etiam
2324 1349 2523 1388 relationes
2538 1362 2620 1388 esse

1561 1399 1745 1448 incipiunt
1771 1412 1840 1449 per
1867 1401 2178 1450 consequentiam
2205 1402 2256 1439 ad
2283 1401 2429 1452 aliquos
2452 1409 2591 1441 motus.

504 1561 527 1596 ε)
549 1563 745 1588 Commentator
762 1566 858 1588 autem.
868 1576 887 1582 —-
899 1563 954 1588 Sed
967 1563 1165 1588 Commentator
1178 1564 1208 1593 B,
1222 1563 1269 1588 sed
1281 1567 1470 1597 consequenter
1482 1564 1505 1589 T
1521 1561 1568 1599 (cf.
1581 1565 1633 1590 vol.
1646 1566 1670 1595 Ι,
1689 1573 1747 1599 pag.
1763 1565 1804 1599 39,
1818 1571 1906 1591 notam
1921 1564 1980 1599 ββ),
1997 1567 2189 1600 consequenter
2200 1567 2232 1598 Y,
2251 1571 2336 1593 totum
2352 1568 2394 1594 ed.
2405 1574 2438 1598 a;
2455 1571 2547 1594 autem
2564 1576 2619 1598 om.

453 1598 528 1622 etiam
546 1597 751 1628 AlKLQSVX.—-
765 1598 820 1622 Lin.
839 1605 895 1630 seq.
914 1605 961 1631 pro
981 1598 1055 1628 idest,
1074 1598 1173 1623 scilicet
1192 1599 1253 1624 Pab.
