2950 4004
241 490 251 498 ⁶
266 488 336 510 Num.
351 487 374 509 6.

239 593 250 603 '⁴
265 592 334 614 Num.
349 597 369 619 3.

241 696 251 706 '
266 695 336 717 Num.
350 701 370 722 5.

242 910 250 917 ·
267 908 387 929 contrario
405 913 453 928 unu

242 940 267 961 Q,
280 939 393 955 conuerso
404 939 452 955 cm.

238 1272 248 1283 ⁶
263 1271 331 1294 Num.
347 1278 395 1299 seq.

238 1482 247 1491 ¹·
262 1486 420 1508 superponere
435 1487 449 1502 Λ

237 1512 426 1532 ciuuoqrvxza.

236 2014 246 2024 ⁸
270 2014 357 2035 resumi
377 2014 444 2036 codd.

236 2044 258 2062 et
273 2040 314 2061 ab.

239 3113 374 3134 ‘extrlnseci
380 3113 447 3135 codd.

240 3216 250 3225 '¹
262 3217 320 3237 enim
335 3218 386 3238 add.
401 3224 416 3239 α
428 3222 449 3239 ct

242 3242 308 3263 codd.
330 3250 378 3264 cxc.
401 3250 448 3266 nnn

258 3273 278 3288 z.

482 301 553 338 136

479 377 646 415 secundo
668 377 828 414 excludit
846 377 1038 425 quandam
1058 376 1188 411 falsam
1210 374 1430 422 opinionem
1447 386 1536 410 con-

1100 296 1444 334 PHYSICORUM
1471 294 1818 332 ARISTOTELIS
1847 295 1941 331 LIB.
1971 295 2021 331 ΙΙΙ

1589 372 1731 421 pinqua
1766 373 1976 410 secundum
2011 381 2195 412 naturam.
2235 375 2284 412 Et
2310 376 2385 412 hoc
2417 376 2504 414 ideo
2540 376 2647 424 dicit,

480 437 702 478 sequentem
723 442 766 466 ex
794 429 855 465 illa
882 430 972 465 falsa
996 427 1225 472 definitione,
1246 426 1315 462 ibi:
1349 426 1535 467 Quoniam
1590 425 1679 472 quia
1707 430 1822 461 totum
1857 437 1936 462 non
1968 425 2157 463 invenitur
2190 426 2228 463 in
2256 427 2511 476 simplicibus,
2547 442 2644 478 quae

479 483 565 519 hinc
582 482 768 530 accipiunt
784 482 1000 530 dignitatem
1021 480 1040 501 ²¹¹
1061 486 1129 515 etc.
1152 478 1261 515 Circa
1279 477 1448 526 primum
1467 478 1535 514 tria
1590 489 1669 513 non
1697 477 1839 514 habent
1856 485 1999 526 partes:
2028 478 2066 515 in
2095 478 2232 527 quibus
2260 487 2388 517 tamen
2415 481 2557 518 utimur
2581 494 2649 518 no-

480 534 583 571 facit:
602 534 726 582 primo
746 533 924 582 proponit
942 532 1045 582 quod
1064 530 1240 576 intendit3
1266 530 1434 566 secundo
1455 541 1535 566 ma·
1590 528 1692 565 mine
1706 530 1875 578 perfecti.
1897 530 1971 567 Per
1989 531 2064 567 hoc
2082 531 2192 579 igitur
2211 532 2455 569 manifestum
2475 541 2531 571 est
2545 534 2650 583 quod

481 586 628 623 nifestat
654 586 918 634 propositum,
952 584 1022 622 ibi:
1054 584 1212 632 Signum
1245 588 1369 619 autem
1393 583 1414 603 *
1442 590 1533 628 etc.;
1585 582 1793 629 perfectum
1830 588 1884 619 est
1915 583 2020 620 cuius
2052 583 2144 620 nihil
2174 590 2228 621 est
2259 590 2367 621 extra
2405 586 2537 634 ipsum.
2572 586 2650 624 Sed

480 638 587 674 tertio
608 638 716 674 infert
734 637 925 685 quandam
954 635 1238 673 conclusionem
1259 647 1304 671 ex
1324 634 1441 682 dictis,
1462 634 1534 671 ibi:

485 691 590 727 Unde
617 689 746 726 melius
773 695 827 726 est
852 689 1078 737 opinandum
1100 689 1120 709 ²³
1140 695 1207 723 etc.

534 753 568 778 2.
590 741 688 778 Dicit
717 754 804 789 ergo
828 742 951 789 primo
981 740 1085 789 quod
1106 738 1292 776 contrario
1322 739 1441 776 modo
1471 739 1535 775 de-

471 793 691 830 finiendum
719 801 774 830 est
799 793 986 830 infinitum
1015 804 1131 840 quam
1159 791 1254 827 sicut
1286 791 1442 839 quidam
1472 791 1535 828 de-

479 846 666 882 finierunt.
691 845 873 882 Dixerunt
901 845 1001 882 enim
1030 844 1185 892 quidam
1214 843 1318 891 quod
1346 843 1535 881 infinitum

480 905 535 934 est
553 902 660 934 extra
680 899 780 946 quod
805 897 895 934 nihil
922 902 990 934 est:
1011 896 1077 933 sed
1106 909 1126 932 e
1147 903 1277 932 contra
1293 897 1313 917 *
1329 896 1534 934 dicendum

480 958 535 987 est
563 951 666 999 quod
702 950 890 987 infinitum
919 956 974 986 est
1001 949 1104 985 cuius
1132 954 1186 985 est
1214 960 1362 997 semper
1394 950 1538 998 aliquid

479 1008 597 1039 extra.

533 1056 567 1092 3.
588 1055 735 1092 Deinde
763 1067 850 1091 cum
880 1054 984 1091 dicit:
1013 1055 1173 1104 Signum
1210 1060 1334 1092 autem
1362 1060 1416 1092 est
1442 1062 1533 1102 etc.‚

478 1107 688 1144 manifestat
713 1107 963 1156 propositum.
994 1108 1043 1144 Et
1068 1107 1193 1156 primo
1232 1107 1394 1144 ostendit
1429 1107 1534 1157 quod

477 1171 545 1195 sua
572 1159 770 1207 assignatio
791 1159 836 1196 sit
863 1160 981 1206 bona3
1011 1160 1180 1197 secundo
1200 1160 1305 1209 quod
1333 1160 1534 1208 assignatio

477 1211 717 1259 antiquorum
737 1212 782 1248 sit
799 1212 1073 1261 incompetens,
1093 1212 1160 1250 ibi:
1191 1213 1305 1250 Cuius
1331 1218 1455 1250 autem
1480 1214 1534 1250 ni-

475 1263 528 1299 hil
554 1270 607 1300 est
631 1270 739 1301 extra
768 1265 788 1285 *
818 1272 885 1302 etc.
908 1266 1083 1303 Ostendit
1103 1278 1192 1314 ergo
1210 1265 1336 1314 primo
1358 1265 1462 1314 quod
1481 1266 1535 1303 in-

475 1316 623 1352 finitum
660 1317 706 1353 sit
733 1317 839 1354 cuius
875 1330 1027 1367 semper
1055 1326 1111 1355 est
1148 1318 1287 1367 aliquid
1315 1326 1437 1366 extra,
1465 1331 1535 1368 per

476 1368 670 1417 quoddam
690 1369 850 1417 signum.
871 1371 1011 1407 Dicunt
1039 1371 1140 1408 enim
1161 1371 1317 1420 quidam
1341 1371 1446 1420 quod
1469 1384 1533 1409 an-

475 1421 551 1457 nuli
575 1429 660 1458 sunt
679 1421 823 1470 infiniti,
846 1423 935 1472 quia
952 1435 1021 1472 per
1038 1424 1114 1460 hoc
1133 1423 1238 1472 quod
1256 1423 1398 1461 habent
1416 1436 1534 1473 quan-

476 1473 564 1511 dam
581 1474 872 1523 circulationem,
884 1488 1038 1524 semper
1057 1483 1112 1513 est
1126 1476 1177 1513 ibi
1192 1489 1409 1525 supponere
1420 1477 1440 1498 '¹‘
1448 1489 1534 1526 par-

475 1534 552 1563 tem
573 1527 621 1564 ad
649 1535 796 1575 partem
816 1535 1023 1577 acceptam.
1046 1529 1123 1566 Sed
1146 1529 1220 1566 hoc
1249 1529 1383 1566 dicitur
1401 1542 1534 1566 secun-

475 1580 566 1616 dum
596 1579 889 1627 similitudinem,
911 1589 947 1618 et
966 1594 1044 1618 non
1070 1581 1241 1630 proprie:
1266 1581 1356 1629 quia
1383 1582 1432 1619 ad
1459 1583 1535 1619 hoc

474 1632 579 1681 quod
606 1633 747 1681 aliquid
767 1633 812 1670 sit
839 1633 1041 1681 infinitum,
1063 1634 1263 1683 requiritur
1289 1635 1371 1680 hoc,
1393 1634 1533 1672 scilicet

474 1685 578 1733 quod
608 1693 708 1722 extra
728 1686 936 1734 quamlibet
963 1693 1111 1736 partem
1131 1694 1326 1735 acceptam
1355 1687 1401 1723 sit
1419 1700 1533 1736 quae—

474 1738 562 1774 dam
591 1737 679 1784 alia3
709 1738 759 1775 ita
786 1746 914 1775 tamen
953 1739 1057 1788 quod
1086 1751 1282 1788 nunquam
1321 1747 1535 1777 resumatur

472 1790 532 1827 illa
561 1802 656 1838 quae
684 1791 788 1839 prius
825 1791 892 1828 fuit
920 1799 1085 1841 accepta.
1114 1792 1191 1829 Sed
1218 1792 1257 1829 in
1286 1792 1424 1829 circulo
1454 1805 1534 1830 non

473 1850 528 1880 est
554 1843 617 1890 sic,
639 1844 726 1892 quia
753 1856 841 1893 pars
870 1856 968 1893 quae
996 1844 1177 1893 accipitur
1203 1852 1290 1894 post
1309 1845 1420 1882 aliam
1448 1858 1533 1894 par-

471 1903 561 1942 tem,
583 1903 638 1932 est
666 1897 736 1933 alia
765 1898 889 1933 solum
909 1898 958 1934 ab
988 1910 1032 1934 ea
1061 1909 1158 1946 quae
1179 1898 1400 1935 immediate
1427 1911 1533 1935 acce-

471 1956 535 1997 pta
564 1956 618 1985 est
636 1955 664 1996 “,
686 1962 763 1986 non
791 1957 920 1987 tamen
948 1951 996 1987 ab
1026 1950 1204 1988 omnibus
1232 1950 1402 2000 partibus
1428 1952 1533 2000 prius

472 2002 651 2050 acceptis;
682 2003 770 2051 quia
794 2015 872 2039 una
899 2016 986 2052 pars
1010 2010 1135 2052 potest
1162 2003 1354 2041 multoties
1378 2004 1476 2041 sumi
1492 2005 1530 2051 *‚

470 2062 512 2091 ut
538 2062 640 2104 patet
658 2055 696 2092 in
717 2063 824 2092 motu
852 2055 1033 2094 circulari.
1055 2056 1095 2093 Si
1123 2056 1233 2104 igitur
1252 2057 1379 2094 annuli
1404 2057 1534 2094 dicun—

471 2115 530 2144 tur
566 2107 698 2144 infiniti
730 2116 886 2157 propter
911 2110 1010 2146 hanc
1038 2109 1333 2158 similitudinem,
1367 2110 1535 2159 sequitur

472 2161 575 2210 quod
612 2161 703 2198 illud
739 2162 845 2210 quod
882 2169 938 2199 est
966 2174 1065 2199 ¹vere
1102 2162 1314 2209 infinitum,
1345 2162 1391 2199 sit
1429 2163 1534 2200 cuius

472 2226 622 2262 semper
649 2214 694 2251 sit
722 2215 891 2264 accipere
921 2215 1062 2264 aliquid
1091 2223 1203 2263 extra,
1225 2215 1255 2252 si
1284 2215 1416 2264 aliquis
1444 2216 1535 2253 velit

472 2267 640 2316 accipere
670 2267 749 2304 eius
769 2267 1026 2316 quantitatem.
1048 2269 1140 2306 Non
1160 2268 1262 2305 enim
1285 2276 1411 2317 potest
1430 2281 1534 2306 com-

470 2320 652 2368 prehendi
681 2321 866 2369 quantitas
885 2321 1036 2367 infiniti;
1067 2322 1135 2359 sed
1163 2322 1193 2359 si
1217 2321 1301 2370 quis
1328 2321 1419 2359 velit
1447 2334 1533 2359 eam

472 2373 652 2421 accipere,
674 2374 829 2422 accipiet
847 2372 864 2401 β
882 2382 1029 2423 partem
1058 2382 1145 2423 post
1176 2381 1324 2423 partem
1345 2375 1382 2411 in
1410 2374 1533 2412 infini-

471 2432 563 2473 tum,
588 2433 630 2462 ut
657 2439 770 2474 supra
798 2426 940 2464 dictum
971 2435 1036 2464 est.

523 2490 560 2524 4.
581 2478 728 2516 Deinde
750 2492 837 2517 curn
858 2480 960 2517 dicit:
986 2481 1100 2517 Cuius
1119 2486 1244 2517 autem
1264 2480 1356 2516 nihil
1373 2486 1531 2527 estete„

470 2531 606 2580 probat
641 2532 743 2580 quod
782 2533 949 2570 definitio
988 2533 1231 2582 antiquorum
1260 2533 1305 2569 sit
1339 2533 1533 2582 incompe-

471 2591 565 2631 tenS,
585 2584 648 2620 tali
677 2585 831 2622 ratione.
862 2586 910 2622 Id
927 2586 1031 2622 cuius
1060 2586 1151 2622 nihil
1178 2591 1232 2622 est
1256 2591 1364 2622 extra
1385 2593 1440 2622 est
1469 2586 1532 2622 de-

471 2636 591 2673 finitio
614 2638 774 2686 perfecti
792 2646 827 2675 et
846 2639 964 2675 totius.
987 2639 1104 2685 Quod
1133 2638 1185 2675 sic
1211 2638 1360 2686 probat.
1387 2638 1531 2674 Defini-

471 2697 530 2725 tur
550 2689 651 2726 enim
665 2691 971 2740 unumquodque
986 2699 1109 2728 totum
1130 2702 1212 2727 esse
1232 2691 1295 2727 cui
1307 2689 1398 2726 nihil
1415 2690 1531 2727 deest:

473 2741 566 2778 sicut
586 2742 753 2780 'dicimus
781 2743 979 2781 hominem
999 2751 1121 2780 totum
1150 2749 1214 2779 aut
1248 2754 1375 2779 arcam
1399 2749 1531 2789 totam,

473 2795 608 2843 quibus
636 2795 725 2832 nihil
746 2795 851 2833 deest
879 2808 1014 2833 eorum
1033 2808 1131 2845 quae
1153 2795 1293 2832 debent
1310 2795 1462 2832 habere.
1484 2796 1533 2832 Et

473 2847 566 2884 sicut
593 2849 666 2884 hoc
695 2848 854 2886 dicimus
882 2849 921 2886 in
944 2849 1070 2897 aliquo
1099 2847 1276 2896 singulari
1303 2854 1396 2895 toto,
1415 2855 1458 2885 ut
1477 2856 1533 2885 est

472 2900 545 2937 hoc
563 2901 786 2948 particulare
804 2902 865 2939 vel
884 2901 985 2950 illud,
1002 2902 1052 2938 ita
1072 2901 1185 2938 etiam
1204 2901 1299 2937 haec
1314 2900 1406 2937 ratio
1428 2913 1531 2938 com-

472 2953 562 3000 petit
590 2953 627 2990 in
657 2966 702 2990 eo
730 2955 750 2975 '⁵
779 2954 883 3004 quod
918 2962 974 2991 est
1000 2967 1092 2991 vere
1127 2962 1162 2990 et
1198 2953 1351 3002 proprie
1386 2961 1530 2998 totum,

475 3005 611 3042 scilicet
638 3005 675 3042 in
702 3008 903 3054 universo,
934 3015 1036 3044 extra
1065 3006 1170 3055 quod
1198 3005 1416 3054 simpliciter
1443 3006 1532 3043 nihil

475 3064 540 3095 est.
571 3058 670 3095 Cum
699 3068 826 3097 autem
846 3060 987 3109 aliquid
1016 3060 1111 3097 desit
1132 3059 1201 3108 per
1228 3058 1438 3095 absentiam
1467 3058 1532 3095 ali-

473 3110 579 3147 'cuius
603 3111 790 3150 intrinseci
808 3114 838 3160 ²⁸,
864 3121 954 3150 tunc
982 3125 1060 3150 non
1080 3120 1136 3149 est
1168 3118 1302 3148 toturn.
1334 3111 1395 3148 Sic
1424 3111 1531 3159 igitur

475 3163 714 3201 manifestum
750 3174 804 3202 est
841 3166 945 3215 quod
979 3167 1073 3203 haec
1103 3172 1158 3202 est
1192 3164 1361 3201 definitio
1399 3164 1530 3201 totius:

475 3221 588 3253 totum
613 3218 632 3237 ’¹‘
659 3223 712 3254 est
738 3219 841 3255 cuius
874 3218 965 3255 nihil
991 3225 1046 3255 est
1075 3223 1195 3255 extra.
1227 3217 1304 3254 Sed
1338 3222 1452 3254 totum
1496 3223 1532 3253 et

470 3270 676 3316 perfectum
704 3272 765 3308 vel
795 3279 880 3308 sunt
907 3271 1056 3320 penitus
1083 3270 1208 3317 idem,
1237 3270 1300 3307 vel
1327 3277 1414 3306 sunt
1440 3282 1527 3318 pro-

530 3408 556 3439 α)
571 3408 603 3432 ab
618 3415 648 3433 ea
662 3417 728 3441 quae
741 3411 890 3436 immediate
902 3413 1010 3442 accepta
1024 3413 1072 3435 est.
1087 3424 1105 3428 -
1119 3410 1154 3434 lta
1169 3409 1237 3434 PHR
1245 3417 1252 3440 ;
1266 3409 1299 3434 ab
1311 3415 1342 3434 eo
1356 3408 1427 3441 quod
1440 3409 1531 3433 imme-

478 3441 548 3466 diate
561 3443 654 3472 (solum
670 3445 726 3469 add.
742 3445 778 3476 D)
793 3449 926 3477 acceptum
941 3449 981 3470 est
995 3450 1042 3471 cet.
1053 3445 1127 3470 codd.
1141 3449 1167 3469 et
1180 3444 1234 3473 ab,·
1254 3449 1363 3476 utraque
1376 3443 1451 3468 lectio
1464 3443 1531 3468 bona

477 3480 524 3505 cst,
543 3477 588 3500 sed
607 3478 674 3508 prior
692 3484 731 3503 cst
749 3481 911 3506 materialiter
928 3481 1014 3513 quoad
1033 3481 1112 3506 verba
1135 3479 1217 3512 magis
1237 3479 1364 3504 contextui
1383 3478 1532 3503 conformis.

531 3509 555 3542 β)
575 3513 843 3546 animem-accipiat
862 3515 920 3545 CD,
945 3515 1041 3547 accipit
1064 3520 1112 3540 cer.
1132 3520 1156 3539 ct
1180 3515 1237 3545 ab;
1261 3514 1375 3546 accipiat
1400 3519 1439 3538 est
1458 3514 1532 3538 lectio

478 3545 562 3569 minus
581 3546 660 3577 bona;
681 3547 744 3572 inter
761 3550 870 3580 accipiet
888 3558 949 3574 vero
969 3556 992 3575 et
1011 3550 1118 3582 accipit,
1138 3550 1250 3583 primum
1269 3549 1369 3574 videtur
1388 3549 1533 3581 praeferen-

479 3580 573 3604 dum.—
587 3580 636 3605 Pro
655 3582 680 3605 in
701 3582 842 3614 infinitum,
863 3585 992 3616 infinitam
1012 3586 1048 3615 D,
1072 3586 1098 3610 in
1119 3585 1220 3618 infinito
1239 3590 1287 3610 cet.
1306 3592 1359 3609 exc.
1378 3583 1532 3614 FHMNQsI.

531 3616 557 3646 γ)
573 3622 624 3646 per
642 3622 721 3647 aeque
736 3625 868 3649 pugnans.
882 3633 901 3637 —
912 3627 962 3651 per
976 3628 1028 3645 om.
1043 3620 1178 3650 EGMOR;
1195 3627 1245 3652 per
1257 3626 1338 3652 aeque
1350 3626 1476 3652 pugnans
1491 3619 1532 3644 vel

1590 634 1736 670 nullum
1765 646 1895 671 carens
1923 635 2000 672 fine
2025 645 2080 673 est
2106 637 2333 688 perfectum3
2365 637 2453 686 quia
2481 638 2567 675 finis
2596 647 2652 676 est

1588 686 1768 734 perfectio
1787 687 2096 737 uniuscuiusque.
2123 689 2225 726 Finis
2245 697 2373 726 autem
2394 698 2449 727 est
2467 690 2650 728 terminus

1591 738 1670 775 eius
1699 739 1805 776 cuius
1843 747 1898 776 est
1932 740 2040 778 finis:
2074 742 2219 778 nullum
2256 742 2366 790 igitur
2398 742 2587 780 infinitum
2616 751 2652 780 et

1589 790 1874 829 interminatum
1902 793 1922 813 *
1952 801 2008 830 est
2041 794 2264 842 perfectum.
2305 795 2395 832 Non
2424 807 2512 843 ergo
2547 808 2651 833 com-

1588 843 1680 892 petit
1707 843 1853 881 infinito
1874 845 2043 882 definitio
2070 847 2237 896 perfecti,
2258 848 2362 885 cuius
2390 848 2531 885 scilicet
2558 847 2652 886 nihil

1589 901 1643 932 est
1668 901 1788 933 extra.

1647 949 1678 985 5.
1700 949 1848 986 Deinde
1877 962 1965 987 cum
1995 951 2102 989 dicit:
2128 952 2234 990 Unde
2260 953 2390 990 melius
2415 959 2469 990 est
2494 953 2650 1002 opinan-

1589 1001 1678 1038 dum
1708 1009 1790 1050 etc.‚
1810 1002 1953 1040 inducit
1980 1004 2173 1052 quandam
2208 1005 2493 1043 conclusionem
2522 1018 2568 1044 ex
2597 1007 2650 1044 di-

1590 1053 1667 1090 ctis.
1698 1054 1799 1101 Quia
1827 1055 1929 1092 enim
1961 1055 2108 1093 infinito
2145 1069 2224 1094 non
2262 1058 2443 1106 competit
2480 1058 2649 1096 definitio

1589 1106 1714 1154 totius,
1735 1107 1977 1145 manifestum
2007 1116 2062 1146 est
2089 1110 2194 1158 quod
2214 1110 2348 1146 melius
2377 1109 2467 1147 dixit
2493 1112 2650 1149 Parme-

1590 1158 1696 1196 nides
1725 1171 1841 1208 quam
1870 1161 2056 1198 Melissus.
2078 1161 2255 1198 Melissus
2280 1162 2381 1199 enim
2410 1162 2500 1199 dixit
2526 1170 2650 1202 totum

1588 1211 1811 1250 universum
1831 1225 1912 1250 esse
1942 1213 2147 1260 infinitum3
2168 1214 2415 1252 Parmenides
2438 1227 2532 1252 vero
2562 1215 2652 1254 dixit

1589 1264 1694 1313 quod
1721 1272 1844 1302 totum
1860 1266 2001 1313 finitur
2011 1278 2086 1314 per
2103 1278 2222 1315 aeque
2233 1279 2414 1317 pugnans
2428 1273 2443 1294 ⁷
2461 1280 2486 1305 a
2514 1269 2648 1316 medio,

1588 1317 1627 1354 in
1642 1329 1718 1366 quo
1735 1317 1944 1365 designavit
1963 1331 2100 1368 corpus
2118 1319 2285 1356 universi
2301 1332 2382 1357 esse
2396 1321 2648 1369 sphaericum.

1590 1370 1632 1406 In
1660 1370 1855 1418 sphaerica
1884 1371 1985 1408 enim
2010 1371 2131 1420 figura
2149 1369 2163 1394 ὃ
2190 1372 2311 1410 lineae
2331 1385 2353 1409 a
2371 1373 2499 1410 medio
2527 1386 2649 1424 usque

1589 1423 1637 1459 ad
1660 1422 1879 1471 terminum,
1909 1423 2047 1461 scilicet
2075 1424 2432 1473 circumferentiam,
2463 1426 2650 1464 ducuntur

1589 1475 1801 1512 secundum
1835 1476 2119 1525 aequalitatem,
2149 1478 2256 1527 quasi
2289 1490 2407 1527 aeque
2433 1485 2649 1529 pugnantes

1589 1527 1659 1564 sibi
1678 1527 1854 1566 invicem.
1876 1529 1926 1566 Et
1944 1537 2043 1566 recte
2073 1530 2206 1568 dicitur
2225 1531 2329 1580 quod
2356 1538 2480 1568 totum
2497 1531 2649 1570 univer-

1589 1592 1674 1616 sum
1695 1580 1715 1601 *
1744 1580 1790 1618 sit
1816 1581 1978 1629 finitum,
2013 1582 2102 1631 quia
2132 1591 2255 1620 totum
2289 1591 2326 1621 et
2351 1583 2542 1622 infinitum
2570 1597 2649 1623 non

1589 1644 1628 1669 se
1666 1632 1830 1670 invicem
1864 1643 2147 1684 consequuntur
2183 1636 2290 1685 quasi
2320 1636 2390 1673 sibi
2420 1637 2647 1686 continuata,

1587 1685 1682 1721 sicut
1699 1685 1774 1723 lino
1794 1687 2033 1724 continuatur
2050 1688 2168 1725 linum
2187 1689 2227 1725 in
2246 1689 2401 1727 filando.
2432 1690 2525 1727 Erat
2543 1690 2646 1728 enim

1586 1738 1856 1786 proverbium,
1885 1746 1926 1776 ut
1955 1751 1999 1777 ea
2027 1753 2126 1789 quae
2155 1753 2194 1778 se
2214 1741 2234 1762 ³*
2262 1749 2564 1791 consequuntur,
2595 1743 2648 1781 di-

1589 1797 1762 1827 cerentur
1789 1791 1859 1828 sibi
1888 1792 2097 1830 continuari
2125 1793 2220 1830 sicut
2247 1794 2366 1837 linum
2394 1794 2483 1832 lino.

1641 1844 1677 1880 6.
1690 1843 1837 1880 Deinde
1849 1856 1937 1881 cum
1949 1844 2053 1882 dicit:
2074 1846 2261 1888 Quoniam
2271 1847 2359 1884 hinc
2367 1848 2556 1896 accipiunt
2564 1855 2649 1895 etc.‚

1587 1895 1747 1932 excludit
1761 1896 1954 1945 quandam
1975 1897 2108 1935 falsam
2124 1899 2346 1948 opinionem
2366 1911 2412 1936 ex
2425 1900 2650 1949 praedictat

1588 1948 1807 1986 definitione
1835 1949 1927 1986 falsa
1955 1958 2135 1988 exortam.
2164 1952 2212 1988 Et
2238 1952 2364 2001 primo
2395 1952 2650 1990 communiter

1587 2008 1771 2050 quantum
1792 2002 1840 2039 ad
1868 2014 2023 2048 omnes;
2045 2004 2213 2041 secundo
2234 2004 2445 2054 specialiter
2463 2013 2649 2054 quantum

1587 2054 1636 2091 ad
1654 2054 1865 2101 Platonem,
1886 2054 1955 2092 ibi:
1991 2055 2176 2098 Quoniam
2196 2057 2230 2094 si
2246 2058 2408 2094 continet
2421 2059 2441 2079 *²
2462 2065 2530 2096 etc.
2551 2058 2652 2096 Dicit
2677 2066 2686 2075 ·
2700 2065 2770 2087 Num·
2785 2065 2809 2088 8·

1588 2118 1676 2154 ergo
1704 2107 1829 2155 primo
1868 2108 1974 2156 quod
2008 2109 2095 2157 quia
2131 2109 2426 2148 aestimaverunt
2458 2110 2650 2149 infinitum

1588 2159 1764 2207 coniungi
1792 2160 1870 2207 toti,
1899 2160 1988 2197 hinc
2016 2169 2244 2210 acceperunt
2270 2163 2378 2211 quasi
2410 2163 2649 2212 dignitatem,

1587 2211 1683 2248 idest
1711 2225 1792 2249 rem
1810 2225 1880 2261 per
1907 2225 1946 2249 se
1975 2221 2118 2261 notam,
2140 2214 2186 2251 de
2207 2214 2365 2262 infinito,
2387 2215 2492 2264 quod
2520 2215 2650 2253 omnia

1588 2265 1796 2302 contineret
1823 2273 1860 2302 et
1887 2265 2017 2302 omnia
2044 2267 2082 2303 in
2111 2279 2150 2303 se
2187 2267 2360 2314 haberet;
2389 2275 2544 2317 propter
2575 2268 2652 2306 hoc

1588 2318 1693 2366 quod
1729 2318 1844 2355 habet
1877 2319 2070 2367 quandam
2107 2319 2391 2357 similitudinem
2429 2333 2517 2358 cum
2545 2328 2647 2369 toto,

1588 2371 1683 2407 sicut
1711 2371 1748 2408 id
1777 2371 1882 2420 quod
1902 2378 1957 2408 e'st
1983 2371 2022 2408 in
2039 2372 2210 2420 potentia
2229 2373 2343 2409 habet
2366 2373 2650 2411 similitudinem

1588 2436 1675 2460 cum
1704 2431 1802 2460 actu.
1824 2423 2017 2460 Infinitum
2046 2424 2148 2462 enim
2177 2425 2402 2473 inquantum
2430 2433 2486 2463 est
2512 2426 2551 2463 in
2577 2437 2648 2475 po-

1586 2476 1711 2523 tentia,
1734 2483 1788 2513 est
1807 2476 1902 2513 sicut
1921 2477 2078 2513 materia
2105 2478 2540 2526 respectu,perfecti0nis
2568 2490 2648 2516 ma-

1586 2529 1808 2577 gnitudinis:
1839 2537 1875 2566 et
1902 2536 1958 2566 est
1994 2529 2089 2566 sicut
2125 2537 2248 2567 totum
2276 2530 2314 2567 in
2350 2530 2539 2579 potentia,
2569 2543 2648 2568 non

1587 2589 1714 2619 autem
1743 2582 1781 2618 in
1809 2589 1905 2618 actu.
1928 2582 2045 2628 Quod
2071 2589 2174 2631 patet
2194 2595 2238 2619 ex
2257 2583 2343 2629 hoc,
2364 2584 2469 2632 quod
2483 2583 2503 2604 *
2524 2582 2647 2620 infini-
2675 2594 2684 2604 ·

1586 2641 1667 2671 tum
1697 2634 1830 2671 dicitur
1857 2634 2068 2671 secundum
2097 2635 2202 2684 quod
2220 2635 2399 2684 possibile
2429 2643 2484 2673 est
2507 2635 2647 2685 aliquid

1587 2686 1703 2724 dividi
1731 2687 1770 2724 in
1799 2687 1936 2734 minus,
1958 2695 1994 2724 et
2021 2688 2234 2725 secundum
2262 2688 2367 2737 quod
2396 2701 2440 2725 ex
2469 2689 2646 2738 opposito
2694 2704 2701 2708 ,

1587 2739 1800 2776 divisioni*
1827 2747 1951 2789 potest
1978 2740 2061 2777 fieri
2089 2741 2297 2790 appositio,
2326 2748 2368 2778 ut
2396 2754 2511 2791 supra
2531 2743 2574 2763 *²³²
2594 2741 2647 2779 di·
2673 2749 2695 2787 ζ,

1587 2799 1688 2829 ctum
1719 2800 1784 2829 est.
1815 2792 1878 2830 Sic
1904 2792 2014 2840 igitur
2037 2793 2227 2831 infinitum
2247 2794 2458 2831 secundum
2478 2807 2531 2842 se,
2551 2794 2649 2833 idest

1586 2846 1797 2883 secundum
1824 2846 2020 2894 propriam
2049 2846 2246 2894 rationem,
2269 2855 2325 2884 est
2342 2847 2380 2884 in
2399 2847 2569 2896 potentia
2590 2855 2647 2885 to-

1586 2905 1684 2934 turn:
1707 2906 1742 2935 et
1758 2906 1812 2935 est
1830 2899 2106 2947 imperfectum,
2123 2900 2219 2937 sicut
2233 2900 2389 2937 materia
2408 2912 2486 2937 non
2500 2900 2646 2938 habens

1585 2951 1868 2999 perfectionem.
1890 2952 1981 2988 Non
2001 2959 2128 2989 autem
2149 2960 2203 2990 est
2222 2960 2344 2990 totum
2365 2959 2401 2989 et
2418 2952 2569 2990 finitum
2587 2965 2646 2990 se-

1586 3004 1754 3040 cundum
1783 3016 1844 3050 se,
1874 3003 1971 3041 idest
1998 3005 2208 3042 secundum
2236 3005 2432 3054 propriam
2460 3005 2650 3042 rationem.

1586 3068 1661 3105 qua
1690 3064 1744 3093 est
1771 3055 1982 3103 infinitum;
2011 3057 2078 3094 sed
2107 3059 2320 3095 secundum
2339 3057 2453 3104 aliud,
2474 3057 2569 3095 idest
2588 3070 2646 3095 se-

1586 3108 1754 3146 cundum
1773 3109 1891 3150 finem
1921 3117 1957 3146 et
1983 3117 2118 3157 totum,
2140 3111 2188 3147 ad
2208 3111 2313 3160 quod
2333 3118 2388 3148 est
2406 3110 2444 3147 in
2463 3111 2643 3160 potentia.

1585 3161 1731 3199 Divisio
1761 3162 1861 3198 enim
1891 3174 1988 3211 quae
2009 3170 2064 3199 est
2081 3163 2270 3211 possibilis
2299 3164 2337 3200 in
2364 3163 2567 3212 infinitum,
2587 3176 2646 3201 se-

1586 3214 1754 3251 cundum
1782 3214 1887 3264 quod
1907 3215 1955 3252 ad
1981 3215 2121 3264 aliquid
2149 3216 2380 3263 terminatur,
2401 3216 2535 3254 dicitur
2563 3228 2644 3254 esse

1584 3267 1765 3317 perfecta:
1797 3275 1832 3304 et
1865 3268 2077 3306 secundum
2111 3269 2216 3318 quod
2243 3269 2348 3306 vadit
2375 3269 2414 3306 in
2442 3269 2644 3318 infinitum,

1586 3409 1688 3433 distans
1707 3407 1737 3433 N.
1749 3421 1768 3426 —
1783 3408 1833 3432 Pro
1851 3415 1947 3440 corpus
1966 3407 2084 3433 universi
2101 3415 2163 3437 esse,
2182 3409 2254 3440 quod
2271 3415 2367 3440 corpus
2387 3408 2503 3434 universi
2517 3411 2557 3434 est
2569 3407 2645 3433 codd.

1587 3451 1640 3468 exc.
1654 3443 1686 3468 G.

1639 3477 1663 3511 ὃ)
1684 3478 1714 3503 In
1733 3477 1871 3511 sphaerica
1890 3478 1959 3504 enim
1972 3478 2096 3512 figura-
2115 3478 2141 3503 in
2160 3478 2274 3510 sphaera
2292 3479 2361 3504 enim
2380 3478 2464 3504 Iineae
2482 3477 2595 3508 HMNX,
2614 3477 2640 3502 in

1586 3513 1699 3545 sphaera
1718 3517 1805 3539 autem
1824 3514 1909 3538 lineae
1928 3513 1985 3538 edd.
2005 3514 2046 3538 ab
2065 3518 2090 3538 et
2109 3518 2156 3538 cet.
2171 3514 2246 3538 codd.
2253 3521 2259 3544 ;
2279 3513 2417 3546 legendum
2435 3513 2534 3538 videtur
2557 3512 2642 3537 enim.-

1586 3557 1645 3573 nam
1661 3549 1733 3573 datur
1751 3549 1815 3573 ratio
1829 3556 1909 3581 quare
1922 3548 2088 3573 Parmenides
2102 3555 2151 3572 suo
2164 3548 2232 3573 dictu
2246 3549 2394 3573 universum
2409 3547 2570 3580 sphaericum
2583 3554 2642 3571 esse

1587 3583 1735 3617 designavit.
1745 3590 1854 3616 —usque
1873 3591 1925 3609 om.
1936 3583 2011 3608 codd.
2025 3590 2078 3608 exc.
2089 3582 2245 3613 lKLQSVY;
2259 3597 2278 3603 —
2291 3591 2339 3616 pro
2357 3583 2463 3612 scilicet,
2486 3581 2585 3607 scillcet
2604 3581 2642 3606 ad

1587 3619 1632 3643 EG
1641 3637 1647 3649 ,
1663 3619 1729 3644 idest
1742 3618 1815 3643 ΗΜΝ
1829 3632 1847 3638 -
1861 3626 1909 3651 pro
1924 3621 2088 3651 pugnantes,
2108 3621 2314 3650 compugnantes
2334 3618 2408 3642 codd.
2421 3624 2473 3642 exc.
2487 3615 2641 3641 DFGSZsL.

2677 806 2688 818 ⁸
2709 807 2875 831 indetermina-

2678 834 2725 854 tum
2738 839 2778 856 nn.

2675 1594 2890 1643 ἒοᾟῖῗΐῖθω·

2674 1752 2685 1764 ·“
2700 1757 2727 1774 se
2740 1758 2788 1775 om.
2798 1753 2882 1775 innah-

2677 1908 2688 1919 ⁶
2702 1907 2774 1930 Num.
2783 1913 2804 1930 2.
