2898 3996
73 702 83 712 ⁶·
97 701 217 729 :appetito
230 707 253 723 P.

1140 300 1251 337 CAP.
1282 299 1350 346 IV,

310 392 350 417 se
370 386 474 416 mota
503 386 557 416 est
573 384 595 415 ⁸.
621 379 748 416 Paries
778 379 878 415 enim
906 391 984 415 non
1014 378 1115 416 dedit
1143 378 1176 414 ei
1201 377 1365 426 aliquem

309 433 495 480 impetum
515 432 563 469 ad
583 438 743 478 motum,
765 432 830 469 sed
857 431 1072 480 proiiciens:
1097 443 1165 479 per
1193 430 1366 466 accidens

310 492 437 521 autem
465 484 544 532 fuit,
578 484 682 532 quod
710 484 802 521 dum
831 496 853 520 a
880 483 1020 532 pariete
1048 482 1292 531 impediretur
1318 494 1365 518 ne

310 537 521 574 secundum
549 536 735 585 impetum
763 537 930 584 ferretur,
952 536 1089 572 eodem
1116 535 1259 583 impetu
1287 546 1366 570 ma-

310 597 434 637 nente,
455 589 494 626 in
521 589 748 626 contrarium
768 596 916 625 motum
944 588 1105 625 resilivit.
1127 588 1175 623 Et
1203 586 1368 623 similiter

310 643 370 679 ille
391 642 454 691 qui
470 641 610 679 divellit
633 642 862 688 columnam,
882 653 960 677 non
980 641 1043 677 dat
1060 639 1164 687 gravi
1185 651 1366 688 superpo-

312 695 381 732 sito
398 697 417 714 ⁴⁹
432 694 617 743 impetum
645 695 706 731 vel
733 693 1015 730 inclinationem
1039 693 1088 728 ad
1106 692 1180 728 hoc
1198 692 1304 741 quod
1323 692 1368 729 sit

313 748 509 785 deorsum:
525 747 599 784 hoc
614 746 716 783 enim
730 744 1023 793 habuitaprimo
1039 752 1250 792 generante,
1263 745 1367 793 quod

313 799 415 837 dedit
434 799 467 836 ei
486 799 650 836 formam
670 810 785 847 quarn
800 797 1067 845 sequitur-talis
1087 796 1287 834 inclinatio,
1305 797 1367 834 Sic

312 852 421 900 igitur
447 863 631 899 generans
651 858 706 887 est
722 862 791 898 per
810 862 849 886 se
868 861 1030 886 movens
1049 849 1178 897 gravia
1203 857 1238 886 et
1256 850 1365 898 levia,

313 915 516 942 removens
539 910 667 940 autem
693 901 899 950 prohibens
925 913 995 950 per
1022 902 1206 939 accidens.

372 954 572 992 Concludit
589 954 699 1003 igitur
712 954 954 992 manifestum
971 967 1053 991 esse
1069 967 1114 991 ex
1130 954 1246 1001 dictis,
1263 955 1367 1004 quod

311 1007 401 1045 nihil
428 1008 585 1054 horum,
614 1007 752 1044 scilicet
778 1007 952 1055 gravium
981 1015 1017 1044 et
1043 1007 1206 1055 levium,
1236 1015 1368 1045 movet

311 1059 494 1118 seipsum:
524 1060 590 1097 sed
618 1067 746 1096 tamen
775 1067 900 1096 motus
929 1072 1063 1096 eorum
1092 1067 1146 1096 est
1173 1061 1365 1119 naturalis,

312 1112 400 1161 quia
418 1113 559 1149 habent
575 1112 803 1162 principium
822 1120 948 1150 motus
967 1112 1006 1149 in
1024 1112 1174 1161 seipsis;
1194 1125 1272 1150 non
1288 1113 1368 1162 qui-

313 1165 402 1202 dem
420 1165 647 1214 principium
667 1165 855 1203 motivum
875 1173 938 1202 aut
952 1165 1129 1213 activum,
1146 1166 1213 1203 sed
1231 1165 1367 1215 princi-

310 1217 419 1265 pium
437 1217 646 1266 passivum,
663 1218 767 1267 quod
787 1225 842 1255 est
854 1218 1022 1277 potentia
1037 1218 1085 1255 ad
1099 1219 1212 1255 talem
1227 1225 1365 1255 actum.

312 1270 370 1306 Ex
398 1282 475 1319 quo
494 1278 597 1319 patet
616 1278 744 1308 contra
763 1270 1010 1308 intentionem
1029 1271 1251 1320 Philosophi
1271 1283 1365 1318 esse,

312 1322 444 1371 quod
435 1335 474 1360 in
493 1323 650 1360 materia
664 1323 710 1360 sit
721 1323 949 1372 principium
968 1323 1146 1371 activum,
1163 1324 1268 1373 quod
1288 1323 1368 1373 qui-

314 1375 403 1412 dam
436 1375 563 1412 dicunt
596 1388 678 1413 esse
710 1376 965 1413 necessarium
999 1376 1045 1413 ad
1079 1377 1153 1413 hoc
1185 1377 1289 1426 quod
1323 1377 1369 1413 sit

312 1435 440 1464 motus
467 1428 666 1465 naturalis:
696 1429 832 1466 sufficit
866 1429 968 1466 enim
997 1429 1044 1466 ad
1072 1429 1146 1466 hoc
1172 1429 1367 1478 passivum

311 1479 553 1529 principium,
581 1481 685 1530 quod
705 1489 760 1518 est
777 1481 945 1530 potentia
963 1482 1139 1519 naturalis
1159 1482 1208 1519 ad
1228 1490 1366 1519 actum.

363 1644 385 1677 ε)
404 1650 422 1669 a
435 1644 526 1676 primo
539 1645 699 1678 proiit-iente
711 1652 764 1678 per
781 1652 809 1671 se
828 1649 900 1671 mota
918 1649 1015 1671 est.—a
1029 1647 1120 1678 primo
1134 1647 1292 1679 prohibente
1310 1648 1368 1673 AIK

310 1679 465 1712 LMSVXpC
484 1685 509 1705 et
527 1680 603 1705 editio
621 1687 652 1709 a,·
666 1688 718 1713 per
735 1688 763 1706 se
781 1684 854 1706 mota
871 1684 911 1706 est
929 1682 1050 1706 omittunt
1068 1683 1144 1706 etiam
1163 1682 1239 1707 ceteri
1259 1682 1368 1714 codices,

312 1714 388 1739 editio
407 1714 422 1739 b
441 1720 467 1740 et
484 1715 574 1740 Venet-
593 1715 668 1747 1504.

1381 298 1531 335 LECT.

1561 299 1647 335 vm
2403 298 2476 346 393

1476 378 1510 413 8.
1531 376 1679 413 Deinde
1700 389 1788 413 cum
1809 376 1915 413 dicit:
1937 377 1979 412 Si
2004 377 2119 426 igitur
2138 376 2263 413 omnia
2288 387 2384 424 quae
2402 388 2480 412 mo-

1421 434 1554 465 ventur
1583 437 1669 476 etc.,
1701 429 1890 466 concludit
1919 429 2202 465 conclusionem
2228 428 2483 477 principaliter

1420 481 1602 518 intentam
1631 482 1668 518 in
1696 489 1774 518 toto
1814 482 1988 530 capitulo.
2022 482 2071 518 Et
2099 482 2187 518 dicit
2214 481 2318 529 quod
2350 481 2380 517 si
2407 482 2482 518 hoc

1419 546 1556 571 verum
1586 542 1651 580 est,
1672 534 1777 583 quod
1806 534 1934 571 omnia
1962 547 2059 583 quae
2087 547 2155 582 per
2189 547 2227 570 se
2256 541 2480 581 moventur,

1421 594 1485 623 aut
1511 595 1715 623 moventur
1742 587 1954 623 secundum
1983 595 2166 633 naturam,
2194 594 2258 623 aut
2287 594 2388 623 extra
2415 599 2484 623 na-

1421 647 1544 676 turam
1573 647 1609 675 et
1635 652 1704 687 per
1740 639 1978 685 violentiam3
2009 647 2045 676 et
2074 639 2120 676 de
2158 639 2226 676 illis
2263 652 2361 687 quae
2399 651 2482 676 mo-

1420 699 1556 729 ventur
1570 704 1639 740 per
1652 692 1884 739 violentiam,
1898 692 2141 729 manifestum
2157 700 2212 729 est
2231 692 2335 740 quod
2354 692 2482 729 omnia

1421 752 1626 781 moventur
1662 757 1739 782 non
1768 745 1891 781 solum
1930 757 1952 781 a
1985 745 2154 794 quodam
2183 752 2384 792 movente,
2415 745 2482 781 sed

1423 797 1535 834 etiarn
1555 810 1577 834 a
1595 805 1775 834 movente
1804 797 1876 834 alio
1892 798 1912 818 ³³
1927 798 2152 843 extrinseco;
2178 806 2214 834 et
2232 798 2368 834 iterum
2387 798 2482 834 inter

1422 862 1467 887 ea
1494 862 1592 899 quae
1619 858 1825 887 moventur
1845 850 2056 888 secundum
2084 858 2270 897 naturam,
2292 850 2482 899 quaedam

1421 910 1625 940 moventur
1639 915 1662 939 a
1676 903 1817 952 seipsis,
1830 902 1895 940 in*
1901 903 2037 951 quibus
2051 903 2293 940 manifestum
2310 910 2364 940 est
2378 903 2483 951 quod

1421 963 1626 992 moventur
1653 956 1700 992 ab
1730 955 1868 1004 aliquo,
1889 968 1966 992 non
1991 956 2146 1004 quidem
2175 956 2393 1002 extrinseco,
2415 956 2482 993 sed

1421 1007 1637 1054 intrinseco;
1666 1009 1856 1056 quaedam
1886 1008 1999 1045 etiam
2037 1016 2123 1045 sunt
2151 1021 2248 1058 quae
2278 1017 2483 1045 moventur

1422 1060 1632 1097 secundum
1669 1069 1865 1107 naturam,
1896 1074 1974 1098 non
2001 1068 2130 1098 tamen
2157 1074 2179 1098 a
2208 1061 2359 1110 seipsis,
2389 1061 2484 1098 sicut

1421 1113 1550 1161 gravia
1578 1120 1614 1149 et
1636 1113 1750 1160 levia,
1782 1121 1817 1150 et
1835 1114 1930 1150 haec
1958 1114 2071 1150 etiam
2091 1115 2138 1151 ab
2167 1114 2294 1163 aliquo
2323 1126 2482 1151 moven-

1420 1173 1490 1213 tur,
1511 1172 1552 1202 ut
1581 1173 1774 1202 ostensum
1805 1173 1859 1202 est
1887 1167 1994 1215 (quia
2023 1174 2087 1203 aut
2115 1175 2319 1204 moventur
2345 1179 2413 1215 per
2441 1179 2480 1203 se

1421 1231 1443 1255 a
1471 1226 1683 1266 generante,
1705 1218 1809 1266 quod
1838 1219 1924 1255 facit
1953 1231 1997 1255 ea
2031 1231 2113 1256 esse
2141 1220 2270 1267 gravia
2299 1227 2334 1256 et
2361 1220 2481 1266 levia;

1422 1278 1486 1308 aut
1513 1278 1717 1308 moventur
1743 1283 1812 1319 per
1848 1271 2022 1308 accidens
2060 1272 2107 1308 ab
2137 1285 2183 1308 eo
2219 1272 2323 1321 quod
2354 1273 2480 1317 solvit,

1421 1323 1518 1360 idest
1536 1331 1721 1370 removet,
1743 1336 1788 1360 ea
1813 1336 1910 1372 quae
1929 1323 2140 1373 impediunt
2158 1325 2220 1362 vel
2248 1333 2446 1362 removent
2466 1325 2479 1351 ζ

1421 1377 1630 1413 naturalem
1667 1379 1858 1422 motum):
1888 1376 1941 1413 sic
1969 1389 2058 1425 ergo
2085 1385 2188 1426 patet
2216 1378 2320 1426 quod
2354 1377 2484 1414 omnia

1422 1441 1519 1477 quae
1540 1437 1754 1476 moventur,
1767 1437 1970 1467 moventur
1989 1431 2037 1467 ab
2058 1430 2182 1478 aliquo
2201 1431 2263 1468 vel
2283 1430 2482 1467 intrinseco

1423 1489 1570 1519 motore
1589 1482 1651 1519 vel
1672 1481 1892 1529 extrinseco,
1914 1482 2019 1531 quod
2048 1483 2135 1520 dicit
2153 1483 2200 1520 ab
2229 1483 2302 1520 alio
2322 1483 2481 1520 moveri.

1475 1647 1500 1679 ζ)
1516 1649 1555 1672 vel
1568 1651 1737 1673 removent.-
1751 1649 1788 1673 Ita
1807 1648 1856 1680 pY,
1876 1649 1917 1673 vel
1930 1651 2046 1673 removet
2057 1648 2105 1678 Pb,
2121 1649 2161 1673 vel
2174 1648 2317 1680 prohibent
2330 1648 2428 1679 FQSL,
2443 1650 2484 1674 vel

1423 1690 1490 1715 quae
1508 1686 1613 1708 movent
1631 1683 1730 1715 HNpG,
1746 1684 1788 1708 vel
1802 1683 1874 1716 quod
1893 1687 1997 1709 movent
2010 1684 2047 1715 R,
2062 1684 2102 1708 vel
2115 1690 2182 1716 quae
2195 1687 2356 1715 promovent
2374 1684 2424 1715 sG,
2443 1685 2485 1709 vel

1418 1721 1579 1750 promovent
1597 1723 1645 1743 cet.
1664 1723 1689 1743 et
1706 1725 1732 1743 a.

451 3658 518 3691 Opp.
538 3659 569 3683 D.
583 3658 696 3684 Tuomn
715 3659 746 3684 Τ.
765 3660 793 3684 11.

2269 3667 2300 3692 50

2511 808 2519 816 '¹
2530 808 2553 827 et
2561 806 2613 828 add.
2624 813 2722 828 bonoim

2511 916 2519 924 ’
2535 914 2563 936 de
2577 915 2644 936 codd.
