2982 4022
515 209 536 244 8
1153 199 1499 237 PHYSICORUM
1526 198 1874 234 ARISTOTELIS
1905 198 1998 234 LIB.
2029 198 2043 233 Ι

274 294 284 303 ·
299 293 396 314 hcet-x·
509 285 696 334 principia
714 286 731 303 ’ᾖ
749 291 816 319 etc.
835 283 944 318 Circa
962 282 1130 329 primum
1149 279 1218 316 tria
1238 279 1341 316 facit:
1362 277 1486 327 primo
1506 289 1574 325 po-

515 338 569 375 nit
589 338 756 374 diversas
776 335 973 384 opiniones
993 334 1233 381 antiquorum
1257 331 1574 380 philosophorum

281 406 290 413 ·
305 406 406 425 natm-00
420 410 447 424 cx
461 409 489 424 An
518 391 564 427 de
576 389 766 438 principiis
779 387 1046 424 communibus
1058 394 1211 423 naturae
1225 386 1256 431 *3
1270 384 1438 421 secundo
1451 390 1574 419 osten-

281 436 481 455 ⁰¹K²⁰Q⁸⁵Tvm
519 443 570 480 dit
590 442 692 490 quod
713 441 856 489 aliquas
886 452 1015 476 earum
1035 437 1214 488 prosequi
1243 449 1321 474 non
1349 436 1508 485 pertinet
1528 435 1575 472 ad

518 495 738 539 naturalem,
755 493 821 530 ibi:
838 495 885 530 Id
899 493 1045 540 quidem
1063 491 1207 541 igitur*
1225 498 1307 535 ete.;
1324 489 1430 526 tertio
1446 501 1575 537 prose-

280 561 290 571 *
305 565 490 581 eorummmxz
519 548 644 596 quitur
663 546 861 595 opiniones
890 545 1143 593 improbando
1174 556 1304 580 earum
1325 543 1344 563 '¹‘
1364 542 1574 587 falsitatem,

279 593 296 624 5²
304 586 367 633 i‘ect-
384 618 433 639 seq·
519 601 585 636 ibi:
601 599 832 646 Principium
852 604 975 635 autem
993 599 1012 618 '⁴‘
1029 605 1096 634 etc.
1120 597 1229 647 Circa
1243 596 1410 644 primum
1427 594 1503 631 duo
1524 594 1576 630 fa-

520 652 582 688 cit:
594 652 718 700 primo
729 652 836 700 ponit
846 651 1014 688 diversas
1025 650 1222 698 opiniones
1233 648 1575 698 philosophorum*

519 705 565 741 de
595 703 785 752 principiis
813 711 988 748 naturae;
1017 702 1185 739 secundo
1219 701 1381 738 ostendit
1416 699 1577 736 eandem

520 756 775 793 diversitatem
805 768 886 792 esse
909 756 1006 792 circa
1035 755 1233 803 opiniones
1260 753 1578 802 philosophorum

521 809 566 845 de
588 809 735 846 entibus
756 809 787 855 ᾖ,
810 809 879 845 ibi:
910 807 1086 844 Similiter
1104 813 1227 844 autem
1248 811 1435 854 quaerunt
1449 806 1493 827 Η
1508 812 1576 841 etc.

575 873 608 898 2.
630 861 730 898 Dicit
744 873 831 908 ergo
847 861 970 909 primo
993 859 1096 908 quod
1121 872 1276 896 necesse
1292 867 1346 895 est
1362 871 1442 895 esse
1457 870 1576 895 unum

518 914 746 962 principium
777 922 932 950 naturae
951 914 971 934 '⁸
1000 920 1063 949 aut
1082 913 1215 957 multa;
1244 919 1279 948 et
1305 919 1464 960 utraque
1493 923 1579 959 pars

519 966 651 1002 habuit
676 966 924 1015 philosophos
954 965 1162 1014 opinantes.

575 1018 741 1065 Quidam
772 1019 872 1055 enirn
893 1030 1027 1054 eorum
1054 1025 1264 1066 posuerunt
1290 1029 1411 1054 unum
1445 1015 1580 1065 princi-

519 1071 647 1119 pium,
677 1072 832 1119 quidam
862 1072 989 1108 multa.
1012 1071 1060 1107 Et
1078 1072 1098 1092 ³¹³
1118 1083 1251 1108 eorum
1281 1070 1344 1118 qui
1373 1076 1582 1118 posuerunt

520 1135 653 1169 unum,
682 1125 837 1171 quidam
864 1124 883 1144 *
902 1131 1112 1171 posuerunt
1139 1123 1229 1160 illud
1256 1135 1335 1159 esse
1365 1122 1579 1168 immobile,

521 1176 615 1212 sicut
630 1177 876 1214 Parmenides
893 1184 928 1212 et
947 1176 1135 1223 Melissus,
1153 1176 1198 1212 de
1219 1188 1384 1224 quorum
1401 1174 1579 1223 opinione

520 1228 615 1264 infra
644 1230 805 1277 patebit;
835 1229 991 1278 quidam
1020 1241 1112 1265 vero
1145 1235 1354 1277 posuerunt
1383 1227 1473 1264 illud
1500 1239 1580 1263 esse

512 1281 675 1328 mobile,
709 1283 847 1319 scilicet
875 1281 1017 1329 antiqui
1049 1282 1248 1318 naturales.
1281 1282 1457 1327 Quorum
1501 1279 1581 1328 qui-

522 1334 611 1370 dam
639 1342 849 1382 posuerunt
876 1346 1003 1371 aerem
1024 1347 1105 1371 esse
1124 1333 1351 1382 principium
1372 1333 1544 1370 omnium
1562 1333 1581 1353 ²¹*

521 1387 759 1434 naturalium,
779 1395 821 1424 ut
839 1387 1051 1435 Diogenes;
1077 1387 1232 1435 quidam
1251 1398 1344 1422 vero
1370 1398 1522 1433 aquarn,
1542 1392 1583 1420 ut

522 1440 682 1483 Thales;
713 1440 867 1488 quidam
895 1452 989 1476 vero
1019 1439 1163 1486 ignem,
1193 1446 1235 1476 ut
1265 1438 1493 1482 Heraclitus3
1523 1437 1582 1473 alii

522 1504 614 1527 vero
631 1492 770 1540 aliquid
785 1493 956 1529 medium
967 1492 1066 1537 inter
1080 1504 1207 1528 aerem
1224 1498 1259 1527 et
1274 1503 1425 1539 aquam,
1437 1490 1507 1526 ut*
1517 1502 1582 1526 va-

521 1556 667 1592 porem.
701 1545 836 1581 Nullus
864 1557 956 1581 vero
987 1557 1120 1581 eorum
1154 1544 1216 1592 qui
1247 1551 1457 1592 posuerunt
1482 1542 1583 1592 prin-

392 1633 395 1637 ,
430 1633 433 1637 ,
454 1633 458 1637 ,
523 1596 663 1645 cipium
679 1609 799 1633 unum
815 1605 972 1642 tantum,
986 1597 1074 1634 dixit
1089 1597 1179 1634 illud
1196 1609 1277 1634 esse
1293 1604 1432 1633 terram
1448 1596 1478 1642 ³¹³,
1495 1607 1582 1643 pro-

283 1639 494 1706 ξῧὲῧ-μῖἑζὲἶὲἑῖῗ
520 1656 604 1697 pter
624 1649 702 1686 eius
722 1650 932 1697 grossitiem
954 1651 985 1687 ³³.
1008 1649 1239 1686 Huiusmodi
1255 1657 1382 1686 autern
1402 1648 1584 1699 principia

284 1691 417 1733 Λεῖἷῗω
436 1691 494 1706 mem
522 1701 677 1738 mobilia
705 1703 891 1749 dicebant,
913 1703 1000 1750 quia
1028 1715 1096 1751 per
1123 1703 1263 1738 horum
1301 1701 1455 1738 alicuius
1485 1713 1583 1737 rare-

522 1755 724 1791 factionem
746 1763 782 1791 et
801 1755 1137 1792 condensationem
1158 1755 1229 1791 alia
1249 1757 1269 1777 ’³³
1289 1754 1371 1791 fieri
1396 1754 1582 1792 dicebant.

576 1808 724 1844 Eorum
743 1820 837 1844 vero
859 1808 921 1856 qui
940 1806 1149 1856 posuerunt
1163 1809 1271 1856 plura
1289 1807 1483 1856 principia,
1505 1807 1584 1855 qui-

524 1860 613 1897 dam
632 1868 841 1909 posuerunt
862 1873 905 1896 ea
925 1861 1040 1907 finita,
1062 1861 1217 1910 quidam
1237 1867 1446 1909 posuerunt
1463 1861 1483 1881 *
1502 1859 1584 1896 infi-

284 1923 363 1969 21535
378 1928 425 1969 ‘1'2‘2’
441 1922 497 1947 ww,-
524 1914 611 1950 nita.
633 1915 780 1950 Eorum
801 1921 927 1950 autem
950 1914 1014 1962 qui
1032 1921 1241 1962 posuerunt
1263 1927 1306 1950 ea
1326 1925 1408 1950 esse
1430 1914 1448 1934 ’¹‘
1466 1913 1583 1959 finita,

286 1982 294 1988 -
310 1965 497 2000 sed-coddaexc.
523 1967 608 2003 licet
625 1967 645 1987 ³¹⁶
663 1968 771 2015 plura
789 1979 888 2013 un0,
910 1967 1066 2014 quidam
1090 1974 1299 2016 posuerunt
1319 1979 1362 2002 ea
1392 1978 1472 2002 esse
1494 1966 1582 2012 duo,

287 2011 374 2052 fflffkct.
386 2038 408 2052 x.
525 2019 664 2056 scilicet
684 2021 810 2067 ignem
831 2027 866 2056 et
880 2027 1031 2067 terram,
1046 2028 1088 2056 ut
1106 2020 1232 2056 infra*
1253 2019 1350 2056 dicet
1365 2019 1411 2056 de
1430 2020 1584 2055 Parme-

526 2073 613 2109 nide
632 2073 662 2118 *ς
685 2072 840 2121 quidam
858 2085 952 2109 vero
974 2073 1054 2119 tria,
1076 2073 1214 2109 scilicet
1241 2072 1379 2120 ignem,
1401 2084 1529 2108 aerem
1551 2079 1586 2107 et

526 2138 665 2174 aquam
686 2129 795 2172 (nam
815 2133 953 2162 terram
982 2126 1089 2173 quasi
1122 2125 1375 2174 compositam
1400 2124 1585 2161 existima-

526 2180 617 2215 bant
634 2186 790 2227 propter
810 2178 889 2214 eius
909 2179 1158 2225 grossitiem);
1179 2179 1240 2215 alii
1265 2190 1358 2215 vero
1377 2185 1587 2226 posuerunt

528 2244 572 2268 ea
601 2244 681 2267 esse
711 2239 885 2279 quatuor,
907 2231 1045 2268 scilicet
1063 2232 1083 2253 *
1103 2232 1370 2280 Empedocles,
1391 2231 1452 2267 vel
1473 2230 1585 2266 etiam

527 2284 738 2321 secundum
759 2285 924 2332 aliquem
945 2284 1059 2320 alium
1088 2296 1291 2320 numerum
1312 2284 1415 2334 (quia
1443 2291 1479 2319 et
1506 2283 1586 2331 ipse

527 2338 782 2386 Empedocles
811 2349 898 2373 cum
928 2346 1089 2385 quatuor
1123 2337 1316 2374 elementis
1348 2335 1477 2386 posuit
1509 2337 1586 2373 duo

528 2391 610 2436 alia,
631 2389 769 2426 scilicet
797 2389 1000 2426 amicitiam
1022 2398 1056 2426 et
1083 2390 1217 2435 litem).
1240 2390 1316 2436 Qui
1336 2403 1429 2427 vero
1448 2401 1587 2437 posue-

528 2451 614 2479 runt
641 2444 749 2491 plura
775 2443 928 2489 infinita,
955 2443 1194 2479 diversificati
1222 2451 1319 2480 sunt.
1347 2442 1587 2479 Democritus

530 2496 630 2532 enim
659 2496 784 2544 posuit
820 2496 1059 2532 indivisibilia
1094 2508 1254 2544 corpora
1283 2508 1380 2544 quae
1415 2496 1590 2532 dicuntur

529 2548 658 2595 atomi,
680 2561 761 2585 esse
789 2548 971 2597 principia
991 2549 1164 2585 omniurn
1194 2560 1333 2585 rerum.
1359 2549 1436 2584 Sed
1460 2547 1589 2584 huius-

529 2601 635 2638 modi
656 2614 816 2650 corpora
843 2602 969 2649 posuit
998 2614 1078 2638 esse
1108 2602 1237 2638 omnia
1257 2602 1276 2621 ’¹‘
1304 2600 1415 2637 unius
1443 2600 1590 2648 generis

531 2655 740 2691 secundum
770 2662 955 2700 naturam,
977 2655 1044 2690 sed
1062 2661 1190 2690 tamen
1216 2653 1439 2690 differebant
1459 2666 1591 2689 secun-

532 2709 625 2744 dum
654 2708 815 2754 figuram
846 2714 881 2742 et
905 2709 924 2726 ‘³‘
949 2707 1134 2742 formam:
1162 2714 1197 2742 et
1223 2718 1301 2742 non
1331 2707 1455 2742 solum
1485 2706 1590 2742 diffe-

533 2761 676 2806 rebant,
698 2761 764 2797 sed
789 2759 1090 2796 contrarietatem
1119 2759 1168 2795 ad
1187 2758 1351 2795 invicem
1388 2759 1589 2795 habebant.

533 2813 740 2849 Ponebat*
771 2812 871 2848 enim
899 2819 973 2848 tres
1007 2811 1296 2858 contrarietates,
1322 2824 1439 2848 unam
1459 2824 1590 2848 secun—

535 2865 627 2901 dum
656 2865 829 2912 figuram,
851 2877 947 2913 quae
970 2873 1024 2900 est
1057 2865 1151 2901 inter
1179 2877 1339 2900 curvum
1360 2872 1395 2900 et
1424 2873 1589 2911 rectum;

535 2918 646 2954 aliam
663 2917 873 2954 secundum
890 2917 1074 2964 ordinem,
1087 2930 1184 2966 quae
1201 2925 1255 2954 est
1268 2917 1402 2965 prioris
1419 2925 1454 2953 et
1467 2925 1591 2966 poste-

536 2970 663 3016 rioris;
685 2971 796 3007 aliam
817 2972 836 2991 '¹‘
857 2970 1065 3007 seeundum
1085 2970 1326 3018 positionem,
1347 2970 1484 3007 scilicet
1507 2978 1592 3006 ante

537 3031 572 3059 et
600 3031 710 3069 retro,
731 3036 881 3060 sursum
903 3031 938 3059 et
958 3023 1156 3069 deorsum,
1188 3023 1423 3060 dextrorsum
1445 3031 1480 3059 et
1508 3023 1592 3059 sini-

536 3084 729 3113 strorsum.
756 3077 804 3113 Et
832 3076 884 3113 sic
904 3088 948 3112 ex
976 3076 1044 3112 illis
1065 3076 1285 3125 corporibus
1304 3076 1415 3112 unius
1439 3083 1593 3113 naturae

538 3129 799 3175 existentibus,
830 3129 978 3166 diversa
1014 3129 1094 3165 fieri
1131 3129 1298 3177 ponebat
1336 3130 1354 3150 *
1384 3130 1593 3166 secundum

538 3182 792 3220 diversitatem
822 3182 975 3230 figurae,
995 3181 1191 3230 positionis
1221 3189 1256 3218 et
1284 3181 1424 3218 ordinis
1448 3190 1593 3218 atomo-

538 3248 634 3272 rum.
656 3237 713 3272 Ex
742 3236 813 3272 hac
841 3243 968 3271 autem
999 3234 1178 3283 opinione
1205 3234 1267 3271 dat
1298 3234 1499 3282 intelligere
1528 3247 1594 3283 op-

539 3288 700 3336 positam
730 3287 962 3337 opinionem,
989 3287 1126 3324 scilicet
1153 3290 1411 3335 Anaxagorae,
1437 3288 1500 3336 qui
1527 3300 1595 3336 po-

279 511 288 519 ·
303 508 374 530 Num.
389 515 411 534 4.

281 663 491 691 ’philosophorum

281 696 328 711 om.
348 690 431 714 codd.,
450 689 491 710 sed

280 722 309 737 sc.
324 716 376 736 hab.
393 716 434 736 lac.

282 822 290 831 ⁸
306 823 359 848 ent<
373 826 444 841 neon:
460 819 491 840 cf.

280 847 325 868 loc.
341 847 474 867 indicatum.

285 874 304 883 ¹·
320 873 391 894 Num.
405 879 425 899 3.

282 931 291 939 '¹
301 931 403 951 naturae
410 935 458 950 om.
466 934 493 949 γε

283 956 336 977 cab.

283 1084 293 1094 '⁸
305 1082 337 1104 Et
346 1088 392 1103 om.
403 1081 484 1103 recab.

284 1136 294 1143 “
305 1135 397 1156 illorum
407 1134 493 1155 addunt

282 1167 318 1187 Εο,
334 1167 413 1182 eorum
427 1166 492 1181 nxz.

282 1345 293 1353 “
321 1344 419 1365 omnium
453 1350 480 1364 ex

283 1371 350 1392 codd.
367 1376 415 1391 exe.
430 1371 466 1391 εὀ.

283 1503 294 1511 '⁸
309 1501 399 1522 scilicet
414 1507 495 1522 ABCIKL

284 1534 399 1553 oqsrvxv.
420 1539 430 1543 -
453 1533 493 1548 να-

279 1560 353 1581 pores
364 1560 433 1575 coma.

285 1607 295 1617 ¹*
320 1607 381 1627 dfxit
407 1609 495 1627 terram

285 1766 293 1773 ·
311 1770 339 1785 ex
354 1770 380 1785 eo
396 1764 482 1785 addunt

286 1791 354 1811 codd.
371 1797 421 1811 cxc.
431 1797 468 1811 εῡ.

286 1872 294 1878 ”
307 1870 438 1896 posuerunt
447 1875 495 1890 om.

285 1895 354 1916 codd.
369 1901 418 1916 cxc.
433 1901 468 1916 nc.

288 2079 355 2103 ἰοηι.
363 2078 396 2100 del
403 2078 498 2099 Parme-

288 2104 356 2152 Zig'es
375 2110 466 2131 PEMNpG
477 2108 499 2125 et

289 2249 298 2257 ⁸
307 2245 368 2265 sicut
375 2244 443 2265 codd.
450 2249 499 2264 exc.

288 2277 413 2294 nercuxaz.

293 2613 303 2622 '⁶
314 2612 392 2632 omnia
404 2617 451 2632 om.
460 2615 503 2631 Asc

293 2644 423 2663 ικορτνκγ.

292 2726 301 2735 ⁸
318 2724 382 2745 idest
395 2730 431 2745 Eo.

294 2822 302 2831 ’
318 2821 437 2841 Pom-bant
450 2826 506 2841 Puro

295 2853 424 2874 ucnnxzpn.

298 2981 305 2987 '
321 2981 343 2999 et
357 2979 428 2999 aliam
443 2983 465 2999 c.

301 3137 310 3144 '¹
325 3136 440 3163 ponebant
454 3141 510 3157 potr

302 3169 391 3183 numni.
409 3166 430 3183 et
458 3168 472 3182 a
482 3162 510 3188 17,

300 3189 448 3215 ponebantur
457 3194 510 3209 Αικο

303 3221 415 3241 ervxpi..

596 3414 624 3447 α)
641 3414 775 3446 principia
795 3418 917 3439 naturae.
929 3428 948 3434 —-
970 3418 1082 3439 naturae
1101 3422 1154 3439 om.
1173 3413 1257 3446 PGpE
1277 3418 1302 3438 et
1320 3414 1371 3438 ab.
1390 3414 1468 3438 Iidem
1487 3414 1595 3445 habent,

542 3452 632 3480 partes
651 3450 739 3474 carnis
758 3453 783 3473 et
801 3451 866 3474 ossis
886 3450 1014 3474 minimas.

1625 1282 1762 1313 ,autem
1783 1275 1904 1312 causis
1932 1276 1952 1296 *
1978 1288 2116 1324 parum
2152 1276 2362 1324 tetigerunt.
2394 1277 2594 1314 Ponebant
2631 1289 2695 1313 au-

1628 276 1699 313 suit
1723 276 1868 312 infinita
1895 275 2089 324 principia,
2115 275 2182 312 sed
2211 287 2290 312 non
2316 276 2428 313 unius
2456 276 2602 324 generis
2631 289 2687 314 se-

1629 329 1797 366 cundum
1806 332 1998 365 naturam.
2028 327 2160 364 Posuit
2175 328 2276 364 enim
2294 328 2478 377 principia
2496 337 2651 366 naturae
2669 336 2687 351 α
2813 344 2829 360 α

1629 394 1710 418 esse
1739 381 1901 418 infinitas
1934 389 2059 430 partes
2097 380 2274 417 minimas
2303 381 2423 418 carnis
2457 388 2493 418 et
2529 382 2624 419 ossis
2653 390 2689 419 et

1629 434 1789 471 aliorum
1818 433 2048 480 huiusmodi,
2069 441 2111 470 ut
2135 433 2378 470 manifestum
2399 433 2466 470 erit
2484 433 2637 471 inferius
2654 436 2685 472 *.

1682 487 1967 523 Attendendum
1998 488 2017 507 ²³³
2046 493 2174 522 autem
2203 486 2307 535 quod
2331 497 2410 522 non
2430 485 2555 523 divisit
2580 488 2689 535 plura

1627 539 1811 588 principia
1846 551 1915 587 per
1943 539 2099 576 mobilia
2127 547 2163 575 et
2199 538 2424 585 immobilia,
2450 538 2539 587 quia
2566 540 2689 576 nullus

1628 604 1776 640 ponens
1812 592 1936 640 prima
1971 591 2154 641 principia
2182 593 2290 640 plura
2319 593 2356 638 ²³⁴,
2388 590 2511 640 potuit
2546 603 2689 640 ponere

1631 657 1676 680 ea
1704 644 1934 681 immobilia:
1966 657 2053 681 cum
2087 645 2189 681 enim
2224 657 2359 681 omnes
2387 651 2574 692 ponerent
2602 657 2690 680 con-

1629 697 1857 733 trarietatem
1877 697 1914 733 in
1933 697 2134 746 principiiS,
2153 697 2338 734 contraria
2353 704 2480 734 autern
2500 705 2587 734 nata
2606 704 2711 745 sunt:

1631 762 1670 786 se
1691 749 1711 770 ²³
1731 750 1900 797 alterare,
1922 762 2010 786 cum
2029 750 2237 799 pluralitate
2255 750 2528 799 principiorum
2554 750 2692 786 immo-

1631 802 1751 838 bilitas
1779 809 1876 838 stare
1904 814 1983 839 non
2008 810 2168 852 poterat.

1687 855 1721 891 3.
1751 854 1899 891 Deinde
1939 867 2027 891 cum
2065 855 2172 892 dicit:
2203 855 2379 892 Similiter
2419 861 2543 892 autem
2581 867 2692 903 quae-

1632 913 1721 943 runt
1747 916 1838 954 etc.,
1870 908 2033 944 ostendit
2067 908 2171 957 quod
2209 909 2344 945 eadem
2379 907 2574 945 diversitas
2612 907 2692 956 opi-

1634 959 1792 996 nionum
1828 967 1882 996 est
1911 960 2008 997 circa
2045 961 2154 998 en'tia.
2185 961 2233 997 Et
2272 961 2359 998 dicit
2393 961 2497 1009 quod
2526 959 2694 998 similiter

1632 1012 1789 1060 physici,
1810 1012 2040 1061 inquirentes
2067 1015 2114 1051 de
2134 1013 2177 1049 iis
2197 1025 2295 1062 quae
2319 1020 2417 1059 sunt,
2438 1013 2534 1050 idest
2562 1014 2609 1050 de
2630 1026 2693 1050 en-

1633 1065 1744 1111 tibus,
1765 1073 1953 1113 quaerunt
1980 1073 2074 1114 quot
2100 1066 2183 1111 sint,
2204 1073 2332 1102 utrum
2357 1065 2496 1102 scilicet
2524 1067 2544 1087 *
2571 1078 2693 1103 unum

1634 1125 1698 1154 aut
1725 1117 1853 1165 plura;
1883 1125 1919 1154 et
1947 1118 1977 1154 si
2005 1119 2077 1155 sint
2096 1119 2224 1164 multa,
2245 1126 2373 1154 utrum
2401 1118 2474 1155 sint
2500 1118 2605 1155 finita
2633 1119 2700 1167 vel

1634 1169 1790 1206 infinita.
1813 1171 1862 1206 Et
1889 1170 1982 1207 ratio
2007 1171 2119 1208 huius
2140 1172 2159 1192 ‘¹‘
2181 1178 2250 1216 est,
2273 1170 2361 1219 quia
2380 1170 2522 1219 antiqui
2549 1171 2695 1220 physici

1634 1235 1712 1259 non
1733 1231 1994 1270 cognoverunt
2012 1224 2082 1260 nisi
2102 1235 2256 1260 causam
2277 1222 2523 1270 materialem,
2545 1224 2592 1261 de
2617 1224 2696 1261 aliis

2714 443 2725 454 ⁸
2740 443 2804 465 Lect.
2819 449 2851 464 ix.

2716 501 2725 510 ·
2738 499 2910 522 Advertendum

2716 532 2757 547 pra
2761 526 2781 548 b.

2715 601 2727 611 ⁴*
2744 606 2836 647 {onem
2854 601 2928 628 plura

2713 631 2746 653 pr
2756 626 2834 653 ncipia
2859 626 2929 648 codd.

2718 658 2828 674 amum.

2721 758 2727 766 ¹
2743 756 2868 779 secundum
2882 762 2917 784 ee¹

2718 788 2772 805 zoa.

2720 1072 2732 1083 ⁶
2746 1071 2797 1093 sint
2806 1071 2894 1094 addunt
2902 1077 2933 1093 u

2723 1103 2886 1124 exmoqsrvx.

2721 1179 2738 1226 ἑ
2747 1179 2818 1226 ἔπαυε
2839 1186 2887 1202 om.
2903 1186 2934 1202 m

2723 1283 2823 1331 Letum:
2833 1289 2882 1306 om.
2891 1289 2935 1307 m

1634 1335 1711 1364 tem
1732 1328 1752 1348 *
1772 1328 1914 1364 formas
1934 1330 2122 1365 naturales
2146 1341 2227 1365 esse
2247 1328 2466 1375 accidentia,
2491 1329 2586 1366 sicut
2604 1337 2639 1366 et
2656 1331 2697 1351 *²²²
2723 1325 2936 1384 ζνένςίςιῒοιιωα

1636 1380 1862 1416 artificiales:
1883 1381 1979 1417 sicut
1997 1393 2086 1429 ergo
2106 1389 2183 1418 tota
2212 1381 2420 1418 substantia
2448 1381 2697 1419 artificialium
2725 1369 2935 1437 :xg'tg-‘iwdd-

1637 1440 1692 1469 est
1721 1445 1854 1469 eorum
1879 1433 2048 1481 materia,
2070 1435 2119 1471 ita
2138 1434 2368 1483 sequebatur
2391 1434 2602 1471 secundum
2632 1447 2698 1471 eos
2770 1429 2776 1437 ⁸
2836 1430 2843 1436 ’

1637 1486 1742 1534 quod
1762 1493 1840 1522 tota
1868 1486 2075 1524 substantia
2093 1486 2320 1524 naturalium
2341 1494 2439 1524 esset
2464 1499 2597 1524 eorum
2618 1499 2698 1524 ma-

1637 1538 1739 1575 teria.
1769 1538 1880 1576 Unde
1910 1539 1974 1588 qui
2007 1540 2202 1588 ponebant
2232 1547 2379 1577 tanturn
2407 1552 2528 1581 unum
2562 1540 2698 1589 princi-

1636 1591 1760 1639 pium,
1780 1599 1872 1640 puta
1895 1603 2036 1639 aerem,
2056 1594 2240 1641 putabant
2259 1593 2364 1641 quod
2383 1593 2454 1629 alia
2475 1593 2494 1614 ²¹*
2515 1594 2614 1630 entia
2642 1605 2699 1629 es-

1637 1651 1720 1680 sent
1747 1656 1812 1680 aer
1848 1644 2059 1682 secundum
2088 1658 2197 1682 suam
2226 1645 2493 1683 substantiam:
2516 1654 2551 1682 et
2579 1646 2699 1683 simile

1638 1703 1693 1733 est
1721 1696 1768 1733 de
1797 1696 1876 1733 aliis
1905 1694 2158 1746 opinionibus.
2180 1700 2229 1735 Et
2256 1699 2331 1735 hoc
2351 1706 2406 1735 est
2433 1698 2537 1747 quod
2559 1699 2646 1736 dicit
2665 1701 2698 1746 ³⁸,
2726 1715 2938 1743 *quodem-item.

1638 1751 1742 1798 quod
1760 1750 1907 1798 physici
1934 1759 2121 1798 quaerunt
2139 1763 2189 1788 ex
2216 1751 2348 1799 quibus
2370 1757 2457 1788 sunt
2474 1763 2570 1800 quae
2596 1758 2700 1790 sunt:
2727 1747 2752 1763 ‘¹‘

1639 1803 1744 1849 idest,
1775 1803 2000 1851 inquirendo
2028 1802 2046 1832 β
2070 1804 2116 1840 de
2144 1804 2337 1853 principiis
2357 1803 2548 1853 inquirunt
2568 1818 2700 1842 causas
2827 1820 2842 1854 β

1639 1855 1862 1903 materiales,
1894 1868 1939 1892 ex
1967 1857 2104 1905 quibus
2133 1857 2231 1894 entia
2259 1870 2341 1895 esse
2375 1857 2558 1894 dicuntur.
2589 1858 2701 1895 Unde

1637 1916 1741 1957 patet
1768 1909 1872 1957 quod
1900 1909 2055 1957 quando
2084 1910 2275 1958 inquirunt
2303 1910 2350 1947 de
2379 1910 2542 1956 entibus,
2571 1918 2701 1948 utrum

1640 1962 1712 1998 sint
1738 1973 1860 1998 unum
1889 1970 1953 1998 aut
1981 1963 2001 1983 ‘¹‘
2028 1964 2156 2011 plura,
2186 1975 2319 2000 eorum
2355 1963 2542 2012 inquisitio
2572 1971 2627 2000 est
2654 1964 2701 2000 de

1638 2014 1829 2063 principiis
1861 2015 2137 2062 materialibus,
2168 2028 2264 2065 quae
2294 2016 2481 2053 elementa
2515 2017 2700 2054 dicuntur.

1693 2078 1730 2113 4.
1760 2067 1907 2104 Deinde
1937 2080 2025 2104 cum
2064 2069 2168 2105 dicit:
2197 2069 2246 2105 Id
2277 2069 2426 2117 quidem
2455 2069 2572 2118 igitur
2609 2077 2700 2116 etc.,

1641 2120 1803 2156 ostendit
1828 2121 1931 2168 quod
1956 2121 2120 2169 aliquam
2141 2121 2296 2158 istarum
2317 2121 2542 2169 opinionum
2562 2122 2704 2170 impro-

1641 2173 1731 2208 bare
1760 2185 1838 2209 non
1856 2173 2018 2221 pertinet
2037 2174 2085 2210 ad
2104 2175 2326 2211 naturalem.
2347 2175 2396 2211 Et
2416 2174 2512 2211 circa
2531 2175 2606 2211 hoc
2626 2174 2703 2211 duo

1641 2225 1744 2262 facit:
1772 2225 1898 2274 primo
1924 2227 2087 2263 ostendit
2114 2228 2218 2275 quod
2237 2228 2454 2276 improbare
2481 2227 2703 2276 opinionem

1642 2279 1879 2315 Parmenidis
1912 2286 1948 2315 et
1975 2279 2118 2316 Melissi
2145 2292 2224 2317 non
2251 2280 2412 2329 pertinet
2430 2281 2480 2317 ad
2508 2279 2703 2317 scientiam

1642 2332 1868 2378 naturalem;
1898 2332 2067 2368 secundo
2103 2334 2266 2380 assignat
2299 2333 2485 2370 rationem
2510 2344 2627 2381 quare
2655 2331 2704 2369 ad

1641 2396 1821 2432 praesens
1841 2391 1896 2420 est
1920 2384 2008 2420 utile
2029 2396 2114 2420 eam
2135 2386 2350 2434 improbare
2370 2386 2400 2432 *,
2421 2385 2492 2421 ibi:
2513 2386 2587 2421 Sed
2613 2396 2704 2432 quo-

1643 2437 1745 2473 niam
1773 2437 1819 2473 de
1846 2442 1982 2473 natura
2001 2437 2021 2457 *
2041 2444 2110 2474 etc.
2141 2438 2251 2475 Circa
2276 2438 2445 2486 primum
2483 2438 2559 2474 duo
2597 2437 2703 2473 facit:

1642 2489 1767 2537 primo
1801 2489 1963 2526 ostendit
1994 2490 2099 2538 quod
2126 2503 2204 2527 non
2236 2490 2397 2539 pertinet
2433 2491 2481 2527 ad
2510 2490 2704 2527 scientiam

1645 2543 1852 2579 naturalem
1882 2543 2098 2591 improbare
2125 2544 2358 2592 praedictam
2387 2543 2625 2592 opinionem;
2648 2555 2704 2579 se-

1646 2597 1770 2633 cundo
1800 2596 1903 2644 quod
1931 2608 2010 2632 non
2042 2597 2202 2645 pertinet
2230 2598 2278 2634 ad
2307 2609 2393 2634 eam
2417 2597 2565 2633 solvere
2594 2596 2705 2632 ratio-

1645 2662 1712 2686 nes
1733 2662 1829 2698 quae
1859 2650 1907 2686 ad
1934 2650 2178 2697 probandum
2207 2650 2329 2698 ipsam
2362 2650 2602 2696 inducuntur,
2632 2649 2704 2686 ibi:

1645 2703 1723 2739 Aut
1738 2703 1883 2740 solvere
1901 2703 2084 2739 rationem
2106 2704 2125 2724 ’¹‘
2146 2710 2214 2739 etc.
2236 2703 2409 2742 Primum
2430 2703 2595 2740 ostendit
2613 2703 2705 2740 dua—

1647 2756 1717 2792 bus
1746 2756 1974 2803 rationibus,
2009 2768 2171 2804 quarum
2200 2757 2368 2793 secunda
2395 2756 2525 2804 incipit
2551 2756 2620 2792 ibi:
2649 2756 2705 2792 Si-

1646 2809 1733 2845 mile
1760 2809 1876 2859 igitur
1893 2809 1913 2830 ’¹‘
1933 2816 2001 2845 etc.
2022 2809 2122 2846 Dicit
2145 2821 2234 2857 ergo
2254 2809 2380 2857 primo
2400 2809 2505 2858 quod
2524 2821 2602 2845 non
2620 2819 2706 2856 per-

1645 2861 1736 2898 tinet
1763 2863 1812 2899 ad
1849 2861 2042 2898 scientiam
2072 2863 2282 2898 naturalem
2314 2861 2508 2899 intendere
2546 2862 2594 2898 ad
2621 2872 2706 2910 per-

1646 2915 1888 2951 scrutandum
1910 2915 1957 2951 de
1975 2915 2047 2951 hac
2066 2915 2246 2963 opinione
2267 2916 2299 2963 *‚
2319 2914 2350 2952 si
2369 2927 2436 2964 ens
2455 2922 2511 2952 est
2528 2925 2650 2950 unum
2670 2920 2708 2950 et

1646 2967 1854 3005 immobile.
1871 2969 1952 3004 Iam
1968 2967 2068 3005 enim
2085 2975 2280 3005 ostensum
2297 2975 2352 3005 est
2367 2963 2472 3016 quod
2486 2979 2564 3004 non
2584 2965 2708 3004 differt
2733 2981 2745 2992 ·
2759 2980 2947 3008 opinione-rie-

1647 3022 1858 3058 secundum
1888 3021 2133 3058 intentionem
2153 3021 2173 3041 *
2194 3021 2437 3070 antiquorum
2460 3019 2707 3069 philosopho·
2733 3012 2883 3061 Ῠῖῗῖἷῖἶῖιὶ
2899 3042 2944 3059 ιω

1647 3087 1744 3122 rum,
1766 3086 1910 3123 ponere
1930 3086 2052 3110 unum
2071 3073 2298 3123 principium
2316 3075 2336 3096 ’¹‘
2354 3073 2562 3119 immobile,
2581 3080 2617 3109 et
2638 3084 2707 3121 po·
2734 3068 2898 3111 ῗᾶᾙῖῗώω
2907 3094 2945 3116 m,

1648 3140 1737 3164 nere
1757 3139 1877 3164 unum
1907 3139 1973 3164 ens
2002 3128 2022 3148 ‘¹‘
2051 3127 2259 3164 immobile.
2280 3128 2329 3164 Et
2357 3127 2461 3176 quod
2489 3125 2707 3175 improbare
2733 3121 2858 3180 ξιξ-*αἶ’*
2871 3116 2947 3137 “⁴¹¹

1647 3181 1745 3218 hanc
1774 3179 1996 3229 opinionem
2022 3181 2071 3217 ad
2099 3181 2307 3217 naturalem
2337 3192 2415 3216 non
2439 3179 2636 3229 pertineat,
2655 3178 2709 3215 sic
2736 3221 2744 3230 ⁸
2789 3169 2916 3216 ‘⁰2²3ssss

1650 3233 1822 3271 ostendit.
1843 3233 1904 3270 Ad
1932 3233 2180 3281 geometriam
2202 3234 2221 3254 *
2239 3245 2318 3270 non
2341 3233 2502 3282 pertinet
2529 3232 2707 3269 inducere
2736 3219 2948 3272 qssss'v‘ssv‘f-'Qm

1650 3287 1834 3324 rationem
1855 3287 1875 3308 ‘¹‘
1896 3294 2026 3323 contra
2044 3287 2299 3324 destruentem
2328 3298 2396 3323 sua
2418 3285 2621 3335 principia3
2641 3282 2709 3320 sed
2735 3274 2800 3294 “m
2814 3277 2947 3298 mmm

2725 1605 2736 1616 ⁸
2749 1604 2828 1627 munla
2836 1610 2936 1633 nupt-n.

2729 1987 2738 1996 ·
2746 1991 2778 2007 an
2785 1991 2838 2008 Actx
2859 1991 2940 2008 arv-x.-

2728 2012 2800 2034 multa
2809 2018 2838 2034 co
2855 2011 2878 2034 d.
2889 2018 2940 2034 exc.

2728 2044 2795 2060 tou.

2729 2405 2742 2417 ·
2751 2405 2883 2433 reprobare
2889 2405 2942 2428 rab.

2730 2459 2740 2469 ·
2754 2457 2826 2480 Num.
2839 2457 2864 2480 8.

2734 2721 2745 2733 ·
2757 2719 2830 2744 Num.
2845 2719 2870 2742 6.

2733 2827 2744 2838 ‘
2757 2826 2830 2850 Num.
2843 2833 2864 2856 5.

2732 2902 2744 2913 “
2759 2902 2815 2927 (om.
2831 2901 2870 2950 ἐν.)
2878 2901 2947 2951 m

2733 2959 2866 2980 ιοαοτνπ.

2735 3304 2803 3327 xvpz..

1651 3414 1808 3446 inquirendo
1815 3421 1824 3443 ,⁴
1842 3414 1928 3439 EGsO
1951 3419 1977 3439 et
1996 3422 2028 3445 a,
2052 3421 2090 3440 ex
2107 3414 2200 3447 quibus
2217 3417 2280 3439 sunt
2299 3413 2366 3439 idest
2386 3412 2556 3445 inquirendm
2577 3406 2660 3442 KYpI'
2672 3416 2710 3435 ex

1650 3450 1742 3482 quibus
1761 3457 1828 3482 quae
1846 3453 1908 3475 sunt
1928 3450 1996 3475 idest
2019 3449 2191 3482 inquirendo;
2215 3449 2376 3482 QTvxpsso
2400 3455 2438 3474 ex
2457 3447 2549 3480 quibus
2565 3448 2628 3470 sunt
2642 3445 2710 3470 idest

599 3482 623 3517 β)
647 3485 691 3508 FLv
705 3485 823 3516 quibus...
840 3485 1003 3517 inquirendo.
1022 3485 1058 3509 Ita
1077 3485 1165 3520 legunt
1189 3484 1459 3509 PCFHLMNRSZsBI
1479 3490 1504 3508 et
1525 3485 1554 3515 b;
1573 3485 1595 3509 A
1651 3492 1717 3517 quae
1735 3488 1797 3510 sunt
1815 3485 2008 3517 inquirendo.—
2026 3485 2117 3510 Statim
2137 3492 2184 3518 pro
2203 3485 2348 3517 inquirunt,
2369 3485 2499 3516 quaerunt
2517 3481 2596 3510 NRZ,
2615 3479 2709 3512 exqui-

545 3526 581 3543 ex
600 3519 691 3551 quibus
715 3519 781 3543 idest
799 3526 866 3551 quae
891 3523 951 3544 sunt
971 3520 1140 3551 inquirend05
1160 3519 1182 3544 D
1206 3526 1243 3544 ex
1266 3519 1358 3552 quibus
1381 3522 1443 3544 sunt
1468 3520 1512 3551 qui
1535 3523 1597 3545 sunt
1652 3526 1715 3545 runt
1733 3519 2031 3550 ABCIKLOQSTVXY.
