2982 4022
263 2055 274 2065 ⁴¹
288 2054 334 2076 duo
348 2054 414 2076 raab.

359 2147 374 2181 β

263 2211 271 2219 ¹
288 2210 360 2231 Num.
371 2214 390 2236 3.

264 2264 272 2272 ·
288 2261 350 2283 Lect.
367 2267 416 2288 seq.

262 2420 271 2430 “
287 2421 310 2441 et
323 2425 370 2440 om.
386 2424 439 2439 an.

500 203 544 239 16

1139 198 1484 235 PHYSICORUM
1511 198 1860 234 ARISTOTELIS
1890 198 1983 234 LIB.
2014 199 2028 234 1

1190 387 1550 444 LEcT10
1607 386 1984 466 QUINTA'

1303 549 1520 581 SOLVITUR
1541 549 1676 580 RATIO
1699 549 1861 580 MELISSI

494 691 552 721 καὶ
579 688 614 729 ἐξ
639 688 681 720 ὦν
708 683 964 727 ἐπιδεικνύουσι,
989 686 1079 718 λύειν
1105 686 1143 718 οὐ
1167 684 1333 731 χαλεπόν.
1359 684 1561 731 Ἀμφότεροι
1614 687 1682 718 *Et
1694 699 1730 719 ex
1745 690 1860 730 quibus
1875 690 2091 721 demonstrant
2107 691 2237 729 solvere,
2253 700 2318 721 non
2334 690 2457 721 difficile
2474 697 2528 722 est.
2543 690 2676 732 Utrique
2703 692 2714 703 ⁸
2729 691 2879 721 Seq.c⁸p.m
2893 697 2916 715 et

562 733 627 779 γοὶρ
655 733 826 776 ἐριστικῶς
847 733 947 764 συλλο
975 731 1120 773 ίζονται,
1138 733 1195 762 καὶ
1221 729 1385 768 Μέλισσος
1401 732 1458 760 καὶ
1474 730 1561 775 Παρ-

563 773 708 822 μενίδης·
728 779 785 808 καὶ
806 776 870 822 γοὶρ
888 776 945 819 ψευ
971 776 991 812 ἧ
1010 773 1223 819 λαμβάνουσι
1239 776 1297 805 καὶ
1321 772 1560 820 ἀσυλλόγιστοί

564 822 644 853 εἰσιν
671 821 785 853 αὐτῶν
806 823 834 852 οἰ
854 820 964 866 λόγοι·
984 821 1112 864 μᾶλλον
1132 815 1169 850 δὲ
1187 820 1203 850 ὁ
1221 819 1388 850 Μελίσσου
1407 828 1446 862 φο
1470 819 1561 856 τικός

562 868 620 897 καὶ
646 866 705 897 οὐκ.
731 865 815 910 ἔχων
843 865 1003 909 ἀπορίαν,
1032 864 1123 896 ome
1146 863 1217 900 ἑνός
1245 861 1377 895 ἀτόπου
1402 830 1559 900 δοξέντος

564 908 680 943 τοῖλλοι
704 910 891 954 συμβαίνει·
918 911 1024 942 τοῦτο
1049 903 1077 938 δ’
1109 906 1203 939 οὐθὲν
1226 906 1393 950 χαλεπόν.

489 954 566 987 ΙὈτι
584 955 644 998 μὲν
666 952 722 986 οὗν
745 955 1017 999 παραλογίζεται
1034 951 1212 993 Μέλισσος,
1231 949 1348 988 δῆλον·
1370 953 1479 984 οἴεται
1496 950 1561 996 γὰρ

564 998 749 1042 εἰληφέναι,
768 998 795 1028 εὶ
813 997 854 1030 τὸ
871 997 1048 1044 γενόμενον
1075 996 1144 1042 ἔχει
1170 996 1276 1041 ἀρχὴν
1304 995 1410 1038 ἅπαν,
1432 994 1485 1027 ὅτι
1503 997 1559 1026 καὶ

564 1043 604 1076 τὸ
630 1042 677 1087 μή
700 1041 876 1088 γενόμενον
901 1043 961 1074 οὐκ.
986 1042 1068 1087 ἔχει.

497 1128 584 1163 Εἶτα
608 1132 667 1162 καὶ
691 1131 797 1163 τοῦτο
825 1129 970 1171 ἄτοπον,
991 1129 1031 1161 τό
1057 1128 1187 1166 παντὸς
1205 1126 1331 1160 οἴεσθαι
1349 1124 1434 1159 εἶναι
1453 1126 1560 1172 ἀρχὴν

566 1176 626 1207 τοῦ
653 1174 856 1221 πράγματος
888 1176 946 1206 καὶ
971 1174 1018 1216 μή
1044 1174 1106 1206 τοῦ
1136 1172 1279 1217 χρόνου,
1309 1173 1367 1203 καὶ
1401 1171 1560 1217 γενέσεως

562 1218 609 1263 μή
635 1220 696 1257 τῆς
732 1218 865 1260 οἱπλῆς,
900 1218 991 1251 ἀλλὰ
1019 1220 1076 1249 καὶ
1105 1216 1334 1257 ἀλλοιώσεως,
1366 1215 1474 1259 ὥσπερ
1501 1215 1560 1247 οὐκ

565 1262 687 1308 ἀθρόας
712 1262 887 1309 γινομένης
913 1262 1120 1306 μεταβολῆς.

490 1307 638 1340 Ἔπειτα
661 1309 719 1339 καὶ
743 1306 802 1340 διοὲ
827 1309 859 1340 τί
887 1307 1060 1345 ἀκίνητον,
1088 1306 1116 1336 εἰ
1142 1303 1194 1344 ἕν;
1221 1303 1330 1348 ὥσπερ
1356 1303 1420 1349 γάρ
1437 1305 1495 1335 καὶ
1519 1303 1560 1335 τὸ

564 1352 660 1396 μέρος
687 1352 719 1383 ἓν
746 1351 794 1393 ὅν,
821 1348 896 1383 τοδὶ
921 1351 962 1383 τὸ
989 1346 1093 1394 ὕδωρ,
1119 1352 1263 1380 κινεῖται
1289 1349 1322 1381 ἑν
1348 1348 1474 1389 ἑαυτῷ,
1501 1342 1560 1380 3ιοί

565 1399 599 1428 τί
625 1394 662 1428 οὐ
687 1398 744 1428 καὶ
771 1397 861 1435 πᾶν;
889 1395 1011 1427 ἔπειτα
1034 1395 1207 1430 ἀλλοίωσις
1226 1388 1285 1425 διαὶ
1302 1395 1335 1425 τί
1354 1390 1413 1423 οὐκ
1433 1391 1470 1424 ἂν
1489 1394 1557 1431 eim

491 1440 600 1473 Ἀλλοὲ
624 1440 689 1484 μήν
716 1435 793 1472 οὐδὲ
819 1441 867 1480 τῷ
893 1434 972 1470 εἴδει
1005 1438 1114 1470 οἷόντε
1140 1438 1173 1469 ἓν
1199 1434 1305 1477 εἶναι,
1333 1436 1420 1471 πλὴν
1447 1436 1494 1476 τῷ
1522 1435 1557 1476 ἐξ

566 1485 615 1517 οὗ.
649 1483 763 1522 Οὕτως
792 1485 829 1515 δέ
855 1484 887 1515 ἓν
912 1485 970 1514 καὶ
1001 1484 1067 1515 τῶν
1098 1482 1239 1525 φυσικῶν
1269 1480 1356 1518 τινὲς
1380 1478 1555 1525 λέγουσιν,

565 1530 694 1565 ἐκείνως
719 1525 746 1560 δ’
778 1528 827 1559 οὔ·
852 1526 1020 1570 ἄνθρωπος
1046 1526 1109 1572 γσὶρ
1131 1526 1240 1558 ἵππου
1267 1523 1378 1569 ἕτερον
1406 1525 1452 1565 τῷ
1479 1520 1559 1555 εἴδει

564 1575 621 1605 καὶ
647 1573 819 1605 τάναντία
845 1570 1013 1607 ἀλλήλων.

551 1672 700 1699 SYNOPSIS.
718 1686 751 1690 -
773 1679 796 1697 1.
818 1669 1030 1706 Argumentum
1052 1673 1080 1695 et
1101 1666 1202 1695 divisio
1223 1672 1325 1694 textus.
1342 1683 1361 1687 -
1376 1673 1403 1694 2.
1425 1665 1561 1694 Rationes

499 1709 686 1745 Parmenidis,
702 1715 729 1737 et
744 1708 834 1746 magis
856 1709 950 1736 adhuc
971 1706 1086 1742 Melissi,
1102 1713 1168 1734 sunt
1189 1706 1339 1742 dupliciter
1353 1705 1562 1742 sophisticae.-

501 1751 526 1779 3.
537 1750 663 1778 Affertur
677 1749 750 1777 ratio
765 1748 901 1776 Melissi.-
915 1757 943 1782 4.
959 1748 1153 1783 Improbatur:
1169 1747 1196 1781 a)
1212 1745 1333 1773 Ratione
1351 1745 1476 1773 fallaciae
1492 1754 1561 1773 con-

499 1789 653 1827 sequentis.
668 1806 687 1810 -
704 1789 729 1816 5.
745 1789 772 1824 b)
795 1787 871 1822 Quia
885 1786 1035 1815 confundit
1052 1785 1225 1822 principium
1240 1785 1379 1822 temporis
1393 1791 1421 1812 et
1433 1793 1560 1823 genera-

623 1886 751 1932 „9:⁰52
768 1887 942 1928 ostquam
962 1879 1216 1927 Philosophus
1243 1876 1474 1926 improbavit
1495 1889 1564 1925 po-

623 1940 664 1986 jss
709 1932 753 1998 ξι
768 1933 943 1970 sitionem
958 1938 975 1953 ‘³‘
1004 1931 1240 1968 Parmenidis
1261 1938 1296 1967 et
1316 1930 1474 1972 Melissi,
1501 1929 1563 1966 hic

641 1986 647 1987 ’
685 1993 707 2028 ᾗ
731 1981 753 2052 j(
767 1986 896 2034 incipit
933 1986 1081 2021 solvere
1120 1996 1254 2021 eorum
1297 1983 1472 2034 rati-ones.
1515 1983 1565 2018 Et

569 2065 595 2071 ε.
627 2034 639 2047 ”
654 2066 680 2081 x,
703 2038 706 2046 ’
726 2033 751 2064 Ἀ
770 2039 867 2075 circa
886 2039 961 2074 hoc
979 2038 1048 2074 tria
1066 2038 1086 2059 ³²
1109 2037 1211 2074 facit:
1240 2036 1365 2086 primo
1401 2034 1564 2077 ostendit

502 2092 699 2141 quomodo
730 2091 893 2128 rationes
914 2103 1048 2127 eorum
1073 2097 1159 2127 sunt
1178 2089 1401 2135 solvendae3
1431 2100 1564 2125 secun-

503 2146 552 2183 do
582 2145 693 2182 solvit
727 2145 912 2181 rationem
941 2143 1084 2181 Melissi
1103 2141 1136 2190 β,
1165 2142 1238 2179 ibi:
1280 2142 1388 2184 Quod
1414 2142 1561 2190 quidem

501 2199 618 2248 igitur
651 2198 772 2243 etc.'²‘;
802 2197 908 2234 tertio
944 2196 1056 2233 solvit
1088 2195 1274 2232 rationem
1303 2194 1560 2240 Parmenidis‚

501 2252 572 2288 ibi:
600 2253 652 2289 Et
677 2251 728 2287 ad
752 2250 1014 2287 Parmenz'dem
1045 2256 1112 2290 etc.
1134 2249 1166 2286 ²¹⁸.

555 2316 589 2341 2.
621 2304 727 2341 Dicit.
749 2315 836 2351 ergo
855 2302 981 2351 primo
1011 2303 1115 2350 quod
1143 2303 1222 2338 non
1243 2307 1298 2337 est
1317 2299 1467 2337 difficile
1487 2299 1561 2335 sol-

501 2370 591 2395 vere
621 2356 784 2393 rationes
805 2368 849 2392 ex
868 2355 1005 2404 quibus
1025 2354 1243 2403 syllogizant
1262 2352 1508 2390 Parmenides
1529 2359 1565 2388 et

502 2410 689 2457 Melissus,
720 2409 808 2458 quia
835 2408 983 2457 utrique
1012 2407 1215 2456 sophistice
1244 2406 1463 2454 syllogizant
1491 2412 1527 2441 et
1544 2405 1563 2425 ’²‘

501 2463 539 2500 in
569 2476 614 2500 eo
645 2462 749 2511 quod
776 2469 975 2498 assumunt
1002 2461 1113 2498 falsas
1141 2458 1432 2509 propositiones,
1461 2465 1496 2494 et
1524 2457 1562 2493 in

503 2529 548 2553 eo
570 2516 674 2565 quod
703 2527 781 2552 non
801 2522 953 2551 servant
973 2513 1139 2550 debitam
1158 2513 1324 2549 sormam
1345 2509 1561 2559 syllogismi.

262 2578 362 2606 *magis
377 2583 474 2598 orn-1²⁰2
503 2569 579 2606 Sed
599 2569 692 2605 ratio
714 2567 854 2605 Melissi
875 2574 929 2603 est
947 2567 1071 2616 magis
1090 2577 1266 2611 onerosa,
1291 2564 1387 2601 idest
1407 2563 1527 2610 magis
1544 2564 1563 2584 '¹³

263 2604 420 2628 roumnnzab.

364 2797 380 2821 Υ

367 2941 381 2966 δ

502 2634 603 2659 vana
632 2629 667 2658 et
686 2622 807 2667 fatua,
837 2625 872 2656 et
890 2632 963 2656 non
983 2620 1122 2656 habens
1146 2618 1340 2666 defectum,
1370 2616 1466 2652 idest
1485 2627 1563 2652 non

503 2675 687 2712 inducens
716 2673 1000 2710 dubitationem.
1031 2670 1201 2707 Assumit
1225 2669 1325 2705 enim
1351 2668 1455 2717 quod
1476 2681 1564 2704 con-

504 2727 675 2764 trariatur
694 2725 924 2763 naturalibus
944 2723 1134 2772 principiis
1155 2730 1191 2759 et
1211 2728 1265 2758 est
1284 2721 1479 2758 manifeste
1500 2721 1564 2757 fal-

506 2793 590 2817 sum
607 2785 633 2826 Ὺ,
656 2779 794 2816 scilicet
814 2777 918 2827 quod
939 2789 1004 2813 ens
1028 2789 1106 2812 non
1126 2782 1334 2823 generetur.
1355 2774 1466 2811 Unde
1486 2786 1564 2810 non

507 2840 562 2870 est
580 2845 693 2880 grave
713 2831 743 2867 si
758 2843 835 2867 uno
856 2828 1136 2867 inconvenienti
1152 2829 1239 2865 dato
1256 2827 1327 2864 alia
1347 2834 1562 2876 sequantur.

561 2886 594 2922 3.
625 2884 771 2921 Deinde
793 2896 880 2920 curn
901 2882 1007 2920 dicit:
1043 2882 1151 2923 Quod
1170 2881 1316 2929 quidem
1341 2880 1457 2929 igitur
1481 2887 1562 2926 etc„

507 2938 618 2975 solvit
650 2937 835 2974 rationem
864 2935 1026 2972 Melissi:
1057 2946 1154 2982 quae
1186 2933 1267 2970 talis
1297 2940 1374 2969 erat
1394 2930 1418 2969 δ.
1449 2932 1565 2978 Quod

561 3078 587 3110 α)
608 3075 766 3108 improbavit
779 3074 1032 3107 positionem-Pro
1052 3073 1222 3105 improbavit,
1237 3072 1330 3104 posuit
1349 3072 1411 3104 GpE
1431 3076 1456 3096 et
1473 3079 1490 3096 a
1495 3079 1505 3102 ,·
1519 3079 1567 3103 pro

501 3113 670 3146 positionem,
686 3111 817 3136 rationem
842 3110 913 3140 EGa,
933 3109 1080 3141 opinionem
1101 3109 1205 3139 CFLO,
1225 3107 1375 3140 opinionem
1399 3107 1440 3131 vel
1454 3106 1567 3138 positio-

507 3156 565 3174 nem
585 3147 671 3178 AQY,
693 3146 852 3178 positionem
876 3145 916 3170 vel
934 3145 1082 3177 opinionem
1101 3144 1138 3173 K,
1158 3143 1316 3175 opinionem.
1335 3143 1369 3167 al.
1389 3142 1479 3167 littera
1492 3142 1567 3174 posi-

507 3184 612 3208 tionem.
632 3183 658 3207 S.

561 3217 586 3251 β)
606 3218 735 3242 rationem
756 3216 866 3241 Melissi.
883 3229 902 3234 -
922 3215 1045 3247 Legimus
1065 3222 1123 3239 cum
1143 3212 1392 3244 BCDEGHMNRZ;
1412 3212 1488 3237 ceteri
1508 3220 1567 3236 cum

509 3253 589 3283 editis,
609 3253 726 3277 rationes
744 3251 856 3281 Melissi,
877 3251 923 3275 sed
942 3259 994 3275 non
1012 3250 1079 3274 bene
1093 3254 1121 3274 ut
1134 3254 1203 3282 patet
1219 3257 1248 3273 ex
1264 3257 1288 3273 n.
1305 3248 1318 3273 3
1332 3256 1415 3280 seqq.;
1435 3247 1501 3272 sicut
1516 3255 1567 3271 non

509 3293 577 3312 recte
596 3288 661 3312 linea
681 3295 737 3320 seq.
756 3287 874 3311 rationes
894 3285 1061 3310 Parmenidis
1079 3283 1335 3314 AIKLOQSTVXY.
1355 3284 1394 3308 Cf.
1410 3283 1466 3307 lect.
1481 3290 1537 3315 seq.

563 3323 588 3355 γ)
608 3326 634 3347 et
652 3326 690 3347 est
709 3323 857 3356 manifeste.
870 3335 888 3340 ·-
903 3321 953 3345 Pro
972 3324 1018 3349 est,
1034 3321 1105 3353 quod
1121 3319 1227 3352 PCGpE
1242 3324 1266 3344 et
1285 3326 1301 3343 a
1311 3319 1325 3343 b
1340 3326 1401 3349 om„
1416 3318 1464 3342 hoc
1478 3321 1517 3342 est
1531 3318 1566 3348 L;

510 3365 558 3390 pro
577 3358 727 3390 manifeste,
754 3357 871 3382 maxime
889 3355 1124 3386 ACIKOQTVXY.
1144 3369 1163 3374 -
1182 3355 1210 3379 ln
1228 3353 1278 3379 fine
1302 3354 1377 3378 huius
1401 3353 1500 3378 numeri
1520 3361 1567 3385 pro

511 3392 574 3416 dato
592 3393 647 3417 alia
664 3395 821 3424 sequantur,
842 3392 867 3416 d.
882 3399 965 3416 a.con
985 3391 1021 3420 N,
1041 3394 1090 3416 etc.
1111 3390 1166 3422 pO;
1190 3397 1238 3422 pro
1256 3389 1311 3414 alia
1330 3392 1488 3421 sequantur,
1513 3388 1568 3413 alia

510 3427 641 3459 contingit
656 3428 704 3459 ρΛ,
719 3428 802 3451 multa
814 3427 868 3452 alia
884 3427 1042 3459 contingunt
1055 3427 1099 3455 sA,
1114 3425 1169 3450 alia
1182 3425 1341 3458 contingunt
1354 3424 1395 3448 BF
1397 3423 1567 3454 KMQRTVY

512 3461 555 3494 (cf.
573 3461 695 3495 textum),
716 3463 798 3486 multa
816 3462 975 3495 contingunt
994 3461 1125 3495 cx,·alta
1144 3463 1290 3493 sequuntur
1309 3459 1443 3484 DEGHsO
1467 3463 1492 3483 et
1510 3466 1527 3483 a
1540 3459 1567 3488 b,

512 3497 596 3521 multa
614 3497 771 3529 contingunt
789 3497 843 3521 alia
863 3497 884 3527 l,
904 3497 958 3521 alia
976 3496 1133 3529 contingant
1153 3496 1223 3521 LSZ.

565 3530 590 3565 δ)
609 3538 676 3563 quae
695 3532 755 3556 talis
774 3534 841 3556 erat.
854 3544 872 3551 —-
885 3539 952 3564 quae
970 3532 1074 3564 quidem
1094 3531 1155 3556 talis
1173 3534 1213 3556 est
1231 3529 1488 3560 ACIKLOQSVXY,
1503 3535 1569 3562 quae

1682 734 1767 764 enirn
1791 734 1959 774 sophistice
1983 734 2179 775 syllogizant,
2197 741 2227 765 et
2242 734 2443 765 Parmenides
2467 741 2498 765 et
2513 734 2675 766 Melissus:

1683 785 1713 809 et
1736 788 1874 819 namque
1897 778 1975 809 falsa
1997 778 2167 818 recipiunt,
2192 785 2223 809 et
2246 788 2311 809 non
2340 779 2561 819 syllogizantes
2592 786 2674 810 sunt.

1681 823 1737 853 Est
1760 829 1867 853 autem
1890 822 1990 862 magis
2013 822 2130 853 Melissi
2155 832 2290 853 onerosa
2312 823 2391 853 ratio
2416 829 2446 854 et
2469 833 2535 853 non
2558 822 2676 853 habens

1682 866 1858 904 defectum;
1883 867 1937 896 sed
1961 876 2026 897 uno
2050 866 2283 897 inconvenienti
2312 867 2489 907 assignato,
2518 866 2579 897 alia
2602 877 2676 898 con-

1681 910 1820 950 tingunt:
1845 910 1906 940 hoc
1929 917 2036 941 autern
2059 910 2137 940 nihil
2156 920 2248 950 grave
2272 917 2327 941 est.

1614 953 1631 972 *
1646 954 1743 991 Quod
1759 955 1889 995 quidem
1905 954 2000 994 igitur
2015 954 2161 985 Melissus
2178 954 2380 995 paralogizat,
2397 954 2602 985 manifestum
2621 961 2676 986 est.

1681 998 1840 1038 Opinatur
1863 998 1948 1029 enim
1971 999 2125 1038 accipere,
2144 998 2169 1028 si
2185 998 2274 1038 quod
2298 998 2418 1028 factum
2434 1004 2480 1029 est
2503 1008 2599 1029 omne
2621 998 2676 1030 ha-

1682 1043 1734 1073 bet
1756 1042 1958 1082 principium,
1983 1042 2138 1082 quoniam
2161 1049 2192 1072 et
2207 1042 2296 1082 quod
2315 1052 2381 1072 non
2399 1048 2445 1072 est
2461 1042 2591 1081 factum,
2611 1052 2677 1073 non

1680 1086 1774 1116 habet
1797 1086 1997 1126 principium.

1614 1129 1727 1160 Postea
1751 1136 1780 1160 et
1802 1130 1864 1160 hoc
1886 1129 2124 1167 inconveniens,
2148 1128 2252 1159 omnis
2276 1138 2342 1159 esse
2358 1128 2550 1169 principium
2571 1128 2625 1168 rei,
2649 1136 2679 1160 et

1681 1183 1748 1204 non
1770 1174 1923 1214 temporis
1947 1180 1977 1204 et
2000 1172 2226 1213 generationis,
2254 1182 2321 1202 non
2345 1172 2496 1213 simplicis
2527 1173 2582 1203 sed
2605 1173 2677 1204 alte-

1681 1217 1826 1256 rationis,
1846 1224 1998 1258 tanquam
2017 1227 2082 1247 non
2101 1222 2342 1246 momentaneae
2365 1216 2463 1247 factae
2482 1216 2676 1248 mutationis.

1613 1305 1630 1324 *
1641 1305 1765 1343 Postea,
1780 1311 1909 1345 propter
1923 1304 1999 1345 quid
2015 1311 2060 1334 est
2074 1303 2238 1334 immobile
2254 1303 2279 1334 si
2293 1313 2396 1334 unum
2412 1302 2475 1335 est?
2490 1304 2578 1336 Sicut
2593 1305 2679 1335 enim

1681 1355 1711 1379 et
1725 1359 1796 1388 pars
1814 1359 1878 1379 una
1903 1358 1977 1379 cum
2002 1348 2041 1378 sit
2065 1348 2142 1378 haec
2166 1358 2248 1388 aqua
2272 1354 2419 1378 movetur
2434 1348 2467 1379 in
2482 1348 2561 1388 ipsa,
2581 1359 2678 1390 quare

1680 1403 1746 1423 non
1771 1399 1800 1423 et
1823 1390 1948 1422 omnis?
1971 1393 2094 1429 Postea,
2119 1398 2248 1432 propter
2267 1392 2343 1435 quid
2359 1392 2500 1423 alteratio
2517 1402 2583 1423 non
2603 1391 2680 1424 erit?

1613 1438 1656 1467 At
1678 1446 1753 1466 vero
1777 1446 1834 1466 nec
1858 1436 1961 1476 specie
1984 1435 2134 1476 possibile
2158 1443 2204 1467 est
2227 1446 2330 1466 unum
2353 1446 2436 1475 esse,
2461 1436 2516 1467 sed
2538 1436 2619 1467 sicut
2641 1447 2679 1468 ex

1680 1491 1756 1521 quo.
1782 1480 1831 1511 Sic
1855 1480 1942 1511 enim
1965 1487 1995 1511 et
2022 1480 2228 1520 physicorum
2258 1480 2390 1521 quidam
2417 1491 2520 1511 unum
2553 1481 2679 1520 dicunt,

1681 1524 1736 1555 illo
1761 1531 1867 1555 autern
1890 1524 1989 1555 modo
2010 1534 2085 1554 non.
2103 1524 2214 1554 Homo
2233 1534 2371 1565 namque
2387 1525 2425 1555 ab
2445 1535 2529 1565 equo
2546 1525 2680 1556 alterum

1682 1575 1728 1599 est
1751 1568 1864 1609 specie,
1885 1575 1915 1599 et
1938 1567 2092 1599 contraria
2115 1568 2155 1598 ad
2177 1567 2322 1599 invicem.

1616 1664 1701 1693 tionis
1721 1673 1788 1692 cum
1809 1663 1951 1700 principio
1973 1663 2019 1691 rei
2038 1663 2083 1692 vel
2105 1663 2322 1702 magnitudinis.
2341 1680 2360 1686 -
2375 1665 2402 1692 6.
2423 1666 2449 1700 c)
2472 1664 2547 1699 Quia
2568 1674 2601 1693 ex
2615 1664 2679 1693 infi-

1615 1704 1703 1732 nitate
1718 1713 1779 1732 non
1793 1703 1922 1740 sequitur
1936 1703 2123 1732 immobilitas
2138 1712 2231 1740 neque
2247 1704 2344 1740 quoad
2359 1703 2456 1732 locum
2471 1713 2566 1741 neque
2581 1704 2680 1741 quoad

1615 1743 1885 1780 alterationem-7.
1901 1743 1931 1778 d)
1948 1743 2023 1778 Quia
2044 1752 2078 1771 ex
2094 1742 2234 1771 infinitate
2249 1753 2309 1771 non
2324 1743 2453 1780 sequitur
2468 1743 2562 1772 unitas
2577 1753 2679 1772 secun-

1616 1785 1686 1811 dum
1707 1783 1841 1820 speciem,
1863 1783 1914 1810 sed
1934 1783 2007 1811 forte
2029 1783 2188 1811 secundum
2210 1782 2369 1811 materiam.

1618 1876 1759 1912 factum
1789 1883 1855 1923 est,
1875 1875 1989 1912 habet
2007 1874 2256 1924 principium3
2288 1886 2376 1922 ergo
2401 1874 2507 1924 quod
2526 1887 2605 1912 non
2625 1882 2682 1911 est

1618 1929 1771 1975 factum,
1801 1941 1880 1965 non
1907 1929 2022 1964 habet
2047 1927 2295 1976 principium:
2326 1928 2394 1964 sed
2422 1940 2489 1964 ens
2517 1939 2596 1964 non
2625 1935 2682 1964 est

1617 1981 1780 2027 factum3
1810 1993 1899 2029 ergo
1929 1993 2006 2017 non
2035 1980 2150 2017 habet
2176 1979 2417 2029 principium,
2439 1987 2474 2016 et
2493 1993 2563 2029 per
2591 1992 2680 2017 con-

1618 2046 1780 2083 sequens
1808 2046 1887 2071 non
1915 2034 2030 2070 habet
2056 2033 2193 2070 finem:
2227 2033 2295 2070 sed
2327 2032 2432 2081 quod
2459 2045 2538 2070 non
2566 2033 2681 2070 habet

1615 2086 1844 2136 principium
1873 2094 1909 2123 et
1936 2087 2067 2132 finem,
2090 2093 2145 2122 est
2163 2085 2374 2132 infinitum;
2405 2097 2494 2133 ergo
2525 2098 2592 2123 ens
2622 2093 2683 2123 est

1616 2139 1818 2177 infinitum.
1849 2139 1966 2186 Quod
1994 2145 2123 2175 autem
2153 2145 2207 2175 est
2235 2138 2437 2185 infinitum,
2460 2145 2515 2175 est
2542 2138 2680 2175 immo-

1617 2193 1711 2239 bile;
1747 2205 1825 2229 non
1858 2192 1960 2229 enim
1993 2192 2151 2228 haberet
2185 2198 2286 2228 extra
2320 2204 2359 2228 se
2394 2203 2470 2239 quo
2506 2203 2681 2229 movere-

1616 2254 1677 2283 tur
1690 2251 1718 2282 ‘:
1743 2246 1881 2282 iterum
1896 2245 1916 2265 *
1937 2244 2041 2293 quod
2062 2251 2116 2280 est
2134 2244 2325 2280 infinitum
2345 2251 2401 2280 est
2418 2256 2561 2291 unum,
2591 2244 2682 2293 quia

1617 2299 1647 2336 si
1667 2306 1765 2335 esset
1785 2300 1804 2319 *
1833 2298 1967 2344 multa,
1999 2304 2190 2345 oporteret
2218 2309 2300 2333 esse
2316 2296 2457 2345 aliquid
2477 2303 2579 2333 extra
2597 2297 2681 2334 infi-

1617 2351 1754 2388 nitum:
1776 2363 1864 2399 ergo
1886 2363 1952 2386 ens
1973 2357 2028 2386 est
2045 2361 2167 2386 unum
2189 2356 2224 2385 et
2238 2349 2258 2370 *
2277 2348 2467 2386 infinitum
2487 2355 2524 2385 et
2541 2349 2681 2386 immo-

1617 2404 1702 2440 bile.
1731 2404 1793 2441 Ad
1822 2403 2102 2440 ostendendum
2131 2409 2259 2438 autem
2288 2401 2392 2450 quod
2417 2414 2483 2438 ens
2511 2413 2591 2439 non
2618 2414 2681 2450 ge-

1617 2464 1779 2504 neratur,
1800 2456 2003 2493 inducebat
2031 2456 2224 2504 quandam
2253 2454 2438 2491 rationem
2471 2467 2547 2503 qua
2566 2454 2680 2492 etiam

1616 2510 1818 2546 utebantur
1837 2508 1992 2557 quidam
2011 2507 2229 2557 philosophi
2255 2508 2459 2544 naturales:
2488 2507 2591 2544 unde
2610 2520 2680 2557 po-

1617 2562 1671 2599 nit
1700 2575 1784 2599 eam
1814 2562 1908 2598 infra
1937 2561 2034 2597 circa
2062 2561 2180 2598 finem
2208 2560 2319 2597 huius
2347 2560 2460 2609 primi
2482 2560 2605 2597 libri*
2626 2560 2650 2598 ζ.

1670 2626 1707 2662 4.
1738 2616 1847 2651 Hanc
1867 2621 1994 2651 autem
2014 2614 2200 2650 rationem
2220 2613 2412 2662 improbat
2430 2621 2615 2662 quantum
2631 2613 2680 2651 ad

1619 2675 1791 2716 quatuor.
1821 2667 1949 2703 Primo
1970 2667 2125 2715 quidem
2142 2667 2162 2687 *
2191 2674 2376 2715 quantum
2404 2666 2453 2703 ad
2481 2667 2556 2703 hoc
2575 2666 2682 2716 quod
2709 2682 2718 2690 ·

1619 2720 1721 2757 dicit:
1757 2721 1873 2767 Quod
1902 2720 2043 2756 factum
2077 2727 2132 2756 est
2163 2719 2278 2756 habet
2297 2718 2559 2768 principium,
2590 2731 2680 2768 ergo

1618 2774 1723 2822 quod
1742 2786 1821 2810 non
1847 2780 1902 2809 est
1930 2773 2071 2810 factum
2091 2785 2169 2809 non
2187 2773 2302 2809 habet
2324 2772 2564 2820 principium.
2595 2773 2681 2809 Hoc

1620 2826 1720 2863 enirn
1736 2826 1756 2847 ³²
1776 2838 1855 2862 non
1875 2825 2053 2874 sequitur,
2075 2825 2142 2862 sed
2162 2833 2218 2862 est
2237 2825 2382 2862 fallacia
2401 2825 2678 2873 consequentis.
2707 2836 2717 2846 ·

1618 2878 1750 2927 Arguit
1779 2878 1880 2915 enim
1896 2878 1915 2899 *
1936 2891 1959 2915 a
1978 2877 2231 2915 destructione
2260 2877 2517 2914 antecedentis
2546 2878 2595 2914 ad
2616 2877 2680 2914 de-
2707 2887 2719 2900 ⁴·

1619 2931 1863 2968 structionem
1897 2931 2161 2979 consequentis
2175 2936 2201 2978 ⁷¹,
2224 2943 2312 2967 cum
2341 2937 2444 2967 recta
2471 2930 2596 2967 forma
2623 2943 2680 2968 ar-

1621 3071 1725 3103 quidem
1745 3071 1806 3096 talis
1826 3074 1885 3096 erat
1902 3071 1953 3102 BF,
1973 3078 2040 3103 quae
2059 3070 2121 3095 talis
2139 3073 2179 3095 est
2197 3070 2227 3100 N,
2247 3077 2315 3103 quae
2333 3069 2437 3102 quidem
2458 3070 2519 3095 talis
2537 3070 2569 3095 T.
2583 3085 2602 3089 —
2616 3071 2684 3097 Infra

1620 3115 1668 3139 pro
1687 3114 1752 3139 ergo
1771 3113 1822 3131 non
1842 3106 1919 3131 habet
1932 3106 2108 3138 principium,
2129 3113 2194 3138 ergo
2212 3108 2260 3130 etc.
2280 3105 2326 3130 EG
2333 3113 2340 3137 3
2361 3113 2408 3138 pro
2427 3113 2479 3130 non
2499 3106 2577 3131 habet
2587 3107 2682 3139 finem,

1621 3149 1671 3166 non
1685 3142 1770 3174 finem
1789 3141 1861 3174 GpE,
1881 3148 1962 3173 neque
1971 3141 2054 3174 finem
2074 3146 2122 3166 cet.
2141 3148 2194 3165 exc.
2214 3141 2235 3164 N
2255 3141 2299 3173 qui
2318 3140 2376 3165 hab.
2396 3141 2458 3171 lac-3
2477 3149 2524 3173 pro
2547 3144 2574 3166 et
2589 3142 2683 3175 finem,

1621 3184 1703 3209 neque
1714 3177 1799 3209 finem
1818 3176 2146 3206 ABCDHIKLOSTVXY;
2167 3176 2192 3206 Q
2210 3175 2268 3200 hab.
2288 3176 2335 3200 lac.

1674 3212 1696 3244 ε)
1715 3215 1797 3237 extra
1815 3219 1843 3237 se
1861 3219 1912 3243 quo
1931 3215 2089 3236 moveretur.
2104 3224 2121 3231 —-
2135 3214 2216 3236 extra
2234 3218 2261 3236 se
2279 3219 2332 3236 om.
2345 3211 2380 3242 C,
2399 3218 2426 3236 se
2440 3219 2493 3236 om.
2507 3211 2683 3243 LOQSXYsl,

1621 3251 1702 3272 extra
1722 3247 1792 3279 quod
1811 3250 1961 3271 moveretur
1979 3246 2039 3279 Tpl,
2058 3254 2095 3271 ex
2113 3254 2164 3279 quo
2184 3249 2335 3271 moveretur
2353 3247 2408 3271 KV.
2525 3269 2527 3272 ⁴

1674 3282 1699 3314 ζ)
1720 3282 1792 3316 infra
1810 3282 1883 3307 circa
1895 3283 1978 3315 finem
1998 3282 2075 3307 huius
2089 3282 2175 3314 primi
2193 3281 2262 3306 iibri.
2282 3296 2300 3300 -
2316 3282 2389 3307 circa
2407 3290 2461 3306 om.
2474 3289 2491 3307 a
2506 3286 2531 3307 et
2549 3281 2626 3314 GpE;
2645 3280 2682 3305 ΒΕ

1621 3317 1723 3350 corrigit
1747 3317 1819 3350 infra
1838 3317 1864 3342 in
1883 3318 1955 3350 fine,
1981 3325 2048 3349 quae
2068 3323 2107 3342 est
2120 3317 2200 3342 lectio
2220 3321 2363 3341 ceterorum
2390 3318 2507 3342 codicum
2527 3316 2680 3349 (cf.1oc.cit.

1621 3353 1646 3377 in
1659 3351 1765 3386 marg.);
1786 3360 1833 3385 pro
1845 3352 1921 3377 huius
1935 3353 2020 3384 primi
2037 3353 2106 3382 libri,
2124 3352 2185 3377 libri
2194 3352 2280 3384 primi
2297 3352 2374 3377 huius
2388 3353 2420 3382 Η,
2435 3352 2514 3377 huius
2525 3351 2588 3376 libri
2595 3349 2684 3383 primi

1621 3388 1806 3416 DEGLNRab,
1828 3387 1905 3412 huius
1924 3388 1985 3412 libri
2002 3387 2239 3417 ACfflOQTva,
2258 3387 2336 3412 huius
2354 3387 2465 3420 capituli
2481 3387 2515 3412 Μ.

1674 3423 1700 3455 η)
1720 3430 1736 3447 a
1756 3423 1960 3448 destructione...
1975 3422 2166 3455 consequentis.
2179 3423 2247 3447 —Ita
2266 3422 2337 3452 PsK;
2357 3422 2442 3455 quoad
2462 3428 2568 3447 sensum
2585 3419 2681 3445 accedit

1622 3458 1670 3489 sF,
1690 3459 1727 3483 ad
1753 3458 1955 3484 destructionem
1981 3457 2162 3490 consequentis
2182 3465 2234 3490 per
2259 3458 2463 3483 destructionem
2489 3455 2666 3482 antecedentis
2672 3462 2682 3485 ,·

1623 3494 1685 3527 stl
1705 3493 1799 3518 habent
1817 3494 1854 3518 ad
1873 3493 2075 3518 destructionem
2094 3493 2282 3522 antecedentis,
2297 3493 2444 3518 omittentes
2461 3499 2519 3518 cum
2533 3491 2624 3517 ceteris
2637 3497 2680 3514 co-

1623 3529 1721 3554 dicibus
1741 3534 1766 3554 et
1783 3536 1800 3553 a
1811 3529 1825 3553 b
1844 3529 1923 3554 verba
1941 3529 1978 3554 ad
1997 3527 2201 3553 destructionem
2219 3528 2408 3561 consequentis.

2703 720 2760 740 text.
2770 724 2804 740 υ.

2702 957 2712 969 “
2727 956 2794 978 Text.
2804 961 2838 984 ²3·

2703 1306 2715 1318 ⁸
2729 1305 2797 1328 Text.
2806 1312 2845 1334 ²⁴·

2709 2281 2718 2290 ·
2727 2281 2782 2303 item
2792 2281 2863 2304 codd.
2869 2286 2923 2304 exe.

2707 2313 2836 2330 nerano-z.

2708 2334 2718 2344 ·
2728 2336 2807 2356 ρεισκε
2819 2340 2920 2356 mant}-

2707 2359 2719 2372 ⁸
2728 2362 2753 2382 et
2760 2366 2809 2382 om.
2814 2366 2908 2383 mn
2916 2367 2925 2388 ς

2707 2391 2757 2414 neq.
2772 2387 2797 2408 et
2808 2393 2857 2409 om.
2870 2393 2894 2408 r.
