2950 4004
249 625 261 636 '⁸
271 624 341 647 Num.
353 630 385 646 ιο.

494 279 565 315 188

486 358 696 397 velocitatis
714 358 753 395 in
767 358 933 396 motibus
948 370 1027 394 non
1046 357 1093 394 sit
1110 356 1181 394 nisi
1199 364 1355 406 propter
1374 356 1549 394 differen-

487 411 579 449 tiam
608 411 802 449 divisionis
829 410 963 448 medii:
993 421 1082 446 cum
1109 417 1239 446 tamen
1266 409 1304 446 in
1328 409 1550 459 corporibus

489 464 711 501 caelestibus
730 463 803 500 sint
822 463 994 500 diversae
1012 461 1243 509 velocitates,
1258 462 1296 499 in
1315 461 1453 511 quibus
1471 474 1551 499 non

490 524 544 554 est
564 516 718 564 aliquod
736 517 893 565 plenum
913 514 1084 552 medium
1104 514 1291 562 resistens,
1307 514 1413 563 quod
1432 514 1550 552 dividi

489 576 662 618 oporteat
687 580 756 617 per
783 575 932 605 motum
962 566 1131 616 corporis
1159 567 1337 605 caelestis.
1368 566 1445 604 Sed
1477 567 1550 604 sol-

487 621 616 659 venda
644 629 701 658 est
727 622 822 658 haec
850 619 1032 658 dubitatio
1061 619 1157 656 sicut
1184 627 1221 656 et
1246 619 1351 669 prius
1377 620 1409 656 *.

548 685 604 721 ι4.
625 673 767 711 Ultimo
787 680 916 710 autem
935 672 1162 722 epilogando
1187 671 1377 710 concludit
1394 671 1551 709 manife-

489 734 590 764 stum
610 738 692 763 esse
708 738 753 763 ex
771 725 891 772 dictis,
907 725 1013 774 quod
1032 724 1062 762 si
1080 731 1246 773 ponatur
1267 737 1434 762 vacuum
1455 736 1549 772 esse,

489 778 623 816 accidit
642 779 871 816 contrarium
888 778 968 815 eius
987 777 1093 828 quod
1107 778 1373 826 supponebant
1386 777 1551 826 proban-

488 839 544 869 tes
564 843 647 868 esse
666 843 845 869 vacuum.
871 830 924 867 Illi
949 830 1051 867 enirn
1069 829 1339 879 procedebant,
1360 842 1404 867 ac
1419 829 1450 866 si
1468 841 1551 866 mo-

489 892 548 922 tus
569 896 649 921 esse
669 897 748 921 non
766 883 895 933 possit,
917 883 948 920 si
965 895 1134 920 vacuum
1153 895 1232 920 non
1252 882 1307 920 sit.
1331 882 1408 919 Sed
1429 890 1552 919 osten-

542 1041 571 1074 λ)
590 1042 735 1074 opinantur
756 1047 883 1066 necesse...
909 1039 978 1065 idem
1002 1043 1042 1065 est
1065 1039 1136 1072 quod
1160 1039 1256 1065 dicere.
1274 1053 1294 1058 -
1311 1039 1348 1064 Ita
1365 1039 1408 1064 ab
1427 1043 1452 1064 et
1476 1039 1551 1065 codd.

491 1086 544 1103 exc.
559 1078 594 1108 R;
611 1077 630 1102 P
648 1082 674 1102 et
687 1078 727 1102 ed.
742 1081 819 1101 venet
840 1075 919 1108 1545:
933 1075 1079 1108 opinantur
1093 1081 1196 1100 necesse
1213 1081 1269 1100 esse
1282 1082 1392 1107 ponere,
1406 1075 1430 1100 si
1442 1075 1479 1100 sit
1497 1082 1552 1100 mo-

491 1116 534 1138 tus
551 1112 695 1138 secundum
717 1113 802 1137 locum
825 1114 874 1136 aut
896 1117 1008 1136 vacuum
1033 1113 1201 1143 separatum,
1226 1109 1299 1143 quod
1322 1109 1392 1135 idem
1417 1113 1457 1135 est
1482 1110 1552 1142 quod

1116 277 1461 315 PHYSICORUM
1488 276 1837 315 ARISTOTELIS
1866 277 1960 314 LIB.
1991 277 2043 315 IV

1603 369 1689 394 sum
1709 364 1764 394 est
1778 357 1798 378 ²¹
1819 356 2066 394 contrarium:
2086 357 2235 405 scilicet,
2251 357 2282 395 si
2299 370 2466 396 vacuum
2486 358 2542 406 sit,
2558 358 2664 408 quod

1603 417 1731 446 motus
1767 421 1846 446 non
1874 417 1940 446 est.
1981 410 2043 446 Sic
2077 409 2186 458 igitur
2216 410 2414 459 praemissi
2445 410 2663 461 philosophi

1604 462 1806 511 opinantur
1831 474 1999 499 vacuum
2032 474 2115 499 esse
2149 462 2346 511 quoddam
2383 462 2586 501 discretum
2628 471 2665 501 et

1604 522 1820 564 separatum
1853 514 2064 552 secundum
2092 527 2153 563 se,
2183 514 2322 552 scilicet
2353 514 2549 564 quoddam
2580 528 2664 566 spa-

1603 567 1698 604 tium
1721 567 1867 604 habens
1887 566 2143 604 dimensiones
2163 574 2367 616 separatas:
2388 574 2425 604 et
2442 568 2663 606 huiusmodi

1603 630 1770 657 vacuum
1791 619 1992 669 opinantur
2019 632 2175 657 necesse
2194 630 2298 667 esse,
2325 620 2355 657 si
2382 619 2429 657 sit
2454 626 2583 658 motus
2607 633 2664 658 se-

1605 671 1774 709 cundum
1793 673 1932 710 locum.
1953 673 2103 710 Ponere
2131 680 2259 710 autem
2278 673 2331 710 sic
2357 684 2525 710 vacuum
2557 684 2665 722 sepa-

1605 732 1740 772 ratum,
1760 724 1863 762 idem
1884 732 1940 762 est
1966 725 2070 774 quod
2099 725 2223 762 dicere
2241 723 2255 746 ²
2273 726 2400 762 locum
2433 737 2518 762 esse
2544 725 2666 775 quod-

1605 777 1695 814 dam
1724 777 1887 825 spatium
1911 776 2129 815 distinctum
2157 790 2179 815 a
2210 778 2448 827 corporibus3
2477 777 2582 826 quod
2611 786 2668 817 est

1605 829 1849 878 impossibile,
1876 837 1919 867 ut
1946 830 2060 879 supra
2087 831 2108 852 *
2137 838 2332 868 ostensum
2361 830 2416 869 est
2442 829 2481 867 in
2508 834 2666 869 tractatu

1607 881 1654 919 de
1682 883 1780 919 loco.

1607 1039 1709 1070 dicere;
1727 1039 1820 1065 eodem
1837 1040 1917 1065 modo
1935 1039 1959 1064 R
1977 1039 2098 1065 transfert
2115 1046 2216 1072 ponere
2235 1044 2295 1072 post
2312 1046 2375 1069 esse,
2397 1039 2443 1065 sed
2460 1039 2627 1072 prosequitur
2643 1040 2668 1066 εἰ

1589 1075 1676 1100 «εῖτ...
1690 1075 1775 1100 locum
1793 1078 1842 1100 aut
1858 1075 1883 1100 εἰ
1901 1075 1978 1108 (corr.
1991 1074 2017 1100 in
2027 1075 2080 1108 sic)
2100 1082 2211 1100 vacuum
2229 1077 2383 1106 separatum
2402 1074 2471 1100 idem
2485 1078 2525 1100 est
2541 1075 2613 1108 quod
2626 1074 2667 1101 dt-

1606 1117 1676 1140 cere,
1695 1115 1724 1135 ut
1742 1109 1784 1135 alii
1798 1110 1873 1135 codd.

2690 368 2903 398 *tempi-aeci.

2690 400 2786 423 4η5φ7·
2900 411 2902 413 >

2800 624 2803 639 β

2788 735 2807 762 λ

2692 834 2907 885 ἑιοοιηωιιῇ
