2898 3996
1081 278 1193 314 CAP.
1223 279 1273 325 II,
1303 277 1453 313 LECT.
1484 278 1532 313 III

285 371 342 395 11.
380 357 527 395 Deinde
565 369 652 394 cum
690 357 805 394 dicit:
846 358 936 394 Hoc
972 362 1095 393 autem
1124 356 1279 404 manife-

224 417 320 448 stum
350 418 431 457 etc.‚
452 410 588 458 probat
610 410 848 459 propositum
876 410 915 446 in
942 409 999 446 his
1020 409 1169 446 duobus
1197 421 1279 444 mo-

225 463 335 500 tibus.
357 463 406 499 Et
431 461 557 511 primo
584 462 691 510 ponit
718 463 812 499 duas
840 462 1004 498 rationes
1031 461 1080 498 ad
1107 460 1279 510 proposi-

224 523 306 552 tum
330 514 624 561 ostendendum;
645 515 811 551 secundo
833 514 994 551 excludit
1012 513 1277 560 obiectionem,

224 567 292 604 ibi:
321 568 502 604 Pmiectio
522 573 646 604 autem
660 568 681 588 ³⁸
696 575 764 604 etc.
793 567 921 603 Prima
947 573 1075 602 autem
1099 565 1192 602 ratio
1217 577 1277 601 su-

224 620 338 657 mitur
358 632 403 656 ex
422 619 640 656 definitione
667 619 859 668 utriusque
878 625 1025 655 motus:
1046 617 1134 666 quia
1153 617 1276 666 pulsio

225 679 280 709 est
307 681 434 709 motus
462 672 509 709 ab
538 672 620 720 ipso
657 678 837 708 movente
868 671 930 707 vel
964 670 1012 706 ab
1050 669 1174 717 aliquo
1203 669 1276 706 alio

223 725 263 762 in
290 724 430 772 aliquid
458 724 574 770 aliud;
604 731 640 760 et
667 724 720 760 sic
757 723 905 771 oportet
932 722 1037 770 quod
1073 722 1205 758 saltem
1238 722 1276 758 in

222 777 406 826 principio
436 784 562 814 motus
587 776 731 825 pellens
768 775 814 811 sit
840 774 951 811 simul
981 786 1068 810 cum
1097 786 1143 810 eo
1172 774 1277 822 quod

223 829 383 878 pellitur,
404 828 501 866 dum
524 829 667 876 pellens
694 827 733 864 id
761 827 864 875 quod
886 826 1035 875 pellitur
1061 834 1236 863 removet
1254 840 1276 864 a

224 894 264 919 se
288 882 350 919 vel
378 881 426 918 ab
454 881 539 917 alio.
566 879 643 916 Sed
670 886 808 916 tractus
837 886 892 915 est
919 887 1046 916 motus
1074 879 1122 916 ad
1150 879 1275 928 ipsum

222 934 286 972 vel
305 933 352 970 ad
371 933 542 979 alterum,
562 939 604 968 ut
623 932 764 969 dictum
785 939 840 968 est
859 933 896 976 *3
919 938 954 968 et
982 931 1086 980 quod
1114 944 1194 968 non
1221 944 1277 968 se-

221 992 376 1034 paratur
402 985 554 1022 trahens
573 985 622 1021 ab
642 996 687 1021 eo
707 984 813 1032 quod
831 983 996 1020 trahitur.
1018 985 1076 1020 Ex
1100 996 1176 1032 quo
1195 997 1276 1021 ma-

222 1037 399 1075 nifestum
429 1044 484 1074 est
510 1037 548 1074 in
573 1036 633 1074 his
661 1036 811 1073 duobus
845 1036 1031 1083 motibus,
1060 1036 1165 1084 quod
1193 1049 1275 1073 mo-

222 1101 317 1127 vens
337 1097 373 1127 et
391 1095 539 1126 motum'
559 1089 631 1126 sint
648 1089 804 1126 simu1.-
815 1089 991 1126 Secunda
1005 1089 1098 1125 ratio
1119 1089 1277 1126 sumitur

223 1154 268 1179 ex
298 1142 587 1190 congregatione
622 1149 658 1178 et
684 1141 968 1189 disgregatione.
1000 1141 1154 1178 Dictum
1183 1149 1238 1178 est
1257 1143 1276 1163 *

223 1194 326 1231 enim
353 1195 460 1243 quod
485 1194 609 1243 pulsio
639 1201 694 1231 est
726 1194 970 1242 disgregatio,
1000 1201 1037 1230 et
1063 1193 1193 1230 tractio
1223 1202 1278 1231 est

223 1247 472 1295 congregatio.
493 1248 542 1284 Et
569 1247 651 1290 hocv
663 1254 718 1283 est
745 1246 849 1295 quod
877 1246 979 1284 dicit:
1003 1247 1126 1283 adhuc
1152 1252 1277 1283 autem

220 1299 383 1348 synosis,
408 1299 504 1336 idest
532 1299 784 1347 congregatio,
805 1307 841 1336 et
858 1299 986 1345 diosis,
1005 1299 1102 1336 idest
1130 1299 1276 1337 divisio.

173 1358 194 1379 ι’-
222 1353 315 1389 Non
333 1359 461 1389 autem
475 1353 495 1373 *
507 1360 637 1400 posset
655 1351 796 1400 aliquid
815 1363 1043 1399 congregare
1056 1353 1119 1388 vel
1139 1351 1277 1399 disgre-

221 1416 326 1452 gare,
356 1404 427 1442 nisi
455 1406 603 1442 adesset
629 1404 686 1441 his
715 1416 812 1453 quae
841 1411 1115 1452 congregantur
1142 1411 1179 1441 et
1206 1404 1278 1442 dis-

221 1464 431 1506 gregantur.
453 1457 502 1494 Et
519 1457 572 1493 sic
589 1464 692 1505 patet
718 1456 823 1505 quod
846 1456 885 1493 in
909 1456 1081 1505 pulsione
1105 1463 1142 1494 et
1159 1464 1278 1494 tractu

221 1521 385 1547 movens
414 1516 450 1546 et
477 1517 626 1546 motum
654 1517 740 1546 sunt
767 1509 891 1546 simul.

281 1573 338 1599 12.
367 1561 513 1599 Deinde
551 1574 639 1598 cum
678 1561 780 1598 dicit:
812 1562 994 1598 Proiectio
1031 1567 1156 1598 autem
1185 1569 1275 1610 etc.,

271 1726 300 1760 λ)
319 1727 407 1761 deficit
420 1728 522 1759 pellens
539 1727 573 1752 ab
592 1734 631 1753 eo.
642 1740 661 1748 -ι
679 1728 729 1752 Pro
747 1727 781 1753 ab
799 1734 844 1757 eo,
862 1727 887 1752 ei
900 1727 1050 1758 BFRVYZ3
1070 1727 1140 1759 quod
1158 1727 1200 1752 ST
1219 1735 1274 1752 cor—

219 1768 342 1822 arppunt
366 1763 392 1787 in
419 1763 503 1792 enim,
522 1763 566 1787 Ma
585 1763 611 1787 in
629 1766 661 1793 et,
677 1768 702 1788 et
716 1763 758 1788 CL
777 1763 859 1787 omitt.
879 1776 898 1781 —
920 1762 983 1786 Post
1001 1762 1045 1787 lin.
1064 1761 1167 1794 aliquid
1191 1763 1274 1788 omitt.

2320 274 2393 310 333

1336 355 1496 392 excludit
1533 355 1724 403 quandam
1766 355 2019 392 obiectionem
2036 383 2045 401 ,
2085 366 2182 403 quae
2221 354 2393 391 accidere

1333 414 1457 455 potest
1477 407 1573 444 circa
1591 408 1817 456 pulsionem.
1847 409 1905 444 De
1928 407 2108 444 tractione
2130 406 2230 443 enim
2251 406 2392 443 dictum

1335 460 1545 507 est*qu0d
1573 467 1700 497 motus
1731 460 1909 496 trahentis
1938 472 2016 496 non
2044 467 2240 507 separatur
2267 459 2315 495 ab
2346 471 2392 495 eo

1333 512 1438 560 quod
1461 512 1634 549 trahitur:
1656 512 1723 549 sed
1750 512 1788 548 in
1816 511 1988 560 pulsione
2014 511 2155 548 dictum
2177 519 2231 548 est
2249 512 2269 532 ’⁸
2288 511 2393 560 quod

1332 564 1534 612 aliquando
1560 565 1686 601 deficit
1711 565 1854 612 pellens
1877 564 1924 601 ab
1949 562 2020 601 eo²
2035 564 2138 612 quod
2156 564 2314 612 pellitur.
2345 564 2394 600 Et

1331 617 1413 653 talis
1440 617 1562 665 pulsio
1598 624 1758 654 vocatur
1794 617 1983 666 expulsio,
2019 617 2124 653 cuius
2159 616 2302 664 species
2338 624 2394 653 est

1325 669 1524 716 proiectio,
1558 681 1656 717 quae
1686 677 1740 706 est
1772 669 1924 717 quando
1956 668 2097 717 aliquid
2123 669 2271 718 pellitur
2304 681 2392 706 cum

1331 721 1499 769 quadam
1516 721 1696 758 violentia
1710 722 1749 761 in
1767 728 1973 768 remotum;
1991 729 2027 758 et
2041 720 2146 758 sicin
2159 721 2393 769 proiectione

1329 773 1480 810 videtur
1507 774 1612 822 quod
1640 784 1800 811 movens
1821 781 1856 810 et
1875 781 2024 811 motum
2047 785 2126 810 non
2145 773 2218 810 sint
2236 774 2347 810 simul
2361 780 2391 810 μ.

1331 827 1379 862 Et
1406 826 1492 863 ideo
1522 826 1569 863 ad
1597 827 1671 863 hoc
1701 826 1978 863 excludendum
2008 826 2105 872 dicit,
2136 826 2239 875 quod
2267 826 2391 875 proie-

1333 878 1405 915 ctio
1426 886 1491 926 est,
1513 879 1666 927 quando
1696 886 1822 916 motus
1842 878 1921 915 eius
1946 878 2052 927 quod
2077 878 2203 926 fertur,
2224 879 2269 915 sit
2286 879 2392 916 velo-

1332 931 1411 967 cior
1447 944 1563 980 quarn
1592 938 1717 968 motus
1745 931 1943 979 naturalis,
1982 939 2018 968 et
2045 932 2119 968 hoc
2146 938 2301 980 propter
2328 931 2393 967 ali-

1331 996 1448 1031 quam
1485 985 1622 1020 fortem
1654 984 1924 1032 impulsionem
1962 985 2111 1020 factam.
2152 984 2251 1020 Cum
2289 983 2392 1020 enim

1331 1036 1472 1084 aliquid
1503 1036 1697 1084 proiicitur
1733 1049 1778 1072 ex
1815 1037 1898 1073 forti
1926 1036 2175 1085 impulsione,
2215 1044 2393 1073 movetur

1331 1101 1396 1125 aer
1422 1088 1603 1125 velociori
1631 1096 1739 1125 motu
1767 1100 1883 1136 quam
1912 1089 1958 1126 sit
1985 1096 2111 1125 motus
2141 1089 2219 1125 eius
2245 1090 2393 1126 natura-

1331 1140 1396 1186 lis;
1431 1147 1468 1177 et
1499 1140 1548 1177 ad
1577 1148 1726 1177 motum
1759 1141 1855 1177 aeris
1894 1142 2057 1178 defertur
2095 1154 2232 1190 corpus
2268 1141 2392 1190 proie-

1332 1201 1446 1230 ctum.
1482 1194 1531 1230 Et
1558 1193 1742 1241 quamdiu
1771 1193 1878 1230 durat
1915 1206 1979 1230 aer
2012 1194 2218 1242 impulsus,
2248 1194 2394 1231 tamdiu

1331 1245 1543 1294 proiectum
1572 1253 1764 1283 movetur:
1795 1253 1830 1282 et
1858 1246 1932 1282 hoc
1956 1253 2010 1283 est
2037 1247 2143 1295 quod
2162 1246 2261 1290 dicit,
2286 1247 2393 1295 quod

1332 1299 1428 1335 facta
1455 1298 1518 1335 tali
1545 1298 1788 1347 impulsione,
1818 1298 1964 1335 tamdiu
1992 1298 2125 1335 accidit
2148 1298 2287 1347 aliquid
2307 1299 2393 1336 ferri

1331 1351 1564 1400 proiectum,
1607 1350 1791 1399 quamdiu
1823 1350 1862 1387 in
1899 1363 1984 1387 aere
2019 1351 2065 1387 sit
2093 1352 2113 1372 ’³‘
2147 1351 2278 1388 fortior
2310 1364 2392 1389 mo-

1331 1411 1390 1440 tus
1427 1416 1544 1452 quam
1577 1403 1656 1440 eius
1689 1410 1815 1440 motus
1852 1403 2040 1441 naturalis.
2069 1425 2093 1431 -
2119 1403 2181 1440 Sic
2215 1416 2302 1451 ergo
2335 1417 2392 1441 re-

1331 1457 1509 1493 motahac
1536 1456 1784 1504 dubitatione,
1815 1456 2004 1494 concludit
2031 1457 2137 1505 quod
2164 1468 2328 1493 movens
2358 1464 2394 1493 et

1331 1516 1480 1546 motum
1509 1509 1581 1547 sint
1608 1509 1740 1557 simul,
1771 1516 1807 1546 et
1834 1509 1939 1558 quod
1972 1509 2069 1547 inter
2096 1521 2141 1546 ea
2168 1508 2259 1546 nihil
2288 1509 2308 1530 *
2338 1517 2393 1547 est
2419 1521 2472 1541 ·no

1331 1561 1514 1599 medium.

1383 1726 1411 1762 μ.)
1431 1728 1457 1752 in
1472 1729 1636 1760 proiectione
1655 1729 1761 1754 videtur
1774 1729 1845 1761 quod
1859 1736 1964 1754 movens
1978 1733 2004 1754 et
2018 1732 2117 1754 motum
2136 1736 2188 1754 non
2203 1729 2258 1754 sint
2275 1729 2362 1754 simul.
2372 1743 2392 1748 -

1329 1764 1365 1788 Ita
1383 1771 1475 1787 omnes
1495 1764 1578 1794 codd„
1597 1769 1685 1788 contra
1703 1772 1795 1789 omnes
1814 1765 1951 1789 editiones:
1971 1765 1998 1789 in
2013 1764 2178 1796 proiectione
2197 1764 2303 1789 videtur
2321 1765 2392 1797 quod

1329 1797 1358 1822 id
1376 1798 1447 1830 quod
1459 1798 1604 1830 proiit-itur
1623 1806 1674 1824 non
1693 1799 1729 1824 sit
1746 1799 1826 1824 simul
1843 1807 1902 1825 cum
1918 1800 2084 1832 proiiciente.

2422 470 2431 480 '¹
2445 461 2516 491 Num.
2532 470 2554 492 8.

2420 518 2430 527 “
2444 517 2515 538 Num.
2530 520 2549 544 5,
2565 516 2587 538 8.

2420 1368 2430 1377 '
2433 1366 2468 1394 fit
2475 1372 2619 1388 nmo‘rxz.

2474 1526 2531 1542 nm:

2533 1526 2572 1542 m«.
