2898 3996
229 342 239 352 ⁶
254 342 291 362 est
302 339 411 362 peomne.

228 492 341 519 ⁸pluries
361 497 410 513 om
427 497 440 512 z

229 518 341 539 sennaab.

222 571 225 575 Ι
228 544 285 565 'hic
297 550 343 565 om.
354 543 439 565 Prxab.

228 864 236 872 ·
263 862 348 889 incepit
370 861 437 883 codd.

230 894 279 910 exc.
294 894 346 909 eon.

229 1445 239 1453 ·
254 1442 362 1470 reflexim'
369 1442 437 1464 codd.

227 1475 278 1491 exc.
288 1476 311 1490 τ.

227 1496 238 1507 ⁸
246 1496 274 1518 Si
279 1501 437 1522 neruos-vtis.

227 2283 236 2292 ·
249 2288 323 2330 gupra
345 2288 393 2304 om.
408 2289 436 2304 Ρτ

226 2314 319 2357 qNum.
335 2341 382 2363 seq.

226 2440 320 2462 '.Num
334 2446 356 2467 7.

226 2530 240 2545 n
227 2497 313 2546 Ἰὸεσῐ.
329 2496 433 2525 praeced.

226 2603 235 2611 ·
252 2602 344 2623 volebat
360 2607 435 2622 meon

225 2634 273 2650 ens.

227 2707 367 2728 ‘terminum
376 2712 434 2728 omn

226 2739 318 2755 Luonsz.

463 252 541 297 430

466 341 546 366 esse
565 329 584 350 '¹‘
599 328 638 365 in
657 339 714 364 eo.
737 326 836 374 Quia
864 338 952 374 ergo
981 324 1212 374 impossibile
1234 332 1288 361 est
1306 323 1418 360 simul
1438 335 1520 360 esse

466 389 502 418 et
529 393 606 417 non
627 392 708 417 esse
737 380 775 416 in
803 378 928 428 aliquo
955 378 1072 426 signo,
1093 389 1162 426 per
1189 388 1425 425 consequens
1454 376 1521 412 im-

464 433 643 492 possibile
672 440 727 469 est
746 431 850 480 quod
878 431 988 468 simul
1013 430 1108 467 adsit
1137 436 1172 466 et
1199 429 1295 466 absit
1324 429 1461 475 eidem,
1481 436 1522 465 ut

466 486 636 534 superius
663 485 801 533 pluries
830 485 850 506 '²‘
879 491 934 521 est
961 482 1211 532 suppositum.
1241 502 1264 509 -
1293 482 1360 518 Est
1393 489 1520 518 autem

466 538 525 575 hic
550 540 569 559 ’ἓ
598 537 868 574 attendendum
903 535 1007 594 quod
1035 535 1140 572 aliter
1165 534 1280 570 utitur
1307 533 1367 572 hic
1395 533 1522 570 litteris

466 602 582 639 quarn
610 602 735 639 supra.
773 589 896 626 Utitur
923 588 1025 625 enirn
1056 587 1118 624 hic
1145 588 1159 623 I
1188 599 1258 636 pro
1295 585 1446 633 mobili,
1485 587 1520 622 D

465 655 558 680 vero
586 655 655 691 pro
683 642 863 679 termino:
893 653 1007 690 supra
1035 647 1163 677 autern
1193 652 1211 676 e
1241 651 1439 676 converso.

519 696 610 732 Non
639 702 694 732 est
721 702 848 732 autern
867 694 906 731 in
925 700 1032 730 motu
1060 693 1201 729 reflexo
1223 691 1348 729 danda
1367 691 1519 738 solutio,

466 760 564 796 quae
590 747 694 796 prius
723 747 809 784 data
828 755 883 784 est
901 746 939 783 in
958 753 1066 782 motu
1091 745 1281 782 continuo.
1303 745 1395 781 Non
1418 743 1521 780 enim

464 808 589 849 potest
616 800 688 837 dici
707 800 812 849 quod
832 799 973 836 mobile
992 797 1096 846 quod
1117 805 1171 834 est
1191 799 1218 845 I,
1238 797 1283 834 sit
1302 797 1340 833 in
1358 796 1520 833 termino

465 853 571 901 quod
590 861 645 890 est
663 854 710 899 D,
732 865 754 889 a
773 864 848 901 quo
868 851 996 900 incipit
1012 852 1031 871 ²³*
1047 850 1198 898 reflecti,
1220 850 1344 887 solum
1363 849 1402 886 in
1422 849 1520 886 deci-

465 905 572 942 sione
599 905 801 954 temporis,
840 904 936 941 idest
962 903 1000 940 in
1028 915 1149 948 nunc;
1180 910 1215 939 et
1243 902 1346 951 quod
1378 901 1520 938 mobile

465 970 589 1006 neque
618 958 764 996 affuerit
788 969 912 1006 neque
941 954 1105 1005 defuerit]
1124 956 1269 1002 eidem,
1300 955 1394 991 sicut
1422 954 1520 992 dice-

465 1011 574 1047 batur
592 1010 630 1047 in
648 1016 756 1047 motu
776 1010 972 1047 continuo:
994 1008 1082 1057 quia
1105 1007 1143 1044 in
1167 1016 1276 1045 motu
1295 1007 1436 1045 reflexo
1456 1019 1522 1044 ne-

466 1075 568 1100 cesse
589 1070 644 1100 est
661 1063 790 1100 venire
810 1062 857 1099 ad
877 1062 995 1099 finem
1015 1060 1079 1110 qui
1099 1069 1154 1098 est
1174 1068 1259 1098 actu
1273 1060 1370 1107 finis,
1388 1067 1424 1096 et
1442 1072 1520 1097 non

465 1115 503 1152 in
520 1116 688 1164 potentia
715 1123 877 1162 tantum,
907 1114 1001 1151 sicut
1019 1112 1190 1150 medium
1210 1113 1249 1150 in
1268 1120 1376 1150 motu
1405 1112 1520 1149 conti-

465 1180 542 1204 nuo
572 1176 649 1205 erat
680 1168 906 1217 principium
935 1175 972 1203 et
998 1165 1086 1203 finis
1123 1167 1247 1203 solum
1275 1165 1313 1202 in
1339 1165 1518 1214 potentia.

465 1220 559 1258 Illud
588 1233 676 1269 ergo
697 1221 800 1270 quod
820 1227 875 1257 est
902 1219 941 1256 in
967 1218 1094 1256 medio
1114 1227 1241 1255 motus
1262 1218 1439 1264 continui,
1466 1224 1522 1254 est

464 1273 502 1309 in
529 1273 697 1322 potentia
715 1280 862 1310 tanturn
881 1271 1108 1321 principium
1133 1279 1169 1308 et
1186 1271 1289 1317 finis3
1319 1270 1386 1307 sed
1405 1271 1480 1306 hoc
1498 1282 1520 1306 a

464 1338 541 1374 quo
570 1325 698 1374 incipit
725 1325 891 1372 reflexio,
913 1332 968 1361 est
987 1331 1072 1361 actu
1099 1323 1326 1374 principium
1355 1329 1390 1359 et
1417 1322 1519 1359 finis:

464 1378 548 1415 finis
576 1378 731 1427 quidem
758 1385 884 1415 motus
913 1377 976 1426 qui
1004 1387 1082 1416 erat
1120 1377 1315 1422 deorsum,
1352 1382 1444 1424 puta
1470 1375 1520 1411 la—

463 1430 574 1490 pidis;
593 1431 814 1480 principium
833 1438 959 1467 autem
981 1437 1035 1466 est
1053 1431 1091 1468 in
1110 1437 1195 1466 actu
1213 1436 1339 1465 motus
1359 1427 1487 1464 reflexi
1502 1428 1520 1446 ⁴⁹

465 1483 528 1532 qui
556 1491 611 1520 est
633 1495 798 1529 sursum,
830 1482 921 1519 dum
950 1482 1042 1530 lapis
1072 1484 1210 1521 cadens
1237 1481 1275 1518 in
1298 1488 1436 1517 terram
1465 1491 1521 1516 re-

464 1536 533 1573 silit
560 1548 721 1573 sursum.
752 1535 854 1572 Sicut
875 1536 894 1556 ²³
915 1547 1002 1582 ergo
1031 1536 1068 1573 in
1098 1533 1352 1583 magnitudine
1380 1532 1419 1569 in
1447 1544 1522 1581 qua

465 1596 519 1627 est
546 1596 693 1635 motus,
723 1588 871 1636 signum
899 1600 920 1624 a
949 1599 1025 1646 quo
1060 1587 1262 1626 reflectitur
1299 1593 1354 1622 est
1389 1585 1521 1633 princi-

463 1642 568 1701 pium
602 1648 637 1677 et
663 1618 747 1678 finis
775 1640 813 1677 in
841 1648 941 1686 actu;
961 1640 1011 1676 ita
1039 1650 1074 1679 et
1102 1642 1140 1678 in
1165 1639 1254 1699 ipsis
1281 1638 1447 1675 motibus
1467 1645 1522 1674 est

464 1694 632 1744 accipere
652 1701 737 1731 actu
765 1693 882 1730 finem
900 1692 1013 1731 unius
1038 1702 1073 1731 et
1099 1692 1325 1743 principium
1354 1690 1519 1727 alterius:

464 1748 567 1797 quod
587 1759 665 1784 non
689 1753 795 1793 esset,
817 1745 885 1782 nisi
904 1745 1010 1794 quies
1028 1746 1268 1784 interveniret
1286 1743 1422 1780 media.
1443 1743 1521 1779 Ne-

465 1812 568 1837 cesse
597 1807 652 1836 est
680 1811 769 1846 ergo
798 1797 902 1857 quod
929 1797 966 1835 id
995 1799 1099 1859 quod
1132 1797 1331 1836 reflectitur
1358 1796 1396 1833 in
1423 1795 1522 1832 linea

464 1861 575 1899 recta,
597 1852 773 1901 quiescat.
795 1852 843 1887 Et
862 1850 912 1887 ita
940 1852 1106 1901 sequitur
1124 1851 1229 1901 quod
1255 1850 1292 1886 in
1320 1856 1421 1886 recta
1440 1861 1520 1885 ma-

463 1905 654 1954 gnitudine
673 1917 751 1941 non
769 1903 887 1953 possit
907 1915 989 1941 esse
1009 1912 1135 1942 motus
1157 1902 1354 1940 continuus
1383 1908 1419 1937 et
1436 1913 1520 1949 per-

462 1966 619 2007 petuus:
649 1957 734 2006 quia
767 1956 986 2004 magnitudo
1025 1965 1125 1994 recta
1161 1969 1238 1993 non
1268 1962 1322 1991 est
1354 1954 1518 2001 infinita,

464 2018 500 2048 et
518 2011 567 2048 ita
593 2022 671 2047 non
689 2016 816 2059 posset
845 2020 925 2045 esse
945 2010 983 2046 in
1001 2017 1228 2059 perpetuum
1247 2013 1374 2044 motus
1398 2014 1520 2044 rectus

463 2063 673 2108 continuus,
702 2061 772 2099 nisi
798 2061 1060 2099 reflecteretur.

515 2127 552 2163 4.
573 2115 721 2152 Deinde
750 2126 837 2151 curn
865 2113 967 2151 dicit:
995 2115 1138 2151 Eodem
1167 2119 1291 2151 autem
1319 2113 1429 2149 modo
1458 2114 1520 2149 ob-

461 2169 641 2206 viandum
670 2175 752 2214 etc.,
781 2168 887 2216 ponit
915 2168 1120 2204 secundam
1159 2166 1441 2204 dubitationem.
1472 2166 1521 2202 Et

465 2221 561 2258 circa
588 2221 662 2257 hoc
689 2220 758 2256 tria
785 2219 887 2257 facit:
916 2220 1039 2269 primo
1067 2226 1199 2256 movet
1227 2218 1518 2265 dubitationem;

463 2274 631 2311 secundo
657 2272 815 2309 excludit
840 2273 1032 2321 quandam
1061 2272 1289 2309 solutionem
1310 2283 1422 2320 supra
1442 2271 1463 2292 ¹⁸¹
1483 2271 1520 2308 in

463 2334 566 2363 sexto
591 2325 773 2374 positam,
793 2324 858 2361 ibi:
886 2326 932 2362 In
955 2326 1091 2373 primis
1119 2325 1234 2375 igitur
1255 2325 1274 2345 '¹‘
1294 2331 1380 2369 etc.;
1410 2324 1518 2362 tertio

461 2379 566 2428 ponit
593 2390 726 2415 veram
755 2378 999 2424 solutionem,
1034 2378 1104 2415 ibi:
1135 2378 1209 2414 Sed
1237 2388 1369 2414 verum
1397 2377 1519 2414 dicen-

462 2432 590 2468 dumss
611 2438 679 2467 etc.
709 2429 807 2467 Dicit
835 2443 924 2478 ergo
943 2431 1081 2479 prim0,
1108 2430 1212 2479 quod
1232 2430 1370 2466 eodem
1399 2430 1518 2467 modo

459 2497 529 2534 per
548 2497 592 2521 ea
611 2496 707 2533 quae
723 2495 835 2532 supra
850 2485 1030 2521 ÷⁶ostensa
1049 2491 1145 2531 sunt,
1166 2495 1371 2532 possumus
1390 2483 1519 2520 obvia-

462 2550 501 2576 re
529 2538 577 2574 ad
606 2549 672 2573 eos
701 2536 763 2584 qui
782 2544 928 2585 ponunt
957 2536 1209 2573 obiectionem
1238 2535 1425 2583 Zenonis,
1454 2536 1519 2585 qui

462 2591 512 2629 sic
539 2590 719 2627 volebant
738 2589 758 2610 ²³
777 2589 1040 2638 argumentari.
1062 2590 1190 2626 Omne
1219 2588 1324 2637 quod
1341 2597 1519 2626 movetur

461 2651 610 2693 oportet
645 2642 750 2692 quod
789 2643 891 2691 prius
926 2649 1159 2691 pertranseat
1194 2641 1364 2679 medium
1401 2653 1518 2690 quarn

460 2696 655 2756 perveniat
686 2695 734 2732 ad
765 2696 884 2732 finem
914 2696 949 2732 *z
979 2695 1046 2732 sed
1078 2695 1175 2731 inter
1206 2694 1393 2743 quoslibet
1421 2694 1518 2731 duos

461 2749 640 2787 terminos
668 2755 754 2785 sunt
781 2748 926 2785 infinita
953 2747 1100 2794 media,
1129 2755 1285 2796 propter
1310 2747 1385 2783 hoc
1414 2747 1517 2796 quod

463 2801 681 2850 magnitudo
710 2808 766 2837 est
794 2800 984 2838 divisibilis
1013 2800 1051 2837 in
1077 2800 1282 2845 infinitum3
1312 2807 1348 2836 et
1375 2799 1424 2837 ita
1447 2799 1517 2836 im-

462 2854 639 2904 possibile
659 2861 714 2890 est
731 2853 888 2890 transire
907 2852 1045 2900 media,
1066 2853 1153 2901 quia
1171 2852 1315 2889 infinita
1330 2865 1408 2889 non
1428 2865 1516 2890 con-

462 2907 566 2955 tingit
593 2906 763 2943 transire:
794 2918 881 2954 ergo
910 2906 999 2942 nihil
1026 2913 1150 2954 potest
1167 2905 1362 2943 movendo
1387 2905 1436 2942 ad
1456 2905 1517 2942 ali-

464 2971 578 3009 quem
619 2958 823 2996 terminum
860 2958 1068 3008 pervenire.
1106 2958 1176 2995 Vel
1217 2965 1342 3006 potest
1382 2957 1517 2995 eadem

517 3079 539 3112 ε)
558 3082 584 3105 et
601 3087 660 3105 cum
680 3079 805 3104 medietas
820 3079 915 3104 iterum
934 3079 1072 3104 dividatur
1090 3079 1116 3104 in
1137 3078 1312 3104 medietatem.
1330 3093 1349 3098 —
1366 3079 1402 3104 Ita
1416 3079 1479 3107 Palu
1493 3082 1519 3104 et

463 3122 522 3141 cum
546 3114 672 3140 medietas
697 3115 862 3139 medietatem
882 3114 976 3139 habeat
994 3114 1064 3145 Bsc,
1083 3117 1109 3139 et
1127 3121 1186 3139 cum
1206 3114 1333 3139 medietas
1351 3114 1447 3139 habeat
1465 3121 1518 3139 me-

464 3150 588 3175 dietatem
611 3149 772 3180 DLTZsHX,
791 3153 817 3174 et
835 3157 894 3174 cum
914 3149 1040 3174 medietas
1067 3149 1233 3174 medietatem
1252 3149 1516 3182 AIKMNQSVYpCH

465 3185 521 3215 ΟΧ,
541 3185 668 3210 medietas
687 3185 853 3209 medietatem
872 3184 944 3217 EpG,
957 3187 983 3208 et
997 3188 1059 3209 ante
1074 3184 1240 3209 medietatem
1256 3183 1284 3213 F,
1303 3187 1329 3208 et
1346 3191 1405 3208 cum
1424 3184 1518 3209 habeat

465 3219 590 3245 medietas
615 3220 780 3245 medietatem
800 3220 850 3250 sG,
869 3223 895 3244 et
914 3219 1008 3244 iterum
1034 3219 1162 3244 medietas
1181 3218 1346 3243 medietatem
1367 3219 1405 3249 O,
1425 3217 1518 3252 (prius

459 3255 610 3287 pertransit
629 3255 811 3287 medietatem)
831 3254 957 3279 medietas
975 3254 1041 3285 (cet.
1059 3253 1130 3287 om.)
1150 3257 1177 3278 et
1195 3254 1234 3278 ita
1252 3257 1299 3278 etc.
1319 3253 1350 3278 R.

516 3289 541 3321 ζ)
560 3290 597 3314 sic
615 3290 699 3322 accipi
712 3292 825 3322 possunt
843 3289 869 3314 in
889 3289 1030 3322 infinitum.
1047 3302 1066 3308 —
1083 3289 1122 3314 sic
1139 3288 1292 3320 accipiendo
1315 3288 1406 3313 insunt
1431 3289 1519 3321 infini-

466 3327 520 3349 tum
540 3324 557 3353 l,
576 3325 614 3349 sic
631 3327 752 3356 acceptae
766 3327 878 3356 possunt
896 3324 922 3349 in
936 3324 1068 3357 infinitum
1083 3324 1122 3349 ire
1140 3323 1203 3348 Pub.
1215 3336 1234 3342 -
1248 3323 1361 3355 Pei-gunt
1378 3323 1435 3348 ab:
1453 3331 1518 3356 ergo

465 3359 583 3391 sequitur
600 3359 670 3391 quod
688 3359 790 3391 a1iquid
803 3359 953 3391 pertransit
971 3362 1055 3384 totam
1074 3358 1284 3391 magnitudinem
1298 3365 1377 3390 quam
1397 3365 1519 3383 numera-

466 3394 504 3418 vit
522 3394 548 3418 in
568 3394 705 3427 infinitum,
720 3394 790 3426 quod
802 3397 841 3419 est
856 3394 974 3418 maxime
989 3393 1162 3426 impossibile,·
1181 3393 1257 3418 etiam
1270 3392 1289 3417 P
1305 3398 1331 3418 et
1344 3393 1436 3422 Venet.
1453 3393 1519 3425 1504

467 3428 560 3453 hebent
578 3429 649 3460 quod
666 3429 781 3460 aliqum,-
800 3429 918 3453 maxime
936 3429 1012 3453 etiam
1031 3426 1127 3462 G(E·‹).

520 3462 546 3495 η)
565 3463 632 3488 sicut
650 3466 676 3488 et
695 3463 859 3496 magnitudo.
876 3477 896 3483 -
914 3463 982 3488 sicut
999 3466 1025 3488 et
1044 3463 1201 3496 magnitudo
1229 3461 1358 3487 dividitur
1377 3461 1403 3487 in
1433 3462 1517 3496 infini-

469 3499 523 3521 tum
543 3497 604 3527 Pata,
624 3506 674 3522 non
693 3498 767 3528 bene,
786 3498 845 3530 quin
868 3497 1014 3522 immediate
1033 3503 1090 3522 ante
1109 3498 1159 3522 inm
1184 3497 1279 3522 dictum
1302 3501 1342 3522 est
1359 3497 1430 3530 quod
1454 3498 1518 3522 sieut

469 3532 616 3563 magnitudo
641 3532 758 3557 dividitur
777 3532 802 3556 in
821 3531 959 3562 infinitum,
984 3533 1018 3557 ita
1036 3537 1061 3557 et
1079 3537 1191 3565 tempus.
1217 3532 1290 3557 Unde
1311 3531 1332 3556 si
1355 3539 1422 3565 opus
1449 3537 1519 3557 esset

470 3566 564 3598 aliquid
579 3567 670 3591 addere
687 3567 786 3592 lectioni
801 3567 925 3597 codicum,
935 3567 1073 3599 legendum
1092 3567 1177 3600 potius
1196 3566 1274 3592 foret:
1293 3566 1361 3592 sicut
1375 3569 1401 3592 et
1415 3567 1518 3600 magni-

1058 245 1403 283 PHYSICORUM
1429 244 1777 282 ARISTOTELIS
1806 247 1900 283 LIB.
1929 247 2016 284 VIII

1576 323 1758 361 dubitatio
1792 325 1896 362 aliter
1922 325 2095 372 formari,
2125 326 2220 363 sicut
2248 326 2403 375 quidam
2432 339 2518 364 earn
2545 339 2633 376 pro-

1574 383 1733 426 ponunt.
1774 378 1901 414 Omne
1939 378 2044 427 quod
2079 379 2277 427 pertransit
2304 379 2458 428 aliquod
2489 387 2632 427 totum,

1575 429 1677 488 prius
1704 430 1903 478 pertransit
1925 433 1944 450 ⁴⁵
1968 430 2228 468 medietatem:
2259 439 2295 468 et
2327 444 2415 468 cum
2451 432 2634 469 medietas

1575 482 1709 519 iterum
1742 483 1930 520 dividatur
1956 483 1994 520 in
2021 484 2264 521 medietatem
2292 489 2319 531 ¹,
2349 492 2498 533 oportet
2530 485 2635 534 quod

1574 534 1679 583 prius
1697 536 1948 583 pertransierit
1969 537 1989 557 ²⁸
2007 536 2248 573 medietatem
2276 536 2509 573 medietatis:
2531 545 2567 574 et
2585 537 2635 574 ita
2663 547 2672 556 ²

1576 599 1692 624 omne
1711 589 1816 637 quod
1844 596 2036 636 movetur,
2066 596 2239 626 numerat
2263 588 2471 637 quamlibet
2493 589 2635 627 medie-

1575 647 1703 687 tatem,
1727 641 1974 690 pertingendo
1999 642 2048 679 ad
2067 642 2199 691 ipsam.
2231 641 2308 679 Sed
2333 641 2555 679 medietates
2582 642 2636 679 sic

1576 693 1694 742 accipi
1712 702 1871 743 possunt
1897 694 1936 731 in
1960 694 2146 732 infinitum
2167 694 2197 731 g:
2219 706 2307 742 ergo
2336 694 2504 743 sequitur
2531 694 2635 743 quod

1576 745 1606 782 si
1633 746 1773 795 aliquid
1809 747 2009 796 pertransit
2035 754 2154 784 totam
2187 746 2501 795 magnitudinem,
2531 747 2635 796 quod

1575 799 1789 836 numeravit
1807 812 2010 837 numerum
2037 799 2244 846 infinitum;
2273 799 2379 848 quod
2408 807 2463 836 est
2479 799 2636 838 manife-

1575 857 1629 887 ste
1657 851 1898 900 impossibile.

1632 903 1664 941 5.
1686 904 1832 942 Deinde
1862 917 1949 941 cum
1979 904 2082 942 dicit:
2111 906 2157 941 In
2176 905 2311 953 primis
2339 905 2455 955 igitur
2481 905 2633 942 rationi-

1575 957 1642 992 bus
1657 964 1740 1005 etc.,
1756 957 1917 994 excludit
1935 957 2162 994 solutionem
2176 970 2293 1005 quam
2312 970 2425 1006 supra
2439 957 2478 994 in
2492 965 2597 995 sexto
2614 959 2634 980 '²

1574 1017 1753 1057 posuerat
1780 1010 1827 1047 ad
1855 1010 1954 1047 hanc
1988 1009 2262 1046 obiectionem:
2292 1017 2328 1046 et
2354 1010 2478 1059 primo
2506 1011 2635 1048 recitat

1576 1073 1677 1108 eam3
1699 1063 1867 1099 secundo
1888 1062 2061 1108 excludit,
2081 1061 2150 1099 ibi:
2170 1063 2244 1098 Sed
2259 1063 2353 1099 haec
2369 1062 2502 1100 solutio

1574 1115 1672 1153 Dicit
1700 1127 1788 1163 ergo
1815 1115 1939 1163 primo
1969 1114 2072 1163 quod
2098 1114 2290 1163 praedicta
2322 1114 2495 1152 obiectio.
2512 1117 2635 1154 soluta

1576 1175 1631 1204 est
1658 1179 1771 1216 supra
1791 1168 1811 1189 *
1831 1167 1869 1204 in
1897 1174 2013 1214 sext0,
2044 1179 2132 1203 cum
2161 1166 2209 1203 de
2237 1174 2346 1204 motu
2372 1167 2410 1204 in
2439 1169 2634 1206 communi
2661 1174 2671 1184 ‘

1575 1220 1766 1268 agebatur,
1786 1232 1855 1268 per
1882 1219 1956 1255 hoc
1975 1219 2079 1267 quod
2099 1219 2194 1256 sieut
2213 1219 2433 1268 magnitudo
2458 1220 2635 1259 dividitur

1575 1272 1613 1309 in
1641 1271 1830 1309 infinitum
1849 1273 1880 1319 *,
1901 1271 1950 1308 ita
1970 1279 2006 1308 et
2033 1278 2200 1320 tempus;
2222 1279 2258 1308 et
2277 1272 2330 1309 sic
2349 1273 2487 1310 eodem
2514 1275 2634 1312 modo
2662 1284 2672 1294 '

1574 1333 1726 1373 tempus
1750 1325 1865 1362 habet
1884 1323 1922 1361 in
1942 1323 2066 1373 seipso
2094 1323 2252 1371 infinita,
2282 1325 2376 1362 sicut
2395 1333 2431 1362 et
2449 1326 2634 1374 magnitu-

1577 1378 1626 1415 do
1645 1383 1671 1415 ”.
1691 1378 1740 1414 Et
1766 1377 1816 1414 ita
1842 1389 1921 1414 non
1941 1384 1995 1413 est
2018 1375 2288 1414 inconveniens
2315 1377 2346 1414 si
2373 1378 2518 1416 infinita
2536 1391 2634 1428 quae

1575 1438 1662 1468 sunt
1693 1430 1731 1467 in
1758 1429 2036 1477 magnitudine,
2065 1437 2228 1466 transeat
2256 1429 2389 1479 aliquis
2417 1430 2455 1468 in
2482 1431 2635 1469 infinitis

1576 1495 1673 1532 quae
1702 1490 1788 1520 sunt
1805 1482 1843 1519 in
1861 1490 2054 1532 ternpore:
2084 1482 2173 1531 quia
2191 1494 2270 1519 non
2290 1491 2344 1520 est
2361 1483 2635 1522 inconveniens

1576 1535 1680 1585 quod
1699 1534 1844 1572 infinita
1870 1534 2090 1583 magnitudo
2113 1542 2324 1572 transeatur
2349 1543 2523 1586 tempore
2552 1537 2635 1574 infi-

1575 1589 1672 1634 nit03
1693 1588 1761 1626 sed
1779 1588 1874 1625 sicut
1901 1587 1939 1624 in
1964 1594 2068 1624 sexto
2090 1588 2109 1608 ’Β
2133 1594 2329 1626 ostensum
2357 1596 2424 1636 est,
2444 1589 2634 1627 infinitum

1577 1641 1715 1679 eodem
1737 1640 1856 1678 modo
1881 1640 2070 1677 invenitur
2096 1639 2135 1677 in
2155 1642 2175 1662 ‘1‘
2194 1641 2453 1688 magnitudine
2473 1649 2509 1679 et
2535 1642 2574 1680 in
2591 1643 2634 1664 ⁴³*

1575 1702 1757 1743 tempore.

1629 1747 1665 1783 6.
1695 1746 1842 1783 Deinde
1881 1757 1969 1782 cum
2007 1745 2109 1782 dicit:
2139 1746 2214 1783 Sed
2244 1746 2337 1783 haec
2371 1747 2504 1785 solutio
2542 1755 2635 1797 etc.,

1577 1799 1737 1836 excludit
1763 1799 1861 1835 hanc
1885 1797 2124 1835 solutionem.
2154 1800 2203 1836 Et
2222 1798 2310 1835 dicit
2329 1800 2434 1848 quod
2461 1800 2556 1838 haec
2574 1812 2635 1838 so-

1575 1851 1665 1889 lutio
1685 1850 1875 1889 sufficiens
1895 1857 1951 1887 est
1978 1850 2027 1887 ad
2046 1851 2283 1888 obviandum
2311 1851 2552 1900 interroganti
2571 1853 2636 1902 qui

1575 1905 1627 1942 sic
1646 1903 1914 1951 interrogabat:
1936 1915 1984 1940 an
2004 1904 2232 1952 contingeret
2250 1903 2289 1940 in
2306 1911 2477 1953 tempore
2492 1905 2599 1943 finito
2615 1906 2636 1927 *

1575 1957 1730 1995 transire
1759 1963 1795 1993 et
1821 1968 2022 1993 numerare
2059 1955 2214 1993 infinita.
2246 1957 2356 2003 Quae
2387 1957 2545 2006 quidem
2580 1958 2635 1996 in-

1575 2009 1774 2058 terrogatio
1812 2009 2062 2058 repellebatur
2101 2021 2170 2058 per
2205 2009 2280 2045 hoc
2319 2010 2423 2058 quod
2452 2010 2634 2059 dicitur*,

1575 2063 1679 2111 quod
1699 2069 1848 2110 tempus
1866 2061 2016 2101 finitum
2031 2062 2145 2098 habet
2162 2061 2318 2109 infinita,
2334 2062 2374 2099 in
2393 2062 2531 2111 quibus
2547 2075 2636 2112 pos-

1575 2123 1661 2152 sunt
1687 2114 1833 2151 transiri
1869 2113 2013 2150 infinita
2040 2126 2138 2162 quae
2173 2121 2259 2151 sunt
2289 2114 2327 2152 in
2364 2115 2633 2164 magnitudine.

1576 2169 1652 2206 Sed
1688 2167 1757 2204 ista
1795 2166 1930 2203 solutio
1959 2178 2038 2202 non
2074 2167 2211 2204 sufficit
2244 2167 2292 2204 ad
2330 2167 2384 2204 rei
2410 2168 2633 2206 veritatem:

1575 2220 1662 2269 quia
1681 2220 1710 2257 si
1729 2219 1861 2267 aliquis
1889 2219 2156 2268 praetermittat
2173 2232 2356 2269 quaerere
2376 2220 2423 2257 de
2450 2221 2635 2270 magnitu-

1575 2273 1677 2320 dine;
1703 2280 1739 2309 et
1757 2271 2059 2321 praetermittat*
2074 2272 2303 2332 interrogare
2331 2285 2381 2310 an
2404 2273 2442 2310 in
2460 2281 2634 2324 tempore
2661 2283 2672 2292 '

1573 2327 1679 2363 finito
1715 2324 1903 2372 contingat
1939 2324 2081 2362 infinita
2117 2325 2288 2371 transire3
2320 2333 2356 2362 et
2391 2326 2501 2363 faciat
2535 2327 2635 2364 hanc

1575 2378 1736 2416 eandem
1762 2376 2092 2424 interrogationem
2115 2378 2163 2416 de
2190 2377 2273 2432 ipso
2302 2385 2487 2427 tempore,
2507 2386 2634 2417 utrum

1575 2431 1710 2468 scilicet
1727 2430 1870 2467 infinita
1892 2441 1990 2478 quae
2010 2437 2096 2467 sunt
2124 2430 2162 2467 in
2180 2437 2352 2479 tempore
2369 2430 2516 2479 possint
2533 2439 2633 2469 tran-

1575 2484 1647 2531 siri,
1675 2490 1830 2532 propter
1856 2483 1931 2519 hoc
1959 2482 2064 2542 quod
2090 2491 2242 2542 tempus
2270 2482 2310 2520 in
2325 2483 2548 2521 *infinitum
2577 2484 2632 2522 di·
2659 2492 2670 2502 '

1572 2537 1726 2574 viditur:
1756 2536 1804 2573 ad
1840 2535 1939 2571 hanc
1969 2535 2298 2584 interrogationem
2325 2548 2404 2573 non
2436 2537 2595 2574 sufficiet
2610 2538 2633 2559 ¹*
2658 2544 2670 2556 ⁴·

1572 2589 1762 2639 praedicta
1789 2587 1944 2636 solutio,
1976 2595 2011 2625 et
2038 2588 2126 2626 ideo
2155 2595 2304 2637 oportet
2331 2589 2444 2626 aliam
2477 2589 2631 2628 solutio-

1573 2654 1663 2679 nem
1692 2638 1916 2689 quaerere0.

1627 2707 1662 2743 7.
1674 2693 1822 2731 Deinde
1834 2705 1922 2730 cum
1933 2691 2037 2745 (1ίεὶῖῇ
2053 2694 2128 2730 Sed
2133 2705 2265 2731 verum
2276 2693 2471 2731 dicendum
2481 2701 2534 2732 est
2547 2701 2630 2742 etc.,

1571 2747 1678 2796 ponit
1694 2758 1828 2784 veram
1842 2746 2082 2794 solutionem,
2098 2746 2308 2783 secundum
2321 2758 2365 2783 ea
2375 2759 2473 2796 quae
2487 2759 2602 2797 supra
2611 2749 2632 2770 '³
2659 2755 2671 2764 ·

1570 2799 1826 2849 praemiserat.
1855 2799 1904 2835 Et
1941 2799 2026 2836 dicit
2058 2799 2163 2848 quod
2196 2800 2407 2837 secundum
2433 2800 2631 2838 veritatem

1571 2854 1646 2890 hoc
1665 2852 1869 2889 dicendum
1898 2859 1954 2889 est
1972 2851 2022 2889 ad
2044 2852 2271 2888 solutionem
2291 2852 2530 2889 dubitationis
2547 2865 2631 2890 mo-

1570 2913 1642 2952 tae,
1671 2904 1760 2942 illud
1788 2904 1894 2952 quod
1911 2904 2173 2954 praemisimus
2200 2904 2239 2941 in
2266 2904 2471 2942 rationibus
2489 2911 2498 2926 ⁸
2517 2917 2631 2954 supra

1569 2957 1698 3007 positis
1725 2957 1920 3006 proxime,
1951 2957 2088 2994 scilicet
2115 2956 2221 3006 quod
2258 2957 2289 2994 si
2317 2956 2448 3005 aliquis
2487 2957 2631 2996 dividat

1571 3080 1635 3104 tudo
1653 3079 1730 3104 habet
1749 3079 1775 3104 in
1794 3085 1822 3104 se
1841 3079 1898 3110 ipsa
1917 3078 2063 3111 infinita.—
2045 3077 2134 3102 —.Lin
2153 3085 2210 3110 seq.
2226 3085 2273 3111 pm
2292 3077 2318 3103 in
2334 3078 2459 3111 infinitis,
2484 3078 2555 3112 quod
2572 3086 2626 3104 om.

1570 3115 1596 3145 S,
1616 3113 1727 3146 infinitis
1745 3114 1791 3143 Ba,
1806 3120 1858 3146 per
1877 3113 1982 3146 infinita
2000 3113 2030 3144 L,
2045 3113 2071 3138 in
2092 3113 2197 3146 infinita
2216 3113 2465 3139 PACIKMTVXYb.

1624 3147 1649 3184 ⁰)
1668 3151 1694 3174 et
1707 3149 1791 3174 ideo...
1805 3155 1971 3181 quaerere—-
1953 3148 2054 3173 *Haec
2067 3155 2120 3172 om.
2136 3148 2197 3177 Pab,
2212 3155 2259 3172 nec
2273 3153 2379 3180 apparet
2392 3149 2456 3174 ratio
2467 3149 2629 3174 omissionis·

1571 3192 1622 3209 non
1647 3183 1716 3208 enim
1739 3188 1799 3208 sunt
1820 3183 2022 3212 homoteleuton,
2042 3188 2067 3208 et
2085 3183 2186 3208 aliunde
2204 3183 2334 3208 continent
2353 3183 2546 3209 conclusionem
2560 3190 2628 3217 quae

1571 3227 1632 3244 cum
1650 3218 1862 3251 praecedentibus
1878 3219 1976 3252 optime
1994 3219 2119 3251 congruit.

1590 3287 1603 3313 5
1659 3254 1848 3286 praemisimus
1867 3254 1892 3278 in
1914 3253 2068 3279 rationibus.
2086 3266 2105 3273 ·-
2124 3253 2160 3278 Ita
2184 3253 2271 3286 legunt
2295 3253 2372 3278 editio
2397 3253 2475 3278 Piens
2493 3258 2518 3278 et
2535 3253 2628 3278 Venet.

1575 3297 1583 3313 ¹
1605 3296 1623 3320 4
1647 3296 1654 3320 3

1566 3323 1709 3356 praemisit
1727 3323 1753 3348 in
1773 3323 1922 3349 rationibus
1940 3324 2017 3354 LRS,
2036 3323 2166 3356 praemisi
2184 3323 2210 3348 in
2230 3323 2376 3349 rationibus
2395 3323 2428 3354 O,
2446 3330 2484 3348 ex
2497 3322 2629 3355 praemi:-

1570 3359 1606 3383 sis
1627 3358 1772 3384 rationibus
1791 3359 1853 3389 ΗΝ,
1875 3366 1912 3384 ex
1925 3358 2081 3391 praemissis
2100 3358 2126 3383 in
2146 3358 2294 3384 rationibus
2307 3358 2336 3390 F,
2346 3358 2502 3391 praemissis
2514 3357 2629 3384 rationi-

1571 3394 1618 3418 bus
1632 3394 1661 3423 E,
1676 3393 1702 3418 in
1721 3394 1878 3425 praemissis
1893 3393 2041 3419 rationibus
2062 3393 2117 3424 DX,
2129 3393 2286 3426 praemissis
2308 3393 2334 3418 in
2358 3393 2505 3418 rationibus
2526 3393 2627 3418 ABCIK

1571 3428 1755 3459 MQTVYZ.—
1736 3428 1857 3453 —Ststim
1876 3436 1924 3461 pro
1938 3435 2020 3461 supra
2027 3428 2126 3470 positis
2138 3428 2274 3460 proxime,
2287 3428 2357 3461 quod
2375 3428 2470 3453 habent
2483 3428 2528 3457 Pb.
2543 3434 2627 3460 supra

1567 3463 1663 3504 positis
1674 3462 1803 3495 proximo
1821 3463 1893 3493 EGa,
1903 3463 2032 3495 proximo
2044 3463 2181 3495 positisH
2183 3469 2287 3495 ‚supra
2299 3463 2395 3504 positis
2413 3463 2444 3493 N,
2458 3461 2496 3496 (in
2515 3462 2546 3496 Z)
2560 3469 2626 3495 pro—

1572 3497 1648 3523 ximo
1666 3505 1747 3530 supra
1760 3498 1858 3530 positis
1881 3498 2211 3528 ABCIKLMOSTVXYZ‚
2226 3498 2356 3530 proximo
2380 3505 2462 3530 supra
2475 3497 2572 3530 positis
2586 3497 2625 3528 D,

1568 3533 1697 3592 inaximo
1710 3539 1793 3564 supra
1801 3532 1898 3565 positis
1913 3533 1939 3558 in
1955 3532 2101 3558 rationibus
2110 3533 2240 3565 proximo
2255 3532 2287 3563 Q,
2298 3532 2427 3565 proximo
2438 3538 2521 3565 supra
2529 3531 2626 3565 poenis

1593 3567 1672 3592 ictum
1690 3570 1730 3592 est
1749 3567 1780 3592 R.

2524 1064 2544 1084 ⁸
2563 1071 2632 1102 etc.
2661 1075 2671 1085 ·

1675 3289 1816 3321 praemisit
1839 3289 1986 3314 rationibus
2008 3289 2088 3314 codex
2113 3288 2151 3317 G,
2170 3288 2295 3313 editiones
2312 3288 2355 3313 ab
2375 3293 2402 3313 et
2425 3288 2515 3314 Vener.
2545 3288 2638 3320 1504..

2662 437 2848 489 attaris:
2862 436 2865 437 ⁷

2661 1597 2851 1626 'Lect.1v‚u.³

2661 1629 2813 1700 tim«
2787 1657 2824 1695 ³:

2663 1911 2673 1920 ·
2693 1909 2786 1937 infinito

2663 1942 2712 1959 exc.
2726 1942 2827 1963 uerior.
2861 1945 2864 1950 ·
