2898 3996
201 440 210 449 ’
225 439 295 461 Num.
310 444 357 465 seq.

199 494 208 502 ⁶
223 492 291 514 Num.
307 498 329 520 9.

198 519 300 546 “primo
307 524 354 539 om.
356 517 407 539 rab.

198 551 206 558 ·
222 549 284 570 Lect.
295 555 302 570 ι
317 555 367 576 sqq.

195 701 262 721 ‘alio
269 700 337 721 modo
342 701 405 728 quod

196 727 245 748 sint
254 733 395 748 nerouuonz.

436 251 513 296 418

439 327 494 364 dis
526 326 744 375 praedictis:
774 332 810 362 et
843 325 969 374 primo
1007 333 1190 374 quantum
1227 326 1276 363 ad
1302 326 1490 374 primum;

437 380 603 416 secundo
624 385 806 427 quantum
833 378 882 414 ad
910 378 1134 425 secundum,
1154 377 1224 414 ibi:
1251 379 1386 416 Adhuc
1403 385 1491 416 tem-

429 443 527 479 pore
542 433 561 452 *
577 439 658 476 etc.;
674 430 781 467 tertio
801 437 985 478 quantum
1001 431 1049 467 ad
1063 430 1225 476 tertium,
1241 430 1310 468 ibi:
1331 431 1491 468 Omnino

435 489 557 520 autem
575 484 720 520 videtur
736 484 755 503 ’²‘
771 490 838 519 etc.
855 482 954 518 Dicit
969 494 1056 530 ergo
1071 482 1196 531 primo
1213 483 1266 528 W,
1284 484 1388 532 quod
1403 495 1490 520 cum

435 547 587 572 necesse
607 535 652 571 sit
679 547 831 583 semper
857 541 1006 571 motum
1036 547 1128 581 esse,
1148 542 1190 571 ut
1214 546 1328 584 supra
1356 536 1376 556 ²¹²
1403 547 1490 583 pro-

434 589 563 624 batum
579 595 644 634 est,
657 587 730 623 hoc
743 594 867 636 potest
881 586 1030 634 intelligi
1045 587 1257 636 dupliciter:
1276 599 1355 624 uno
1371 587 1490 624 modo

434 640 537 688 quod
565 639 610 676 sit
636 639 769 687 aliquis
798 638 996 675 continuus
1024 646 1167 685 motus;
1188 639 1261 676 alio
1290 641 1408 677 modo
1433 652 1489 676 se-

433 693 599 729 cundum
628 691 732 740 quod
757 699 842 728 sunt
861 691 881 712 ²¹²
907 699 1032 728 motus
1060 699 1335 740 consequenter
1361 703 1400 728 se
1425 693 1490 728 ha-

432 745 581 791 bentes,
619 744 714 781 inter
741 756 837 792 quos
865 743 954 780 nihil
983 744 1029 780 sit
1056 744 1238 781 medium.
1269 744 1390 791 Magis
1424 757 1489 780 au-

431 805 508 833 tem
541 797 705 833 salvatur
732 795 1006 844 sempiternitas
1043 803 1192 843 motus,
1222 797 1252 832 si
1289 803 1415 832 motus
1445 796 1490 832 sit

432 849 650 886 continuus:
680 856 716 885 et
743 848 877 885 iterum
901 848 1048 896 dignius
1069 856 1124 885 est
1143 860 1224 885 esse
1254 848 1487 895 continuum,

386 901 391 906 '
431 914 546 950 quam
576 909 865 949 consequenter,
896 901 985 948 quia
1002 902 1088 949 plus
1116 901 1231 937 habet
1259 901 1306 937 de
1343 900 1487 937 ratione

193 966 201 974 ·
218 965 276 986 enim
297 971 338 991 ru,
354 970 401 986 om.

192 997 245 1018 ixpc
260 994 281 1012 et
297 997 320 1012 a.

287 1118 302 1146 t

191 1226 199 1234 '¹
215 1224 276 1246 Lect.
288 1231 335 1252 seq.

191 1252 211 1260 ·”
231 1253 305 1272 autem
326 1257 399 1272 ott-*Gn

191 1283 228 1297 oz.

189 2325 198 2333 '
209 2323 278 2344 Num.
289 2329 364 2350 praec.

189 2377 198 2386 “
210 2377 278 2403 prius
295 2381 396 2397 necixuo

189 2403 259 2427 Qxab.

189 2486 198 2493 '
205 2484 322 2505 videretur
328 2484 397 2506 codd.

189 2516 236 2532 exc.
247 2516 314 2532 ncru.

429 954 577 990 unitatis
597 961 633 990 et
650 953 922 1002 perpetuitatis;
944 965 1095 1001 semper
1114 960 1241 990 autem
1258 955 1277 974 ’³
1293 953 1330 989 in
1355 959 1488 989 natura

430 1007 613 1043 debemus
642 1006 811 1054 accipere
840 1005 944 1053 quod
973 1005 1119 1053 dignius
1140 1013 1215 1052 est,
1241 1006 1271 1042 si
1296 1005 1341 1042 sit
1367 1005 1487 1053 possi-

429 1059 512 1095 bile.
534 1060 601 1095 Est
620 1066 746 1094 autem
774 1058 951 1106 possibile
977 1058 1141 1107 aliquem
1161 1065 1310 1095 motum
1340 1070 1421 1095 esse
1449 1058 1486 1095 in

427 1111 614 1147 infinitum
635 1111 871 1156 continuum3
901 1123 979 1147 non
998 1118 1126 1148 autern
1150 1110 1314 1159 aliquem
1338 1110 1453 1147 alium
1473 1111 1487 1137 ζ

427 1163 496 1200 nisi
524 1163 595 1199 loci
623 1163 892 1200 mutationem:
918 1163 1022 1211 quod
1041 1175 1142 1200 nunc
1167 1163 1321 1211 quidem
1346 1175 1485 1212 suppo-

426 1223 545 1262 natur,
575 1215 759 1264 posterius
780 1218 798 1235 *
823 1215 978 1264 quidem
997 1216 1041 1236 *²²⁴
1060 1215 1290 1264 probabitur.
1322 1216 1379 1252 Ex
1407 1228 1485 1264 quo

427 1275 581 1317 apparet
600 1279 753 1304 necesse
774 1280 855 1305 esse
874 1280 1018 1317 ponere
1047 1275 1197 1304 motum
1217 1268 1377 1304 localem
1404 1280 1484 1304 esse

425 1321 604 1369 primum.
625 1320 698 1356 Alii
718 1320 819 1358 enim
839 1329 966 1358 motus
990 1333 1067 1357 non
1088 1322 1326 1369 requiruntur
1343 1320 1392 1357 ad
1410 1321 1484 1357 hoc

426 1373 531 1421 quod
550 1373 595 1410 sit
621 1381 747 1409 motus
767 1373 906 1410 localis.
928 1374 1041 1409 Nulla
1061 1373 1162 1410 enim
1186 1372 1388 1409 necessitas
1417 1380 1482 1421 est,

424 1433 466 1462 ut
489 1426 526 1462 id
546 1425 651 1473 quod
675 1433 851 1462 movetur
870 1426 1080 1462 secundum
1105 1426 1244 1472 locum,
1266 1433 1484 1473 augmente-

424 1486 484 1515 tur
496 1479 558 1515 vel
578 1479 765 1523 alteretur3
787 1477 875 1525 quia
890 1491 968 1515 non
984 1486 1038 1514 est
1052 1490 1206 1515 necesse
1222 1478 1326 1526 quod
1346 1489 1483 1526 corpus

425 1531 529 1578 quod
545 1537 721 1566 movetur
734 1531 944 1567 secundum
960 1531 1099 1577 locum,
1111 1537 1308 1578 generetur
1322 1538 1387 1567 aut
1401 1543 1482 1567 cor-

425 1591 635 1631 rumpatur3
665 1590 911 1630 augmentum
939 1590 1066 1619 autem
1096 1591 1131 1620 et
1159 1583 1325 1620 alteratio
1354 1584 1481 1620 locum

424 1636 565 1672 habent
583 1636 706 1672 solum
727 1641 739 1658 '¹
762 1635 800 1671 in
824 1635 867 1672 iis
891 1647 988 1683 quae
1012 1643 1237 1683 generantur
1258 1642 1293 1672 et
1313 1647 1481 1672 corrum-

423 1696 574 1736 puntur.
592 1687 667 1724 Sed
683 1688 827 1724 nullum
842 1689 981 1725 horum
1000 1696 1176 1725 motuum
1193 1701 1274 1724 esse
1291 1688 1479 1735 contingit,

425 1740 494 1777 nisi
523 1740 567 1776 sit
594 1740 653 1776 ille
682 1748 808 1776 motus
841 1740 1109 1789 sempiternus,
1140 1748 1176 1777 et
1203 1752 1319 1788 quem
1347 1748 1480 1778 movet

424 1793 591 1841 primum
611 1804 783 1839 movens,
801 1805 917 1852 quem
938 1793 1099 1830 diximus
1118 1805 1195 1829 non
1211 1805 1292 1829 esse
1309 1793 1379 1829 nisi
1397 1805 1479 1830 mo-

424 1853 505 1881 tum
534 1845 704 1881 localem.
736 1845 797 1881 Sic
821 1845 930 1892 igitur
956 1852 1082 1882 motus
1102 1845 1228 1882 localis
1255 1853 1379 1893 potest
1398 1858 1478 1882 esse

425 1897 505 1933 sine
529 1897 618 1943 aliis,
649 1897 716 1933 sed
743 1910 822 1934 non
850 1910 870 1933 e
899 1910 1096 1935 converso.
1118 1898 1186 1934 Est
1205 1909 1294 1945 ergo
1322 1898 1478 1946 primus,

424 1949 548 1998 primo
577 1950 695 1987 modo
723 1949 934 1998 prioritatis.

479 2013 514 2049 7.
548 2003 695 2039 Deinde
734 2014 822 2038 eum
859 2002 970 2039 dicit:
1008 2002 1142 2038 Adhuc
1178 2007 1341 2050 tempore
1371 2003 1481 2051 prior

426 2060 478 2090 est
506 2061 587 2100 etc.,
608 2055 744 2103 probat
772 2054 877 2102 quod
905 2055 949 2091 sit
971 2054 1074 2102 prius
1101 2062 1285 2103 tempore.
1308 2055 1356 2091 Et
1385 2055 1480 2091 circa

424 2107 499 2142 hoc
526 2106 602 2143 duo
636 2107 736 2143 facit:
766 2107 890 2155 primo
929 2106 1090 2143 ostendit
1125 2107 1229 2154 quod
1266 2107 1481 2155 simpliciter

425 2159 617 2206 loquendo
655 2167 710 2196 est
745 2159 848 2207 prius
876 2166 1068 2207 tempore;
1099 2159 1186 2207 quia
1217 2158 1255 2195 id
1293 2159 1396 2206 quod
1426 2167 1480 2196 est

424 2218 662 2259 perpetuum,
683 2211 897 2260 simpliciter
924 2212 1138 2259 loquendo,
1168 2218 1223 2247 est
1248 2211 1352 2259 prius
1385 2218 1478 2248 tem-

424 2276 518 2311 pore
547 2275 661 2312 quam
681 2276 759 2300 non
778 2271 1020 2312 perpetuum:
1041 2264 1164 2300 solum
1184 2270 1310 2299 autem
1330 2271 1478 2300 motum

425 2317 584 2352 localem
605 2316 781 2363 contingit
800 2328 881 2352 esse
899 2324 1138 2365 perpetuum,
1154 2323 1196 2352 ut
1215 2316 1355 2352 dictum
1371 2324 1426 2353 est
1442 2318 1477 2353 *z

426 2381 513 2416 ergo
534 2369 748 2417 simpliciter
762 2370 954 2418 loquendo
972 2376 1025 2405 est
1047 2369 1193 2417 primus
1214 2370 1234 2390 ’Β
1249 2375 1432 2417 tempore.

480 2422 513 2458 8.
536 2422 712 2458 Secundo
730 2421 800 2458 ibi:
822 2422 895 2458 Sed
922 2421 958 2458 in
989 2433 1062 2458 uno
1082 2422 1228 2469 quidem
1254 2428 1335 2467 etc.,
1358 2422 1478 2458 exclu-

426 2474 478 2510 dit
514 2474 706 2521 quandam
734 2474 1007 2520 obiectionem,
1041 2486 1110 2522 per
1141 2486 1257 2521 quam
1290 2474 1440 2510 videtur
1461 2475 1480 2495 *

423 2527 496 2562 hoc
512 2526 711 2563 removeri.
730 2526 829 2572 Quia
843 2526 872 2562 si
888 2526 1171 2563 consideremus
1191 2526 1344 2574 aliquod
1358 2539 1478 2563 unum

426 2591 561 2627 corpus
590 2579 693 2628 quod
714 2579 760 2616 de
789 2591 892 2616 novo
917 2586 1125 2626 generetur,
1147 2579 1218 2615 loci
1246 2579 1403 2615 mutatio
1426 2587 1480 2616 est

423 2640 615 2679 postrema
629 2640 799 2680 tempore
819 2632 914 2668 inter
933 2643 1067 2668 omnes
1087 2639 1229 2677 motus;
1246 2631 1334 2679 quia
1353 2631 1476 2679 primo

425 2692 632 2731 generatur,
653 2692 784 2732 postea
812 2685 986 2720 alteratur
1005 2691 1040 2720 et
1068 2691 1235 2731 augetur,
1257 2691 1292 2720 et
1321 2684 1477 2721 demum

424 2737 537 2773 habet
555 2744 703 2773 motum
723 2737 932 2773 seeundum
957 2737 1096 2782 locum,
1118 2736 1271 2784 quando
1300 2736 1375 2772 i'am
1395 2749 1478 2785 per-

426 2789 563 2825 fectum
594 2797 667 2835 est,
695 2797 737 2826 ut
764 2797 865 2837 patet
901 2789 938 2825 in
966 2789 1123 2825 homine
1162 2796 1197 2825 et
1233 2789 1271 2825 in
1307 2789 1477 2837 pluribus

425 2841 657 2878 animalibus.
680 2842 755 2878 Sed
774 2838 933 2890 per'hoc
951 2854 1029 2878 non
1050 2841 1255 2878 excluditur
1279 2841 1370 2889 quin
1389 2842 1476 2878 sim-

424 2893 566 2941 pliciter
600 2902 725 2930 motus
753 2894 879 2930 localis
916 2894 961 2930 sit
987 2894 1131 2942 primus
1167 2901 1359 2942 tempore:
1389 2894 1477 2942 quia

425 2954 510 2982 ante
548 2958 681 2983 omnes
710 2946 799 2983 istos
834 2954 959 2983 motus
989 2946 1052 2994 qui
1080 2954 1166 2983 sunt
1193 2947 1231 2983 in
1263 2947 1337 2983 hoc
1365 2959 1476 2994 gene-

425 3006 526 3044 rato,
556 3011 707 3035 necesse
746 3007 800 3035 est
836 2999 1062 3047 praecedere
1100 2999 1292 3046 quendam
1327 3007 1475 3035 motum

425 3050 582 3087 localem
611 3051 647 3087 in
675 3051 802 3098 aliquo
830 3051 943 3100 priori
972 3051 1124 3098 mobili,
1154 3051 1259 3099 quod
1287 3051 1332 3088 sit
1365 3063 1476 3088 causa

426 3103 673 3149 generationis
701 3104 758 3140 his
787 3116 883 3152 quae
921 3111 1146 3151 generantur
1169 3104 1264 3140 sicut
1292 3116 1476 3152 generans

427 3163 480 3191 est
508 3168 619 3192 causa
648 3156 726 3192 eius
755 3156 858 3204 quod
890 3164 1107 3204 generatur,
1137 3156 1187 3193 ita
1215 3164 1342 3193 tamen
1371 3157 1476 3204 quod

478 3306 502 3338 ζ)
523 3314 572 3330 ηοη
592 3310 679 3331 aurem
698 3307 810 3339 aliquem
829 3307 953 3332 alium.-
965 3311 1053 3333 autem
1072 3316 1124 3332 om.
1144 3314 1160 3332 a
1179 3313 1204 3332 et
1223 3308 1297 3332 codd.
1318 3315 1371 3332 exc.
1390 3308 1475 3339 EGQ;

426 3348 473 3371 pro
492 3348 551 3369 non,
566 3344 591 3365 et
604 3349 653 3365 non
674 3342 724 3370 sm
744 3342 801 3366 licet
816 3343 936 3374 suspicari
955 3343 1068 3375 aliquem
1081 3350 1141 3368 esse
1159 3342 1347 3374 corruptionem
1367 3350 1414 3375 pro
1428 3350 1475 3367 au-

427 3378 486 3403 tem,
502 3375 610 3407 ideoque
631 3377 780 3406 legendum:
801 3384 851 3401 non
871 3380 957 3402 autem
976 3378 1067 3402 alium

478 3411 504 3441 η)
517 3411 600 3435 Iocum
614 3411 709 3435 habent
721 3412 840 3435 solum.-
851 3412 884 3436 lta
900 3412 974 3436 codd.
988 3417 1041 3437 eta
1052 3413 1082 3442 b,
1095 3413 1179 3437 Iocum
1194 3411 1475 3444 habentVenet.1504.

432 3444 507 3474 ι545;
527 3445 609 3469 Iocum
624 3445 699 3470 habet
713 3446 771 3470 P.-
784 3446 833 3470 Pro
847 3446 897 3470 nisi
908 3447 943 3471 sit
957 3447 1000 3471 1'11e
1012 3450 1098 3471 motus
1109 3447 1283 3479 sempiternus
1295 3449 1321 3471 et
1333 3453 1407 3479 quem
1422 3455 1475 3472 mo-

428 3482 469 3502 vet
484 3480 599 3510 prImum
620 3488 731 3509 movens,
747 3482 816 3512 quod
837 3481 929 3505 habent
950 3481 967 3505 Ρ
987 3486 1012 3505 et
1030 3481 1119 3506 Venet.
1143 3481 1221 3512 1551,
1239 3482 1314 3506 codd.
1334 3486 1359 3506 et
1377 3481 1475 3514 priores

428 3514 484 3537 cdd.
500 3514 603 3538 habent:
623 3515 673 3539 nisi
691 3516 725 3540 sit
744 3516 786 3540 ille
805 3519 889 3540 motus
910 3516 1058 3547 (continuus
1078 3517 1135 3541 add.
1149 3499 1390 3550 BDE'FGHNORZ)
1410 3523 1476 3541 sem—

423 3548 544 3579 piternus
563 3556 636 3580 quem
656 3554 740 3575 movet
754 3550 871 3582 primum
892 3558 1010 3580 mouera,-
1030 3551 1060 3575 cf.
1074 3556 1133 3575 text.

1042 243 1384 285 PHYSICO'RUM
1412 244 1758 286 ARISTOTELIS
1788 251 1881 287 LIB.

1911 251 1997 287 VIII

1546 327 1672 375 ipsum
1702 340 1779 364 non
1817 335 1872 364 est
1899 335 2133 375 generatum.
2164 329 2281 376 Quod
2314 338 2442 368 autem
2479 338 2605 368 motus

1546 380 1609 428 qui
1636 380 1828 428 praecedit
1859 381 2141 428 generationem
2168 382 2214 418 sit
2245 390 2372 419 motus
2400 383 2539 430 localis,
2569 390 2606 420 et

1545 433 1649 480 quod
1687 432 1732 469 sit
1768 433 1983 481 simpliciter
2017 433 2162 482 primus
2202 441 2378 471 motuum
2395 463 2404 481 ,
2443 435 2605 473 ostendit

1545 485 1729 521 subdens:
1759 485 1942 532 quoniam
1961 483 1974 506 ⁰
1992 485 2182 533 generatio
2210 485 2361 524 videtur
2380 499 2461 524 esse
2479 487 2603 536 prima
2656 487 2660 490 ’

1543 545 1717 573 motuum
1734 537 1771 574 in
1791 537 1848 574 his
1868 550 1965 586 quae
1984 545 2221 586 generantur,
2243 538 2330 587 quia
2344 539 2469 588 primo
2489 552 2602 589 opor-

1544 595 1596 625 tet
1623 601 1703 625 rem
1727 590 1810 626 fieri
1837 602 1953 637 quam
1982 597 2198 637 moveatur;
2229 598 2266 627 et
2290 592 2365 628 hoc
2387 603 2524 629 verum
2548 600 2604 630 est

1543 640 1582 677 in
1610 653 1856 690 quocumque
1885 649 2084 690 generato:
2114 643 2180 680 sed
2209 650 2337 680 tamen
2364 655 2519 681 necesse
2547 652 2604 682 est

1545 693 1627 729 es'se
1656 693 1810 741 aliquod
1836 695 1942 743 prius
1970 702 2119 732 motum
2148 707 2265 743 quam
2294 707 2340 732 ea
2363 708 2461 744 quae
2489 709 2601 745 gene-

1544 752 1683 792 rantur,
1705 753 1741 782 et
1768 748 1873 793 quod
1896 747 2022 796 ipsum
2049 759 2128 784 non
2156 748 2202 785 sit
2228 756 2465 808 generatum;
2484 749 2547 787 vel
2570 749 2601 786 si

1544 804 1599 833 est
1626 806 1867 846 generatum,
1898 800 2002 847 quod
2032 800 2145 837 etiam
2173 801 2235 837 illo
2271 801 2388 849 priori
2417 801 2462 838 sit
2499 801 2601 839 aliud

1541 849 1666 896 prius;
1687 857 1722 885 et
1741 850 1794 886 sic
1820 851 1881 887 vel
1899 852 2149 899 procedetur
2140 865 2179 889 1n
2198 853 2400 900 infinitum,
2422 854 2525 902 quod
2546 860 2602 891 est

1542 900 1785 949 impossibile,
1806 910 1847 939 ut
1865 915 2008 952 supra·
1995 905 2224 942 *ostensum
2241 913 2306 953 est,
2322 906 2384 942 vel
2401 907 2598 954 pervenie-

1542 960 1601 989 tur
1628 954 1676 990 ad
1705 954 1860 1002 aliquod
1886 955 2066 1003 primum.
2088 957 2164 994 Sed
2191 957 2425 1016 impossibile
2455 966 2510 996 est
2535 971 2598 1007 ge-

1541 1006 1776 1043 nerationem
1793 1018 1875 1043 esse
1888 1007 2066 1055 primam,
2083 1009 2173 1056 quia
2191 1009 2244 1046 sic
2259 1018 2479 1058 sequeretur
2492 1011 2599 1059 quod

1542 1058 1672 1095 omnia
1691 1071 1788 1106 quae
1813 1067 2019 1097 moventur
2037 1068 2161 1097 essent
2189 1062 2460 1110 corruptibilia.
2481 1075 2597 1101 omne

1541 1110 1643 1147 enim
1671 1112 1884 1158 generabile
1905 1119 1960 1148 est
1979 1113 2231 1161 corruptibile.
2258 1113 2297 1150 Si
2323 1126 2411 1161 ergo
2430 1114 2603 1163 primum

1541 1163 1682 1199 mobile
1710 1171 1920 1210 generatur,
1941 1164 2109 1212 sequitur
2136 1166 2242 1213 quod
2269 1165 2316 1202 sit
2343 1166 2594 1215 corruptibile,

1541 1222 1577 1251 et
1603 1227 1672 1264 per
1700 1227 1936 1264 consequens
1965 1216 2095 1253 omnia
2129 1218 2399 1276 consequentia
2427 1219 2594 1258 mobilia.

1535 1262 1581 1303 Si
1610 1279 1697 1315 ergo
1717 1268 1907 1315 generatio
1927 1280 2006 1305 non
2035 1275 2091 1306 est
2112 1269 2238 1318 prima
2266 1270 2495 1329 simpliciter,
2515 1284 2596 1309 ma-

1539 1319 1716 1357 nifestum
1737 1328 1792 1357 est
1810 1321 1914 1369 quod
1942 1321 2065 1358 nullus
2085 1323 2399 1380 consequentium
2419 1331 2596 1362 motuum

1537 1380 1662 1420 potest
1699 1385 1782 1409 esse
1819 1373 2036 1422 simpliciter
2066 1374 2222 1422 primus.
2254 1376 2303 1411 Et
2339 1375 2424 1412 dico
2464 1387 2595 1413 conse-

1539 1432 1697 1472 quentes
1722 1433 1861 1472 motus,
1881 1434 2139 1473 augmentum,
2161 1427 2436 1475 alterationem,
2467 1428 2594 1465 decre-

1538 1485 1721 1524 mentum,
1744 1485 1779 1514 et
1805 1477 1960 1515 tandem
1990 1479 2285 1527 corruptionem,
2316 1480 2380 1528 qui
2410 1482 2595 1518 omnes'*

1537 1538 1663 1567 motus
1683 1537 1855 1578 tempore
1870 1530 2152 1578 generationem
2172 1539 2381 1580 sequuntur
2395 1535 2426 1569 ⁴⁶.
2444 1533 2483 1569 Si
2504 1543 2631 1581 ergo·

1536 1583 1727 1630 generatio
1757 1595 1834 1619 non
1863 1590 1919 1620 est
1944 1583 2048 1632 prior
2075 1583 2148 1620 loci
2177 1585 2395 1632 mutatione,
2426 1586 2602 1634 sequitur-

2627 918 2821 948 ·Ikct.1x,n.⁴.
2836 910 2842 915 ’

2621 1487 2631 1499 “
2639 1487 2714 1509 manis
2722 1487 2752 1515 (Ρ)
2763 1488 2832 1511 codd.
2878 1516 2880 1518 Ι

2621 1518 2672 1535 exc.
2686 1520 2728 1540 nn.

2645 1545 2751 1572 :equitur
2764 1550 2832 1567 ann.

2620 1575 2740 1619 ῗκῖὓξῐα,
2731 1577 2832 1605 ,m

1536 1635 1641 1682 quod
1660 1635 1763 1672 nulla
1791 1635 1947 1672 aliarum
1967 1636 2220 1673 mutationum
2248 1637 2367 1685 possit
2390 1649 2471 1674 esse
2490 1638 2594 1686 prior
2651 1652 2655 1655 ⁴

1535 1687 1750 1736 simpliciter
1769 1699 1886 1735 quam
1906 1687 1977 1724 loci
1997 1689 2165 1725 mutatio.
2187 1690 2236 1726 Et
2253 1690 2314 1737 ita,
2332 1701 2420 1726 cum
2440 1702 2593 1728 necesse

1535 1740 1580 1776 sit
1600 1752 1681 1777 esse
1696 1740 1863 1787 aliquam
1877 1739 2041 1789 primam
2061 1740 2288 1790 simpliciter,
2305 1742 2474 1790 sequitur
2488 1743 2602 1791 quod*

1534 1792 1607 1828 loci
1635 1792 1791 1829 mutatio
1821 1792 1867 1828 sit
1892 1793 2026 1841 prima.

1587 1856 1622 1892 9.
1639 1845 1788 1881 Deinde
1804 1857 1892 1880 cum
1907 1844 2012 1881 dicit:
2033 1845 2192 1881 Omnino
2207 1851 2332 1882 autem
2346 1846 2493 1883 videtur
2507 1854 2590 1895 etc.,

1532 1898 1669 1945 probat
1688 1897 1793 1944 quod
1813 1904 1939 1934 motus
1959 1897 2086 1933 localis
2105 1897 2151 1933 sit
2175 1897 2320 1945 primus
2349 1899 2590 1947 perfectione.

1534 1950 1582 1986 Et
1599 1950 1673 1985 hoc
1693 1949 1854 1986 ostendit
1874 1949 2079 1997 dupliciter.
2101 1949 2229 1986 Primo
2249 1950 2323 1987 sic:
2352 1962 2467 1987 omne
2487 1951 2592 1999 quod

1532 2002 1586 2048 fit,
1608 2001 1699 2038 dum
1728 2002 1780 2047 fit,
1803 2009 1858 2038 est
1887 2002 2158 2050 imperfectum,
2181 2009 2217 2038 et
2243 2002 2361 2039 tendit
2379 2003 2428 2039 ad
2455 2003 2604 2052 princi-⁴

1512 2068 1516 2073 ·
1532 2055 1652 2102 pium,
1682 2053 1777 2090 idest
1803 2061 1844 2090 ut
1872 2054 2095 2091 assimiletur
2126 2054 2310 2103 principio
2340 2067 2431 2091 suae
2464 2056 2592 2093 factio-

1533 2107 1601 2153 nis,
1623 2107 1728 2153 quod
1757 2114 1813 2142 est
1839 2107 2007 2155 primurn
2040 2107 2266 2144 naturaliter.
2298 2107 2356 2144 Ex
2385 2120 2462 2156 quo
2489 2115 2592 2157 patet

1534 2160 1638 2206 quod
1666 2159 1703 2195 id
1731 2158 1837 2206 quod
1872 2166 1927 2195 est
1963 2159 2148 2207 posterius
2177 2159 2215 2196 in
2243 2160 2506 2207 generatione,
2536 2168 2592 2198 est

1532 2211 1635 2260 prius
1664 2212 1875 2247 secundum
1894 2218 2082 2251 naturam.
2104 2211 2180 2248 Sed
2209 2211 2247 2248 in
2269 2224 2452 2260 processu
2479 2225 2591 2261 gene-

1533 2263 1685 2300 rationis
1713 2263 1751 2300 in
1779 2263 1957 2300 omnibus
1985 2264 2261 2311 generabilibus
2288 2265 2420 2302 ultimo
2445 2266 2590 2303 inveni·-

1532 2324 1591 2352 tur
1618 2316 1690 2352 loci
1708 2316 1878 2362 mutatio,
1899 2328 1977 2353 non
1996 2317 2120 2352 solum
2148 2316 2186 2353 in
2211 2317 2361 2364 eodem,
2381 2318 2453 2365 *sed
2477 2318 2590 2356 etiam

1534 2369 1807 2406 considerando
1828 2365 1949 2405 totum
1968 2381 2211 2417 progressum
2228 2370 2247 2391 *
2262 2377 2415 2406 naturae
2435 2382 2590 2418 genera-

1533 2421 1682 2467 bilium3
1702 2421 1797 2457 inter
1815 2433 1912 2469 quae
1933 2421 2122 2468 quaedam
2141 2421 2308 2458 viventia
2335 2430 2422 2459 sunt
2439 2423 2588 2471 penitus

1532 2474 1742 2510 immobilia
1771 2473 1982 2510 secundum
2010 2474 2137 2510 locum
2164 2482 2318 2523 propter
2344 2474 2588 2522 indigentiam

1533 2526 1682 2574 organi,
1713 2526 1807 2562 sicut
1834 2527 2003 2574 plantae,
2033 2538 2132 2573 quae
2160 2539 2238 2563 non
2274 2527 2414 2564 habent
2447 2539 2588 2575 organa

1533 2586 1659 2615 motus
1682 2578 1889 2627 processivi
1907 2579 1938 2625 ³¹²,
1961 2586 1996 2615 et
2022 2578 2190 2625 similiter
2209 2580 2327 2616 multa
2345 2591 2483 2627 genera
2510 2580 2588 2617 ani·
2614 2592 2624 2601 ·

1533 2631 1707 2677 malium;
1736 2631 1802 2667 sed
1821 2631 1993 2679 perfectis
2021 2631 2246 2668 animalibus
2265 2631 2361 2669 inest
2388 2640 2515 2670 motus
2533 2633 2587 2670 lo-

1533 2684 1630 2720 calis.
1649 2683 1687 2720 Si
1708 2683 1816 2731 igitur
1835 2683 1905 2719 loci
1925 2683 2083 2720 mutatio
2100 2685 2120 2705 ’¹‘
2139 2684 2235 2721 inest
2257 2684 2326 2721 illis
2349 2696 2446 2733 quae
2463 2686 2588 2735 magis
2615 2692 2624 2701 ·

1531 2737 1846 2784 comprehendunt
1872 2742 2067 2782 naturam,
2105 2736 2201 2773 idest
2232 2749 2329 2784 quae
2357 2738 2476 2785 magis
2503 2749 2586 2786 per-

1530 2789 1688 2826 veniunt
1715 2788 1763 2825 ad
1791 2789 2061 2836 perfectionem
2089 2797 2254 2835 naturae,
2285 2789 2454 2838 sequitur
2481 2790 2587 2838 quod

1531 2849 1657 2878 motus
1685 2841 1811 2877 localis
1849 2841 1894 2877 sit
1929 2841 2074 2889 primus
2111 2841 2320 2879 secundum
2358 2842 2585 2879 substantiae

1530 2893 1800 2943 perfectionem
1830 2893 1926 2930 inter
1954 2906 2088 2930 omnes
2116 2901 2254 2931 motus.

1590 2958 1645 2982 10.
1664 2946 1840 2982 Secundo
1857 2946 1923 2982 ibi:
1943 2947 1994 2982 Et
2005 2947 2092 2994 quia
2112 2958 2347 2994 nequaquam
2364 2953 2445 2994 etc.,
2461 2953 2584 2983 osten·

1533 2999 1584 3036 dit
1611 2999 1712 3036 idem
1742 2998 1805 3035 sic.
1827 2998 1980 3044 Quanto
2009 2998 2140 3046 aliquis
2160 3006 2286 3035 motus
2306 2998 2431 3035 minus
2460 3011 2583 3036 remo-

1529 3059 1593 3088 vet
1607 3064 1629 3087 a
1644 3050 1785 3095 mobili,
1802 3058 1905 3087 tanto
1925 3050 2135 3087 subiectum
2153 3050 2234 3088 eius
2254 3058 2308 3087 est
2322 3051 2532 3099 perfectius,
2548 3058 2586 3088 et

1530 3104 1583 3140 sic
1611 3103 1690 3152 ipse
1711 3111 1836 3140 motus
1856 3103 1968 3139 etiam
1989 3103 2278 3151 quodammodo
2299 3111 2354 3140 est
2371 3104 2582 3152 perfectior.

1531 3156 1749 3193 Secundum
1785 3163 1910 3192 autem
1939 3163 2086 3192 motum
2115 3156 2275 3192 localem
2303 3157 2428 3192 solum
2450 3158 2469 3178 ’¹‘
2494 3155 2584 3193 nihil

1582 3306 1606 3342 0)
1620 3308 1735 3333 ostendit
1748 3308 1875 3333 subdens:
1889 3307 2012 3340 quoniam
2027 3312 2075 3332 etc.
2084 3321 2103 3326 -
2114 3304 2241 3332 Notamus‘
2254 3307 2380 3332 variantes
2394 3308 2524 3333 recitando
2534 3308 2584 3332 Pb.-

1531 3352 1544 3366 α
1560 3343 1671 3368 ostendit
1689 3343 1803 3367 subdens
1823 3343 1971 3375 (subditque
1990 3343 2023 3372 E.
2037 3346 2224 3375 consequenter
2241 3342 2288 3375 F):
2307 3343 2429 3375 quoniam
2447 3343 2528 3375 (quia
2546 3343 2584 3373 E,

1530 3378 1599 3410 quod
1618 3378 1649 3408 G,
1662 3378 1724 3410 quia
1742 3378 1810 3402 enim
1830 3383 1877 3402 cet.
1892 3383 1917 3402 et
1930 3378 1960 3410 a)
1979 3377 2109 3409 generatio
2126 3378 2226 3402 videtur
2245 3385 2303 3402 esse
2322 3378 2403 3410 prima
2421 3383 2539 3402 motuum
2558 3377 2583 3402 in

1530 3413 1570 3436 his
1589 3420 1655 3445 quae
1673 3418 1834 3445 generantur,
1849 3413 1909 3445 quia
1928 3413 2010 3444 primo
2028 3417 2130 3444 oportet
2147 3420 2201 3437 rem
2221 3411 2274 3437 fieri
2294 3420 2373 3444 quam
2393 3418 2539 3441 moveatur;
2558 3417 2584 3437 et

1531 3450 1573 3477 (et
1585 3455 1637 3472 om.
1652 3448 1726 3472 codd.
1741 3453 1766 3472 et
1781 3455 1798 3472 a
1799 3450 1814 3479 )
1830 3447 1878 3472 hoc
1892 3455 1981 3472 verum
1997 3452 2036 3472 est
2054 3447 2079 3471 in
2098 3455 2264 3480 quocumque
2278 3453 2398 3480 generato
2414 3446 2583 3480 (generando

1530 3482 1855 3514 AKLMQSTVXYpCfflz
1869 3483 1913 3506 sed
1930 3481 2000 3513 (licet
2013 3482 2073 3512 lQa,
2089 3485 2114 3506 et
2133 3482 2192 3507 licet
2205 3483 2239 3513 Κ)
2254 3488 2339 3507 tamen
2352 3490 2458 3507 necesse
2471 3486 2510 3507 est
2523 3488 2583 3506 ene

1531 3515 1596 3550 (esse
1615 3524 1668 3542 om.
1682 3516 1820 3550 DEFGsL)
1841 3517 1944 3549 aliquod
1969 3518 2039 3549 prius
2059 3522 2158 3541 motum
2176 3517 2294 3548 (moueri
2318 3517 2393 3542 codd.
2408 3522 2433 3542 et
2449 3517 2485 3547 a)
2503 3523 2582 3548 quam

1530 3559 1559 3576 ea
1578 3559 1644 3584 quae
1662 3557 1837 3584 generantur.»

2612 3117 2622 3127 ·
2636 3116 2710 3138 sot-n
2719 3122 2767 3139 om.
2777 3116 2822 3139 nb

2611 3146 2633 3164 et
2641 3143 2709 3164 codd.
2717 3149 2767 3165 exc.
2775 3149 2820 3165 nm
2872 3146 2873 3151 ¹
2888 3133 2895 3161 ἒ

2611 3175 2718 3196 uuonan
2727 3169 2757 3191 ci.
2764 3172 2824 3192 text.
