2898 3996
0 275 6 319 Ξ

25 834 149 884 :Bm
170 833 224 856 ⁹⁶³¹·
265 835 277 849 ‘¹
292 834 337 866 Τό
358 834 396 865 δὲ
421 833 551 877 πρῶτον
576 830 700 870 κινοῦν,
718 828 764 872 μή
789 829 831 865 ὠς
852 827 893 859 τὸ
913 828 949 860 οὗ

26 867 213 914 ·“7ἓές.ιειι.9.
309 877 436 917 ἕνεκεν,
464 873 538 908 ἀλλ’
563 873 634 906 ὅθεν
655 874 676 910 ’ἡ
703 872 791 918 ἀρχή
816 872 878 909 τῆς
902 883 949 903 κι-

16 928 19 930 “
307 919 444 960 νήσεως,
472 917 561 951 ἐστὶν
589 917 660 961 ἅμα
686 918 733 959 τῷ
756 915 948 960 κινουμένῳ.

300 963 391 1007 ’Ἅμα
415 959 453 995 δὲ
476 962 564 1008 λέγω
588 957 678 993 διότι
709 959 801 993 οὐθέν
836 960 948 993 αὐτῶν

306 1006 438 1051 μεταξύ
468 1007 572 1038 ἐστιν·
605 1006 712 1039 τοῦτο
743 1003 806 1050 γάρ
839 1004 949 1035 κοινὸν

307 1053 362 1084 ἐπὶ
388 1051 516 1087 παντὸς
540 1049 733 1093 κινουμένου
749 1049 808 1079 καὶ
823 1048 950 1079 κινοῦν-

307 1094 367 1133 τός
393 1095 498 1127 ἐστιν.

257 1227 354 1258 Ἐπεὶ
382 1220 420 1258 δὲ
454 1228 540 1269 τρεῖς
571 1225 632 1256 εἰσὶ
664 1222 829 1262 κινήσεις,
863 1221 884 1259 ἦ
911 1234 949 1254 τε

306 1269 402 1301 κατά
435 1269 542 1302 τόπον
571 1270 630 1300 καὶ
657 1267 752 1301 κατοὶ
782 1267 823 1300 τὸ
853 1267 949 1299 ποιὸν

306 1315 364 1345 καὶ
393 1313 489 1346 καταῖ
513 1313 554 1345 τὸ
579 1311 705 1353 ποσόν,
739 1311 868 1358 ἀνάγκη
892 1311 950 1342 καὶ

308 1357 355 1389 τοὶ
381 1357 562 1412 κινούμενα
592 1353 677 1388 εἶναι
702 1358 791 1400 τρία.
827 1356 868 1386 'H
892 1355 950 1399 μὲν

309 1398 366 1433 οῦν
390 1412 487 1433 κατα
512 1400 618 1432 τόπον
641 1400 738 1445 φοραί,
758 1400 778 1436 ή
795 1395 833 1430 δὲ
856 1399 952 1430 καταὶ

308 1445 349 1478 τὸ
375 1445 470 1478 ποιόν
490 1445 678 1486 ἀλλοίωσις,
701 1445 721 1480 ἡ
739 1439 776 1476 δὲ
799 1442 895 1475 κατά
910 1442 951 1475 τὸ

308 1489 411 1521 ποσὸν
438 1489 575 1530 αὔξησις
598 1490 656 1520 καὶ
673 1487 790 1531 φθίσις.
817 1487 951 1531 Πρῶτον

308 1533 366 1577 μὲν
395 1530 449 1564 οὖν
479 1535 551 1577 περὶ
578 1533 640 1569 τῆς
664 1532 765 1576 φορᾶς
793 1533 950 1575 εἴπωμεν·

309 1575 399 1614 αὕτη
435 1576 498 1622 γαρ
536 1575 651 1621 πρώτη
690 1577 755 1608 τῶν
792 1573 951 1611 κινήσεών

309 1621 413 1654 ἐστιν.

17 1228 36 1242 “·
49 1230 116 1253 Text.
130 1236 163 1253 10.

258 1794 370 1827 “Ἀπαν
402 1789 446 1831 δή
476 1794 518 1826 τὸ
549 1793 724 1838 φερόμενον
755 1794 834 1830 ἤτοι
867 1793 953 1826 αὐτὸ

310 1840 360 1882 ὑφ’
391 1839 500 1870 αὐτοῦ
528 1842 672 1871 κινεῖται
697 1837 717 1874 ἦ
744 1839 794 1882 ὑφ’
823 1837 950 1882 ἑτέρου.

308 1884 347 1914 Ei
371 1882 430 1926 μέν
455 1880 511 1914 οὖν
537 1883 588 1925 ὐφ’
610 1883 730 1923 αὐτοῦ,
750 1881 886 1926 φανερόν
912 1883 953 1920 ὠς

310 1928 343 1958 ὲν
370 1928 480 1967 ἑαυτῷ
503 1927 565 1958 τοῦ
589 1927 760 1963 κινοῦντος
785 1925 953 1970 ὑπαρχον-

311 1982 368 2008 τος
395 1969 466 2014 ἅμα
491 1970 532 2002 τό
559 1971 670 2002 κινοῦν
698 1972 756 2002 καὶ
781 1970 822 2002 τὸ
846 1969 953 2002 κινού-

310 2026 407 2059 μενον
433 2014 545 2056 ἔσται,
565 2016 622 2046 καὶ
648 2012 741 2046 οὐθὲν
768 2014 880 2046 αὐτῶν
899 2026 954 2056 με-

310 2057 411 2100 ταξύ.

266 2146 311 2178 Te)
335 2141 364 2177 δ’
393 2146 449 2177 ὑπ’
479 2145 581 2178 ἄλλου
610 2145 802 2189 κινούμενον
832 2156 955 2188 τετρα·

309 2191 376 2235 χῶς
408 2193 566 2222 κινεῖται·
597 2191 631 2220 αἱ
662 2189 726 2234 γάρ
759 2189 808 2245 ὑφ’
839 2189 954 2233 ἑτέρου

309 2232 454 2270 κινήσεις
475 2232 642 2276 τέτταρές
660 2234 754 2274 εἰσιν,
771 2244 847 2270 ωσις
869 2232 954 2274 ἕλξις

313 2277 427 2323 ’όχησις
444 2272 582 2315 δίνησις.
603 2279 669 2309 Καὶ
685 2277 749 2323 γάρ
768 2277 829 2315 τοὶς
850 2277 954 2314 ἄλλας

312 2321 425 2359 παίσας
447 2322 490 2359 εἰς
513 2321 645 2359 ταύτας
673 2321 858 2367 ἀνοίγεσθαι
875 2333 954 2364 συμ-

313 2366 432 2405 βαίνει.

267 2453 333 2491 Τῆς
357 2453 416 2497 μὲν
438 2450 493 2484 οὖν
511 2452 618 2490 ὥσεως
638 2453 678 2486 τὸ
696 2454 754 2497 μὲν
776 2453 896 2490 ἔπωσις
913 2451 954 2484 τὰ

311 2492 340 2528 δ’
363 2496 490 2534 ἄπωσίς
515 2498 618 2529 ἐστιν.
642 2498 788 2534 Ἔπωσις
813 2497 872 2540 μὲν
899 2495 954 2528 οὖν

312 2541 403 2573 ἐστὶν
429 2540 512 2574 ὅταν
541 2541 579 2573 τὸ
599 2542 709 2573 κινοῦν
728 2543 790 2573 τοῦ
806 2540 957 2584 κινουμέ-

312 2596 367 2616 νου
398 2585 445 2627 μτ)
478 2585 729 2625 ἀπολείπηται,
765 2586 892 2622 ἀπωσις
918 2581 955 2616 δὲ

314 2628 397 2661 ὅταν
423 2629 464 2660 τὸ
490 2629 630 2661 ἀπῶσαν
658 2630 902 2667 ἀπολείπηται.

265 2717 307 2748 Ἠ
330 2710 370 2747 δὲ
394 2714 507 2760 ὄχησις
534 2716 566 2748 ἐν
592 2720 667 2754 ταῖς
687 2719 790 2759 τρισίν
814 2717 886 2750 ἐστι
909 2728 957 2748 κι-

313 2758 456 2796 νήσεσιν.
483 2759 529 2791 T&
546 2760 604 2803 μὲν
625 2761 688 2805 γάρ
711 2761 892 2805 ὀχούμενον
919 2761 956 2793 οὗ

313 2802 389 2834 καθ’
429 2803 516 2835 αὐτὸ
551 2808 695 2836 κινεῖται
737 2805 827 2837 ἀλλά
862 2806 958 2838 κατά

312 2846 533 2891 συμβεβηκός·
560 2848 606 2888 τῷ
632 2848 695 2894 γάρ
721 2849 754 2880 ἐν
778 2849 956 2891 κινουμένῳ

313 2888 398 2923 εἶναι
427 2889 448 2928 ἦ
479 2892 535 2923 ἐπὶ
569 2891 762 2936 κινουμένου
797 2897 953 2925 κινεῖται.

312 2935 357 2967 Τὸ
381 2930 418 2967 δὲ
444 2935 543 2980 ὀχοῦν
567 2940 712 2968 κινεῖται
733 2935 754 2973 ἦ
771 2936 956 2981 ὠθούμενον

313 2978 335 3016 ἦ
354 2978 530 3023 ἑλκόμενον
549 2978 570 3015 ἦ
587 2976 790 3023 δινούμενον.
810 2982 956 3025 Φανερὸν

314 3021 370 3056 οὖν
405 3022 457 3056 ὅτι
489 3024 509 3060 ἡ
546 3023 658 3068 ὅχησις
691 3025 723 3057 ἐν
750 3028 825 3062 ταῖς
851 3028 955 3068 τρισὶν

314 3067 412 3100 ἔσται
434 3067 614 3104 κινήσεσιν.

266 3198 308 3228 Ἠ
332 3191 360 3228 δ’
390 3195 475 3237 ἕλξις
499 3197 577 3234 ἤτοι
603 3198 687 3231 ὅταν
717 3200 796 3243 πρὸς
822 3200 910 3231 αὐτὸ
936 3199 956 3237 ἦ

315 3241 394 3284 προς
416 3239 527 3283 ἕτερον
545 3241 681 3274 Θοίττων
701 3241 722 3285 ’ᾖ
748 3244 768 3280 *ti
793 3246 917 3280 κίνησις
936 3245 955 3280 ἡ

316 3285 377 3316 τοῦ
402 3283 557 3322 ἕλκοντος
585 3286 631 3329 μή
663 3286 867 3331 χωριζομένη
894 3289 956 3325 τῆς

315 3329 377 3359 τοῦ
402 3327 593 3372 ἑλκομένου.
619 3331 684 3361 Καὶ
709 3330 773 3375 γάρ
797 3332 854 3361 καὶ
878 3331 956 3374 πρὸς

315 3371 420 3404 αὐτόν
440 3372 531 3403 ἐστιν
557 3373 577 3408 ή
604 3371 687 3413 ἕλξις
712 3376 769 3404 καὶ
788 3374 867 3415 πρὸς
886 3373 957 3406 ἕτε-

315 3426 382 3459 ρον.
408 3416 473 3446 Καὶ
504 3418 539 3447 αἱ
569 3417 688 3447 λοιπαὶ
716 3411 753 3448 δὲ
786 3415 887 3457 ἕλξεις
923 3420 956 3449 αἱ

316 3460 421 3491 αὐταὶ
445 3459 492 3499 τῷ
511 3454 590 3490 εἴδει
608 3460 652 3497 εἱς
673 3461 790 3492 ταῦτα
809 3460 958 3505 ἀναχθή-

316 3514 455 3543 σονται,
489 3503 557 3534 οἷον
588 3504 607 3540 ή
639 3505 822 3541 εἴσπνευσις
853 3507 910 3535 καὶ
937 3506 957 3540 ή

317 3548 485 3583 ἕκπνευσις
516 3548 574 3578 καὶ
599 3548 619 3584 ή
646 3547 765 3584 πτύσις
799 3550 855 3579 καὶ
882 3547 958 3580 ὅσαι

316 3593 382 3624 τῶν
408 3589 574 3633 σωμάτων
600 3589 620 3627 ἦ
647 3589 830 3636 ἐκκριτικαὶ
856 3591 876 3628 ἦ
900 3594 958 3629 λη-

414 3653 482 3686 Opp.
502 3654 532 3678 Ι).
547 3653 659 3677 Tamna
678 3653 710 3678 T.
725 3653 753 3678 11.

1122 294 1233 331 CAP.
1262 294 1311 340 11,
1341 292 1491 329 LECT.
1521 293 1569 328 111

1019 525 1317 582 LECTIO
1356 523 1674 578 TERTIA

1002 827 1037 846 **
1054 828 1197 858 Primum
1220 833 1326 858 autem
1350 836 1498 865 movens,
1525 836 1591 856 non
1615 826 1694 856 sicut

1049 871 1138 902 cuius
1155 881 1258 909 causa,
1278 871 1333 901 sed
1345 871 1429 901 unde
1439 877 1485 901 est
1502 870 1693 910 principium

1047 922 1166 954 motus,
1186 921 1232 945 est
1247 914 1342 945 simul
1366 925 1439 945 cum
1463 924 1501 944 eo
1518 914 1607 954 quod
1621 924 1692 944 mo-

1047 965 1146 989 vetur.
1172 958 1273 989 Simul
1293 964 1399 988 autem
1414 958 1496 996 dico,
1520 957 1595 998 quia
1615 957 1692 987 nihil

1047 1001 1192 1042 ipsorum
1202 1002 1344 1032 medium
1357 1008 1416 1032 est:
1434 1001 1495 1031 hoc
1506 1001 1590 1031 enim
1607 1011 1692 1031 com-

1048 1055 1146 1076 mune
1169 1046 1264 1075 est‘in
1280 1045 1369 1075 omni
1391 1045 1480 1085 quod
1502 1051 1648 1074 movetur
1664 1050 1694 1074 et

1048 1089 1135 1130 quod
1159 1095 1276 1119 movet.

1004 1226 1021 1245 *
1037 1226 1199 1264 Quoniam
1214 1233 1321 1256 autem
1335 1232 1396 1256 tres
1412 1231 1486 1256 sunt
1501 1231 1619 1263 motuS,
1639 1224 1694 1265 qui

1049 1271 1226 1314 secundum
1242 1270 1366 1308 locum,
1391 1275 1422 1300 et
1443 1269 1499 1309 qui
1518 1268 1694 1299 secundum

1049 1314 1244 1354 qualitatem,
1253 1320 1282 1344 et
1292 1313 1467 1344 secundum
1476 1312 1694 1353 quantitatem;

1049 1368 1174 1388 necesse
1197 1364 1243 1388 est
1258 1364 1289 1388 et
1304 1367 1340 1388 ea
1355 1367 1436 1398 quae
1455 1363 1623 1387 moventur
1637 1356 1695 1386 tria

1051 1412 1127 1433 esse.
1152 1402 1216 1439 Qui
1241 1402 1371 1442 quidem
1397 1401 1491 1441 igitur
1519 1400 1695 1431 secundum

1049 1446 1170 1484 locum,
1182 1445 1244 1476 loci
1259 1445 1410 1483 mutatio;
1427 1445 1482 1486 qui
1497 1455 1572 1475 vero
1585 1454 1694 1474 secun-

1051 1490 1130 1520 dum
1152 1489 1345 1530 qualitatem,
1363 1489 1518 1528 alteratio;
1541 1488 1603 1529 qui*
1619 1497 1694 1518 vero

1051 1534 1227 1564 secundum
1250 1533 1467 1574 quantitatem,
1487 1538 1694 1573 augmentum

1050 1577 1101 1608 vel
1124 1577 1370 1608 decrementum.
1399 1576 1543 1607 Primum
1566 1575 1695 1617 quidem

1050 1621 1145 1661 igitur
1173 1621 1212 1651 de
1239 1620 1301 1651 loci
1330 1620 1506 1651 mutatione
1534 1620 1694 1651 dicamus:

1051 1665 1127 1695 haec
1152 1664 1237 1695 enim
1260 1664 1381 1705 primus
1404 1671 1555 1695 motuum
1576 1671 1632 1695 est,

1008 1795 1112 1826 Omne
1134 1794 1228 1835 igitur
1246 1795 1334 1835 quod
1354 1794 1460 1834 fertur,
1477 1801 1531 1825 aut
1549 1794 1656 1835 ipsum
1679 1805 1697 1824 a

1052 1839 1155 1879 seipso
1172 1845 1318 1869 movetur
1339 1845 1393 1869 aut
1412 1839 1450 1869 ab
1467 1839 1574 1869 altero.
1593 1838 1624 1869 Si
1640 1838 1697 1878 igi-

1051 1889 1102 1914 tur
1125 1893 1143 1913 a
1165 1883 1288 1923 seipso,
1312 1882 1516 1913 manifestum
1540 1889 1586 1913 est
1609 1882 1698 1923 quod

1052 1937 1126 1958 cum
1141 1927 1174 1957 in
1189 1927 1260 1967 ipso
1283 1937 1416 1957 movens
1439 1926 1493 1965 sit,
1518 1927 1613 1957 simul
1628 1936 1697 1956 mo-

1051 1981 1127 2001 vens
1157 1977 1186 2002 et
1211 1971 1300 2012 quod
1318 1977 1464 2001 movetur
1483 1971 1554 2010 erit,
1579 1978 1610 2002 et
1626 1970 1696 2001 nul-

1051 2015 1120 2045 lum
1142 2015 1226 2045 illius
1250 2014 1402 2045 medium.

1009 2147 1106 2184 Quod
1126 2152 1232 2176 autem
1253 2146 1291 2176 ab
1311 2145 1372 2176 alio
1397 2151 1553 2184 movetur,
1572 2145 1697 2187 quadri-

1053 2190 1163 2220 fariam
1185 2190 1431 2226 movetur.⁷Qui
1454 2189 1540 2220 enim
1562 2196 1636 2220 sunt
1659 2190 1697 2220 ab

1053 2233 1149 2264 altero
1170 2240 1288 2272 motus,
1313 2241 1450 2275 quatuor
1469 2239 1557 2264 sunt:
1581 2234 1697 2273 pulsio,

1052 2276 1173 2316 tractio,
1196 2277 1318 2316 vectio,
1342 2277 1471 2317 vertigo.
1496 2277 1538 2308 Et
1560 2287 1698 2318 namque

1054 2331 1164 2351 omnes
1188 2321 1265 2352 alios
1283 2321 1316 2351 in
1334 2321 1394 2352 hos
1411 2321 1517 2351 reduci
1532 2321 1652 2352 accidit.

1008 2452 1166 2483 Pulsionis
1188 2452 1283 2492 igitur
1306 2452 1365 2482 alia
1387 2452 1548 2492 impulsio,
1568 2452 1628 2482 alia
1649 2463 1698 2483 ex-

1053 2496 1169 2536 pulsio.
1182 2496 1336 2536 Impulsio
1347 2496 1476 2537 quidem
1488 2503 1534 2527 est
1544 2506 1617 2527 cum
1629 2507 1698 2526 mo-

1053 2550 1129 2570 vens
1157 2540 1185 2570 ei
1204 2540 1292 2581 quod
1315 2547 1461 2571 movetur
1487 2550 1553 2571 non
1580 2540 1697 2571 deficit:

1054 2584 1195 2624 expulsio
1220 2594 1294 2614 cum
1317 2584 1473 2624 expellens
1497 2584 1609 2615 deficit.

1010 2715 1120 2746 Vectio
1144 2722 1251 2746 autem
1279 2715 1313 2745 in
1340 2715 1438 2746 tribus
1467 2716 1524 2747 erit
1546 2716 1696 2748 motibus.

1055 2759 1153 2796 Quod
1166 2759 1296 2800 quidem
1312 2759 1397 2790 enim
1416 2759 1550 2798 vehitur,
1565 2771 1632 2791 non
1653 2771 1699 2791 se-

1055 2803 1196 2832 cundum
1215 2813 1247 2833 se
1263 2810 1424 2842 movetur,
1448 2805 1502 2834 sed
1524 2805 1699 2835 secundum

1055 2846 1205 2877 accidens.
1231 2847 1266 2876 In
1287 2857 1325 2877 eo
1348 2847 1433 2877 enim
1449 2849 1537 2888 quod
1554 2855 1600 2879 est
1613 2849 1646 2879 in
1661 2859 1698 2879 eo

1055 2890 1143 2930 quod
1170 2897 1332 2929 movetur,
1363 2898 1417 2921 aut
1440 2901 1534 2932 super
1556 2892 1588 2922 id
1612 2893 1700 2933 quod

1055 2940 1222 2972 movetur,
1253 2941 1400 2965 movetur
1424 2935 1541 2975 ipsum.
1573 2931 1723 2967 Vehens'

1055 2984 1162 3008 autem
1180 2985 1327 3009 movetur
1347 2986 1402 3009 aut
1417 2980 1552 3019 pulsum
1571 2987 1626 3011 aut
1641 2987 1700 3011 tra-

1055 3028 1142 3052 ctum
1165 3029 1219 3052 aut
1241 3022 1390 3062 vertigine
1409 3023 1550 3055 ductum.
1570 3025 1701 3055 Manife-

1055 3072 1140 3096 stum
1155 3065 1249 3105 igitur
1264 3066 1418 3107 quoniam
1433 3068 1534 3098 vectio
1551 3068 1585 3098 in
1601 3069 1699 3099 tribus

1055 3109 1195 3140 motibus
1218 3110 1283 3140 erit.

1010 3202 1138 3232 Tractio
1155 3209 1259 3233 autem
1277 3209 1332 3242 est,
1344 3214 1417 3234 cum
1430 3205 1524 3235 etiam
1539 3206 1578 3236 ad
1593 3206 1699 3247 ipsum

1054 3246 1105 3276 vel
1127 3246 1167 3276 ad
1198 3247 1331 3277 alterum
1353 3248 1493 3278 velocior
1524 3250 1563 3280 sit
1592 3257 1699 3281 motus

1055 3289 1214 3328 trahentis,
1239 3300 1305 3320 non
1328 3298 1486 3331 separatus
1502 3294 1540 3323 ab
1557 3303 1595 3324 eo
1612 3295 1700 3334 quod

1055 3332 1200 3363 trahitur:
1218 3340 1248 3364 et
1260 3343 1397 3374 namque
1407 3335 1447 3365 ad
1462 3336 1569 3376 ipsum
1582 3344 1628 3368 est
1640 3345 1699 3368 tra-

1056 3375 1129 3414 ctio,
1145 3382 1175 3406 et
1187 3376 1226 3406 ad
1242 3377 1385 3408 alterum.
1402 3379 1442 3409 Et
1458 3380 1570 3420 reliqui
1583 3387 1699 3412 tractus

1055 3418 1140 3448 idem
1163 3419 1265 3459 specie
1287 3420 1320 3450 in
1343 3421 1402 3451 hos
1432 3423 1624 3454 reducuntur
1632 3432 1641 3462 ;
1665 3431 1700 3454 ut

1055 3461 1216 3511 inspiratio
1240 3470 1271 3493 et
1286 3464 1445 3504 expirafio,
1470 3473 1500 3497 et
1509 3468 1650 3506 ¹spuitio,
1670 3475 1700 3498 et

1056 3515 1249 3546 qulcumque
1280 3517 1449 3547 corporum
1481 3511 1617 3540 emissivi
1646 3518 1700 3541 aut

1057 3549 1202 3588 receptivi
1219 3557 1302 3588 sunt,
1314 3557 1344 3581 et
1356 3552 1506 3591 spathesis
1518 3560 1548 3584 et
1558 3554 1695 3585 kerkisis.

1056 3592 1153 3622 Aliud
1165 3599 1211 3623 est
1226 3593 1355 3633 quidem
1371 3594 1515 3634 ipsorum
1531 3607 1698 3637 congrega-

2357 292 2430 338 329

474 690 707 722 PROBATUR
730 689 772 719 IN
794 686 922 718 MOTU
945 684 1103 716 LOCALI
1128 683 1250 721 QUOD
1274 683 1449 714 MOVENS
1473 682 1531 713 ET
1554 682 1716 713 MOTUM
1741 682 1946 713 OPORTET
1969 682 2068 713 ESSE
2093 683 2220 714 SIMUL

1749 823 1761 836 '¹
1777 822 1821 854 Τὸ
1846 818 1884 853 δὲ
1908 822 2040 867 πρῶτον
2064 822 2188 864 κινοῦν,
2208 822 2254 866 μή
2271 824 2313 861 ὠς
2339 825 2380 856 τὸ
2398 824 2435 856 οὗ
2463 826 2576 848 *Dum-.-
2589 826 2672 854 cap.u.

1794 865 1913 907 ἕνεκεν,
1940 866 2011 898 ἀλλ’
2042 863 2114 896 ὅθεν
2140 867 2160 902 ή
2189 867 2276 912 ἀρχή
2302 869 2363 906 τῆς
2387 881 2435 900 κι-

1791 909 1931 951 νήσεως,
1958 910 2048 942 ἐστὶν
2075 909 2146 953 ἅμα
2171 913 2218 952 τῷ
2242 912 2433 956 κινουμένῳ·

1794 953 1865 998 ἅμα
1890 954 1927 986 δὲ
1949 953 2056 999 λέγω,
2087 951 2176 987 διότι
2201 955 2295 987 οὐθὲν
2323 958 2434 990 αὐτῶν

1792 997 1923 1041 μεταξύ
1942 998 2025 1030 ἐστι.
2045 999 2156 1030 Τοῦτο
2173 998 2220 1044 *soi
2254 1002 2363 1032 κοινὸν
2381 1002 2435 1033 ἐπὶ

1793 1043 1922 1079 παντὸς
1955 1041 2147 1085 κινουμένου
2175 1011 2237 1074 καῖ
2263 1045 2434 1083 κινοῦντός

1793 1084 1897 1119 ἐστιν.
1917 1084 2013 1117 Ἐπεὶ
2030 1082 2068 1117 δὲ
2085 1090 2171 1130 τρεῖς
2189 1087 2251 1118 εἰσί
2276 1089 2434 1130 κινήσεις,

1793 1128 1814 1165 ἥ
1844 1142 1882 1161 τε
1911 1130 2006 1162 κατά
2035 1130 2143 1162 τόπον
2175 1132 2234 1162 καὶ
2266 1133 2362 1166 κατοὶ
2395 1134 2436 1165 τὸ

1794 1173 1889 1204 ποιὸν
1914 1175 1971 1204 καὶ
1996 1174 2091 1206 κατα
2107 1175 2148 1207 τὸ
2166 1176 2283 1217 ποσόν,
2305 1178 2434 1223 ἀνάγκη

1792 1219 1849 1248 καὶ
1868 1217 1915 1249 τά
1929 1217 2109 1261 κινούμενα
2127 1220 2217 1262 τρία.
2241 1222 2282 1251 Ἡ
2299 1221 2357 1265 μὲν
2380 1220 2436 1253 οὖν

1792 1260 1890 1292 κατά
1909 1261 2031 1302 τόπον,
2050 1262 2147 1306 φοραί·
2174 1264 2194 1298 τ’,
2220 1258 2257 1295 δὲ
2280 1266 2377 1298 κατα
2396 1266 2437 1299 τὸ

1795 1304 1908 1345 ποιόν,
1942 1305 2129 1344 ἀλλοίωσις·
2157 1306 2176 1342 ή
2202 1301 2239 1338 δὲ
2269 1310 2365 1342 κατά
2396 1310 2436 1342 τό

1795 1348 1913 1389 ποσόν,
1933 1348 2070 1389 αὔξησις
2087 1352 2145 1382 καὶ
2163 1349 2277 1394 φθίσις.
2303 1354 2437 1396 Πρῶτον

1794 1392 1853 1435 μὲν
1881 1391 1935 1424 οὖν
1959 1392 2041 1436 ὑπὲρ
2066 1395 2127 1432 τῆς
2154 1396 2254 1437 φορᾶς
2280 1399 2437 1441 εἴπωμεν·

1795 1435 1884 1474 αὕτη
1909 1437 1974 1482 γάρ
1993 1436 2108 1481 πρώτη
2128 1441 2193 1471 τῶν
2211 1440 2370 1476 κινήσεών
2389 1440 2440 1473 ἐσ-

1794 1492 1860 1512 τιν.
1881 1479 1991 1513 ’Ἀπαν
2013 1481 2057 1518 δή
2079 1482 2120 1514 τό
2145 1482 2322 1527 φερόμενον
2341 1485 2361 1522 ἦ
2384 1487 2434 1528 ὐφ’

1795 1525 1905 1557 αὐτοῦ
1928 1529 2074 1559 κινεῖται
2099 1525 2120 1564 ἢ
2139 1527 2194 1560 ὑπ’
2217 1528 2332 1560 ἄλλου.
2353 1529 2440 1562 Ὅσα

1794 1569 1853 1612 μὲν
1874 1566 1930 1600 οὖν
1953 1570 2047 1604 αὐτοὶ
2071 1569 2121 1615 ὑφ’
2142 1573 2254 1605 αὐτῶν
2279 1578 2437 1615 κινεῖται,

1795 1613 1934 1657 φανερόν
1960 1614 1992 1647 ἑν
2017 1614 2153 1653 τούτοις
2173 1616 2227 1649 ὅτι
2246 1615 2318 1661 ἄμα
2335 1618 2376 1650 τὸ
2392 1630 2440 1649 κι-

1793 1656 1952 1699 νούμενον
1976 1662 2033 1691 καὶ
2052 1659 2092 1691 τὸ
2112 1662 2222 1693 κινοῦν
2241 1662 2346 1693 ἐστίν·
2374 1661 2441 1694 ἐνυ-

1795 1702 1919 1746 ποίρχει
1943 1703 2006 1748 γάρ
2033 1701 2149 1741 αὐτοῖς
2175 1706 2216 1737 τό
2237 1707 2368 1749 πρῶτον
2393 1718 2440 1738 κι-

1793 1746 1885 1776 νοῦν·
1903 1744 1982 1779 ὥστ’
2000 1746 2097 1779 οὐδέν
2116 1748 2205 1781 ἐστιν
2226 1747 2436 1794 ἀναμεταξύ.

1786 1788 1874 1820 ’Όσα
1907 1785 1937 1820 δ’
1967 1790 2020 1823 ὑπ’
2052 1793 2154 1824 ἄλλου
2188 1798 2353 1835 κινεῖται,
2387 1808 2440 1827 τε-

1796 1834 1929 1878 τραχῶς
1949 1835 2079 1882 ἀνάγκη
2102 1837 2263 1881 γίνεσθαι·
2284 1838 2440 1881 τέτταρα

1795 1878 1859 1932 γάρ
1893 1874 1964 1916 εἴδη
2000 1881 2062 1918 τῆς
2097 1880 2150 1913 ὑπ’
2181 1882 2283 1914 ἄλλου
2316 1885 2438 1927 φορᾶς,

1797 1922 1896 1963 ἕλξις,
1915 1921 2003 1965 οἶσις,
2023 1924 2152 1970 ὅχησις,
2170 1921 2308 1964 δίνησις.
2331 1926 2441 1959 ’Ἅπα-

1796 1978 1854 1998 σαι
1878 1969 1942 2013 γαρ
1968 1971 2003 1999 αἱ
2031 1971 2127 2002 κατα
2157 1970 2264 2003 τόπον
2295 1971 2439 2010 κινήσεις

1799 2010 1989 2057 ἀνοίγονται
2007 2014 2051 2051 εἰς
2068 2013 2218 2052 ταύτας·
2245 2016 2265 2052 ή
2291 2016 2349 2058 μὲν
2375 2017 2439 2062 γάρ

1798 2055 1918 2094 ἕπωσις
1951 2055 2025 2094 ὦσίς
2062 2060 2111 2096 τίς
2143 2059 2255 2100 ἐστιν,
2291 2058 2373 2092 ὅταν
2400 2061 2441 2092 τὸ

1798 2099 1857 2131 ἀπ’
1899 2101 2008 2134 αὑτοῦ
2042 2103 2153 2133 κινοῦν
2190 2103 2439 2136 ἐπακολουθοῦν

1797 2142 1881 2186 ὠθῇ·
1907 2146 1927 2181 ἡ
1953 2145 1981 2176 δ’
2010 2144 2149 2188 ἄπωσις,
2177 2147 2259 2180 ὅταν
2286 2148 2332 2191 μή
2359 2149 2441 2180 ἑπα-

1796 2188 1942 2231 κολουθῇ
1966 2190 2120 2226 κινῆσαν·
2147 2191 2166 2227 ή
2188 2187 2225 2223 δὲ
2241 2191 2440 2247 ρῖψις,νὸταν

1797 2228 2024 2277 σφοδροτέραν
2053 2234 2179 2278 ποιήσῃ
2205 2248 2268 2272 την
2295 2237 2352 2269 ἀπ’
2383 2236 2442 2270 αύ-

1797 2276 1860 2307 τοῧ
1876 2280 2001 2314 κίνησιν
2020 2279 2082 2315 τῆς
2100 2280 2196 2311 κατά
2212 2280 2306 2324 φύσιν
2324 2283 2439 2326 φορᾶς,

1796 2321 1854 2350 καὶ
1879 2321 1976 2365 μέχρι
2002 2322 2169 2354 τοσούτου
2194 2324 2355 2368 φέρηται,
2382 2326 2441 2364 ἕως

1799 2361 1838 2395 ἂν
1861 2367 1973 2409 κρατῇ
2000 2366 2020 2402 ἡ
2043 2368 2182 2404 κίνησις.
2207 2369 2310 2401 Ποίλιν
2327 2371 2347 2406 ἡ
2366 2365 2442 2401 δίω-

1796 2418 1845 2444 σις
1875 2412 1932 2441 καὶ
1958 2409 2096 2447 σύνωσις
2122 2410 2248 2450 ἄπωσις
2272 2416 2329 2445 καὶ
2355 2414 2440 2455 ἕλξις

1797 2451 1890 2484 εἰσίν·
1909 2455 1930 2490 ’ἢ
1948 2453 2006 2497 μὲν
2031 2454 2094 2500 γάρ
2119 2451 2230 2494 δίωσις
2253 2457 2380 2496 ἄπωσις
2399 2458 2440 2502 (ἦ

1796 2496 1860 2540 γάρ
1888 2495 1940 2541 ἀφ’
1966 2498 2074 2530 αὑτοῦ
2093 2498 2113 2535 ἦ
2135 2499 2194 2531 ἀπ’
2220 2500 2322 2533 ἄλλου
2349 2503 2439 2535 ἐστὶν

1798 2540 1818 2575 ’ἡ
1839 2541 1998 2585 ἄπωσις),
2018 2542 2039 2578 ’ἠ
2056 2537 2093 2573 δὲ
2109 2543 2247 2582 σύνωσις
2266 2544 2350 2586 ἕλξις
2371 2548 2440 2590 (καὶ

1796 2585 1843 2639 γά
1886 2586 1965 2630 πρὸς
1992 2586 2080 2617 αὐτὸ
2111 2589 2168 2619 καὶ
2198 2589 2277 2633 πρὸς
2309 2591 2392 2623 ἄλλο
2419 2593 2440 2628 ή

1797 2630 1832 2660 ἐλ
1857 2631 1909 2674 ις).
1924 2630 2026 2663 ’Ὥστε
2043 2632 2100 2661 καὶ
2119 2630 2182 2664 ὅσα
2204 2633 2335 2666 τούτων
2354 2630 2439 2677 εἴδη,

1799 2673 1865 2706 οἷον
1890 2674 2057 2713 σπᾶθησις
2080 2677 2138 2707 καὶ
2154 2675 2309 2720 κέρκισις·
2335 2679 2355 2715 ἢ
2382 2680 2440 2723 μὲν

1797 2719 1861 2763 γάρ
1886 2719 2037 2759 σύνωσις,
2056 2719 2076 2754 ἡ
2094 2715 2131 2751 δὲ
2155 2715 2278 2759 δίωσις.
2302 2723 2440 2766 Ὁμοίως

1796 2761 1834 2796 δέ
1850 2767 1908 2796 καὶ
1924 2767 1958 2796 αἱ
1975 2764 2077 2796 ἄλλαι
2094 2767 2276 2809 συγκρίσεις
2293 2769 2351 2798 καὶ
2369 2763 2443 2800 δια-

1796 2811 1929 2851 κρίσεις·
1959 2808 2091 2841 ἅπασαι
2114 2809 2178 2854 γαρ
2204 2810 2341 2848 ἔσονται
2366 2807 2440 2843 διώ-

1798 2865 1863 2890 σεις
1890 2852 1910 2889 ἦ
1936 2852 2102 2892 συνώσεις,
2130 2853 2216 2889 πλήν
2244 2854 2319 2886 ὅσαι
2338 2854 2371 2887 ἐν
2387 2869 2442 2902 γε-

1799 2897 1885 2929 νέσει
1909 2899 1966 2928 καὶ
1984 2896 2089 2940 φθορᾷ
2106 2897 2198 2929 εἰσίν.
2218 2897 2310 2943 ’Ἀμα
2327 2894 2364 2931 δὲ
2381 2911 2440 2944 φα-

1798 2941 1889 2986 νερὸν
1912 2940 1964 2974 ὅτι
1987 2937 2055 2973 οὐδ’
2076 2940 2166 2972 ’ἐστιν
2187 2941 2270 2974 ἄλλο
2289 2955 2322 2974 τι
2346 2943 2439 2990 γένος

1797 2985 1956 3023 κινήσεως
1973 2984 1993 3022 ἦ
2012 2985 2052 3017 σύ
2077 2995 2178 3028 κρισις
2194 2989 2251 3017 καὶ
2265 2982 2439 3031 διάκρισις·

1800 3028 1933 3061 ἅπασαι
1964 3030 2029 3076 γάρ
2058 3028 2278 3073 διανέμονται
2315 3034 2359 3069 εἴς
2393 3044 2441 3065 τι-

1798 3085 1856 3111 νας
1882 3075 1947 3106 τῶν
1972 3075 2163 3119 εἰρημένων.
2186 3074 2262 3106 Ἔτι
2286 3070 2317 3105 δ’
2336 3077 2356 3112 ἡ
2382 3077 2440 3120 μὲν

1798 3118 1937 3154 εἰσπνοή
1963 3117 2069 3160 ἕλξις,
2100 3118 2120 3154 ’ἡ
2145 3113 2173 3148 δ’
2195 3118 2320 3155 ἑκπνοή
2349 3118 2437 3156 ὦσις.

1795 3163 1932 3206 Ὁμοίως
1950 3158 1986 3193 δὲ
2003 3166 2059 3194 καὶ
2085 3165 2105 3200 ή
2133 3161 2266 3203 πτύσις,
2285 3165 2342 3194 καὶ
2365 3162 2439 3195 ὅσαι

1800 3206 1902 3237 ἄλλαι
1931 3201 1989 3237 &aaz
2013 3208 2075 3238 τοῦ
2109 3204 2264 3248 σώματος
2291 3205 2312 3242 ἦ
2337 3207 2440 3251 ἐκκρι-

1798 3252 1890 3281 τικαὶ
1917 3248 1937 3285 ἦ
1961 3251 2126 3285 ληπτικαὶ
2151 3248 2308 3286 κινήσεις·
2329 3253 2362 3281 αἱ
2380 3251 2439 3294 μὲν

1797 3294 1860 3337 γάρ
1895 3292 1998 3332 ἕλξεις
2030 3294 2130 3331 εἰσίν,
2164 3294 2198 3323 αἱ
2223 3288 2252 3323 δ’
2279 3293 2436 3332 ἀποίσεις.

1798 3339 1853 3367 Δεῖ
1874 3331 1912 3368 δὲ
1936 3338 1992 3367 καὶ
2023 3337 2085 3374 τάς
2113 3337 2218 3372 ἄλλας
2251 3338 2313 3374 τάς
2346 3339 2441 3371 κατᾶ

1798 3379 1904 3412 τόπον
1939 3379 2088 3425 ἀνοίγειν·
2123 3378 2257 3412 ἅπασαι
2288 3382 2351 3426 γοὶρ
2387 3385 2441 3414 πί-

1798 3435 1938 3455 πτουσιν
1956 3424 2000 3460 εἰς
2018 3423 2184 3467 τέσσαρας
2199 3423 2345 3462 ταύτας.
2359 3426 2440 3458 Τού-

1799 3479 1864 3498 των
1889 3462 1926 3498 δέ
1952 3466 2051 3499 πάλιν
2078 3469 2098 3504 ἠ
2126 3467 2239 3511 ὄχησις
2263 3470 2320 3500 καὶ
2346 3471 2365 3506 ή
2391 3465 2438 3501 δί-

1796 3523 1885 3548 νησις
1917 3512 1959 3547 εἰς
1993 3510 2079 3551 ἕλξιν
2112 3514 2168 3543 καὶ
2201 3510 2290 3544 ὦσιν.
2315 3514 2355 3544 Ἡ
2380 3514 2438 3556 μὲν

1796 3554 1860 3599 γάρ
1881 3554 1993 3599 ’όχησις
2013 3554 2108 3587 κατά
2125 3555 2256 3588 τούτων
2277 3557 2356 3589 τινά
2373 3559 2438 3589 τῶν

1797 3598 1893 3642 τριῶν
1927 3598 2060 3640 τρόπων
2093 3599 2178 3631 ἐστί·
2215 3600 2255 3632 τὸ
2281 3601 2339 3644 μέν
2375 3602 2438 3647 γάρ

2228 3670 2260 3693 42
