2898 3996
186 638 197 648 ⁸
219 637 326 658 videlicet
344 636 388 657 add
393 651 398 656 .

186 663 252 684 nab.

186 791 197 801 ⁸
213 790 276 811 Lect.
287 796 325 813 xx,
334 796 356 810 n.
367 796 402 817 5.-

186 822 259 844 supra
274 816 339 837 nab.

187 1269 197 1278 '⁵
212 1269 348 1296 inquantum
365 1269 400 1288 est

186 1297 262 1316 molus
277 1300 324 1316 om.
339 1300 398 1321 apto

186 1325 207 1342 et
222 1327 246 1342 a.

184 1431 195 1440 ⁸
210 1430 252 1457 qui
264 1430 336 1451 codd.
350 1435 398 1451 exc.

182 1463 221 1484 ps.

286 1537 302 1562 Υ

187 1690 198 1700 ⁸
213 1689 284 1710 Num.
301 1695 377 1716 praec.

424 293 500 318 220

423 361 502 409 ptio
523 361 565 397 fit
592 360 631 397 in
658 368 843 409 tempore.
870 360 918 396 Et
945 359 1032 396 ideo
1061 359 1218 407 quidam
1239 359 1491 397 attribuebant

424 413 695 460 generationes,
723 425 850 449 rerum
888 411 1071 460 tempori,
1102 419 1144 448 ut
1180 411 1416 461 disciplinam
1455 420 1491 449 et

424 465 656 512 huiusmodi,
687 465 853 502 dicentes
881 472 1034 512 tempus
1054 476 1136 501 esse
1155 464 1488 513 sapientissimum,

425 526 580 566 propter
607 519 681 554 hoc
709 518 814 566 quod
843 516 1034 565 generatio
1063 516 1240 553 scientiae
1267 518 1310 554 fit
1337 517 1376 554 in
1395 525 1490 554 tem-

424 583 531 619 pore.
563 571 639 608 Sed
669 571 823 619 quidam
853 569 1113 619 philosophus,
1133 570 1232 606 Paro
1253 570 1421 617 nornine,
1443 571 1490 607 de

427 631 527 660 secta
555 623 907 671 Pythagoricorum,
937 622 1064 671 posuit
1086 634 1107 659 e
1128 634 1327 670 converso,
1347 624 1367 644 '¹‘
1387 623 1490 671 quod

426 684 577 724 tempus
615 683 671 713 est
697 676 847 724 penitus
875 675 1205 724 indisciplinabile,
1237 676 1324 724 quia
1353 675 1492 712 scilicet

426 741 494 777 per
522 729 796 776 longitudinem
825 727 1007 776 temporis
1035 728 1168 765 accidit
1196 728 1350 765 oblivio.
1377 729 1425 765 Et
1453 727 1491 765 in

427 783 501 818 hoc
534 781 668 818 rectius
706 781 820 818 dixit:
849 781 958 829 quia,
988 788 1029 817 ut
1064 780 1167 829 prius
1197 782 1216 802 *
1243 781 1384 818 dictum
1415 788 1490 828 est,

426 843 578 883 tempus
597 847 666 883 per
685 847 726 871 se
746 833 865 881 magis
894 841 950 870 est
970 845 1084 870 causa
1103 833 1353 882 corruptionis
1372 846 1490 882 quam

427 887 690 935 generationis.
722 888 770 924 Et
797 887 872 923 hoc
900 886 1008 934 ideo,
1044 885 1132 934 quia
1159 893 1311 935 tempus
1340 894 1396 923 est
1423 899 1491 923 nu-

427 952 556 977 merus
602 948 748 977 motus:
787 939 945 976 mutatio
983 947 1111 976 autem
1147 951 1216 988 per
1256 952 1296 976 se
1334 947 1390 976 est
1428 939 1491 976 de-

427 993 606 1031 structiva
635 1001 671 1030 et
691 992 918 1041 corruptiva.
950 991 1026 1029 Sed
1054 1004 1167 1029 causa
1186 992 1437 1040 generationis
1457 1000 1493 1029 et

426 1046 544 1095 ipsius
582 1059 663 1083 esse
693 1058 771 1083 non
810 1053 864 1082 est
901 1044 972 1082 nisi
1007 1057 1076 1094 per
1110 1045 1295 1082 accidens.
1332 1046 1390 1082 Ex
1417 1046 1492 1082 h'oc

429 1099 530 1136 enirn
559 1099 642 1148 ipso
663 1099 769 1147 quod
788 1098 929 1147 aliquid
952 1105 1142 1145 movetur,
1164 1098 1304 1135 recedit
1323 1110 1346 1135 a
1365 1098 1490 1148 dispo-

427 1152 561 1189 sitione
591 1164 707 1200 quam
736 1151 840 1201 prius
868 1151 1044 1189 habebat.
1077 1151 1152 1189 Sed
1173 1151 1278 1200 quod
1296 1151 1493 1200 perveniat

427 1205 476 1242 ad
505 1204 670 1254 aliquam
711 1204 1021 1253 dispositionem,
1060 1204 1134 1241 hoc
1162 1215 1240 1241 non
1269 1204 1494 1253 importatur

426 1257 465 1294 in
495 1258 639 1295 ratione
667 1265 794 1295 motus
822 1257 1048 1306 inquantum
1069 1264 1125 1294 est
1143 1265 1270 1294 motus
1286 1257 1327 1304 ²⁸,
1348 1257 1416 1294 sed
1435 1257 1489 1293 in-

427 1319 613 1360 quantum
642 1319 698 1348 est
725 1310 853 1348 finitus
882 1318 918 1347 et
949 1310 1159 1359 perfectus:
1190 1322 1306 1358 quam
1334 1309 1491 1358 quidem

427 1365 702 1413 perfectionem
729 1364 845 1400 habet
872 1370 1000 1400 motus
1029 1375 1074 1400 ex
1101 1362 1307 1400 intentione
1336 1362 1490 1410 agentis,

428 1417 533 1467 quod
553 1418 573 1438 ‘³
606 1425 740 1454 movet
767 1417 815 1454 ad
843 1415 1136 1453 determinatum
1165 1416 1296 1452 finem.
1327 1416 1376 1451 Et
1403 1415 1489 1452 ideo

429 1469 620 1519 corruptio
649 1469 769 1518 magis
792 1477 917 1519 potest
936 1468 1085 1505 attribui
1114 1467 1313 1505 mutationi
1333 1475 1370 1504 et
1396 1474 1491 1504 tem-

427 1523 511 1572 pori
530 1527 561 1559 7:
592 1523 660 1559 sed
688 1522 878 1570 generatio
909 1529 945 1558 et
969 1534 1051 1558 esse
1075 1521 1198 1568 agenti
1227 1527 1263 1557 et
1287 1520 1490 1568 generanti.

484 1578 518 1613 3.
557 1575 706 1612 Deinde
749 1587 836 1611 cum
876 1574 989 1611 dicit:
1028 1574 1187 1623 Signum
1225 1579 1350 1610 autem
1386 1574 1492 1622 suffi-

428 1629 527 1666 ciens
557 1636 639 1675 etc.,
669 1628 884 1664 manifestat
910 1627 1013 1664 idem
1041 1639 1110 1675 per
1138 1626 1309 1674 signum:
1340 1633 1376 1662 et
1404 1626 1493 1663 dicit

428 1682 578 1729 signum
595 1680 786 1718 sufficiens
802 1692 885 1717 esse
901 1679 981 1716 eius
996 1679 1101 1728 quod
1117 1679 1259 1716 dictum
1276 1686 1331 1716 est
1341 1680 1373 1726 ³¹¹,
1384 1679 1497 1727 quod,

428 1734 519 1771 nihil
538 1733 728 1771 invenitur
747 1733 845 1780 fieri,
871 1732 941 1770 nisi
961 1739 1143 1781 appareat
1161 1732 1300 1781 aliquid
1322 1744 1437 1779 agens
1451 1739 1493 1768 vet

428 1799 591 1824 movens
620 1787 767 1836 ipsum3
797 1786 864 1823 sed
892 1794 1022 1823 tamen
1050 1785 1190 1834 aliquid
1220 1784 1489 1834 corrumpitur,

430 1852 518 1877 cum
538 1852 617 1876 non
636 1847 817 1888 appareat
835 1839 1032 1876 manifeste
1052 1837 1191 1887 aliquid
1211 1837 1316 1886 quod
1335 1846 1492 1875 moveat

428 1893 555 1942 ipsum
584 1893 632 1930 ad
661 1891 957 1941 corruptionem.
987 1892 1037 1928 Et
1063 1892 1177 1928 talem
1207 1890 1490 1939 corruptionem

430 1946 598 1983 solemus
613 1945 813 1982 attribuere
828 1944 1003 1994 tempori,
1021 1944 1115 1981 sicut
1130 1956 1217 1980 cum
1238 1943 1370 1993 aliquis
1385 1943 1490 1980 senio

422 1998 558 2036 >deficit
586 2010 631 2035 ex
661 2010 774 2035 causa
803 1998 1003 2034 intrinseca
1027 2004 1294 2045 corrumpente
1313 2009 1392 2033 non
1411 2009 1490 2033 ma-

430 2051 585 2089 nifesta:
615 2063 703 2088 cum
732 2058 859 2088 autern
889 2050 1021 2099 aliquis
1042 2049 1224 2087 occiditur
1251 2049 1388 2097 gladio,
1410 2062 1490 2086 cor-

431 2104 556 2153 ruptio
572 2104 652 2141 eius
667 2117 745 2141 non
761 2103 971 2140 attribuitur
990 2102 1164 2152 tempori.
1187 2103 1229 2140 In
1249 2102 1492 2150 generatione

431 2165 559 2194 autem
579 2169 733 2206 semper
751 2165 807 2194 est
820 2169 1004 2205 generans
1024 2156 1279 2202 manifestum,
1301 2155 1388 2204 quia
1402 2156 1492 2192 nihil

432 2223 454 2246 a
474 2210 599 2259 seipso
620 2218 835 2258 generatur:
857 2217 893 2246 et
912 2210 998 2247 ideo
1019 2209 1210 2257 generatio
1231 2221 1308 2245 non
1328 2208 1492 2245 attribui-

430 2270 491 2300 tur
510 2263 686 2312 tempori,
707 2263 801 2300 sicut
821 2262 1022 2311 corruptio.
1044 2263 1135 2299 Non
1154 2269 1283 2298 tamen
1303 2261 1492 2310 corruptio

432 2316 484 2353 sic
504 2316 713 2353 attribuitur
732 2316 906 2365 tempori,
928 2316 1032 2365 quod
1051 2323 1201 2364 tempus
1221 2314 1331 2351 faciat
1348 2314 1493 2363 ipsam:

432 2369 501 2406 sed
529 2369 618 2418 quia
645 2370 687 2406 fit
715 2369 753 2406 in
780 2377 974 2417 tempore,
1005 2376 1041 2405 et
1069 2380 1319 2416 corrumpens
1347 2368 1447 2404 latet.

432 2541 458 2560 et
470 2543 501 2560 a:
513 2535 561 2560 sed
572 2543 630 2560 cum
646 2538 700 2559 tam
715 2535 853 2567 generatio
865 2542 944 2567 quam
959 2535 1096 2567 corruptio
1110 2535 1145 2560 sit
1159 2535 1185 2560 in
1201 2538 1319 2567 tempore
1331 2538 1358 2560 et
1370 2534 1429 2559 ideo
1439 2539 1495 2565 etc-5

434 2571 468 2595 sE
488 2571 535 2596 sed
553 2573 640 2595 tamen
659 2578 718 2595 cum
738 2573 792 2594 tam
811 2570 950 2603 generatio
964 2578 1043 2603 quam
1058 2571 1195 2602 corruptio
1210 2577 1261 2595 non
1275 2570 1310 2595 sit
1324 2570 1350 2595 in
1365 2573 1495 2601 tempore,

434 2606 493 2631 ideo
507 2611 568 2636 etc.;
584 2606 674 2630 ceteri:
689 2606 736 2630 sed
751 2609 805 2630 tam
822 2604 920 2638 (tamen
935 2606 1006 2638 XpC,
1023 2609 1110 2630 tamen
1126 2609 1181 2630 tam
1196 2604 1345 2638 BFKMNZ)
1358 2605 1496 2637 generatio

433 2649 512 2673 quam
527 2641 663 2672 corruptio
683 2649 733 2665 non
747 2641 784 2675 fit
803 2641 854 2665 nisi
873 2641 898 2665 in
920 2644 1037 2672 tempore
1056 2645 1082 2666 et
1102 2640 1144 2674 (et
1162 2641 1254 2665 omittit
1273 2640 1313 2674 K)
1333 2640 1393 2664 ideo
1412 2645 1461 2664 etc.

487 2676 513 2710 γ)
535 2677 676 2701 mutationi
694 2679 719 2700 et
738 2676 859 2708 tempori.
871 2690 890 2694 -
904 2676 1047 2701 mutationi
1066 2683 1143 2708 quam
1168 2675 1281 2707 tempori
1299 2675 1390 2704 PLab;
1409 2678 1495 2699 muta-

435 2712 502 2736 tioni
519 2719 598 2744 quam
614 2715 640 2736 et
652 2712 766 2743 tempori
778 2712 803 2740 S,
819 2712 865 2736 sed
879 2718 958 2744 quam
973 2711 1138 2743 expungitur;
1154 2710 1229 2735 lectio
1243 2718 1273 2734 ex
1288 2710 1362 2734 codd.
1377 2710 1496 2742 adoptata

434 2747 572 2779 requiritur
586 2755 600 2771 a
618 2752 673 2771 toto
692 2751 811 2771 contextu
830 2746 907 2771 huius
928 2746 1038 2771 numeri.
1051 2759 1071 2764 -
1085 2746 1135 2770 Pro
1149 2749 1175 2770 et
1186 2745 1334 2778 generanti,
1354 2745 1425 2777 quod
1443 2753 1496 2770 om.

435 2783 468 2812 H,
482 2785 507 2807 et
525 2782 686 2815 gubernanti
704 2782 769 2814 EpG
788 2786 813 2807 et
831 2782 883 2806 ab.

1054 281 1398 319 PHYSICORUM
1427 282 1776 319 ARISTOTELIS
1806 283 1900 320 LIB.
1931 283 1983 320 IV

1599 360 1741 397 Ultimo
1770 361 1842 398 ibi:
1877 362 1986 403 Quod
2016 362 2162 410 quidem
2197 363 2313 412 igitur
2339 369 2481 412 tempus
2509 371 2577 401 etc.
2598 394 2607 412 ,

1547 413 1708 461 epilogat
1735 411 1749 434 ὃ
1777 413 1919 450 dictum
1949 427 2030 451 esse
2059 415 2164 463 quod
2191 422 2342 465 tempus
2367 423 2432 464 est,
2463 424 2499 453 et
2516 417 2608 466 quid

1546 466 1601 512 sit,
1624 474 1660 503 et
1688 473 1781 515 quot
1809 466 1934 503 modis
1963 466 2096 504 dicitur
2124 479 2234 513 nunc,
2256 476 2292 505 et
2315 468 2406 517 quid
2426 469 2609 517 significet

1546 524 1633 555 tunc
1660 526 1696 555 et
1723 520 1834 556 modo
1864 527 1900 556 et
1927 519 2003 556 iam
2034 526 2070 556 et
2097 520 2186 556 olim
2215 528 2252 557 et
2279 527 2438 569 repente.

1597 583 1634 618 4.
1665 571 1813 609 Deinde
1843 584 1931 609 cum
1961 571 2063 609 dicit:
2091 573 2167 609 His
2194 579 2318 610 autem
2347 574 2452 610 nohis
2477 574 2531 610 sic
2548 574 2609 611 de-

1545 624 1750 661 terminatis
1779 632 1860 671 etc.,
1891 625 2053 662 ostendit
2085 625 2189 674 quod
2227 625 2352 663 omnis
2379 626 2538 663 mutatio
2563 626 2610 663 sit

1546 675 1584 712 in
1602 684 1787 725 tempore,
1808 677 1956 714 duabus
1980 677 2199 715 rationibus.
2221 679 2395 725 Quarum
2414 678 2538 727 prima
2555 686 2608 716 ta-

1545 728 1589 765 lis
1618 736 1683 766 est.
1706 731 1748 766 In
1776 730 1881 767 omni
1909 730 2117 767 mutatione
2152 731 2341 768 invenitur
2366 731 2537 768 velocius
2575 739 2610 768 et

1546 781 1704 819 tardius:
1742 782 1838 819 haec
1872 790 2000 820 autem
2038 783 2336 821 determinantur
2364 785 2384 805 *¹
2412 791 2608 832 tempore;

1547 834 1635 883 quia
1658 834 1828 871 velocius
1852 835 1986 872 dicitur
2010 837 2168 883 mutari,
2202 837 2306 886 quod
2339 843 2610 874 transmutatur

1545 886 1649 936 prius
1668 887 1716 924 ad
1735 887 2027 925 determinatum
2046 889 2252 926 terminum
2273 890 2485 927 secundum
2505 889 2607 926 idem

1546 939 1722 989 spatium.
1742 941 1796 977 Ita
1815 947 1943 978 tamen
1966 941 2071 990 quod
2095 941 2232 979 eadem
2261 942 2306 979 sit
2325 943 2454 990 regula
2471 942 2607 979 utrius-

1547 1005 1622 1041 que
1641 1000 1779 1040 motus,
1804 1001 1846 1030 ut
1863 993 1902 1030 in
1921 993 1992 1031 loci
2012 994 2220 1032 mutatione
2244 995 2290 1031 sit
2306 995 2327 1016 *
2345 1002 2505 1043 utraque
2524 1007 2608 1032 mu-

1545 1045 1635 1082 tatio
1669 1045 1868 1092 circularis,
1889 1054 1953 1084 aut
1978 1054 2138 1095 utraque
2167 1055 2278 1084 recta.
2307 1047 2347 1084 Si
2375 1055 2503 1084 autem
2530 1060 2609 1085 una

1546 1106 1644 1135 esset
1677 1099 1862 1135 circularis
1901 1106 1937 1136 et
1971 1099 2043 1136 alia
2080 1107 2200 1146 recta,
2230 1111 2309 1136 non
2346 1107 2501 1148 propter
2533 1101 2608 1138 hoc

1544 1151 1713 1189 velocius
1733 1159 1953 1189 moveretur
1980 1151 2086 1200 quod
2105 1151 2208 1200 prius
2230 1151 2378 1188 veniret
2405 1152 2453 1189 ad
2482 1152 2608 1190 termi-

1547 1217 1653 1241 num.
1670 1205 1720 1240 Et
1734 1203 1902 1241 similiter
1921 1204 2204 1252 intelligendum
2223 1204 2262 1241 in
2274 1204 2295 1225 '¹‘
2310 1203 2389 1241 aliis
2408 1205 2608 1252 generibus

1546 1256 1813 1294 mutationum.
1834 1256 2013 1305 Sequitur
2040 1257 2149 1304 igitur
2166 1257 2187 1278 ’¹‘
2205 1257 2311 1306 quod
2335 1257 2460 1295 omnis
2487 1265 2608 1295 muta-

1546 1309 1598 1346 tio
1618 1309 1663 1345 sit
1681 1309 1720 1346 in
1738 1316 1924 1358 ternpore.

1605 1363 1637 1398 5.
1660 1362 1878 1399 Secundam
1898 1361 2083 1398 rationem
2102 1362 2210 1411 ponit
2228 1362 2300 1399 ibi:
2328 1363 2382 1399 At
2396 1374 2487 1400 vero
2501 1363 2610 1412 prius

1547 1415 1584 1451 in
1622 1420 1788 1463 tempore
1815 1420 1869 1451 est
1904 1422 1993 1461 etc.;
2023 1422 2059 1452 et
2087 1415 2136 1452 ad
2168 1415 2243 1451 hoc
2269 1416 2512 1464 probandum
2539 1416 2610 1453 uti-

1546 1475 1607 1504 tur
1634 1467 1696 1504 tali
1733 1467 2009 1516 propositione:
2038 1467 2142 1516 prius
2179 1475 2216 1505 et
2241 1467 2429 1517 posterius
2457 1476 2544 1506 sunt
2571 1468 2610 1506 in

1546 1528 1732 1569 tempore.
1771 1520 1889 1567 Quod
1922 1519 2078 1569 quidem
2115 1519 2329 1558 manifestat
2364 1521 2440 1558 hoc
2476 1521 2608 1560 modo.

1546 1573 1655 1611 Prius
1684 1581 1720 1610 et
1737 1573 1924 1622 posterius
1944 1572 2078 1610 dicitur
2102 1573 2243 1622 aliquid
2265 1586 2334 1623 per
2355 1574 2376 1595 ’¹‘
2396 1574 2610 1613 distantiam

1546 1627 1595 1664 ad
1623 1627 1748 1675 ipsum
1777 1638 1895 1673 nunc,
1925 1626 2031 1675 quod
2059 1634 2115 1663 est
2145 1626 2329 1663 terminus
2356 1627 2545 1675 praeteriti
2573 1635 2611 1665 et

1546 1679 1676 1716 futuri:
1706 1679 1774 1716 secl
1793 1679 1875 1728 ipsa
1896 1679 1916 1700 *
1941 1691 2042 1716 nunc
2069 1686 2156 1716 sunt
2183 1679 2220 1716 in
2247 1687 2442 1728 ternpore:
2463 1692 2553 1728 ergo
2575 1688 2611 1718 et

1545 1732 1650 1782 prius
1666 1739 1702 1769 et
1720 1732 1910 1781 posterius
1929 1739 2016 1769 sunt
2029 1732 2067 1769 in
2082 1739 2255 1781 tempore
2270 1738 2292 1779 ‘3
2309 1732 2398 1781 quia
2412 1732 2450 1771 in
2470 1733 2609 1770 eodem

1546 1792 1697 1835 oportet
1731 1785 1835 1833 quod
1865 1784 1911 1822 sit
1938 1797 2039 1822 nunc
2072 1792 2108 1822 et
2136 1785 2309 1822 distantia
2341 1785 2458 1834 ipsius
2490 1798 2609 1834 nunc,

1545 1838 1641 1876 sicut
1677 1838 1716 1875 in
1756 1837 1895 1875 eodem
1934 1845 1989 1874 est
2020 1845 2205 1886 punctum
2235 1846 2272 1875 et
2303 1837 2476 1876 distantia
2512 1850 2610 1888 quae

1545 1891 1725 1939 accipitur
1743 1903 1812 1940 per
1831 1898 2045 1939 respectum
2064 1891 2084 1912 ’¹‘
2101 1890 2151 1928 ad
2170 1898 2376 1939 punctum3
2405 1898 2611 1941 utrumque

1547 1944 1648 1981 enim
1678 1951 1733 1980 est
1760 1943 1798 1980 in
1830 1943 1938 1980 linea.
1965 1944 2014 1980 Et
2035 1943 2123 1992 quia
2148 1943 2291 1980 dixerat
2313 1943 2418 1992 quod
2440 1944 2545 1993 prius
2575 1951 2612 1981 et

1544 1997 1732 2046 posterius
1755 1996 2052 2034 determinantur
2075 2008 2145 2045 per
2169 1996 2381 2033 distantiam
2409 1998 2457 2034 ad
2485 1996 2613 2046 ipsum

1545 2063 1657 2098 nune,
1674 2049 1836 2087 ostendit
1850 2049 2048 2098 quomodo
2067 2050 2142 2086 hoc
2157 2049 2202 2086 sit
2217 2062 2236 2086 e
2253 2061 2437 2087 converso
2453 2049 2491 2086 in
2503 2062 2612 2099 prae-

1546 2103 1661 2140 teritis
1690 2110 1726 2139 et
1753 2102 1906 2139 futuris:
1936 2102 2024 2151 quia
2051 2102 2093 2138 in>
2118 2102 2318 2151 praeterito
2349 2102 2481 2139 dicitur
2507 2102 2611 2152 prius

1547 2156 1652 2204 quod
1681 2162 1736 2192 est
1763 2155 1944 2191 remotius
1964 2155 2012 2191 ab
2031 2154 2115 2203 ipso
2139 2167 2257 2202 nunc,
2276 2155 2464 2204 posterius
2483 2163 2611 2193 autem

1549 2208 1653 2258 quod
1673 2216 1729 2245 est
1747 2207 2017 2257 propinquius;
2046 2207 2084 2244 in
2113 2207 2238 2244 futuro
2259 2215 2387 2245 autem
2407 2216 2462 2245 est
2481 2221 2502 2245 e
2522 2220 2612 2246 con-

1548 2273 1673 2299 verso.
1692 2261 1732 2298 Si
1752 2273 1840 2308 ergo
1855 2262 1875 2282 ’¹‘
1889 2261 1992 2310 prius
2013 2268 2050 2297 et
2066 2260 2254 2310 posterius
2273 2261 2411 2298 suntin
2426 2268 2610 2310 tempore,

1549 2315 1598 2352 ad
1618 2326 1775 2351 omnem
1795 2321 1922 2350 autem
1946 2321 2095 2351 motum
2119 2313 2287 2363 sequitur
2304 2314 2408 2363 prius
2433 2321 2469 2351 et
2486 2322 2612 2364 poste-

1550 2367 1637 2415 rius,
1654 2379 1808 2404 necesse
1829 2374 1884 2403 est
1902 2366 2005 2415 quod
2021 2366 2146 2404 omnis
2161 2374 2288 2404 motus
2307 2367 2353 2404 sit
2370 2367 2410 2404 in
2423 2375 2609 2416 tempore.

1603 2532 1627 2566 ὂ)
1651 2533 1776 2558 OEtimo...
1795 2533 1947 2566 epilogat.—
1965 2533 2063 2558 Ultimo
2081 2535 2170 2557 autem
2195 2531 2313 2565 epilogat
2331 2532 2406 2557 codd.
2426 2537 2451 2557 et
2468 2532 2520 2558 ab.
2533 2532 2610 2562 -1bi‚

1550 2569 1614 2601 quid
1631 2569 1763 2602 significet
1781 2572 1851 2598 tunc,
1867 2568 1932 2600 quid
1949 2568 2079 2601 significet
2096 2570 2122 2592 et
2141 2570 2204 2592 tunc
2222 2567 2266 2596 Pb,
2285 2567 2350 2599 q'uid
2374 2567 2524 2600 significent
2542 2575 2612 2593 nunc

1550 2605 1579 2634 B,
1592 2604 1657 2636 quid
1674 2604 1825 2637 significent
1844 2607 1906 2629 tunc
1925 2603 2036 2632 FGHM;
2053 2611 2099 2635 pro
2114 2603 2200 2632 modo,
2220 2602 2327 2635 quando
2345 2603 2409 2636 Epo
2428 2608 2454 2628 et
2467 2610 2492 2634 a;
2505 2603 2528 2628 R
2545 2603 2612 2636 quid

1550 2639 1699 2672 significent
1718 2642 1787 2668 tunc,
1804 2639 1890 2667 modo,
1910 2639 1972 2666 iam.
1991 2639 2061 2668 olim,
2082 2641 2196 2670 repente.

1601 2675 1623 2708 ε)
1644 2681 1708 2707 ergo
1727 2678 1752 2699 et
1770 2675 1850 2706 prius
1874 2677 1900 2699 et
1920 2674 2054 2706 posterius
2077 2676 2139 2698 sunt
2164 2674 2189 2698 in
2215 2677 2341 2705 tempore.
2359 2687 2377 2692 -
2396 2674 2466 2698 Haec
2490 2681 2544 2698 om.
2564 2673 2608 2698 ΡΙ)

1550 2710 1615 2743 TpA
1635 2714 1660 2734 et
1678 2710 1709 2738 b;
1728 2709 1794 2741 QpE
1819 2714 1844 2734 et
1867 2717 1885 2734 a
1908 2709 2003 2734 habent
2028 2709 2111 2733 adhuc
2136 2709 2261 2733 maiorem
2287 2709 2334 2733 lac.
2359 2708 2446 2742 Pergit
2464 2709 2483 2733 Ρ
2502 2708 2565 2742 quia
2584 2709 2610 2734 in

1552 2745 1642 2770 eodem
1661 2748 1688 2769 et
1706 2745 1834 2770 distantia
1860 2745 1942 2777 ipsius
1961 2751 2031 2770 nunc
2053 2747 2158 2776 oportet
2181 2744 2252 2777 quod
2269 2743 2305 2769 sit
2324 2751 2406 2774 nunc,
2425 2751 2513 2770 errore
2535 2748 2611 2778 typo-

1551 2780 1683 2813 graphico.

1022 3101 2029 3154 —---—*fi}215<r*—-—

2636 793 2647 805 ⁸
2660 793 2704 815 hoc
2714 795 2791 816 autem
2806 795 2847 818 de-

2636 821 2776 868 {mnam
2802 826 2861 845 m

2636 1004 2646 1013 ⁶
2660 1003 2683 1025 εἰ
2695 1003 2727 1025 eit
2739 1009 2798 1027 run.

2634 1213 2647 1225 ⁸
2656 1212 2686 1236 de
2694 1214 2760 1242 raab,
2771 1217 2807 1237 eet
2818 1214 2851 1239 de

2634 1245 2705 1262 nnn.

2635 1271 2646 1283 ⁸
2660 1270 2720 1294 enlm
2734 1277 2804 1295 mua.

2636 1585 2648 1596 ⁸
2658 1587 2759 1614 propter
2777 1585 2848 1609 codd.
2868 1580 2869 1583 ¹

2637 1617 2688 1634 ue.
2706 1617 2773 1634 mn.

2637 1690 2737 1719 ⁸lpm
2750 1697 2773 1713 r.

2638 1901 2649 1912 ⁸
2659 1901 2684 1922 r'n
2693 1902 2799 1929 respectu
2808 1906 2848 1923 σο-

2639 1926 2702 1949 ἀὶσοι
2716 1932 2766 1949 exc.
2782 1932 2835 1949 ιοι.
2864 1931 2866 1933 ’

2637 2270 2648 2282 ⁸
2662 2269 2718 2298 quia
2732 2269 2786 2292 add.
2800 2275 2823 2291 r.
