2950 4004
36 506 48 517 ⁸
61 505 130 527 Num.
145 510 193 531 seq.

38 868 50 878 ⁸
63 873 115 888 ene
126 867 195 888 talem
205 866 251 887 sci-

38 894 94 915 licet
106 899 153 922 orn.
168 892 235 914 codd.

37 1183 49 1194 ⁸
62 1182 126 1211 quod
134 1189 181 1204 om.
191 1187 249 1203 ntro

38 1214 138 1232 murz.

31 1282 50 1298 ‘⁸
68 1286 250 1315 syllogizat-etur

0 1306 2 1308 ’
36 1313 72 1335 rb.

0 2386 6 2411 5

0 2420 8 2456 Ξ

0 2458 13 2591 ἓ

0 2601 7 2628 ’ἱ

1106 207 1216 243 CAP.
1248 206 1316 251 IX,
1347 205 1497 241 LECT.
1527 206 1608 261 xv.

273 281 451 324 assimilat
487 285 746 322 necessitatem
788 297 885 332 quae
923 292 979 320 est
1015 284 1053 320 in
1091 283 1329 331 generatione

274 351 400 376 rerum
428 337 670 384 naturalium,
700 337 909 373 necessitati
937 348 1034 385 quae
1065 343 1120 372 est
1147 335 1185 371 in
1213 335 1330 371 scien-

273 391 332 429 tiis
370 390 684 428 demonstrativis.
723 390 771 425 Et
807 389 931 437 primo
969 395 1152 437 quantum
1190 387 1237 423 ad
1273 398 1331 422 or-

276 444 402 481 dinem
431 442 669 487 necessitatis,
691 441 858 478 secundo
887 448 1070 489 quantum
1095 440 1142 476 ad
1170 439 1207 475 id
1226 439 1330 486 quod

277 504 332 533 est
359 495 587 532 necessitatis
606 494 843 552 principium,
864 493 931 528 ibi:
950 493 1001 528 Et
1006 492 1102 540 finzs
1121 492 1221 539 quod
1239 497 1292 527 est
1310 492 1330 512 ‘³⁴

277 557 345 585 etc.
380 547 478 585 Dicit
506 559 593 594 ergo
622 546 747 594 primo
790 544 894 593 quod
922 544 1046 592 aliquo
1080 545 1197 580 modo
1231 543 1331 579 simi-

276 602 357 638 liter
383 599 571 637 invenitur
602 597 857 635 necessarium
897 596 935 632 in
971 595 1133 632 scientiis
1172 597 1328 632 demon-

277 652 447 699 strativis,
478 659 514 688 et
532 651 569 687 in
587 651 631 686 iis
659 662 756 697 quae
784 656 1010 697 generantur
1037 649 1247 684 secundum
1267 661 1331 684 na-

276 714 411 743 turam.
442 703 633 741 Invenitur
661 702 821 738 enimin
840 700 1000 747 scienti-is
1029 701 1332 737 demonstrativis

277 756 530 794 necessarium
551 767 573 790 a
590 754 716 802 priori,
746 753 840 790 sicut
867 753 897 790 si
926 753 1095 790 dicamus
1121 752 1225 800 quod
1245 753 1333 801 quia

278 807 444 847 definitio
473 806 561 844 recti
590 806 715 853 anguli
744 813 799 842 est
825 806 922 852 talis,
958 817 1111 841 necesse
1141 812 1195 841 est
1222 806 1332 842 trian-

276 862 404 909 gulum
421 871 502 896 esse
517 860 643 905 talem,
660 858 798 894 scilicet
812 859 832 879 ²²²
847 859 988 894 habere
1002 865 1075 894 tres
1095 857 1252 905 angulos
1272 870 1332 894 ae-

276 914 406 962 quales
426 911 576 948 duobus
596 910 715 947 rectis.
737 912 794 947 Ex
812 910 874 947 illo
905 922 992 958 ergo
1017 910 1132 958 priori
1152 910 1257 959 quod
1276 923 1332 946 as-

276 965 435 1002 sumitur
470 972 511 1000 ut
548 963 794 1012 principium,
822 962 998 1012 provenit
1033 974 1077 998 ex
1113 962 1333 999 necessitate

277 1017 480 1054 conclusio.
498 1016 574 1053 Sed
593 1028 672 1052 non
691 1015 858 1064 sequitur
877 1028 898 1051 e
918 1027 1116 1061 converso,
1133 1015 1163 1051 si
1183 1016 1333 1051 conclu-

277 1070 332 1106 sio
371 1077 436 1116 est,
466 1069 569 1117 quod
596 1067 824 1116 principium
852 1068 914 1113 sit;
939 1067 1028 1116 quia
1056 1068 1259 1116 aliquando
1289 1080 1334 1104 ex

276 1122 376 1164 falsis
407 1120 729 1170 propositionibus
753 1127 877 1168 potest
904 1119 1113 1168 syllogizari
1142 1120 1333 1156 conclusio

276 1187 378 1212 vera.
414 1174 490 1211 Sed
527 1181 654 1209 tamen
691 1173 858 1220 sequitur
889 1173 993 1221 quod
1022 1174 1042 1194 *²
1079 1172 1109 1209 si
1143 1172 1333 1209 conclusio

277 1240 355 1264 non
384 1234 449 1273 est,
470 1225 574 1274 quod
602 1237 726 1274 neque
745 1225 972 1273 principium
991 1225 1242 1273 praemissum
1271 1225 1332 1270 sit;

277 1279 366 1328 quia
385 1279 520 1317 falsum
541 1289 736 1325 nunquam
757 1277 993 1325 syllogizatur
1021 1278 1041 1298 '²⁶
1067 1277 1137 1314 nisi
1162 1289 1206 1313 ex
1226 1278 1330 1313 falso.

225 1363 227 1365 .
278 1332 355 1368 Sed
383 1331 421 1372 in
441 1330 483 1367 iis
508 1331 603 1379 quae
623 1330 719 1367 fiunt
737 1337 892 1378 propter
914 1329 1074 1378 aliquid,
1095 1330 1173 1366 sive
1201 1342 1334 1366 secun-

0 1877 5 1895 ,
37 1864 49 1876 ⁴
63 1863 132 1885 etiam
150 1863 202 1888 add.
221 1870 249 1885 Αε

0 1900 3 1903 -
37 1896 53 1912 x

0 1936 4 1943 L
37 1922 67 1944 at*

55 1894 132 1916 051-va
148 1895 204 1916 con,
226 1894 248 1911 et

76 1916 117 1944 qui
145 1916 197 1938 add.
212 1923 232 1938 s.

39 2544 51 2555 ⁴*
59 2543 147 2565 seilicet
156 2549 203 2564 om.
214 2549 248 2564 εῦ.

0 2703 10 2710 ’
40 2704 120 2732 'quod
127 2710 174 2725 om.
183 2703 250 2724 codd.

40 2734 61 2752 et
76 2731 112 2751 ab.

39 2758 62 2768 ’ν’
69 2757 104 2784 fit
116 2761 251 2778 consonuit«

41 2790 56 2804 0

58 2783 98 2808 qb.

40 2809 113 2830 'erit
124 2814 160 2829 m.

0 2832 5 2838 ν
41 2835 91 2856 ‘sit
97 2834 165 2856 codd.
176 2840 224 2855 exc.
235 2839 250 2855 1.

41 2970 118 3018 :lenis
131 2975 220 2997 1²⁸1pr
230 2973 251 2990 et

278 1384 370 1421 dum
385 1390 504 1420 artem
519 1383 599 1419 sive
614 1382 825 1419 secundum
844 1389 1029 1430 naturam,
1047 1395 1067 1418 e
1092 1394 1277 1418 converso
1294 1394 1334 1418 se

277 1437 406 1473 habet:
427 1435 515 1484 quia
542 1434 572 1471 si
599 1435 685 1471 finis
705 1434 772 1470 erit
791 1442 855 1471 aut
878 1442 944 1481 est,
969 1447 1124 1471 necesse
1149 1442 1203 1471 est
1231 1434 1335 1482 quod

277 1497 333 1525 est
360 1495 446 1524 ante
473 1488 591 1524 finem
611 1487 779 1523 futurum
809 1498 890 1523 esse
909 1495 973 1523 aut
1002 1499 1094 1524 esse.
1117 1487 1156 1523 Si
1183 1487 1335 1523 veroid

262 1540 381 1589 'quod
414 1547 469 1576 est
496 1546 580 1575 ante
615 1537 734 1574 finem
762 1551 840 1575 non
869 1546 942 1586 est,
973 1551 1096 1587 neque
1129 1540 1216 1575 finis
1246 1539 1332 1575 erit:

277 1593 371 1628 sicut
393 1592 432 1628 in
451 1590 766 1638 demonstrativis,
787 1591 818 1627 si
846 1603 924 1627 non
952 1591 998 1627 sit
1026 1592 1228 1637 conclusio,
1257 1603 1334 1628 non

277 1644 344 1680 erit
374 1643 614 1692 principium.
641 1643 702 1679 Sic
725 1643 834 1690 igitur
859 1650 962 1692 patet
989 1643 1093 1691 quod
1114 1643 1153 1679 in
1174 1643 1216 1679 iis
1237 1655 1333 1690 quae

275 1697 372 1733 fiunt
389 1703 543 1745 propter
572 1696 706 1742 finem,
729 1695 893 1732 eundem
914 1695 1086 1732 ordinem
1106 1703 1207 1732 tenet
1225 1695 1332 1742 finis,

277 1761 392 1798 quern
411 1756 511 1785 tenet
537 1747 764 1796 principium
783 1748 822 1784 in
850 1748 1164 1784 demonstrativis.
1187 1749 1235 1784 Et
1259 1748 1333 1784 hoc

275 1802 362 1839 ideo
383 1801 470 1849 quia
494 1800 606 1838 etiarn
630 1800 716 1836 finis
743 1808 799 1836 est
819 1800 1056 1849 principium,
1079 1812 1158 1836 non
1177 1800 1332 1848 quidem

275 1854 451 1900 actionis,
481 1853 548 1890 sed
562 1854 597 1875 '⁹¹²
617 1852 924 1899 ratiocinationis3
950 1853 1038 1901 quia
1057 1865 1079 1889 a
1098 1853 1174 1889 fine
1204 1853 1332 1901 incipi—

276 1911 362 1943 mus
381 1905 591 1942 ratiocinari
621 1906 667 1942 de
687 1905 730 1942 iis
758 1918 854 1954 quae
875 1913 961 1942 sunt
980 1905 1028 1942 ad
1047 1906 1181 1942 finem:
1203 1905 1240 1941 in
1267 1906 1331 1942 de-

276 1958 530 2001 monstrativis
572 1965 699 1994 autem
741 1970 819 1994 non
861 1958 1062 1995 attenditur
1105 1958 1331 2006 principium

276 2019 392 2058 actus,
413 2011 481 2047 sed
499 2010 810 2055 ratiocinationis;
841 2010 929 2059 quia
956 2011 994 2047 in
1029 2011 1332 2047 demonstrativis

275 2076 354 2100 non
368 2063 641 2109 suntactiones,
654 2063 721 2099 sed
736 2062 1036 2099 ratiocinationes
1051 2070 1208 2099 tantum.
1221 2064 1332 2100 Unde

277 2115 546 2152 convenienter
564 2114 649 2150 finis
669 2114 707 2151 in
729 2114 773 2150 iis
793 2126 889 2162 quae
909 2115 1005 2151 fiunt
1027 2122 1182 2163 propter
1201 2116 1330 2161 finem,

276 2175 377 2205 tenet
395 2169 522 2204 locum
549 2166 721 2215 principii
744 2167 848 2215 quod
869 2174 924 2203 est
950 2167 988 2204 in
1017 2167 1331 2210 demonstrativis.

275 2221 386 2258 Unde
415 2219 615 2256 similitudo
654 2227 708 2255 est
740 2219 960 2268 utrobique3
990 2220 1166 2268 quamvis
1195 2232 1215 2256 e
1245 2232 1333 2256 con-

276 2285 387 2310 verso
417 2284 456 2308 se
483 2271 657 2308 videatur
685 2272 824 2309 habere
847 2280 1001 2320 propter
1029 2273 1102 2308 hoc
1122 2274 1224 2321 quod
1244 2273 1329 2309 finis

276 2333 331 2362 est
358 2325 533 2361 ultimum
561 2324 598 2360 in
626 2324 795 2372 actione,⁷
814 2324 919 2372 quod
946 2325 984 2361 in
1014 2325 1332 2361 demonstratione

275 2390 353 2415 non
382 2385 449 2414 est.
1072 2392 1074 2396 ’

330 2429 391 2467 Sic
422 2429 532 2477 igitur
551 2429 756 2466 „concludit
793 2429 897 2478 quod
926 2429 956 2465 si
984 2430 1120 2466 debeat
1151 2430 1233 2466 fieri
1269 2431 1334 2466 do-

276 2495 374 2529 mus,
399 2482 503 2530 quod
532 2489 586 2518 est
607 2481 976 2529 finis-generationis,
1003 2495 1156 2519 necesse
1182 2491 1237 2519 est
1261 2483 1335 2518 hoc

275 2534 358 2572 fieri
373 2542 437 2571 aut
449 2533 710 2582 praeexistere,
727 2534 863 2571 scilicet
877 2536 896 2555 *¹
909 2535 1119 2582 materiam,
1136 2547 1234 2583 quae
1248 2548 1335 2583 pro-

275 2595 360 2636 pter
386 2588 504 2623 finem
543 2594 612 2631 est;
641 2587 735 2623 sieut
771 2588 904 2624 lateres
934 2595 969 2623 et
1004 2587 1146 2635 lapides
1181 2600 1334 2624 necesse

278 2647 334 2676 est
355 2639 604 2687 praeexistere
624 2639 653 2675 si
673 2640 810 2676 domus
840 2639 951 2676 debet
978 2640 1070 2676 fieri.
1093 2641 1184 2676 Non
1207 2648 1335 2676 tamen

279 2692 382 2740 quod
399 2692 418 2712 ’¹‘
432 2691 517 2728 finis
533 2691 578 2727 sit
593 2691 635 2712 ⁴*
654 2697 809 2740 propter
824 2692 1033 2739 materiam,
1049 2693 1116 2728 sed
1132 2705 1209 2729 non
1225 2693 1291 2729 erit
1306 2693 1335 2729 si

279 2744 435 2781 materia
454 2756 532 2780 non
551 2743 596 2780 sit
611 2745 647 2790 *3
669 2743 763 2781 sicut
782 2745 920 2782 domus
940 2757 1018 2781 non
1039 2745 1105 2781 erit
1121 2745 1150 2781 si
1167 2758 1245 2782 non
1265 2746 1336 2782 sint

278 2796 446 2848 lapides„
463 2804 499 2832 et
527 2808 629 2833 serra
647 2809 726 2833 non
746 2797 813 2833 erit
841 2796 871 2833 si
895 2809 972 2833 non
1006 2797 1114 2834 fuerit
1133 2798 1152 2818 *
1172 2798 1334 2834 ferrum:

279 2849 367 2897 quia
396 2857 431 2885 et
459 2849 497 2885 in
526 2849 687 2886 scientiis
717 2850 1019 2886 demonstrativis
1046 2850 1228 2898 principia
1257 2863 1336 2887 non

278 2909 364 2938 sunt
400 2901 430 2938 si
459 2902 650 2938 conclusio
689 2914 766 2938 non
803 2902 867 2948 sit,
906 2914 1003 2949 quae
1041 2903 1266 2939 assimilatur
1293 2903 1336 2939 iis

278 2966 376 3002 quae
404 2961 490 2990 sunt
508 2954 555 2991 ad
575 2954 704 3001 finem,
735 2955 828 2991 sicut
845 2954 1071 3003 principium
1099 2955 1166 2992 fini
1185 2955 1217 3002 ²¹²,
1243 2956 1338 2992 sicut

279 3006 421 3044 dictum
450 3014 515 3043 est.
555 3007 617 3043 Sic
653 3007 762 3054 igitur
794 3007 1035 3044 manifestum
1074 3016 1128 3044 est
1166 3009 1270 3056 quod
1298 3008 1336 3045 in

279 3058 392 3095 rebus
411 3059 642 3095 naturalibus
671 3060 803 3096 dicitur
832 3073 913 3096 esse
934 3061 1200 3107 necessarium,
1231 3061 1334 3109 quod

280 3123 319 3147 se
338 3111 452 3147 habet
469 3123 538 3160 per
556 3112 717 3149 modum
746 3113 924 3149 materiae
942 3114 1004 3150 vel
1033 3113 1232 3150 materialis
1253 3126 1334 3150 mo-

279 3170 358 3199 tus:
390 3170 424 3199 et
452 3163 543 3200 ratio
572 3164 683 3201 huius
711 3165 940 3202 necessitatis
970 3173 1024 3202 est
1053 3177 1096 3202 ex
1124 3166 1219 3212 fine;
1248 3178 1335 3214 pro-

2393 219 2440 254 99

1385 290 1468 330 pter
1491 283 1610 319 finem
1640 283 1740 320 enim
1769 283 2023 320 necessarium
2054 291 2108 320 est
2136 296 2216 320 esse
2246 283 2442 320 materiam

1384 335 1511 371 talem.
1533 336 1582 371 Et
1596 335 1773 372 naturalis
1793 336 1948 383 quidem
1971 336 2157 383 assignare
2178 337 2290 373 debet
2303 344 2442 372 utram-

1385 399 1458 434 que
1480 399 1644 434 causam,
1665 386 1802 424 scilicet
1821 388 2053 424 materialem
2082 397 2117 425 et
2142 390 2161 409 ²⁸
2180 390 2346 435 finalem,
2377 389 2444 426 sed

1385 439 1504 486 magis
1532 439 1698 486 finalem,
1720 440 1808 488 quia
1840 441 1925 477 finis
1955 448 2009 477 est
2029 453 2140 477 causa
2165 441 2354 487 materiae,
2376 441 2443 477 sed

1386 503 1464 527 non
1490 503 1509 527 e
1530 503 1727 528 converso.
1747 494 1836 528 Non
1857 493 1957 529 enim
1978 493 2062 529 finis
2083 501 2138 530 est
2157 493 2236 530 talis
2257 493 2343 541 quia
2363 506 2441 529 ma-

1385 543 1477 579 teria
1506 551 1561 579 est
1588 543 1689 580 talis:
1725 545 1790 581 sed
1819 545 1944 592 potius
1973 546 2128 583 materia
2161 553 2215 582 est
2247 546 2327 582 talis
2356 546 2444 593 quia

1386 595 1471 631 finis
1501 604 1555 631 est
1582 596 1675 643 talis,
1705 604 1746 632 ut
1775 596 1915 633 dictum
1945 605 1999 634 est
2027 599 2058 634 ⁹²⁴.

1440 648 1475 683 6.
1506 648 1653 684 Deinde
1683 661 1769 684 cum
1799 649 1907 686 dicit:
1936 651 1987 685 Et
2001 651 2111 697 finis,
2141 651 2242 698 quod
2271 656 2324 686 est
2351 658 2442 697 etc.,

1387 700 1566 737 assimilat
1593 701 1854 738 necessitatem
1883 703 2060 739 naturalis
2098 702 2349 750 generationis
2378 715 2442 739 ne-

1387 752 1546 789 cessitati
1574 753 1813 790 scientiarum
1850 754 2242 801 demonstrativarum,
2261 763 2443 803 quantum

1387 805 1436 841 ad
1454 805 1492 841 id
1516 806 1620 852 quod
1650 814 1704 842 est
1732 807 1978 843 necesssitatis
2006 807 2245 856 principium.
2286 807 2443 843 Manife-

1388 865 1486 893 stum
1520 865 1575 894 est
1603 858 1703 894 enirn
1732 860 1836 906 quod
1865 859 1901 895 in
1930 859 2090 896 scientiis
2120 860 2442 906 demonstrativis,

1387 909 1611 957 principium
1650 911 1979 948 demonstrationis
2018 920 2072 948 est
2106 912 2289 948 definitio:
2326 920 2361 948 et
2398 912 2444 948 si-

1388 961 1525 998 militer
1553 962 1651 1020 finis,
1672 963 1736 1010 qui
1755 964 1774 983 '¹‘
1795 971 1849 1000 est
1867 964 2096 1012 principium
2118 972 2153 1000 et
2172 964 2264 1000 ratio
2285 965 2444 1000 necessi-

1387 1013 1469 1050 tatis
1504 1014 1542 1050 in
1578 1015 1621 1050 iis
1659 1027 1755 1073 quae
1791 1016 1886 1052 fiunt
1919 1017 2129 1053 secundum
2171 1024 2360 1063 naturam,
2391 1025 2446 1053 est

1387 1066 1583 1115 quoddam
1611 1067 1839 1126 principium
1857 1077 2062 1127 sumptum
2091 1082 2112 1105 a
2142 1069 2284 1105 ratione
2320 1077 2355 1106 et
2383 1070 2444 1106 de-

1388 1119 1574 1164 finitione·
1603 1119 1688 1156 finis
1717 1120 1818 1156 enim
1847 1121 2096 1168 generationis
2131 1130 2186 1157 est
2214 1122 2336 1158 forma
2363 1135 2445 1171 spe-

1389 1171 1475 1230 ciei,
1511 1184 1627 1220 quam
1657 1172 1839 1219 significat
1867 1173 2047 1210 definitio.
2069 1175 2118 1210 Et
2145 1175 2219 1210 hoc
2240 1175 2351 1210 etiam
2379 1187 2444 1223 pa-

1388 1230 1439 1260 tet
1467 1225 1504 1260 in
1533 1224 1805 1261 artificialibus:
1842 1225 1936 1261 sicut
1968 1226 2069 1261 enirn
2099 1226 2376 1262 demonstrator
2408 1228 2446 1263 in

1390 1274 1687 1313 demonstrando
1707 1272 1840 1326 accipit
1860 1278 2119 1314 definitionem
2139 1286 2179 1314 ut
2206 1279 2444 1327 principium,

1388 1329 1439 1365 ita
1467 1336 1503 1365 et
1531 1329 1750 1366 aedificator
1783 1330 1820 1366 in
1858 1330 2112 1376 aedificando,
2143 1338 2178 1367 et
2211 1332 2380 1368 medicus
2409 1332 2446 1367 in

1389 1381 1577 1428 sanand03
1598 1389 1640 1419 ut
1667 1382 1755 1430 quia
1782 1382 1862 1419 talis
1891 1390 1946 1421 est
1966 1383 2133 1420 definitio
2164 1383 2311 1430 domus,
2334 1396 2446 1432 opor-

1389 1440 1439 1470 tet
1472 1434 1546 1470 hoc
1573 1434 1655 1470 fieri
1690 1442 1725 1470 et
1753 1447 1835 1471 esse
1870 1435 1918 1472 ad
1954 1435 2028 1472 ho‘c
2056 1436 2160 1484 quod
2193 1436 2330 1472 domus
2358 1437 2443 1473 fiat:

1390 1493 1425 1522 et
1453 1486 1540 1534 quia
1567 1487 1662 1522 haec
1695 1494 1749 1523 est
1782 1487 1950 1524 definitio
1983 1487 2167 1535 sanitatis,
2198 1497 2345 1537 oportet
2372 1490 2446 1525 hoc

1388 1539 1469 1574 fieri
1496 1539 1544 1575 ad
1572 1539 1646 1574 hoc
1665 1539 1768 1586 quod
1789 1539 1921 1587 aliquis
1950 1547 2120 1577 sanetur:
2152 1549 2187 1577 et
2206 1542 2235 1577 si
2255 1542 2349 1578 haec
2371 1542 2390 1562 ᾖ
2410 1549 2446 1578 et

1387 1590 1468 1637 illa,
1502 1603 1701 1639 quousque
1732 1593 1973 1639 perveniatur
2010 1593 2056 1629 ad
2093 1593 2154 1629 illa
2191 1606 2288 1642 quae
2318 1594 2445 1631 fienda

1388 1650 1484 1678 sunt.
1516 1643 1705 1690 Contingit
1733 1652 1860 1680 autem
1889 1645 2118 1693 quandoque
2138 1645 2176 1681 in
2196 1646 2356 1682 scientiis
2381 1647 2444 1683 de-

1387 1695 1642 1731 monstrativis
1681 1695 1865 1744 triplicem
1910 1709 1991 1734 esse
2030 1697 2301 1735 definitionem.
2342 1699 2444 1745 Qua-

1386 1759 1472 1783 rum
1491 1759 1568 1783 una
1588 1755 1643 1784 est
1668 1748 1996 1786 demonstrationis
2016 1750 2253 1798 principium,
2274 1758 2314 1787 ut
2333 1752 2443 1787 haec:

1386 1800 1589 1836 tonitruum
1618 1806 1672 1836 est
1701 1801 1874 1837 extinctio
1903 1803 2000 1851 ignis
2029 1803 2065 1838 in
2087 1804 2183 1839 nube
2203 1805 2234 1838 Q:
2255 1804 2444 1851 quaedam

1385 1864 1478 1888 vero
1514 1852 1844 1890 demonstrationis
1883 1855 2092 1902 conclusio,
2127 1863 2168 1891 ut
2203 1856 2318 1892 haec:
2354 1857 2444 1892 toni-

1386 1910 1511 1941 truum
1540 1910 1594 1941 est
1619 1906 1813 1942 continuus
1840 1919 1952 1943 sonus
1981 1908 2017 1943 in
2047 1908 2226 1944 nubibus.-
2255 1909 2443 1956 quaedam

1386 1969 1479 1994 vero
1500 1958 1759 2006 complectitur
1777 1966 1980 2008 utrumque
2002 1961 2032 2006 ᾗ,
2054 1967 2094 1996 ut
2112 1961 2221 1996 haec:
2243 1961 2444 1997 tonitruum
2474 1972 2483 1981 ·

1386 2015 1440 2045 est
1469 2011 1664 2047 continuus
1691 2023 1804 2048 sonus
1832 2013 1868 2048 in
1903 2013 2060 2049 nubibus
2072 2019 2228 2060 propter
2255 2014 2444 2050 extinctio-

1387 2074 1471 2098 nem
1500 2063 1597 2111 ignis
1617 2063 1654 2099 in
1678 2065 1775 2100 nube
1783 2078 1796 2108 ‚·
1817 2073 1852 2100 et
1870 2065 1965 2101 haec
1994 2065 2280 2113 comprehendit
2300 2066 2319 2086 '¹‘
2338 2066 2376 2102 in
2405 2079 2443 2102 se

1386 2122 1505 2151 totam
1539 2115 1901 2153 demonstrationem
1939 2118 2082 2165 absque
2117 2119 2444 2155 demonstrationis

1387 2167 1537 2203 ordine:
1558 2168 1658 2204 unde
1674 2169 1712 2204 in
1727 2170 1741 2204 I
1756 2170 1895 2206 Poster.
1910 2171 1929 2191 ³²
1946 2170 2078 2207 dicitur
2097 2172 2200 2218 quod
2221 2171 2387 2207 definitio
2403 2172 2446 2192 ³¹⁸*

1388 2226 1442 2255 est
1462 2219 1730 2257 demonstratio
1750 2222 1936 2270 positione
1958 2223 2144 2260 differens.
2163 2224 2262 2270 Quia
2281 2223 2388 2271 igitur
2406 2224 2445 2260 in

1387 2271 1429 2307 iis
1463 2284 1559 2331 quae
1594 2273 1691 2309 fiunt
1720 2281 1875 2322 propter
1910 2275 2052 2322 finem,-
2088 2276 2173 2312 finis
2201 2289 2241 2312 se
2268 2277 2383 2312 habet
2405 2284 2446 2313 ut

1386 2323 1614 2372 principium
1644 2325 1682 2361 in
1711 2326 2014 2370 demonstrativis
2045 2331 2075 2375 ²³3
2098 2336 2133 2364 et
2162 2341 2206 2364 ea
2235 2341 2331 2377 quae
2360 2337 2445 2366 sunt

1388 2376 1436 2413 ad
1472 2377 1590 2413 finem
1637 2378 1732 2417 sicut
1760 2380 1975 2438 conclusi03
2006 2381 2117 2418 etiam
2155 2381 2193 2418 in
2227 2381 2444 2418 definitione

1389 2442 1515 2465 rerum
1539 2428 1764 2467 naturalium
1793 2431 1981 2469 invenitur
2004 2433 2041 2470 id
2062 2434 2166 2482 quod
2196 2442 2250 2470 est
2275 2445 2445 2470 necessa-

1389 2482 1486 2518 rium
1513 2489 1669 2531 propter
1695 2484 1824 2520 finem.
1861 2485 1900 2521 Si
1934 2485 2034 2521 enim
2063 2485 2195 2534 aliquis
2223 2486 2312 2523 velit
2334 2487 2354 2506 *
2383 2487 2444 2523 de-

1388 2534 1495 2571 finire
1525 2548 1622 2583 opus
1656 2548 1792 2583 serrae,
1827 2537 2009 2585 quoniam
2042 2546 2102 2581 est*
2129 2538 2210 2575 talis
2244 2539 2377 2575 divisio
2408 2540 2443 2584 *3

1389 2599 1485 2635 quae
1505 2588 1661 2636 quidem
1682 2601 1759 2625 non
1780 2590 1846 2625 erit
1866 2590 1934 2626 nisi
1954 2591 2091 2628 hab'eat
2111 2590 2241 2627 dentes
2249 2608 2275 2638 ,v
2284 2591 2347 2639 qui
2367 2604 2445 2627 non

1390 2647 1498 2676 erunt
1526 2641 1600 2689 apti
1629 2641 1677 2677 ad
1706 2641 1953 2679 dividendum
1982 2643 2051 2679 nisi
2079 2643 2151 2679 sint
2174 2643 2302 2679 ferrei:
2333 2656 2444 2692 opor-

1389 2693 1480 2738 tebit
1507 2692 1545 2729 in
1574 2693 1791 2730 definitione
1826 2707 1950 2731 serrae
1981 2708 2124 2744 ponere
2160 2696 2310 2732 ferrum.
2342 2696 2445 2732 Nihil

1388 2745 1492 2781 enim
1510 2746 1687 2793 prohibet
1704 2746 1742 2783 in
1763 2747 1980 2784 definitione
2007 2748 2099 2796 poni
2119 2749 2301 2796 quasdam
2321 2756 2445 2796 partes

1390 2798 1580 2844 materiae,
1602 2811 1680 2836 non
1700 2799 1854 2847 quidem
1882 2808 2006 2848 partes
2034 2801 2293 2849 individuales,
2319 2809 2360 2837 ut
2377 2802 2444 2837 has

1391 2863 1521 2886 carnes
1542 2858 1577 2887 et
1590 2852 1684 2888 haec
1704 2859 1801 2898 ossa;
1823 2853 1889 2889 sed
1908 2861 2032 2901 partes
2050 2853 2285 2900 communes,
2306 2861 2347 2890 ut
2367 2866 2444 2890 car-

1390 2915 1458 2939 nes
1479 2911 1514 2939 et
1533 2916 1634 2949 ossa;
1657 2912 1692 2940 et
1714 2905 1788 2941 hoc
1808 2906 2062 2942 necessarium
2089 2914 2143 2943 est
2162 2906 2199 2942 in
2226 2906 2444 2943 definitione

1391 2956 1565 2992 omnium
1585 2969 1712 2993 rerum
1732 2958 1958 2995 naturalium
1974 2959 2005 2995 *.
2028 2958 2131 2995 Sicut
2149 2959 2258 3006 igitur
2277 2959 2443 2996 definitio

1391 3021 1488 3057 quae
1510 3009 1646 3056 colligit
1665 3009 1702 3046 in
1726 3022 1764 3053 se
1781 3011 1800 3031 ’¹‘
1819 3010 2045 3059 principium
2066 3011 2394 3048 demonstrationis
2410 3020 2445 3048 et

1393 3061 1676 3098 conclusionem
1705 3070 1760 3098 est
1787 3070 1864 3099 tota
1892 3064 2180 3109 demonstrati03
2206 3064 2255 3100 ita
2276 3064 2442 3100 definitio

1393 3114 1570 3161 colligens
1593 3115 1712 3153 finem
1739 3123 1774 3151 et
1797 3116 1960 3152 formam
1983 3124 2018 3152 et
2037 3116 2250 3162 materiam,
2273 3128 2442 3163 compre-

1391 3166 1521 3204 hendit
1548 3174 1670 3203 toturn
1697 3180 1918 3215 processum
1948 3168 2194 3215 generationis
2223 3168 2407 3204 naturalis.

2470 395 2479 406 ⁸
2497 397 2519 416 et
2533 401 2580 417 om.
2596 402 2617 417 P.

2472 605 2482 615 ⁸
2496 605 2566 626 Num.
2582 610 2657 632 praec.

2472 966 2483 976 ⁸
2491 966 2554 992 quod
2560 965 2628 986 codd.
2635 971 2686 987 exc.

2473 998 2495 1012 ε
2487 998 2556 1013 vcuns
2572 995 2593 1013 et
2608 997 2631 1012 a.

2474 1550 2482 1558 '¹
2497 1549 2540 1570 l1oc
2553 1550 2671 1570 nixi-sab.

2473 1811 2482 1821 ⁸
2497 1817 2588 1838 aquosa
2603 1811 2654 1833 add.
2672 1819 2686 1834 R

2473 1843 2493 1858 z.

2499 1974 2620 2000 utramque
2634 1980 2671 1995 uo.

2473 2069 2483 2079 ⁸
2497 2070 2655 2097 complectitur
2673 2077 2687 2092 r:
2715 2063 2719 2066 ²

2473 2101 2494 2116 o.

2474 2174 2513 2195 ·S.
2524 2174 2568 2195 Th
2579 2175 2629 2195 lect.
2638 2181 2685 2202 xvr,

2472 2206 2513 2246 επ
2513 2207 2623 2254 ,⁴2:⁵32
2632 2192 2686 2248 ¹355:

2473 2258 2497 2272 ca
2486 2259 2528 2299 apd
2538 2259 2620 2299 vnitn.
2631 2259 2651 2274 2.

2472 2279 2615 2331 COddeftgxgo
2623 2286 2684 2327 ng?

2475 2341 2688 2362 'demonstratione

2474 2373 2510 2388 EG.

2475 2498 2486 2508 ⁴
2502 2498 2569 2518 vellet
2582 2504 2617 2518 EG.

2473 2547 2483 2556 ⁴*
2496 2545 2600 2572 definitio
2612 2551 2687 2570 cfflNQ

2474 2578 2524 2593 ητα.

2472 2973 2482 2982 “
2494 2972 2529 2993 Cf.
2539 2972 2588 2992 lect.
2599 2978 2619 2998 v,
2632 2978 2682 2997 n.4.

2471 3024 2481 3034 ⁴¹
2497 3026 2519 3044 et
2535 3023 2587 3044 add.
2613 3023 2682 3044 codd.

2472 3056 2520 3071 exc.
2535 3056 2588 3070 aar.
