2950 4004
4 522 14 564 ll
45 524 167 544 'movetur
172 520 259 543 duobus

4 554 15 611 g
46 549 259 623 Ζξξξᾶΐέἱέἵῦἕ

4 607 14 624 j.
46 608 68 622 m
101 608 109 622 1

2 697 8 712 ⁴,
46 680 57 692 ¹⁸
79 678 259 701 alterationibus

46 712 82 728 m.

144 1041 158 1065 ὂ

46 1153 56 1162 “
62 1152 145 1174 Posset
150 1158 172 1174 P.
180 1163 191 1168 -
200 1151 260 1173 enim

46 1185 95 1201 om.
109 1184 124 1200 a
133 1178 154 1200 b.

47 1257 160 1279 *inducit
178 1263 260 1279 nemin.

46 1289 143 1311 usrvxr,
160 1283 259 1305 deduce-

47 1310 88 1331 bat
99 1315 137 1332 m.

49 1358 174 1380 Num--z

47 1467 133 1514 ἑῑῗΐᾶ
140 1468 195 1488 ”⁰¹²
207 1471 259 1493 ³²⁰²

48 1781 58 1791 '¹
73 1780 181 1802 doctrina
199 1785 261 1808 quae

47 1809 85 1828 est
96 1813 133 1828 m.

47 1887 56 1896 ·
63 1886 124 1907 idem
131 1887 204 1911 estes,
211 1890 259 1906 om.

47 1915 91 1934 cet.
106 1917 156 1933 exc.
170 1917 241 1933 nuno.

50 2204 133 2226 *Leon
139 2209 214 2232 praec.
220 2209 260 2225 nn.

49 2231 125 2257 8,1o.

146 2309 157 2325 Ε

50 2730 60 2740 “
73 2729 144 2751 Num.
154 2735 175 2751 2.

1145 216 1255 253 CAP.
1287 216 1354 262 111,
1384 215 1534 252 LECT.

284 298 411 348 passio
449 305 714 346 supponuntur
750 310 851 335 nunc
890 309 970 334 esse
1009 296 1084 332 duo
1123 302 1267 339 motus;
1306 293 1344 330 in

285 363 529 400 quocumque
558 358 686 387 autem
715 359 770 388 est
787 358 935 396 motus,
965 349 1055 386 illud
1083 354 1260 384 movetur
1288 358 1343 382 se-

286 404 455 441 cundum
492 404 597 440 illurn
625 411 795 449 motum;
826 403 856 440 si
884 402 994 450 igitur
1028 400 1124 437 actio
1154 406 1190 435 et
1217 399 1344 448 passio

286 464 372 493 sunt
398 456 437 493 in
464 456 614 503 mobili,
644 456 811 504 sequitur
839 454 943 504 quod
970 453 1111 490 mobile
1146 459 1346 488 moveatur

285 509 497 547 secundum
527 509 622 546 duos
647 508 812 545 motus*
816 508 903 545 ‚Et
920 507 995 542 hoc
1013 505 1115 542 idem
1136 511 1232 540 esset
1251 516 1296 540 ac
1315 503 1345 540 si

286 569 411 599 essent
430 562 528 599 duae
542 561 777 598 alterationes
790 559 902 596 unius
921 557 1089 604 subiecti,
1106 569 1204 605 quae
1218 556 1344 593 termi-

286 622 464 652 narentur
481 613 531 651 ad
548 625 666 650 unam
680 612 858 660 speciem,
879 611 975 648 sicut
994 610 1098 659 quod
1116 622 1237 646 unum
1257 610 1344 646 sub-

286 668 426 705 iectum
446 673 663 703 moveretur
690 665 837 702 duabus
862 662 1161 700 dealbationibus
1182 663 1218 708 *ς
1239 662 1344 711 quod

288 728 343 757 est
369 718 614 768 impossibile.
645 716 759 763 Quod
777 728 871 753 vero
900 716 1003 753 idem
1023 715 1235 752 subiectum
1262 727 1344 751 mo-

285 779 420 810 veatur
447 770 594 807 duabus
621 769 902 806 alterationibus
940 769 1063 814 simul,
1093 768 1142 805 ad
1176 768 1345 805 diversas

286 824 429 873 species
466 822 693 868 terminatis,
731 821 870 858 scilicet
907 821 1144 858 dealbatione
1179 828 1215 857 et
1249 821 1344 856 cale-

286 876 459 923 factione,
479 887 559 912 non
579 882 634 911 est
652 874 935 911 inconveniens.
957 873 1201 910 Manifestum
1217 880 1344 909 autem

286 936 342 966 est
369 929 473 977 quod
501 927 598 964 actio
619 935 654 964 et
681 927 806 976 passio
828 927 877 963 ad
905 927 1066 963 eandem
1088 926 1254 974 speciem
1273 933 1344 962 ter-

285 981 492 1018 minantur:
521 980 624 1017 idem
652 987 708 1016 est
735 979 837 1016 enim
857 979 962 1028 quod
981 991 1096 1028 agens
1116 979 1189 1026 agit
1217 985 1253 1014 et
1279 990 1345 1026 pa-

285 1034 380 1071 tiens
407 1033 545 1082 patitur
572 1030 596 1069 δ.

340 1088 375 1123 6.
405 1085 554 1123 Deinde
577 1097 665 1121 cum
686 1084 791 1121 dicit:
814 1084 888 1120 Sed
906 1096 1001 1120 unus
1026 1083 1097 1121 erit
1113 1083 1243 1120 actus?
1263 1090 1345 1131 etc.,

285 1138 525 1188 prosequitur
540 1137 644 1175 aliud
663 1137 892 1174 membrum.
910 1138 1039 1174 Potest
1055 1137 1074 1158 ²¹²
1090 1136 1192 1173 enim
1212 1136 1344 1185 aliquis

287 1192 411 1229 dicere
439 1190 544 1239 quod
564 1190 661 1227 actio
681 1197 718 1226 et
734 1189 861 1238 passio
890 1202 968 1226 non
996 1197 1082 1227 sunt
1101 1189 1178 1226 duo
1206 1196 1345 1236 motus,

286 1244 354 1281 sed
380 1256 491 1281 unus.
521 1244 569 1280 Et
589 1255 633 1279 ex
652 1243 727 1279 hoc
755 1242 856 1279 ducit
871 1243 890 1264 ⁵¹⁸
906 1243 954 1279 ad
983 1250 1144 1291 quatuor
1166 1242 1346 1279 inconve-

285 1296 437 1334 nientia.
460 1297 636 1343 Quorum
655 1295 823 1344 primum
845 1302 909 1342 est,
931 1295 1036 1344 quod
1054 1295 1158 1332 idem
1178 1295 1224 1331 sit
1243 1302 1347 1331 actus

287 1349 524 1387 diversorum
543 1348 753 1385 secundum
773 1348 951 1396 speciem.
967 1348 1123 1385 Dictum
1143 1349 1227 1384 est*
1245 1348 1347 1384 enim

286 1402 390 1451 quod
418 1401 514 1438 actio
544 1401 590 1437 sit
617 1408 721 1437 actus
749 1400 909 1448 agentis,
941 1408 977 1437 et
1003 1400 1129 1449 passio
1159 1407 1263 1436 actus
1281 1412 1347 1448 pa-

286 1454 420 1502 tientis,
441 1466 539 1503 quae
568 1453 780 1490 secundum
804 1453 971 1501 speciem
990 1461 1077 1490 sunt
1093 1454 1112 1474 *
1127 1453 1291 1490 diversa:
1316 1452 1347 1490 si

286 1507 396 1555 igitur
433 1506 528 1543 actio
559 1513 594 1542 et
620 1505 747 1553 passio
781 1505 854 1542 sint
881 1505 983 1542 idem
1011 1513 1150 1553 motus,
1180 1505 1347 1554 sequitur

287 1559 392 1608 quod
419 1558 522 1595 idern
551 1564 655 1594 actus
683 1558 729 1594 sit
757 1557 995 1595 diversorum
1023 1558 1234 1594 secundum
1263 1570 1346 1606 spe-

288 1611 395 1648 ciem.
418 1610 640 1647 Secundum
659 1610 933 1647 inconveniens
963 1618 1027 1656 est,
1057 1610 1162 1658 quod
1191 1610 1221 1646 si
1247 1610 1344 1646 actio

288 1672 324 1701 et
349 1663 476 1712 passio
505 1663 578 1699 sint
604 1675 703 1699 unus
732 1670 876 1710 motus,
910 1662 1015 1711 quod
1043 1662 1145 1699 idem
1175 1662 1220 1698 sit
1248 1662 1345 1699 actio

287 1729 376 1754 cum
403 1715 592 1765 passione,
623 1723 659 1751 et
688 1715 827 1763 doctio,
857 1724 954 1764 quae
983 1722 1038 1751 est
1066 1727 1111 1751 ex
1138 1722 1244 1763 parte
1280 1714 1347 1751 do-

288 1769 415 1817 centis,
437 1781 525 1805 cum
552 1767 721 1804 doctrina
740 1768 951 1805 secundum
971 1767 1074 1816 quod
1094 1780 1135 1804 se
1154 1775 1255 1804 tenet
1268 1768 1287 1788 '¹‘
1303 1779 1348 1803 ex

285 1829 391 1871 parte
411 1820 648 1858 addiscentis.
670 1820 842 1857 Tertium
862 1820 1134 1857 inconveniens
1156 1828 1221 1866 est,
1242 1820 1348 1869 quod

287 1886 398 1922 agere
418 1873 463 1910 sit
482 1873 584 1910 idem
613 1873 718 1921 quod
745 1873 839 1922 pati,
870 1880 905 1910 et
934 1873 1070 1910 docere
1090 1873 1192 1910 idem
1209 1874 1229 1894 ‘¹‘
1244 1873 1348 1921 quod

286 1927 491 1965 addiscere.
531 1927 719 1973 Quartum
754 1928 858 1975 quod
887 1938 932 1962 ex
959 1927 1034 1962 hoc
1071 1926 1258 1974 sequitur,
1293 1933 1348 1962 est

286 1979 391 2029 quod
421 1991 536 2016 omne
565 1979 706 2016 docens
735 1979 914 2026 addiscat,
938 1986 973 2015 et
992 1990 1108 2015 omne
1137 1991 1252 2027 agens
1280 1991 1345 2027 pa-

283 2033 406 2070 tiatur.

340 2097 375 2132 7.
409 2083 558 2121 Deinde
600 2096 688 2120 cum
727 2084 835 2121 dicit:
868 2084 920 2119 At
945 2095 1064 2131 neque
1098 2089 1224 2120 actum
1259 2084 1347 2120 alte-

287 2137 365 2173 rius
399 2144 486 2183 ete.,
524 2136 636 2174 solvit
670 2136 919 2185 praemissam
957 2135 1242 2172 dubitationem.
1281 2137 1349 2173 Est

287 2196 414 2226 autem
442 2189 685 2226 manifestum
714 2201 759 2225 ex
787 2201 900 2237 supra
917 2189 936 2210 ’⁸
957 2188 1212 2225 determinatis
1240 2189 1344 2237 quod

288 2242 384 2279 actio
406 2249 442 2278 et
459 2242 585 2290 passio
605 2253 684 2278 non
713 2249 799 2278 sunt
827 2241 903 2278 duo
933 2248 1071 2287 motus,
1092 2241 1160 2278 sed
1187 2254 1286 2278 unus
1311 2249 1347 2277 et

286 2294 389 2331 idem
409 2302 554 2330 motus:
575 2294 786 2331 secundum
806 2294 908 2331 enim
922 2293 1027 2342 quod
1041 2299 1052 2313 ²
1073 2301 1127 2330 est
1145 2294 1192 2330 ab
1210 2301 1343 2341 agente

287 2347 422 2384 dicitur
450 2346 568 2393 actio,
598 2346 810 2383 secundum
839 2354 967 2383 autem
1000 2347 1104 2394 quod
1134 2354 1188 2383 est
1215 2346 1254 2383 in
1280 2359 1346 2395 pa-

286 2399 400 2436 tiente
430 2398 564 2436 dicitur
589 2398 728 2448 passio.

342 2453 377 2488 8.
398 2451 509 2489 Unde
527 2451 835 2488 inconvenientia
858 2464 956 2500 quae
980 2458 1188 2500 sequuntur
1207 2452 1255 2488 ad
1273 2451 1346 2500 pri-

288 2516 394 2541 mam
425 2511 590 2553 partem,
620 2504 659 2541 in
687 2517 761 2553 qua
793 2505 1078 2553 supponebatur
1110 2505 1214 2553 quod
1248 2504 1345 2540 actio

289 2564 325 2593 et
351 2557 477 2606 passio
507 2564 631 2594 essent
659 2557 735 2594 duo
756 2565 893 2604 motus,
914 2569 993 2594 non
1017 2564 1165 2605 oportet
1184 2557 1344 2615 solvere,

287 2617 442 2668 praeter·
458 2622 579 2646 unum
599 2609 628 2656 ζ,
650 2609 755 2668 quod
774 2617 944 2646 remanet
971 2610 1211 2657 solvendum,
1233 2610 1345 2646 etiam

289 2662 485 2720 supposito
515 2662 619 2710 quod
647 2662 742 2698 actio
772 2669 808 2698 et
834 2662 960 2710 passio
981 2663 1052 2699 sint
1069 2675 1169 2699 unus
1198 2669 1342 2699 motus:

289 2714 378 2762 quia
397 2726 485 2751 cum
505 2714 601 2751 actio
618 2713 663 2751 sit
681 2721 784 2750 actus
803 2715 956 2762 agentis,
976 2723 1017 2751 ut
1036 2727 1149 2763 supra
1163 2715 1183 2735 *
1203 2715 1344 2752 dictum

289 2774 364 2814 est,
394 2767 424 2803 si
452 2767 548 2803 actio
576 2774 611 2803 et
636 2767 763 2815 passio
783 2774 870 2803 sunt
893 2779 992 2804 unus
1011 2775 1151 2813 motus,
1177 2767 1344 2816 sequitur

289 2819 392 2868 quod
421 2826 524 2856 actus
544 2819 684 2867 agentis
708 2819 997 2868 quodammodo
1012 2826 1026 2843 η
1042 2820 1087 2857 sit
1110 2821 1149 2856 in
1167 2820 1342 2868 patiente,

289 2879 325 2909 et
353 2872 405 2908 sic
433 2879 536 2909 actus
559 2872 670 2909 unius
699 2872 767 2909 erit
794 2872 832 2909 in
860 2873 987 2909 altero.
1019 2873 1193 2920 Quatuor
1217 2880 1344 2909 autem

287 2924 591 2962 inconvenientia
615 2925 869 2974 sequebantur
888 2937 933 2962 ex
952 2926 1065 2962 altera
1088 2932 1211 2974 parte;
1235 2933 1270 2962 et
1292 2925 1345 2962 sic

288 2984 428 3014 restant
455 2978 620 3026 quinque
649 2978 953 3015 inconvenientia
981 2979 1175 3015 solvenda.

342 3041 377 3077 9.
407 3030 505 3066 Dicit
539 3043 627 3089 ergo
664 3030 789 3082 primo
823 3031 927 3080 quod
962 3044 1040 3068 non
1074 3038 1128 3068 est
1165 3031 1344 3068 inconve-

288 3081 396 3118 niens
415 3089 540 3119 actum
559 3083 670 3120 unius
699 3096 780 3120 esse
802 3083 840 3120 in
859 3084 987 3131 altero,
1018 3083 1106 3132 quia
1135 3083 1259 3120 doctio
1290 3090 1344 3120 est

289 3141 393 3171 actus
423 3134 607 3183 docentis,
637 3136 685 3173 ab
714 3149 760 3173 eo
789 3144 917 3173 tamen
942 3136 980 3173 in
999 3137 1158 3173 alterum
1185 3137 1344 3174 tendens

340 3254 366 3289 δ)
385 3262 467 3288 agens
485 3256 544 3288 agit
561 3259 588 3281 et
600 3256 708 3288 patiens
722 3257 954 3290 patirum-agens
967 3257 1072 3290 agendo
1085 3261 1179 3282 causat
1197 3261 1223 3282 et
1235 3258 1344 3289 patiens

282 3291 412 3323 patiendo
432 3290 525 3322 recipit
543 3291 598 3315 EG.
617 3291 669 3315 Sub
693 3291 741 3316 hac
764 3291 877 3316 formula
896 3292 1014 3324 adagium
1032 3297 1121 3317 notum
1140 3297 1180 3317 est
1197 3293 1223 3317 in
1242 3292 1343 3317 Schola.

288 3326 327 3351 Cf.
347 3326 403 3350 lect.
423 3333 506 3357 praec.
525 3334 551 3350 n.
570 3333 608 3350 10.

340 3359 362 3395 ε)
382 3361 429 3385 sed
447 3367 514 3385 unus
528 3364 554 3385 et
569 3360 637 3385 idem
652 3364 754 3385 motus:
772 3361 914 3385 secundum
927 3361 1004 3385 enim.
1014 3361 1089 3385 —Est
1103 3362 1177 3386 lectio
1195 3362 1264 3390 Pab;
1283 3370 1342 3386 con-

287 3401 333 3426 tra,
347 3396 447 3420 codices
462 3395 615 3420 sententiam
634 3403 685 3419 non
704 3395 826 3425 dividunt,
841 3396 887 3420 sed
900 3395 949 3419 hoc
963 3396 1041 3420 modo
1056 3397 1157 3427 legunt:
1175 3397 1223 3421 sed
1237 3404 1304 3421 unus
1318 3400 1344 3421 et

288 3431 356 3456 idem
377 3434 462 3456 motus
480 3431 622 3455 secundum
642 3430 713 3462 quod
731 3436 778 3454 etc.
794 3430 887 3454 Confer
910 3430 1025 3454 lectionis
1045 3431 1162 3462 praeced.
1182 3439 1253 3455 num.
1276 3439 1343 3456 10.—

288 3466 353 3491 Infra
368 3474 415 3498 pro
430 3466 456 3490 in
467 3466 594 3497 patiente,
610 3472 627 3489 a
640 3465 761 3497 patiente
774 3465 868 3490 hahent
883 3465 1006 3489 editiones
1019 3472 1037 3489 a
1047 3465 1062 3489 b
1077 3470 1101 3490 et
1116 3465 1216 3490 codices
1232 3467 1341 3498 exceptis

288 3501 425 3532 HOQsGL
446 3501 560 3533 margine
579 3501 610 3525 N.

339 3535 363 3571 ζ)
379 3540 491 3569 praeter
511 3543 627 3560 unum.—
637 3539 748 3567 praeter
768 3543 847 3560 unum
863 3535 960 3560 scilicet
973 3535 1092 3567 primum
1111 3535 1133 3560 N
1139 3542 1146 3565 ;
1166 3541 1225 3567 post
1243 3536 1342 3560 solven-

427 3590 495 3622 Opp.
515 3590 545 3613 D.
564 3589 677 3613 Tuomst:
696 3589 727 3613 T.
748 3589 774 3613 ll.

1563 216 1599 252 V
2391 218 2459 253 113

1403 294 1579 330 continue
1602 301 1637 330 et
1656 294 1735 331 sine
1765 294 1889 343 aliqua
1916 294 2204 343 interruptione:
2233 297 2335 333 unde
2360 296 2460 334 idem

1401 353 1504 382 actus
1525 354 1580 383 est
1598 348 1707 383 huius
1728 348 1759 394 ³³²,
1780 347 1876 384 idest
1895 348 2047 395 agentis,
2068 355 2110 384 ut
2125 360 2146 384 a
2165 361 2258 397 quo;
2280 356 2316 385 et
2333 356 2462 386 tamen

1401 405 1455 435 est
1483 399 1521 435 in
1549 400 1712 447 patiente
1746 408 1786 436 ut
1820 408 1993 448 receptus
2026 401 2064 437 in
2098 413 2155 437 eo.
2191 402 2300 438 Esset
2333 409 2460 439 autem

1400 451 1672 489 inconveniens
1706 452 1735 488 si
1775 460 1878 489 actus
1910 453 2023 490 unius
2057 466 2102 490 eo
2137 454 2254 490 modo
2294 466 2369 502 quo
2406 462 2461 492 est

1400 512 1504 540 actus
1533 504 1624 551 eius,
1656 512 1752 541 esset
1780 505 1818 541 in
1846 505 1932 542 alio.

1459 569 1516 593 10.
1538 557 1685 594 Deinde
1707 570 1794 594 cum
1815 558 1912 594 dicit:
1928 559 2064 606 Neque
2083 571 2199 595 unum
2218 559 2361 596 duobus
2377 567 2458 607 etc.,

1400 609 1512 646 solvit
1531 609 1630 646 aliud
1650 609 1933 657 inconveniens,
1955 611 2092 647 scilicet
2111 611 2214 660 quod
2233 611 2335 648 idem
2356 620 2459 649 actus

1401 669 1499 698 esset
1518 663 1693 699 duorum.
1716 664 1762 699 Et
1784 663 1871 700 dicit
1899 664 2002 712 quod
2022 664 2112 700 nihil
2139 664 2314 712 prohibet
2336 677 2458 702 unum

1400 722 1526 751 actum
1565 727 1646 751 esse
1675 715 1865 764 duorum,
1903 716 1953 752 ita
1981 717 2001 737 ’¹‘
2031 717 2134 765 quod
2167 729 2245 753 non
2282 717 2328 753 sit
2360 731 2458 755 unus

1401 774 1436 803 et
1463 767 1565 805 idem
1587 769 1606 789 ’¹‘
1635 768 1847 805 secundum
1875 769 2076 816 rationem,
2106 769 2173 806 sed
2200 782 2299 806 unus
2327 783 2458 808 secun-

1401 821 1493 856 dum
1523 833 1623 867 rem,
1661 828 1703 857 ut
1731 821 1872 857 dictum
1906 829 1960 858 est
1989 834 2103 870 supra
2132 823 2151 843 *
2189 822 2294 870 quod
2323 824 2458 860 eadem

1402 880 1456 909 est
1485 873 1656 909 distantia
1685 873 1848 910 duorum
1877 875 1925 911 ad
1952 887 2073 911 unum
2099 882 2134 910 et
2151 875 2262 911 unius
2292 876 2340 913 ad
2368 877 2457 923 duo,

1402 932 1438 961 et
1466 925 1545 961 eius
1565 926 1668 973 quod
1698 933 1752 962 est
1779 926 1817 962 in
1845 927 2013 974 potentia
2041 927 2089 964 ad
2117 939 2232 975 agens
2262 936 2298 965 et
2322 942 2342 965 e
2370 941 2459 965 con-

1400 989 1524 1014 verso,
1561 978 1623 1014 Sic
1652 978 1752 1014 enirn
1782 979 1885 1016 idern
1914 987 2017 1016 actus
2046 980 2257 1017 secundum
2295 994 2375 1018 rem
2406 990 2460 1019 est

1402 1030 1566 1067 duorum
1595 1031 1805 1067 secundum
1844 1032 2033 1069 diversam
2069 1033 2278 1070 rationem:
2318 1035 2459 1082 agentis

1401 1083 1556 1132 quidem
1586 1084 1796 1120 secundum
1826 1085 1930 1132 quod
1960 1092 2015 1121 est
2042 1086 2089 1121 ab
2116 1097 2172 1133 eo,
2202 1087 2374 1134 patientis
2395 1100 2459 1124 au-

1403 1142 1480 1172 tem
1509 1135 1721 1172 secundum
1750 1137 1854 1184 quod
1883 1144 1938 1173 est
1965 1137 2003 1173 in
2031 1137 2126 1186 ipso.

1462 1200 1474 1224 1
1488 1200 1518 1225 1.
1539 1188 1601 1224 Ad
1625 1188 1697 1224 alia
1726 1196 1853 1225 autem
1873 1189 1941 1225 tria
1959 1189 2273 1238 inconvenientia,
2294 1204 2459 1240 quorum

1402 1253 1523 1277 unum
1553 1253 1597 1277 ex
1632 1242 1748 1277 altero
1783 1241 2056 1290 deducebatur,
2091 1244 2295 1292 respondet
2328 1245 2460 1282 ordine

1405 1293 1633 1341 retrogrado.

1456 1346 1584 1383 Primo
1614 1345 1752 1383 scilicet
1779 1346 1827 1383 ad
1855 1346 1945 1383 illud
1969 1348 2072 1396 quod
2099 1348 2232 1385 ultimo
2259 1349 2460 1386 induceba-

1402 1406 1472 1446 tur,
1492 1406 1534 1435 ut
1556 1399 1676 1446 magis
1692 1399 2010 1437 *inconveniens.
2046 1400 2109 1437 Sic
2137 1401 2246 1448 igitur
2272 1403 2379 1438 tertio
2405 1415 2460 1439 re-

1401 1452 1563 1500 spondet
1583 1452 1632 1488 ad
1660 1451 1834 1500 quintum
1863 1452 2146 1490 inconveniens.
2168 1455 2217 1490 Et
2240 1455 2328 1492 dicit
2355 1456 2460 1504 quod

1400 1516 1478 1540 non
1509 1511 1564 1540 est
1590 1504 1847 1541 necessarium
1876 1505 1980 1553 quod
2016 1506 2157 1543 docens
2186 1508 2368 1555 addiscat,
2397 1509 2459 1545 vel

1402 1558 1505 1604 quod
1525 1569 1639 1604 agens
1657 1557 1830 1605 patiatur,
1852 1557 1919 1594 etsi
1939 1570 2047 1605 agere
2076 1566 2112 1595 et
2138 1560 2214 1607 pati
2239 1560 2310 1597 sint
2339 1561 2457 1606 idem;

1402 1609 1494 1645 dum
1511 1610 1672 1645 *tamen
1701 1609 1872 1646 dicamus
1901 1610 2005 1658 quod
2029 1623 2107 1648 non
2127 1619 2212 1649 sunt
2239 1613 2341 1650 idem
2366 1614 2460 1650 sicut

1401 1674 1445 1697 ea
1461 1673 1626 1709 quorum
1647 1661 1740 1697 ratio
1757 1669 1812 1698 est
1826 1674 1913 1709 una,
1930 1670 1971 1699 ut
1988 1664 2114 1700 tunica
2130 1672 2165 1701 et
2180 1665 2456 1713 indumentum,

1401 1714 1468 1750 sed
1496 1714 1591 1750 sicut
1619 1726 1664 1749 ea
1692 1726 1789 1761 quae
1818 1721 1903 1750 sunt
1931 1715 2033 1752 idem
2063 1717 2230 1754 subiecto
2252 1727 2287 1755 et
2311 1719 2459 1756 diversa

1401 1766 1611 1803 seeundum
1633 1767 1830 1812 rationem,
1860 1774 1901 1803 ut
1918 1767 1981 1803 via
2009 1780 2031 1803 a
2059 1769 2203 1806 Thebis
2225 1771 2272 1807 ad
2291 1772 2459 1808 Athenas

1402 1826 1437 1854 et
1464 1819 1512 1855 ab
1540 1818 1698 1855 Athenis
1726 1818 1775 1855 ad
1803 1819 1970 1866 Thebas,
1990 1827 2032 1856 ut
2052 1820 2193 1858 dictum
2223 1830 2277 1859 est
2303 1824 2406 1871 prius
2426 1825 2456 1861 ³¹².

1400 1872 1492 1908 Non
1521 1871 1623 1908 enim
1644 1872 1664 1892 ’²‘
1683 1878 1833 1920 oportet
1859 1873 1964 1920 quod
1989 1874 2120 1910 omnia
2153 1875 2287 1911 eadem
2321 1888 2459 1913 conve-

1400 1923 1503 1960 niant
1530 1924 1573 1961 iis
1602 1936 1699 1972 quae
1719 1931 1805 1960 sunt
1832 1936 2076 1974 quocumque
2101 1928 2218 1964 modo
2248 1928 2367 1974 idem;
2393 1930 2460 1966 sed

1402 1977 1526 2013 solum
1554 1976 1622 2013 illis
1641 1988 1739 2025 quae
1760 1985 1847 2013 sunt
1874 1977 1976 2014 idem
1996 1978 2164 2016 subiecto
2193 1981 2255 2017 vel
2274 1993 2313 2017 re
2343 1989 2378 2018 et
2403 1994 2459 2018 ra-

1401 2029 1514 2066 tione.
1549 2030 1597 2066 Et
1609 2029 1737 2103 *ideo'
1774 2029 1886 2066 etiam
1925 2030 2012 2067 dato
2042 2032 2146 2079 quod
2180 2045 2291 2080 agere
2321 2042 2356 2070 et
2383 2035 2459 2083 pati

1402 2082 1474 2119 sint
1492 2082 1629 2119 idem*
1635 2111 1644 2128 ,
1666 2095 1754 2119 curn
1773 2095 1852 2119 non
1872 2082 1944 2120 sint
1963 2083 2064 2121 idem
2086 2085 2240 2133 ratione,
2257 2094 2298 2123 ut
2318 2087 2458 2124 dictum
2486 2098 2497 2108 ⁴

1403 2142 1468 2182 est,
1489 2147 1568 2171 non
1587 2135 1754 2183 sequitur
1772 2135 1877 2184 quod
1897 2137 2123 2186 cuicumque
2139 2140 2317 2176 convenit
2335 2152 2457 2188 agere,

1402 2188 1506 2235 quod
1536 2187 1568 2223 ei
1598 2187 1799 2224 conveniat
1824 2188 1913 2236 pati.

1461 2251 1517 2276 12.
1547 2239 1695 2276 Deinde
1729 2253 1817 2277 cum
1846 2241 1949 2277 dicit:
1977 2242 2031 2278 At
2058 2254 2148 2279 vero
2182 2256 2300 2292 neque
2331 2245 2366 2281 si
2395 2246 2458 2282 do-

1401 2292 1471 2328 ctio
1501 2299 1568 2328 etc.
1574 2293 1807 2340 ,respondet
1834 2294 1882 2330 ad
1902 2301 2078 2342 quartum
2106 2296 2389 2335 inconveniens.
2410 2299 2459 2334 Et

1402 2339 1489 2381 dicit
1516 2345 1620 2393 quod
1643 2357 1721 2381 non
1749 2346 1928 2394 sequitur,
1950 2347 2100 2384 etiam
2094 2348 2145 2385 'si
2175 2349 2300 2386 doctio
2330 2358 2366 2387 et
2390 2351 2497 2387 do-

1401 2397 1517 2434 ctrina
1546 2397 1771 2434 addiscentis
1801 2406 1924 2435 essent
1946 2400 1965 2420 *
1985 2399 2099 2447 idem,
2129 2402 2234 2449 quod
2263 2403 2399 2439 docere
2421 2411 2456 2440 et

1401 2450 1594 2487 addiscere
1624 2458 1747 2486 essent
1767 2451 1786 2472 ²⁸
1805 2450 1925 2497 idem;
1955 2452 2043 2500 quia
2071 2430 2196 2490 d⁷octio
2226 2462 2262 2490 et
2287 2455 2456 2492 doctrina
2484 2468 2495 2478 ⁴

1401 2502 1574 2539 dicuntur
1601 2503 1639 2539 in
1668 2503 1866 2550 abstracto,
1888 2504 2024 2540 docere
2053 2513 2180 2542 autem
2201 2514 2237 2543 et
2256 2507 2398 2544 discere
2418 2508 2455 2545 in

1402 2563 1589 2592 concret0.
1615 2556 1725 2592 Unde
1746 2556 1979 2604 applicantur
1998 2557 2045 2594 ad
2066 2558 2161 2594 fines
2179 2560 2242 2596 vel
2262 2560 2310 2596 ad
2329 2561 2454 2597 termi-

1400 2621 1470 2645 nos
1489 2606 1512 2655 ⁰,
1535 2608 1744 2645 secundum
1766 2621 1860 2657 quos
1881 2609 2039 2646 sumitur
2058 2611 2207 2648 diversa
2227 2613 2318 2648 ratio
2339 2613 2453 2649 actio-

1400 2661 1456 2698 nis
1473 2668 1509 2697 et
1522 2661 1719 2709 passionis.
1742 2661 1846 2698 Sicut
1864 2662 1978 2698 licet*
1989 2662 2159 2700 dicamus
2175 2665 2278 2712 quod
2294 2665 2338 2701 sit
2352 2665 2453 2702 idem
2480 2677 2491 2687 ⁸

1400 2713 1562 2762 spatium
1584 2713 1799 2750 distantium
1819 2715 2043 2763 aliquorum,
2065 2718 2248 2753 abstracte
2270 2717 2453 2766 accipien-

1400 2767 1471 2812 do;
1501 2766 1531 2803 si
1564 2774 1693 2803 tamen
1725 2767 1958 2815 applicemus
1987 2769 2007 2789 ³¹⁸
2031 2769 2079 2805 ad
2111 2770 2292 2807 terminos
2325 2771 2452 2819 spatii,

1399 2819 1493 2856 sicut
1513 2831 1600 2856 cum
1615 2819 1635 2840 '¹‘
1651 2819 1810 2856 dicimus
1835 2820 1970 2857 distare
1989 2821 2076 2858 hinc
2095 2822 2180 2859 illuc
2201 2830 2237 2859 et
2255 2823 2341 2860 inde
2361 2825 2493 2872 huc,

1399 2884 1477 2909 non
1506 2879 1561 2909 est
1588 2884 1709 2909 unum
1738 2879 1773 2908 et
1801 2872 1914 2910 idern.

1459 2925 1515 2962 13.
1545 2924 1692 2962 Deinde
1723 2938 1811 2962 cum
1845 2925 1948 2962 dicit:
1989 2926 2148 2963 Omnino
2177 2934 2300 2965 autem
2335 2930 2457 2966 dicere

1399 2983 1453 3014 est
1479 2985 1566 3025 ete.,
1602 2978 1806 3026 respondet
1833 2978 1882 3015 ad
1909 2979 2058 3016 tertium
2091 2980 2363 3019 inconveniens
2393 2983 2455 3019 de-

1399 3038 1544 3067 struens
1573 3031 1670 3067 hanc
1694 3030 1909 3078 illationem,
1931 3044 2007 3080 qua
2036 3034 2329 3070 concludebatur
2352 3035 2455 3083 quod

1399 3083 1428 3119 si
1457 3083 1553 3119 actio
1583 3089 1618 3119 et
1644 3083 1769 3131 passio
1799 3091 1884 3120 sunt
1917 3096 2015 3120 unus
2043 3092 2185 3132 motus,
2219 3087 2323 3133 quod
2357 3087 2453 3122 actio

1399 3142 1435 3171 et
1461 3136 1587 3183 passio
1617 3143 1703 3172 sunt
1738 3136 1852 3173 idem.
1883 3137 1931 3172 Et
1959 3136 2046 3173 dicit
2073 3137 2176 3185 quod
2214 3138 2372 3174 finaliter
2400 3138 2453 3175 di-

1399 3258 1462 3282 dum
1482 3258 1521 3282 ed.
1541 3258 1556 3283 b
1575 3258 1632 3282 add.
1651 3266 1703 3283 non
1722 3263 1791 3283 recte
1809 3258 1906 3283 scilicet
1924 3258 2075 3283 secundum.
2098 3258 2206 3282 Intendit
2224 3266 2244 3283 s.
2260 3258 2374 3284 Thomas
2390 3261 2453 3285 illud

1398 3293 1579 3317 inconveniens
1599 3294 1670 3325 quod
1690 3293 1818 3325 proprius
1837 3296 1911 3318 actus
1930 3292 2130 3324 uniuscuiusque
2148 3300 2199 3317 non
2218 3297 2257 3318 est
2281 3294 2307 3318 in
2331 3302 2361 3320 eo
2379 3296 2454 3320 cuius

1397 3331 1436 3352 est
1454 3331 1537 3352 actus.
1557 3328 1593 3352 Cf.
1614 3336 1639 3352 n.
1656 3327 1679 3352 5.

1449 3362 1476 3396 η)
1497 3365 1571 3387 actus
1585 3363 1690 3396 agentis
1703 3362 1905 3394 quodammodo.
1915 3376 1933 3380 —
1947 3363 1997 3386 Pro
2011 3365 2094 3390 actus,
2109 3362 2178 3387 actio
2198 3364 2238 3388 vel
2249 3368 2323 3389 actus
2338 3365 2366 3395 C,
2380 3365 2450 3391 actio

1397 3397 1454 3421 edd.
1473 3398 1506 3422 ab
1526 3403 1551 3421 et
1569 3403 1617 3422 cet.
1637 3405 1689 3422 exc.
1708 3397 1862 3427 EGNORZ;
1882 3405 1928 3428 pro
1942 3397 2145 3429 quodammodo,
2161 3399 2274 3429 quolibet
2288 3400 2366 3425 modo
2381 3401 2420 3425 ed.
2435 3408 2452 3424 a

1397 3436 1422 3456 et
1441 3433 1515 3456 codd.
1535 3440 1587 3457 exc.
1606 3432 1817 3463 DHLMQpRsG.

1450 3465 1473 3501 θ)
1493 3467 1661 3498 applicantur
1679 3467 1715 3491 ad
1726 3467 1796 3499 fines
1811 3467 1851 3491 vel
1864 3467 1901 3491 ad
1919 3467 2081 3492 terminos.—-
2063 3465 2263 3499 —applicantur
2276 3470 2313 3495 ad
2326 3471 2451 3495 terminos

1396 3498 1602 3532 DEGHMORZ
1621 3501 1788 3533 applicantur
1802 3502 1839 3525 ad
1849 3501 1920 3533 fines
1939 3508 1986 3527 cet.
2025 3510 2115 3534 margo
2135 3503 2156 3527 N
2176 3504 2215 3529 vel
2230 3505 2390 3531 terminos.—
2402 3506 2452 3530 Pro

1397 3543 1452 3568 seq.
1470 3537 1620 3565 secundum,
1635 3543 1686 3568 per
1704 3537 1769 3560 codd
1788 3544 1840 3561 cxc.
1860 3537 1993 3562 DHMOR.

2245 3592 2272 3617 15

2489 360 2499 370 ⁸
2514 360 2645 382 huiusmodt

2488 728 2496 736 ·
2511 730 2588 749 tamen
2601 729 2654 750 add.
2668 736 2699 750 nu

2486 761 2582 776 ωικοκε.

2486 783 2495 791 “
2510 783 2585 802 motus
2601 781 2655 803 add.
2669 788 2698 803 pn

2487 811 2508 828 et
2522 813 2537 828 a
2546 808 2566 829 b.

2487 836 2495 843 ·
2506 834 2700 861 Lect.praec.n.11.

2490 872 2500 876 -
2514 861 2569 887 quia
2586 866 2702 886 Αεικιαετ

2487 887 2569 908 vxvab.

2489 1410 2497 1419 ·
2512 1409 2587 1430 maius
2601 1415 2651 1431 Ero.

2486 1620 2496 1631 ⁴*
2519 1619 2620 1641 subiecto
2646 1620 2697 1641 cdd.

2486 1646 2529 1673 ab,
2546 1652 2593 1668 om.
2607 1653 2628 1667 P.

2486 1830 2579 1852 ⁸.Num
2590 1836 2664 1858 praec.
2676 1834 2698 1852 ct

2488 1857 2539 1878 lect.
2551 1863 2626 1884 praec.
2638 1863 2660 1878 n.
2671 1863 2697 1878 11.

2489 1884 2496 1892 ·
2525 1885 2601 1904 autem
2630 1883 2698 1904 codd.

2488 1915 2699 1931 exc.DEF(31-u.uon

2487 1941 2523 1957 γι.

2523 2098 2622 2119 subiecto
2645 2098 2697 2119 add.

2487 2130 2523 2145 tc..

2511 2363 2581 2384 ettam
2604 2368 2651 2384 om.
2671 2369 2700 2384 nr:

2486 2394 2523 2410 cn.

2486 2416 2495 2423 '¹
2511 2416 2573 2436 esset
2589 2412 2701 2442 mrniqsr

2485 2441 2553 2462 vxab.

2510 2469 2579 2488 erunt
2590 2474 2611 2494 A,
2623 2470 2699 2489 esseti

2485 2500 2590 2519 unqu.

2581 2619 2593 2643 0

2505 2677 2529 2697 si
2542 2682 2579 2699 εῦ.

2483 2778 2497 2824 :1
2507 2777 2659 2824 bapplicamus
2682 2784 2695 2799 P

2508 2840 2557 2855 cum
2573 2834 2686 2856 om.1³c1b.
