2950 4004
1172 279 1281 315 CAP.
1311 279 1360 326 V,
1391 280 1539 317 LECT.
1571 282 1622 318 IX

2411 299 2479 334 127

1116 466 1413 522 LECTIO
1424 463 1438 475 “
1451 469 1671 525 ΝΟΝΑ

555 606 840 645 SIMPLICITER,
865 606 957 637 SINE
981 606 1305 646 SUPPOSITIONE,
1329 608 1562 640 PROBATUR
1583 611 1675 642 NON
1698 612 1798 642 DARI
1823 612 1988 644 CORPUS
2013 614 2223 646 SENSIBILE

1207 667 1327 698 ACTU
1351 669 1576 701 INFINITUM
2073 671 2077 674 “

307 778 363 809 Δεῖ
383 771 422 807 δέ
446 777 521 818 περὶ
552 777 682 813 παντός
715 776 751 807 ἐκ
775 771 881 807 τῶνδε
903 781 1058 817 σκοπεῖν,
1086 777 1114 808 εἰ
1140 773 1316 823 ἐνδέχεται
1343 778 1363 816 ἦ

373 820 432 851 οὐκ
459 816 617 862 ἑδέχεται
642 816 727 851 εἶναι
753 821 849 863 σῶμα
876 821 1011 864 ἄπειρον
1036 820 1210 858 αἰσθητόν.
1230 823 1306 855 Ὅτι
1330 818 1360 854 δ’
1401 829 1407 835 “

374 863 456 900 ὅλως
489 863 659 898 ἀδύνατον
692 860 776 895 εἶναι
809 865 905 906 σῶμα
940 864 1074 908 ἄπειρον
1110 865 1293 907 αἰσθητόν,
1328 867 1363 898 ἐκ

372 904 477 939 τῶνδε
501 905 619 945 δῆλον·

306 950 428 994 πέφυκε
452 951 500 997 γοὶ
543 953 610 984 πᾶν
635 950 676 983 τὸ
704 950 863 988 αἰσθητόν
890 962 953 983 που
975 949 1073 992 εἶναι,
1091 955 1147 984 καί
1168 954 1240 985 ἐστι
1258 952 1362 990 τόπος

371 1006 421 1032 τις
447 998 615 1036 ἑκαστον,
640 997 698 1026 καὶ
724 996 740 1026 ό
767 995 872 1033 αὐτὸς
897 997 961 1027 τοῦ
986 998 1099 1039 μορίου
1131 999 1187 1029 καὶ
1218 997 1360 1038 παντός,

372 1039 439 1070 οἶον
451 1039 543 1115 Θἱξλης
569 1052 607 1072 τε
633 1039 695 1076 τῆς
720 1039 783 1084 γῆς
802 1041 860 1071 καὶ
877 1039 984 1079 βώλου
1002 1041 1094 1083 μιᾶς,
1111 1043 1169 1072 καὶ
1188 1042 1287 1084 πυρός
1304 1044 1361 1073 καὶ.

370 1094 447 1115 σπιν
472 1097 560 1129 ηρος.

296 1124 399 1159 “ssave
417 1129 444 1159 εἰ
469 1130 527 1173 μὲν
554 1121 716 1170 ὁμοειδές,
738 1127 895 1164 ἀκίνητον
921 1127 1019 1160 ἔσται
1037 1126 1058 1164 ἦ
1081 1128 1133 1160 ἀεὶ
1151 1127 1359 1165 οἰσθήσεται.

370 1173 493 1205 Καίτοι
513 1167 696 1205 ἀδύνατον·
716 1174 750 1203 τί
767 1171 831 1216 γοίρ
849 1171 976 1214 μᾶλλον
994 1171 1090 1204 κοίτω
1112 1171 1133 1209 ἦ
1153 1173 1219 1204 α”νω
1238 1172 1258 1210 ’ἣ
1277 1174 1361 1212 ποῦ;

369 1216 457 1261 λέγω
483 1212 542 1257 δέ,
569 1215 636 1247 οἷον
662 1215 689 1246 εἰ
715 1216 818 1255 βῶλος
844 1217 915 1255 εἴη,
943 1217 1008 1247 ποῦ
1034 1215 1122 1253 αὕτη
1143 1216 1362 1254 κινηθήσεται

370 1258 391 1296 ἦ
417 1262 483 1292 ποῦ
516 1263 623 1304 μενεῖς
651 1260 667 1291 ὁ
691 1259 756 1313 γάρ
787 1258 891 1296 τόπος
925 1259 1059 1304 ἄπειρος
1091 1261 1154 1292 τοῦ
1183 1262 1360 1306 συγγενοῦς

372 1304 464 1346 αὐτῇ
490 1304 659 1348 σώματος.
696 1305 839 1360 Ποτερον
865 1301 922 1335 οὖν
946 1302 1080 1344 καθέξει
1113 1304 1172 1336 τὸν
1204 1304 1280 1336 ὅλον
1306 1304 1362 1336 τό-

371 1359 455 1388 πον;
481 1350 539 1380 καὶ
565 1348 653 1387 πῶς;
680 1350 729 1385 τίς
756 1359 812 1380 ουν
838 1346 859 1383 ἦ
885 1348 950 1379 ποῦ
976 1349 996 1384 ἡ
1022 1348 1107 1391 μονή
1123 1351 1180 1380 καὶ
1199 1350 1219 1385 ἡ
1237 1351 1360 1386 κίνησις

372 1393 502 1432 αὐτῆς;
529 1391 550 1428 ἦ
577 1391 760 1446 πανταχοῦ
786 1394 895 1436 μενεῖ;
923 1391 960 1423 οὐ
985 1391 1204 1429 κινηθήσεται
1236 1393 1313 1435 ἄρα·
1341 1392 1361 1428 ἦ

371 1437 553 1481 πανταχοῦ
582 1435 821 1475 κινηθησεται;
857 1436 916 1466 οὐκ
949 1436 1014 1479 α”ρα
1046 1435 1226 1473 στήσεται.
1261 1437 1300 1468 Ei
1329 1431 1358 1467 δ’

372 1480 528 1525 ἀνόμοιον
554 1480 596 1512 τὸ
622 1481 710 1520 πᾶν,
742 1479 893 1522 ἀνόμοιοι
917 1482 974 1511 καὶ
1002 1482 1029 1511 οἱ
1055 1480 1167 1512 τόποι·
1194 1482 1250 1511 καὶ
1277 1481 1364 1524 πρῶ-

369 1535 429 1556 τον
461 1525 518 1567 μὲν
552 1525 615 1567 οὐχ
646 1524 678 1555 ἓν
711 1523 752 1556 τὰ
782 1525 878 1567 σῶμα
911 1525 972 1555 τοῦ
1003 1524 1133 1561 παντὸς
1165 1525 1237 1557 ἀλλ’
1266 1523 1286 1560 ἦ
1314 1525 1361 1566 τῷ

371 1566 552 1601 ἅπτεσθαι·
579 1569 701 1599 ἔπειτα
725 1567 804 1604 ἥτοι
830 1567 1069 1611 πεπερασμένα
1095 1569 1195 1601 ταῦτ’
1217 1568 1315 1601 ἔσται
1341 1567 1361 1604 ἦ

371 1611 493 1656 ἄπειρα
510 1612 557 1652 τῷ
576 1607 668 1643 εἴδει.
693 1610 935 1655 Πεπερασμένα
959 1612 1018 1655 μὲν
1037 1613 1100 1656 οὐχ
1118 1611 1242 1644 οἷόντε·
1263 1613 1361 1644 ἔσται

368 1656 433 1700 γοίρ
460 1656 507 1689 τοὶ
531 1655 589 1699 μὲν
617 1655 695 1687 ἄπει
718 1669 759 1696 α,
786 1655 834 1687 τοὶ
857 1651 885 1686 δ’
915 1655 970 1696 οὔ,
998 1656 1026 1686 εἰ
1051 1656 1091 1687 τὸ
1117 1657 1184 1688 πᾶν
1211 1656 1359 1698 ἄπειρον,

371 1699 506 1731 οἷον·τό
530 1701 594 1744 πῦρ
619 1698 640 1735 ἦ
666 1711 707 1731 το
733 1696 830 1743 ὕδωρ·
858 1697 963 1743 φθοραὶ
985 1694 1023 1731 δέ
1048 1700 1088 1731 τὸ
1114 1701 1271 1732 τοιοῦτον
1290 1704 1359 1737 τοῖς

370 1743 547 1784 ἐναντίοις,
565 1742 719 1788 καθάπερ
744 1746 875 1788 εἴρηται
898 1744 1070 1787 πρότερον.
1097 1745 1163 1774 Καὶ
1181 1739 1239 1776 δια
1255 1745 1360 1776 τοῦτο

369 1787 475 1825 οὐθεὶς
501 1788 598 1820 τὸτὲν
624 1790 680 1819 καὶ
709 1789 843 1830 ἄπειρον
861 1787 925 1830 πῦρ
944 1787 1100 1824 ἐποίησεν
1117 1782 1196 1819 οὐδὲ
1213 1788 1276 1834 γῆν
1295 1789 1360 1820 τῶν

367 1831 586 1877 φυσιολόγων,
615 1832 686 1864 ἀλλ’
709 1831 730 1868 ἢ
757 1828 841 1873 ὕδωρ
867 1830 888 1867 ἦ
909 1830 992 1875 ἀέρα
1009 1830 1029 1868 ἦ
1049 1831 1089 1863 τὸ
1107 1831 1206 1874 μέσον
1233 1832 1359 1872 αὐτῶν,

369 1876 422 1910 ὅτι
451 1875 556 1913 τόπος
587 1875 748 1920 ἑκατέρου
780 1871 882 1912 ὃῆλος
913 1872 953 1912 ’ἧν
978 1870 1201 1919 διωρισμένος.
1240 1877 1361 1908 Ταῦτα

366 1915 396 1952 δ’
425 1921 685 1964 ἑπαμφοτερίζει
715 1921 761 1961 τῷ
789 1920 855 1952 ἄνω
886 1922 943 1951 καὶΙ
966 1919 1075 1952 κάτω.
1112 1920 1149 1950 Εἰ
1177 1914 1205 1951 δ’
1237 1921 1360 1964 α”πειρα

367 1966 425 1996 καὶ
452 1965 568 2004 ἁπλᾶ,
594 1966 651 1996 καὶ
678 1966 707 1996 οἱ
732 1963 834 1997 τόποι
860 1963 1003 2008 ἄπειροι,
1029 1966 1086 1995 καὶ
1113 1963 1210 1996 ἔσται
1237 1964 1360 2007 ἄπειρα

367 2008 415 2042 τοὶ
437 2012 605 2053 στοιχεῖα.
642 2009 679 2039 Εἰ
709 2003 746 2040 δὲ
776 2008 872 2040 τοῦτ’
904 2003 1094 2048 ἀδύνατον,
1125 2009 1182 2039 καὶ
1216 2020 1362 2052 πεπερα-

366 2053 480 2097 σμένοι
505 2055 534 2084 οἱ
560 2052 674 2093 τόποι,
693 2055 750 2084 καὶ
773 2052 813 2085 τό
832 2051 907 2084 ὅλον
930 2051 1139 2096 πεπεράνθαι
1159 2052 1358 2098 ἀναγκαῖον·

371 2093 540 2130 ἀδύνατον
574 2096 638 2143 γοὶρ
674 2096 720 2140 μή
759 2097 956 2140 ἀπαρτίζειν
994 2098 1053 2128 τὸν
1086 2096 1192 2129 τόπον
1228 2099 1285 2128 καὶ
1319 2097 1359 2128 τὸ

368 2143 478 2185 σῶμα·
505 2141 583 2174 οὔτε
608 2140 671 2186 γοὶρ
698 2141 714 2172 ὁ
739 2140 844 2178 τόπος
864 2142 879 2172 ὁ
899 2142 964 2178 πᾶς
982 2141 1100 2184 μείζων
1127 2139 1147 2176 ἦ
1174 2140 1248 2172 ὅσον
1271 2135 1362 2172 ἐνδέ-

367 2197 470 2231 χεται
488 2186 528 2219 τὸ
545 2186 642 2228 σῶμα
663 2183 734 2228 ἅμα
754 2182 854 2217 εἶναι·
874 2183 945 2228 ἅμα
962 2180 991 2216 δ’
1013 2180 1082 2216 οὐδ’
1106 2184 1241 2228 α”πειρον
1260 2185 1359 2228 ἔσται

367 2229 408 2262 τὸ
433 2230 542 2272 σῶμα·
570 2229 648 2261 οὔτε
680 2229 722 2262 τὸ
749 2230 846 2273 σῶμα
903 2230 989 2272 εῖζον
1015 2229 1036 2265 ἦ
1063 2230 1079 2261 ὀ
1105 2228 1223 2266 τόπος·
1250 2227 1271 2265 ἦ
1296 2229 1359 2275 γάρ

366 2273 460 2305 κενὸν
486 2273 585 2306 ἔσται
611 2285 644 2306 τι
669 2272 690 2310 ἦ
715 2275 812 2318 σῶμα
837 2240 989 2317 οὗὲαμοῦ
1015 2273 1157 2316 πεφυκὸς
1183 2270 1279 2305 εἶναι.

292 2397 527 2443 Ἀναξαγόρας
552 2392 580 2428 δ’
607 2396 744 2434 ἀτόπως
768 2396 859 2451 λέγει
886 2399 958 2441 περὶ
977 2397 1045 2451 ’τῆς
1066 2397 1128 2428 τοῦ
1148 2396 1284 2440 ἀπείρου
1303 2408 1362 2440 μο-

298 2529 342 2566 ὠς

367 2454 438 2480 νης·
473 2441 637 2486 στηρίζειν
674 2441 737 2487 γὰρ
772 2442 858 2473 αὐτο
896 2442 984 2474 αὐτο
1019 2452 1095 2485 φησι
1131 2440 1171 2475 τὸ
1209 2441 1357 2485 ἄπειρον·

367 2487 472 2518 τοῦτο
497 2482 548 2527 δέ,
576 2485 629 2517 ὅτι
654 2485 686 2517 ἐν
713 2486 820 2526 αὐτῷ·
849 2485 930 2516 ἄλλο
955 2485 1002 2531 γοὶ
1045 2480 1140 2517 οὐδέν
1166 2485 1331 2529 περιέχει,

368 2529 451 2562 ὅπου
477 2531 515 2562 ἄν
542 2541 576 2561 τι
594 2528 632 2572 ᾗ,
660 2529 802 2582 πεφυκὸς
819 2528 970 2562 ἐνταῦθα
986 2541 1084 2562 ειναι.
1112 2530 1222 2561 Τοῦτο
1246 2525 1277 2561 δ’
1300 2529 1360 2560 οὐκ

370 2572 503 2612 ἀληθές·
529 2576 578 2610 εἴη
604 2573 668 2619 γὰρ
695 2575 733 2604 ἀν
759 2585 793 2606 τι
818 2585 881 2605 που
908 2574 965 2614 βία
988 2575 1047 2605 καὶ
1066 2574 1103 2606 οὐ
1148 2573 1184 2605 οὗ
1203 2573 1357 2618 πέφυκεν.

367 2618 406 2649 Εἰ
431 2615 486 2649 οὖν
513 2617 566 2650 ὅτι
595 2617 747 2660 μάλιστα
777 2617 822 2661 μή
853 2622 1000 2649 κινεῖται
1034 2618 1074 2650 τὰ
1107 2619 1183 2650 ὅλον
1210 2618 1271 2661 (τὸ
1296 2617 1360 2663 γαρ

370 2662 464 2702 αὐτῷ
490 2660 726 2704 στηριζόμενον
758 2663 816 2692 καὶ
842 2662 874 2692 ἑν
900 2663 993 2703 αὑτῷ
1021 2661 1054 2693 ὃν
1082 2663 1239 2699 ἀκίνητον
1271 2659 1359 2693 εἶναι

371 2704 538 2750 ἀνάγκη),
567 2704 656 2735 ἀλλά.
678 2699 737 2736 διαὶ
761 2706 794 2736 τί
813 2706 850 2736 οὖ
869 2705 992 2748 πέφυκε
1012 2706 1187 2745 κινεῖσθαι,
1206 2705 1358 2738 λεκτέον.

369 2748 414 2780 Οὐ
439 2747 502 2793 γοὶρ
528 2747 641 2778 ἱκανὸν
667 2747 707 2779 τό
733 2747 838 2785 οὕτως
868 2748 1012 2780 εἰπόντα
1046 2748 1281 2794 ἀπηλλάχθαι·
1309 2751 1358 2786 εἴη

369 2791 433 2837 γάρ
461 2790 499 2822 ἂν
523 2793 580 2822 καὶ
606 2792 720 2822 ὁτιοῦν
747 2790 829 2823 ἄλλο
855 2792 893 2823 οὗ
917 2791 1124 2834 κινούμενον,
1145 2793 1235 2825 ἀλλα
1260 2803 1359 2834 πεφυ-

368 2834 463 2866 κέναι
489 2830 586 2866 οὐδὲν
610 2834 743 2875 κωλύει,
771 2836 842 2867 ἐπεὶ
867 2837 925 2866 καὶ
950 2837 970 2871 ἡ
989 2837 1033 2881 γῆ
1054 2837 1090 2868 οὐ
1109 2836 1259 2881 φέρεται,
1283 2832 1353 2868 οὐδ’

370 2880 397 2910 εὶ
425 2877 558 2923 ἄπειρος
583 2875 637 2918 ἥν,
656 2877 808 2924 εἱργμένη
834 2879 951 2921 μέντοι
971 2880 1039 2912 ἀπὸ
1057 2881 1118 2912 τοῦ
1139 2880 1254 2924 μέσου·
1284 2881 1356 2913 ἀλλ’

368 2923 434 2967 οὐχ
460 2922 512 2955 ὅτι
538 2922 602 2955 οὑκ
623 2922 713 2955 ’ἐστιν
740 2923 822 2954 ἄλλο
849 2923 887 2955 οὗ
908 2923 1143 2968 ἐνεχθησεται,
1162 2927 1300 2968 μείνειεν
1321 2924 1359 2956 ἂν

371 2967 426 2999 ἐπὶ
458 2968 520 2999 τοῦ
554 2968 676 3011 μέσου,
715 2967 785 2998 ἀλλ’
815 2965 868 2999 ὅτι
903 2966 1044 3011 πέφυκεν
1078 2967 1196 3006 οὕτως.
1237 2970 1358 3001 Καίτοι

370 3010 457 3051 ἐξείη
486 3010 523 3042 ἂν
547 3011 656 3057 λέγειν
690 3009 743 3042 ὅτι
777 3012 923 3055 στηρίζει
955 3011 1095 3048 ἑαυτήν.
1133 3013 1170 3043 Εἰ
1196 3010 1252 3044 οὖν
1278 3007 1354 3056 μηδ’

370 3055 424 3086 ἐπὶ
449 3055 510 3091 τῆς
535 3056 597 3100 γῆς
623 3055 728 3086 τοῦτο
755 3056 864 3087 αἴτιον
891 3056 1027 3099 ἀπείρου
1053 3056 1172 3096 οὔσης,
1201 3057 1275 3088 ἀλλ’
1306 3056 1359 3090 ὅτι

370 3097 470 3141 βάρος
495 3098 583 3143 ἔχει,
609 3098 650 3130 τὸ
674 3093 713 3129 δὲ
738 3098 823 3143 βαρῦ
847 3099 936 3142 μένει
961 3100 1016 3132 ἐπὶ
1042 3101 1104 3132 τοῦ
1125 3100 1247 3142 μέσου,
1275 3101 1296 3137 ἡ
1321 3096 1358 3132 δὲ

369 3143 414 3186 γῆ
440 3143 494 3174 ἐπὶ
519 3143 581 3174 τοῦ
607 3141 721 3186 μέσου,
749 3143 868 3186 ὁμοίως
895 3142 933 3176 ἂν
957 3146 1015 3176 καὶ
1040 3144 1081 3176 τὸ
1109 3144 1243 3189 ἄπειρον
1268 3144 1358 3187 μένει

371 3189 404 3218 ἐν
430 3187 523 3227 αὐτῷ
548 3182 607 3218 8ιοί
630 3187 691 3219 τιν’
714 3187 818 3223 ἄλλην
837 3189 965 3229 αἰτίαν,
983 3189 1041 3220 καὶ
1059 3188 1123 3232 οὐχ
1139 3187 1193 3220 ὅτι
1220 3200 1355 3232 απειρον

369 3231 427 3262 καὶ
451 3231 597 3274 στηρίζει
623 3230 710 3262 αὐτὸ
736 3230 836 3262 αὐτό.

293 3317 388 3362 “Ἀμα
412 3312 449 3348 δὲ
473 3312 576 3352 δῆλον
603 3315 655 3348 ὅτι
678 3315 741 3348 κᾶν
763 3318 876 3349 ὁτιοῦν
893 3317 989 3360 μέρος
1005 3312 1214 3372 ὃέοιημένειν·
1234 3319 1274 3355 ὠς
1295 3318 1358 3370 γαρ

371 3360 412 3393 τὸ
432 3360 566 3404 ἄπειρον
586 3359 617 3390 ὲν
636 3361 746 3401 ἑαυτῷ
764 3364 855 3404 μενεῖ
869 3361 1038 3403 στηρίζον,
1059 3373 1147 3394 ουτω
1164 3360 1226 3392 κᾶν
1246 3362 1358 3394 ὀτιουν

368 3403 478 3448 ληφθῇ
504 3403 612 3447 μέρος,
632 3403 664 3435 ἑν
684 3405 794 3444 ἑαυτῷ
819 3402 922 3447 μένει·
949 3405 1010 3437 τοῦ
1030 3404 1094 3449 γοὶρ
1117 3403 1193 3436 ὅλου
1213 3406 1270 3436 καὶ
1298 3405 1360 3436 τοῦ

370 3448 485 3493 μέρους
512 3443 671 3491 ὁμοειδεῖς
696 3449 725 3479 οἱ
751 3447 866 3488 τόποι,
890 3447 956 3479 οἷον
983 3447 1060 3484 ὅλης
1082 3448 1144 3493 γῆς
1168 3449 1226 3479 καὶ
1251 3447 1359 3487 βώλου

369 3492 479 3532 κάτω,
504 3493 562 3522 καὶ
588 3491 717 3528 παντὸς
743 3491 842 3535 πυρός
866 3493 922 3522 καὶ
949 3490 1123 3534 σπινθῆρος
1151 3491 1231 3524 ἄνω.
1257 3490 1360 3523 ’Ὥστε

370 3537 397 3568 εἰ
423 3537 484 3567 τοῦ
512 3537 646 3580 ἀπείρου
672 3534 777 3573 τόπος
803 3535 842 3568 τὸ
868 3533 900 3567 ἑν
926 3535 1033 3576 αὐτῷ,
1054 3536 1111 3566 καὶ
1129 3536 1190 3566 τοῦ
1208 3533 1323 3578 μέρους
1347 3535 1362 3566 ὁ

372 3579 492 3617 αὐτός·
519 3584 608 3624 μενεῖ
633 3579 697 3624 ἄρα
723 3579 755 3611 ἐν
781 3579 904 3620 ἑαυτῷ.

1418 780 1433 796 *
1450 782 1584 823 Oportet
1599 791 1705 814 autem
1721 786 1759 815 de
1776 787 1863 816 omni
1880 796 1916 816 ex
1931 787 1978 817 his
1995 788 2200 826 considerare,
2211 789 2236 818 si
2247 789 2406 828 contingat
2421 796 2475 820 aut

1485 837 1551 856 non
1583 828 1742 868 contingat
1765 839 1879 869 corpus
1902 830 2061 861 infinitum
2084 842 2149 862 esse
2183 833 2335 863 sensibile.
2352 833 2476 870 *Quod

1480 877 1587 901 autem
1615 873 1748 902 omnino
1779 873 1972 913 impossibile
2003 875 2041 905 sit
2074 885 2187 915 corpus
2218 875 2376 906 infinitum
2409 887 2475 907 esse

1485 914 1642 953 sensibile,
1667 926 1703 946 ex
1726 916 1774 945 his
1797 917 2008 948 manifestum.

1418 959 1540 996 Aptum
1572 959 1657 988 enim
1693 966 1804 990 natum
1828 968 1873 991 est
1896 971 1991 991 omne
2024 961 2167 992 sensibile
2197 962 2311 992 alicubi
2338 970 2421 1001 esse;
2446 970 2476 994 et

1479 1001 1569 1031 locus
1593 1002 1704 1042 aliquis
1721 1010 1766 1033 est
1781 1004 2044 1045 uniuscuiusque3
2069 1012 2098 1035 et
2114 1005 2198 1036 idem
2213 1006 2307 1046 partis
2323 1013 2353 1036 et
2372 1007 2475 1037 omnis

1485 1051 1544 1118 effi,
1569 1052 1604 1076 ut
1627 1046 1723 1076 totius
1746 1054 1843 1077 terrae
1862 1055 1892 1078 et
1916 1049 2008 1078 unius
2034 1049 2162 1088 glebae,
2187 1056 2216 1080 et
2238 1050 2318 1089 ignis
2344 1057 2374 1080 et
2395 1050 2475 1080 scin-

1483 1095 1506 1118 τι
1532 1099 1577 1119 ae.

1418 1131 1523 1168 Quare
1547 1132 1573 1162 si
1596 1133 1726 1173 quidem
1749 1133 1788 1163 sit
1811 1134 1952 1165 eiusdem
1989 1136 2117 1175 speciei,
2143 1143 2197 1166 aut
2224 1137 2387 1167 immobile
2419 1137 2474 1168 erit

1484 1182 1538 1206 aut
1561 1186 1684 1216 semper
1706 1178 1893 1208 movebitur.
1918 1179 1958 1209 Et
1980 1179 2173 1219 impossibile
2198 1187 2257 1210 est:
2289 1181 2366 1221 quid
2390 1181 2475 1211 enim

1484 1220 1583 1259 magis
1607 1221 1756 1251 deorsum
1786 1228 1840 1251 aut
1862 1231 1988 1260 sursum
2022 1229 2076 1253 aut
2098 1222 2231 1263 quovis?
2254 1224 2333 1254 Dico
2357 1231 2474 1263 autern,

1484 1270 1520 1294 ut
1536 1264 1561 1294 si
1580 1264 1669 1304 gleba
1684 1264 1723 1294 sit
1738 1264 1863 1303 alicubi,
1879 1265 1947 1305 ipsa
1962 1266 2017 1296 ubi
2031 1267 2208 1297 movebitur
2227 1274 2280 1297 aut
2296 1268 2350 1298 ubi
2367 1278 2474 1298 mane-

1483 1305 1548 1338 bit?
1571 1309 1675 1338 Locus
1699 1308 1782 1337 enim
1806 1308 1946 1339 infinitus
1970 1310 2026 1340 erit
2049 1310 2106 1340 sibi
2131 1317 2160 1340 et
2183 1311 2306 1350 cognati
2326 1311 2382 1341 sibi
2407 1321 2475 1341 cor-

1484 1351 1580 1390 poris.
1605 1352 1719 1382 Utrum
1743 1352 1838 1391 igitur
1860 1353 2031 1384 continebit
2053 1360 2158 1384 totum
2180 1353 2308 1384 locum?
2331 1355 2371 1385 Et
2394 1365 2473 1395 quo-

1483 1393 1603 1426 modo?
1627 1396 1717 1432 Quae
1739 1396 1833 1435 igitur
1856 1403 1886 1427 et
1909 1397 1962 1427 ubi
1986 1397 2074 1437 quies
2099 1404 2128 1428 et
2151 1404 2258 1428 motus
2281 1396 2399 1437 ipsius?
2422 1401 2473 1428 An

1479 1439 1597 1479 ubique
1620 1437 1776 1470 manebit?
1799 1450 1865 1470 non
1889 1450 1962 1480 ergo
1983 1441 2170 1472 movebitur.
2194 1443 2245 1471 An
2269 1441 2386 1482 ubique
2405 1452 2475 1471 mo-

1483 1481 1621 1513 vebitur?
1637 1493 1703 1513 non
1720 1493 1793 1523 ergo
1809 1483 1909 1514 stabit.
1921 1483 1937 1503 *
1952 1484 1984 1515 Si
2000 1491 2106 1515 autem
2125 1484 2274 1515 dissimile
2300 1491 2345 1516 est
2368 1495 2473 1524 omne,

1483 1526 1648 1556 dissimiles
1665 1533 1695 1557 et
1716 1527 1779 1557 loci
1802 1534 1885 1558 sunt.
1911 1527 1952 1558 Et
1970 1528 2110 1568 primum
2130 1528 2260 1569 quidem
2282 1539 2348 1559 non
2371 1539 2473 1559 unum

1479 1580 1593 1610 corpus
1623 1570 1758 1600 universi
1790 1577 1853 1608 est,
1884 1571 1943 1601 nisi
1966 1572 2134 1611 tangendo.
2167 1573 2290 1610 Postea,
2311 1580 2366 1603 aut
2387 1572 2475 1603 finita

1482 1614 1559 1644 haec
1575 1621 1666 1644 erunt
1689 1621 1743 1644 aut
1757 1614 1878 1645 infinita
1893 1615 2004 1655 specie.
2024 1616 2064 1645 Et
2080 1615 2167 1646 finita
2181 1616 2311 1656 quidem
2324 1626 2390 1646 non
2408 1626 2473 1646 esse

1483 1664 1633 1697 possunt:
1659 1665 1749 1688 erunt
1772 1659 1857 1688 enim
1880 1658 1939 1688 alia
1958 1659 2088 1699 quidem
2111 1659 2209 1697 finita,
2225 1659 2285 1689 alia
2299 1670 2374 1690 vero
2395 1670 2472 1698 non,

1483 1701 1508 1730 si
1533 1711 1628 1731 omne
1657 1701 1816 1731 infinitum
1840 1709 1903 1740 est,
1928 1709 1964 1733 ut
1994 1702 2073 1742 ignis
2106 1709 2160 1733 aut
2187 1713 2277 1743 aqua.
2300 1703 2472 1744 Corruptio

1484 1750 1590 1774 autem
1612 1744 1796 1775 huiusmodi
1820 1745 1852 1775 in
1877 1746 2037 1776 contrariis
2062 1753 2157 1784 esset,
2182 1746 2262 1777 sicut
2284 1747 2404 1777 dictum
2427 1753 2473 1777 est

1482 1788 1580 1827 prius.
1597 1789 1638 1818 Et
1660 1795 1788 1828 propter
1810 1789 1872 1819 hoc
1895 1790 2000 1820 nullus
2024 1790 2213 1820 naturalium
2231 1800 2334 1820 unum
2357 1797 2387 1820 et
2402 1790 2472 1820 infi-

1482 1831 1586 1862 nitum
1609 1831 1715 1871 ignem
1738 1831 1810 1862 facit
1838 1843 1940 1873 neque
1963 1840 2092 1871 terram,
2126 1834 2179 1863 sed
2209 1839 2262 1864 aut
2285 1844 2398 1874 aquam
2419 1840 2473 1864 aut

1483 1885 1587 1905 aerem
1622 1882 1676 1906 aut
1709 1875 1854 1915 ipsorum
1886 1876 2049 1915 medium,
2081 1877 2154 1917 quia
2186 1877 2275 1907 locus
2309 1877 2472 1918 utriusque

1482 1918 1667 1949 manifestus
1691 1926 1755 1950 erat
1782 1926 1812 1950 et
1835 1920 2072 1951 determinatus:
2096 1920 2172 1951 haec
2204 1927 2310 1951 autem
2338 1927 2472 1961 utroque

1482 1963 1682 2002 participant,
1707 1973 1745 1993 eo
1778 1963 1833 2003 qui
1866 1974 2006 2002 sursum,
2039 1970 2069 1994 et
2103 1974 2140 1994 eo
2169 1964 2224 2004 qui
2258 1965 2415 1996 deorsum.
2441 1964 2473 1995 Si

1482 2013 1589 2036 autem
1611 2006 1732 2037 infinita
1756 2013 1786 2036 et
1808 2007 1962 2047 simplicia
1985 2014 2072 2046 sunt,
2096 2014 2126 2038 et
2148 2008 2210 2038 loci
2228 2007 2340 2038 infiniti
2359 2015 2389 2039 et
2412 2009 2472 2038 ele-

1481 2057 1587 2080 menta
1611 2050 1731 2081 infinita
1755 2057 1862 2081 erunt:
1887 2051 1912 2081 si
1936 2058 2042 2082 autem
2064 2051 2126 2081 hoc
2148 2051 2342 2091 impossibile
2366 2059 2421 2090 est,
2443 2059 2474 2082 et

1481 2094 1543 2124 loci
1566 2094 1646 2124 finiti
1670 2101 1753 2132 sunt,
1778 2101 1808 2125 et
1823 2101 1928 2125 totum
1950 2094 2077 2125 finitum
2100 2105 2165 2125 esse
2189 2105 2313 2125 necesse
2333 2102 2387 2126 est.
2412 2096 2472 2126 Im-

1480 2138 1630 2178 possibile
1653 2138 1738 2168 enim
1758 2145 1803 2168 est
1821 2148 1887 2168 non
1906 2139 2031 2179 aequari
2050 2139 2158 2169 locum
2174 2145 2204 2169 et
2220 2149 2343 2178 corpus,
2361 2140 2472 2179 Neque

1481 2182 1567 2212 enim
1596 2182 1684 2212 locus
1715 2182 1818 2211 omnis
1850 2182 1952 2212 maior
1981 2189 2027 2212 est
2058 2193 2156 2222 quam
2179 2189 2471 2223 quantumcumque

1481 2225 1634 2265 contingit
1657 2235 1771 2265 corpus
1791 2225 1885 2256 simul
1901 2234 1986 2264 esse;
2007 2226 2148 2257 similiter
2162 2233 2268 2257 autem
2284 2237 2387 2267 neque
2402 2227 2471 2257 infi-

1481 2269 1584 2299 nitum
1599 2269 1656 2299 erit
1671 2279 1797 2309 corpus,
1814 2280 1917 2310 neque
1933 2280 2047 2310 corpus
2064 2270 2165 2300 maius
2178 2281 2275 2311 quam
2290 2271 2390 2301 locus.
2406 2273 2472 2302 Aut

1481 2313 1566 2343 enim
1589 2322 1726 2343 vacuum
1749 2313 1806 2343 erit
1821 2314 1954 2354 aliquid;
1971 2321 2025 2344 aut
2048 2324 2163 2354 corpus
2187 2324 2345 2355 nusquam
2360 2322 2471 2355 aptum

1481 2363 1591 2387 natum
1612 2363 1658 2387 est
1680 2366 1756 2387 esse.
2316 2377 2318 2379 -

1414 2401 1431 2419 *
1439 2403 1639 2441 Anaxagoras
1650 2407 1755 2431 autem
1765 2401 2020 2432 inconvenienter
2030 2401 2103 2432 dicit
2118 2402 2156 2432 de
2167 2401 2279 2432 infiniti
2295 2402 2469 2432 mansione.

1482 2444 1604 2474 Fulcire
1623 2444 1708 2475 enim
1722 2444 1829 2484 ipsum
1844 2444 1984 2484 seipsum
2002 2445 2075 2476 dicit
2097 2445 2270 2476 infinitum:
2287 2445 2349 2476 hoc
2366 2452 2471 2476 autem

1483 2495 1528 2518 est
1546 2488 1620 2528 quia
1638 2488 1670 2518 in
1694 2488 1797 2528 seipso
1822 2495 1883 2519 est:
1908 2488 1993 2518 aliud
2018 2488 2102 2519 enim
2126 2489 2263 2520 continet
2286 2489 2374 2520 nihil.

1415 2533 1585 2572 Tanquam
1604 2532 1658 2562 ubi
1682 2532 1791 2572 utique
1808 2532 1925 2572 aliquid
1941 2532 1990 2570 sit,
2014 2539 2125 2572 aptum
2147 2535 2259 2563 natum
2274 2533 2313 2563 sit
2327 2533 2370 2563 ibi
2393 2543 2468 2563 esse.

1481 2577 1553 2606 Hoc
1569 2582 1675 2606 autem
1691 2586 1756 2605 non
1771 2586 1882 2606 verum
1898 2582 1952 2606 est:
1978 2576 2034 2606 erit
2049 2576 2134 2606 enim
2150 2576 2266 2617 aliquid
2292 2577 2404 2607 alicubi
2427 2577 2468 2615 vi,

1481 2627 1511 2650 et
1534 2630 1598 2650 non
1614 2619 1668 2650 ubi
1691 2627 1801 2659 aptum
1816 2626 1926 2650 natum
1949 2626 1995 2650 est
2018 2630 2093 2650 esse.
2110 2620 2126 2639 *
2137 2620 2168 2650 Si
2184 2620 2278 2660 igitur
2293 2630 2389 2660 quam
2404 2630 2470 2650 ma-

1475 2664 1558 2694 xime
1574 2674 1640 2694 non
1658 2670 1804 2694 movetur
1826 2670 1930 2694 totum
1947 2662 2048 2705 (quod
2071 2663 2156 2694 enim
2171 2664 2298 2694 fulcitur
2321 2670 2351 2694 et
2373 2664 2406 2693 in
2424 2674 2469 2694 se-

1481 2708 1552 2747 ipso
1577 2714 1643 2745 est,
1667 2707 1830 2737 immobile
1854 2717 1920 2737 esse
1947 2717 2070 2737 necesse
2103 2706 2180 2750 est);
2204 2708 2258 2738 sed
2286 2717 2381 2748 quare
2404 2717 2470 2737 non

1481 2757 1592 2791 aptum
1607 2757 1718 2781 natum
1741 2751 1780 2781 sit
1802 2751 1922 2781 moveri
1941 2751 2109 2782 dicendum
2133 2758 2192 2782 est:
2213 2761 2278 2781 non
2298 2751 2382 2781 enim
2406 2751 2469 2781 suf-

1481 2794 1587 2825 ficiens
1611 2801 1658 2825 est
1681 2795 1723 2825 sic
1747 2795 1901 2825 dicentem
1932 2795 2070 2825 evadere.
2101 2795 2168 2825 Erit
2198 2795 2282 2825 enim
2309 2795 2417 2835 utique
2441 2802 2470 2826 et

1480 2839 1644 2878 quodlibet
1674 2839 1759 2869 aliud
1782 2849 1847 2868 non
1873 2845 2019 2877 motum,
2043 2839 2097 2869 sed
2129 2845 2253 2882 aptum*
2268 2845 2379 2869 natum
2404 2849 2469 2869 esse

1481 2882 1559 2912 nihil
1582 2882 1743 2922 prohibet:
1768 2883 1920 2923 quoniam
1945 2889 1974 2912 et
1997 2889 2076 2913 terra
2099 2893 2165 2912 non
2188 2882 2294 2921 fertur,
2318 2892 2420 2922 neque
2444 2882 2469 2912 si

1480 2925 1602 2957 infinita
1625 2933 1704 2957 esset
1721 2926 1861 2965 ferretur,
1886 2926 2018 2956 coercita
2036 2933 2142 2957 tamen
2158 2937 2176 2956 a
2191 2927 2306 2956 medio.
2327 2926 2388 2956 Sed
2404 2935 2470 2956 non

1480 2970 1555 3010 quia
1587 2980 1653 3000 non
1686 2976 1732 3000 est
1761 2970 1846 3003 aliud
1874 2970 1928 3000 ubi
1963 2970 2099 3008 nitatur,
2124 2970 2262 3000 manebit
2292 2970 2325 3000 in
2352 2969 2468 3000 medio:

1480 3014 1535 3044 sed
1558 3014 1632 3054 quia
1662 3023 1727 3043 non
1751 3020 1822 3053 apta
1845 3021 1917 3044 nata
1941 3020 1986 3044 est
2013 3013 2070 3044 sic:
2088 3014 2142 3044 sed
2164 3021 2269 3044 tamen
2291 3013 2394 3044 licebit
2413 3013 2470 3044 uti-

1479 3067 1542 3098 que
1575 3058 1695 3095 dicere,
1727 3057 1801 3098 quia
1824 3057 1913 3087 fulcit
1944 3067 1977 3087 se
2008 3057 2119 3097 ipsam.
2152 3058 2184 3088 Si
2214 3067 2287 3097 ergo
2311 3067 2414 3097 neque
2436 3057 2469 3086 in

1479 3108 1559 3132 terra
1581 3101 1657 3131 haec
1681 3111 1774 3131 causa
1796 3108 1858 3138 est,
1888 3111 1961 3131 cum
1986 3101 2025 3131 sit
2047 3101 2178 3139 infinita,
2202 3101 2256 3131 sed
2278 3101 2352 3141 quia
2373 3100 2469 3140 gravi—

1479 3151 1576 3175 tatem
1598 3145 1691 3175 habet
1717 3143 1821 3186 (grave
1848 3151 1955 3175 autern
1979 3151 2085 3175 manet
2106 3145 2139 3174 in
2161 3142 2305 3185 medio);
2329 3143 2469 3173 similiter

1479 3195 1510 3218 et
1532 3187 1691 3218 infinitum
1705 3194 1811 3218 manet
1824 3188 1933 3228 utique
1949 3187 1981 3217 in
1999 3188 2101 3228 seipso
2116 3194 2242 3227 propter
2258 3187 2351 3216 aliam
2369 3197 2466 3226 quan-

1479 3231 1553 3261 dam
1575 3242 1718 3269 causam,
1742 3231 1759 3250 *
1783 3232 1837 3261 sed
1860 3241 1926 3261 non
1955 3231 2028 3271 quia
2054 3230 2211 3261 infinitum
2247 3236 2292 3260 est
2321 3236 2351 3260 et
2379 3229 2469 3260 fulcit

1479 3275 1587 3314 ipsum
1611 3275 1759 3315 seipsum.

1414 3319 1561 3350 Similiter
1584 3325 1690 3349 autem
1713 3317 1914 3348 manifestum
1937 3317 2025 3357 quod
2048 3323 2078 3346 et
2100 3316 2125 3346 si
2145 3316 2193 3354 sit,
2217 3316 2373 3356 quaelibet
2395 3325 2465 3356 pars

1481 3362 1639 3402 oportebit
1654 3371 1789 3391 manere.
1806 3361 1892 3391 Sicut
1908 3360 1991 3390 enim
2010 3359 2169 3390 infinitum
2187 3360 2219 3389 in
2243 3360 2345 3399 seipso
2361 3366 2467 3390 manet

1480 3415 1514 3435 se
1537 3405 1678 3443 fulciens,
1703 3405 1746 3435 sic
1762 3411 1793 3434 et
1815 3404 1840 3433 si
1855 3403 2010 3444 quaelibet
2027 3413 2097 3443 pars
2116 3403 2294 3443 accipiatur,
2310 3403 2343 3433 in
2367 3403 2467 3443 seipsa

1481 3449 1628 3479 manebit.
1649 3448 1762 3478 Totius
1786 3447 1869 3477 enim
1889 3454 1919 3476 et
1941 3447 2034 3486 partis
2058 3446 2172 3476 similes
2195 3447 2257 3477 loci
2280 3453 2363 3484 sunt,
2388 3447 2467 3477 sicut

1482 3498 1579 3522 terrae
1602 3499 1632 3522 et
1655 3491 1761 3530 glebae
1794 3491 1952 3527 deorsum,
1977 3497 2007 3520 et
2034 3490 2138 3520 omnis
2160 3490 2240 3530 ignis
2264 3497 2294 3521 et
2316 3490 2466 3521 scintillae

1482 3545 1617 3565 sursum.
1636 3535 1750 3571 Quare,
1768 3533 1792 3563 si
1808 3533 1920 3564 infiniti
1943 3533 2032 3564 locus
2048 3534 2136 3574 quod
2155 3534 2188 3566 in
2204 3534 2318 3575 seipso,
2336 3541 2366 3565 et
2381 3534 2465 3564 idern

1483 3579 1591 3618 partis:
1616 3577 1753 3607 manebit
1776 3586 1848 3616 ergo
1873 3577 1904 3607 in
1928 3577 2037 3617 seipsa.

2504 794 2512 802 '
2523 793 2577 820 Seq.
2592 799 2643 820 cap.
2658 800 2679 821 ν,
2690 798 2715 816 et

2503 822 2559 839 text.
2574 825 2611 846 47.

2504 847 2511 854 ¹
2527 844 2594 866 Text.
2608 846 2646 872 48.

2501 1495 2511 1506 ¹⁴
2526 1495 2593 1517 Text.
2607 1503 2644 1524 49.

2497 2411 2507 2422 ⁸
2522 2410 2589 2432 Text.
2604 2417 2638 2438 50.

2499 2629 2508 2637 ·
2523 2627 2589 2649 Text.
2603 2633 2632 2655 5¹-

2494 3236 2502 3243 ·
2518 3235 2585 3257 Text.
2600 3241 2632 3263 52·
