2950 4004
1073 318 1184 353 CAP.
1213 317 1318 364 VIII,
1347 318 1497 355 LECT.
1526 320 1613 356 XIII
2354 331 2419 368 191

261 403 452 447 oporteret
480 395 585 445 quod
612 395 913 432 manifestaretur
935 394 974 431 in
997 394 1073 431 istis
1102 394 1315 431 mobilibus.

261 449 339 487 Sed
353 455 724 497 nunquam-apparet
752 447 891 496 aliquid
904 458 1071 484 vacuum
1091 447 1186 483 infra
1209 458 1316 482 mun-

261 502 375 540 dum:
404 501 493 550 quia
519 501 676 550 plenum
705 512 803 547 aere,
833 499 937 549 quod
963 498 1112 535 videtur
1137 510 1317 545 vacuum,

259 567 339 592 non
358 562 414 591 est
432 566 611 592 vacuum.
640 555 719 590 Aer
738 552 840 589 enim
869 559 924 588 est
951 550 1103 599 aliquid⁷
1132 550 1217 587 licet
1233 550 1318 587 visu

259 618 339 644 non
357 606 592 656 percipiatur.
615 605 715 652 Quia
733 604 764 641 si
784 604 896 642 etiam
916 603 936 624 ¹¹
955 603 1077 652 pisces
1102 609 1227 639 essent
1233 603 1318 651 fer-

260 660 326 707 rei,
348 667 383 696 et
399 659 583 696 haberent
606 657 769 695 similem
797 655 1056 705 apparentiam
1085 667 1172 691 cum
1198 666 1317 702 aqua,

261 723 340 750 non
356 719 487 761 posset
513 723 612 760 aqua
639 708 800 748 discerni
827 709 875 746 ab
903 708 955 745 eis
981 720 1051 757 per
1076 707 1218 754 visum;
1248 719 1318 744 nec

1370 402 1497 432 tamen
1525 404 1742 445 sequeretur
1760 397 1864 446 quod
1883 409 1982 446 aqua
1999 410 2078 434 non
2097 404 2208 445 esset,
2228 397 2290 435 vel
2310 397 2422 435 etiarn

1371 447 1507 495 pisces:
1524 449 1611 496 quia
1625 461 1703 486 non
1718 450 1841 486 solum
1856 449 1951 497 visu,
1964 450 2032 487 sed
2047 449 2158 486 etiam
2173 456 2273 487 tactu
2288 449 2422 487 discer-

1372 499 1470 535 nitur
1483 499 1572 537 illud
1588 501 1691 548 quod
1705 501 1874 549 tangitur.
1891 503 1940 538 Et
1954 502 2005 539 sic
2019 509 2122 550 patet
2141 514 2268 539 aerem
2283 502 2424 551 aliquid

1374 563 1474 588 esse:
1495 552 1583 599 quia
1601 560 1699 589 tactu
1717 553 1918 602 percipitur
1938 554 2079 591 calidus
2098 555 2159 591 vel
2179 554 2342 602 frigidus.

1426 604 1484 639 Ex
1502 604 1559 640 his
1578 604 1686 652 igitur
1704 613 1857 654 apparet
1885 607 1988 655 quod
2006 618 2172 644 vacuum
2200 619 2279 644 non
2296 607 2342 644 sit
2360 607 2423 644 ali-

1374 655 1479 703 quod
1506 657 1667 704 spatium
1695 666 1930 706 separatum,
1964 671 2087 707 neque
2115 659 2209 696 infra
2236 659 2423 697 mundum

1373 719 1496 755 neque
1525 716 1627 746 extra
1654 710 1852 747 mundum.
