2898 3996
62 475 70 483 '
90 481 201 510 pervenit
207 485 280 502 mne

1140 239 1250 276 cAP.
1281 240 1350 286 1x,
1380 239 1530 276 LECT.
1560 240 1650 277 X1x

307 318 417 355 tibus.
439 317 480 354 Si
507 325 635 354 autem
663 330 778 367 super
804 318 902 355 linea
929 325 1030 355 recta
1062 317 1175 354 finita.
1194 329 1273 354 non
1299 317 1365 353 fiat

308 370 475 417 reflexio,
496 370 562 407 erit
580 377 707 407 motus
725 370 967 419 imperfectus
997 377 1032 407 et
1060 377 1272 418 corruptus:
1295 369 1364 405 im—

305 423 494 471 perfectus
521 422 689 471 quidem,
709 422 797 471 quia
815 422 992 471 possibile
1021 430 1076 459 est
1099 421 1133 458 ei
1151 422 1233 458 fieri
1261 421 1364 458 addi-

306 475 466 522 tionem3
483 478 679 523 corruptus
694 483 832 523 autern,
850 474 936 523 quia
952 487 1039 511 cum
1052 473 1266 523 pervenerit
1281 474 1300 494 ⁵³²
1315 474 1364 510 ad

306 527 511 564 terminum
539 527 816 574 magnitudinis,
837 527 996 564 cessabit
1023 533 1161 563 motus.
1184 525 1246 562 Sic
1273 537 1362 572 ergo

306 587 409 628 patet
434 579 539 629 quod
567 587 694 616 motus
723 579 910 626 circularis
937 578 1099 628 quinon
1128 585 1183 614 est
1206 590 1362 626 compo—

307 632 397 669 situs
425 644 471 669 ex
506 631 676 679 duobus,
706 639 744 669 et
769 631 834 680 qui
869 643 948 668 non
985 629 1238 678 corrumpitur
1274 642 1362 666 curn

306 684 409 721 venit
432 684 480 722 ad
498 683 702 723 terminum
722 685 826 731 (cum
845 683 890 721 sit
916 682 1020 720 idem
1039 682 1118 719 eius
1136 681 1361 731 principium

308 743 345 774 et
362 735 483 784 finis),
504 743 560 774 est
586 735 790 785 simplicior
809 742 845 772 et
865 734 1065 784 perfectior
1091 747 1206 783 quam
1235 743 1361 772 motus

307 796 440 826 rectus.
461 789 675 832 Perfectum
702 795 830 825 autem
859 794 912 824 est
938 787 1042 836 prius
1069 786 1300 836 imperfecto,
1327 795 1362 824 et

307 841 473 878 similiter
499 840 778 889 incorruptibile
816 839 1063 888 corruptibili,
1094 847 1130 876 et
1166 847 1297 876 natura
1326 848 1361 876 et

306 893 450 930 ratione
465 899 502 930 et
514 892 804 941 temporessicut
822 893 964 940 supra*
975 899 1169 929 ostensum
1190 899 1254 938 est,
1272 904 1360 928 cum

305 945 538 994 probabatur
563 945 637 982 loci
672 944 922 982 mutationem
959 956 1040 981 esse
1075 944 1243 993 priorem
1281 944 1359 985 aliis

2395 243 2472 290 439

1418 317 1593 354 motibus.
1611 319 1776 355 Necesse
1798 326 1852 355 est
1872 331 1959 366 ergo
1980 326 2128 356 motum
2149 319 2369 356 circularem
2389 332 2471 357 esse

1416 381 1584 417 priorem
1612 378 1725 407 recto.

1471 434 1505 469 7.
1527 423 1673 459 Deinde
1703 435 1790 459 cum
1820 423 1923 460 dicit:
1943 423 2113 471 Amplius
2135 424 2245 472 prior
2264 431 2346 471 etc„
2365 424 2473 472 ponit

1417 474 1623 511 secundam
1644 475 1846 512 rationem:
1868 488 1964 524 quae
1985 476 2065 512 talis
2085 483 2151 512 est.
2172 477 2300 512 Motus
2320 476 2383 525 qui
2403 488 2471 525 po-

1416 533 1487 562 test
1515 539 1596 563 esse
1622 535 1846 576 perpetuus,
1879 535 1933 564 est
1959 528 2064 576 prior
2096 541 2142 564 eo
2171 528 2235 577 qui
2267 536 2471 578 perpetuus

1416 591 1498 615 esse
1526 592 1604 616 non
1631 587 1774 627 potest3
1805 580 1891 628 quia
1918 587 2144 628 perpetuum
2173 588 2227 617 est
2262 581 2365 628 prius
2393 593 2471 617 non

1414 639 1611 679 perpetuo,
1634 639 1669 668 et
1697 639 1868 680 tempore
1888 639 1924 668 et
1951 630 2093 669 natura.
2116 632 2314 669 Circularis
2343 641 2470 670 autem

1415 690 1542 720 motus
1568 691 1692 732 potest
1729 696 1810 720 esse
1837 692 2060 732 perpetuus,
2092 692 2128 721 et
2154 685 2275 722 nullus
2309 686 2471 722 aliorum

1415 743 1611 783 motuum,
1642 748 1728 772 cum
1766 744 1938 784 oporteat
1967 737 2019 773 eis
2048 737 2247 773 succedere
2282 738 2468 786 quietem:

1413 788 1479 824 ubi
1507 795 1634 825 autem
1662 789 1768 837 quies
1788 788 2045 836 supervenerit
2060 790 2096 835 ’ἢ
2119 790 2369 837 corrumpitur
2388 802 2469 826 mo-

2498 795 2508 805 *
2523 795 2656 822 supervenit
2668 801 2707 816 aer

2497 827 2623 846 rmoq’rvvz
2634 837 2640 847 ,
2672 821 2710 842 in-

1413 847 1483 877 tus.
1515 841 1751 888 Relinquitur
1788 853 1875 888 ergo
1906 842 2009 889 quod
2045 849 2171 878 motus
2209 842 2395 878 circularis
2427 842 2472 879 sit
2498 847 2632 868 ‘wensta-

1412 892 1516 940 prior
1543 893 1720 930 omnibus
1757 893 1836 930 aliis
1872 893 2048 931 motibus.
2079 894 2185 930 Haec
2213 902 2340 931 autem
2372 907 2470 943 quae

1411 945 1450 980 in
1464 945 1536 981 hac
1556 945 1698 995 ratione
1723 946 1910 994 supponit,
1933 958 1978 982 ex
1997 946 2252 994 superioribus
2269 947 2288 968 '¹‘
2301 954 2430 995 patent
2447 952 2469 984 ¹.

357 1118 381 1153 ε)
400 1119 475 1144 Haec
491 1121 580 1144 autem
595 1125 687 1151 quae...
701 1121 806 1150 patent.
818 1131 837 1136 -
848 1117 990 1147 Peosxb5
1004 1117 1062 1142 Hoc
1080 1120 1169 1142 autem
1187 1117 1284 1150 quod...
1299 1120 1377 1149 patet
1395 1117 1480 1147 HNY;
1495 1120 1573 1150 patet
1594 1115 1689 1142 habent
1713 1118 1790 1142 etiam
1802 1123 1850 1142 cet.
1870 1126 1922 1143 exc.
1941 1119 1970 1149 F,
1989 1119 2107 1151 quamvis
2127 1120 2208 1144 maior
2225 1127 2285 1152 pars
2304 1120 2371 1152 legat
2390 1120 2464 1145 Haec

305 1157 394 1180 autem
413 1160 488 1187 quae.

1093 1197 1108 1204 e

2499 926 2508 934 '
2515 924 2550 946 Cf.
2559 925 2659 952 lect.xv1‚
2667 931 2709 946 ιω.

2596 961 2606 977 ε
