2898 3996
199 3165 379 3214 {dimittam

198 3268 206 3275 ·
223 3266 259 3288 hic
273 3267 373 3289 ostendit
390 3275 403 3290 ι’

195 3299 226 3320 pr
240 3297 260 3314 ct
276 3293 295 3315 b.

195 3475 204 3484 ·
220 3474 281 3496 Lect.
296 3481 326 3497 iv.

428 282 501 318 366

1029 278 1373 315 PHYSICORUM
1399 277 1745 314 ARISTOTELIS
1775 278 1868 314 LIB.
1896 278 1983 315 VIII

423 359 460 389 '0
483 353 512 389 δ’
534 357 638 394 αὐτᾶς
661 355 760 402 λόγος
784 358 841 388 καὶ
866 358 938 398 περὶ
964 357 1026 388 τοῦ
1053 354 1221 398 ἄφθαρτον
1243 350 1328 385 εἶναι
1345 354 1409 390 τήν
1433 355 1482 384 nt·
1505 358 1508 410 Ι
1533 353 1547 369 *
1561 353 1682 384 Eadem
1704 361 1811 386 autem
1833 355 1912 386 ratio
1936 362 1982 386 est
2004 362 2035 386 et
2063 357 2101 387 de
2124 366 2162 388 eo
2181 358 2269 397 quod
2287 357 2529 398 incorruptibilis
2553 359 2591 390 sit

491 413 598 438 νησιν·
622 399 775 442 καθάπερ
801 400 864 446 γάρ
891 401 945 431 ἐπὶ
971 400 1032 431 τοῦ
1057 397 1211 444 γενέσθαι
1238 399 1364 434 κίνησιν
1389 395 1480 428 συνέ-

493 446 586 486 βαινε
612 443 779 487 προτέραν
812 441 896 475 εἶναί
923 454 1000 474 τινα
1028 441 1224 485 μεταβολὴν
1250 441 1311 478 τῆς
1334 441 1478 484 πρῶτης,

494 488 599 525 οὕτως
625 487 773 520 ἐνταῦθα
799 487 941 531 ὑστέραν
960 487 1020 523 τῆς
1039 487 1251 521 τελευταίοις·
1272 485 1310 516 οὐ
1326 486 1389 530 γάρ
1409 483 1480 527 ἅμα

495 531 646 564 παύεται
668 530 859 574 κινούμενον
883 532 942 562 καὶ
964 528 1099 566 κινητὸν
1118 529 1166 569 ὄν,
1189 528 1209 564 ἦ
1225 528 1404 571 καόμενον,
1422 529 1479 558 καὶ

492 576 641 608 καυστὸν
660 574 694 606 ὅν
714 571 910 619 (ἐνδέχεται
927 574 992 619 γάρ
1015 572 1162 604 καυστὸν
1187 569 1271 603 εἶναι
1296 572 1342 615 μή
1358 570 1480 614 καιόμε-

495 620 581 661 νον),
608 614 686 650 οὐδὲ
709 618 878 656 κινητικόν
903 620 959 649 καὶ
983 617 1105 648 κινοῦν.
1132 617 1198 647 Καὶ
1221 616 1261 647 τὸ
1279 614 1425 660 φθαρτὸν
1443 610 1481 645 δὲ

495 659 607 698 δεήσει
635 660 820 706 φθαρῆναι,
855 660 938 694 ὅταν
970 659 1157 704 φθείρηται·
1190 660 1249 690 καὶ
1279 659 1319 690 τὸ
1354 657 1480 691 τούτου

494 705 674 749 φθαρτικὸν
709 705 810 737 ποίλιν
843 704 994 747 ὕστερον·
1020 705 1078 735 καὶ
1109 703 1172 749 γάρ
1198 704 1218 739 ἠ
1245 702 1350 747 φθοραὶ
1374 713 1482 746 μετα,-

495 749 580 790 βολτὶ
597 761 634 781 τε
654 750 756 781 ἐστίν.
783 750 820 780 Εἰ
837 745 880 785 δή
899 748 998 780 ταῦτ’
1019 743 1192 787 ἀδύνατοι,
1210 742 1313 782 δῆλον
1330 747 1370 783 ὠς
1390 746 1480 777 ἔστιν

498 789 602 830 ἀΐδιος
626 795 767 833 κίνησις,

484 916 632 943 Smopsxs.
650 930 684 935 --
705 923 728 942 1.
749 914 958 951 Argumentum
979 919 1007 941 et
1027 912 1129 941 divisio
1151 918 1251 940 textus.
1274 928 1293 933 -
1307 919 1334 939 2.
1356 913 1480 939 Praeno-

429 961 535 983 tamen.
557 955 633 982 Tum
648 962 682 981 ex
696 953 861 981 definitione
878 958 982 987 motus,
1004 958 1065 980 tum
1080 961 1114 980 ex
1134 951 1196 988 ipsa
1209 951 1250 979 rei
1264 957 1374 986 natura,
1390 950 1482 979 mani-

430 995 534 1022 festum
554 999 597 1021 est
618 993 696 1030 quod
717 992 795 1029 prius
816 999 857 1020 est
878 1001 939 1019 esse
959 991 1053 1028 ipsum
1077 991 1236 1019 subiectum
1258 990 1372 1025 mobile,
1395 999 1482 1027 quam

430 1034 511 1070 quod
531 1038 695 1067 moveatur;
717 1037 745 1059 et
764 1031 843 1067 prius
864 1030 1023 1059 subiectum
1044 1037 1146 1067 potens
1160 1039 1286 1065 movere,
1301 1039 1388 1067 quam
1404 1030 1483 1067 quod

431 1078 560 1107 moveat;
581 1071 659 1108 prius
680 1071 798 1106 inquam
817 1079 878 1098 non
892 1079 1004 1107 semper
1018 1076 1156 1106 tempore,
1172 1070 1222 1097 sed
1236 1076 1347 1098 natura.
1363 1085 1382 1090 -
1398 1069 1424 1097 3.
1441 1071 1483 1096 Ex

430 1112 486 1139 hoc
500 1113 595 1139 autem
610 1110 688 1146 quod
703 1109 797 1137 omnis
811 1109 931 1137 mutatio
946 1109 1064 1146 requirit
1077 1109 1246 1144 subiectum,
1261 1108 1381 1145 sumpsit
1394 1109 1482 1136 Aver-

429 1159 494 1178 roes
516 1149 698 1178 occasionem
718 1149 856 1185 loquendi
877 1155 977 1177 contra
991 1149 1020 1176 id
1034 1149 1114 1185 quod
1130 1149 1288 1176 secundum
1302 1148 1389 1176 fidem
1403 1154 1483 1176 tene-

430 1199 494 1217 mus
509 1190 544 1216 de
558 1188 716 1223 creatione;
737 1197 841 1224 nempe
859 1187 998 1216 conclusit
1012 1188 1092 1224 quod
1104 1197 1165 1216 non
1178 1187 1214 1216 sit
1227 1187 1362 1224 possibile
1376 1187 1484 1224 aliquid

430 1228 491 1256 fieri
505 1237 538 1256 ex
552 1227 650 1256 nihilo.
662 1243 681 1249 -
690 1227 771 1255 Aliae
781 1227 841 1255 eius
854 1227 980 1255 rationes
994 1228 1032 1256 ad
1042 1227 1118 1255 hunc
1129 1236 1255 1255 errorem
1266 1227 1455 1255 suadendum.
1464 1243 1483 1248 -

430 1277 459 1303 4.
482 1267 607 1295 Solvitur
626 1266 720 1303 prima
739 1266 812 1294 ratio
826 1267 969 1302 Averrois,
991 1266 1040 1303 qui
1055 1275 1088 1294 ex
1102 1267 1158 1294 hoc
1172 1267 1307 1302 deceptus
1321 1266 1381 1301 fuit,
1404 1266 1483 1303 quod

431 1306 620 1335 consideravit
635 1305 816 1342 particularia
836 1306 912 1334 entia
932 1312 1052 1334 tantum.
1074 1307 1116 1334 Ex
1129 1307 1186 1334 hoc
1207 1312 1302 1334 autem
1316 1306 1396 1342 quod
1418 1314 1483 1341 par-

430 1346 547 1374 ticulare
567 1354 617 1374 ens
631 1355 692 1373 non
706 1345 780 1381 facit,
802 1346 852 1373 sed
873 1345 1079 1382 praesupponit
1095 1345 1254 1380 materiam,
1276 1354 1336 1372 non
1357 1345 1485 1381 sequitur

432 1386 512 1422 quod
532 1384 656 1421 primum
678 1393 764 1422 agens
784 1384 959 1420 universale,
981 1385 1060 1421 quod
1081 1391 1123 1412 est
1143 1384 1266 1413 activum
1286 1384 1374 1412 totius
1401 1384 1483 1417 entis,

431 1424 539 1461 aliquid
552 1430 766 1460 praesupponat
786 1423 868 1460 quasi
881 1433 942 1452 non
957 1430 1104 1452 causatum
1118 1425 1154 1452 ab
1169 1433 1213 1452 eo.
1235 1424 1317 1452 Unde
1331 1423 1483 1460 productio

430 1463 596 1491 universalis
611 1464 683 1491 entis
697 1472 715 1491 a
729 1464 791 1491 Deo
806 1472 866 1491 non
881 1469 922 1491 est
942 1464 1038 1491 motus
1053 1472 1146 1500 neque
1161 1462 1296 1491 mutatio:
1318 1471 1384 1491 cum
1403 1462 1483 1496 ‚enim

431 1509 528 1531 motus
549 1509 577 1530 et
597 1502 718 1530 mutatio
747 1502 892 1539 requirant
919 1503 999 1539 quod
1029 1502 1187 1530 subiectum
1216 1502 1296 1530 aliter
1323 1511 1353 1530 se
1381 1503 1484 1530 habeat

430 1539 508 1570 nunc
529 1548 556 1570 et
570 1542 656 1578 prius,
671 1541 779 1578 aliquid
793 1541 992 1578 praeexisteret
1005 1541 1157 1570 universali
1171 1551 1267 1570 rerum
1284 1541 1482 1578 productioni3

431 1582 512 1618 quod
538 1587 684 1618 repugnat.
706 1596 726 1601 -—
749 1581 774 1608 5.
796 1582 838 1608 Ex
864 1581 964 1609 eadem
991 1581 1173 1610 distinctione
1201 1581 1274 1609 inter
1298 1581 1482 1618 particulares

430 1620 576 1656 factiones,
598 1620 756 1648 secundum
777 1629 848 1656 quas
868 1620 1036 1656 producitur
1056 1621 1112 1649 hoc
1131 1621 1176 1649 vel
1197 1621 1267 1648 illud
1290 1630 1349 1655 ens,
1371 1627 1399 1648 et
1419 1620 1483 1648 uni-

430 1660 568 1688 versalem
585 1659 803 1696 productionem
817 1659 904 1688 totius
919 1660 1000 1695 entis,
1009 1660 1158 1688 solvuntur
1171 1660 1242 1688 aliae
1257 1659 1381 1689 rationes
1394 1661 1483 1688 Aver-

429 1699 499 1727 rois.
514 1715 533 1720 -
547 1700 574 1727 6.
595 1699 680 1726 Ratio
695 1707 734 1727 ex
744 1704 830 1736 parte
851 1699 941 1736 ipsius
962 1706 1055 1727 motus
1075 1701 1111 1728 ad
1126 1700 1308 1736 probandum
1330 1700 1410 1736 quod
1424 1709 1483 1727 mo-

431 1743 476 1766 tus
496 1747 611 1774 semper
624 1739 694 1776 suit.
716 1739 774 1766 Aut
795 1738 871 1766 enim
885 1739 1039 1767 moventia·
1051 1745 1079 1767 et
1099 1739 1218 1767 mobilia
1237 1738 1394 1776 aliquando
1411 1739 1484 1767 facta

431 1783 497 1805 sunt
510 1787 575 1805 cum
590 1778 667 1814 prius
681 1786 742 1805 non
756 1784 858 1813 essent,
873 1784 922 1806 aut
935 1784 1002 1806 sunt
1015 1784 1161 1815 perpetua.
1177 1779 1208 1806 In
1221 1778 1316 1814 primo
1331 1787 1408 1813 casu,
1419 1784 1484 1806 ante

431 1817 620 1845 mutationem
640 1826 714 1853 quae
735 1817 872 1853 accipitur
892 1823 924 1845 ut
943 1817 1052 1854 prima,
1074 1826 1189 1846 necesse
1210 1823 1252 1845 est
1273 1818 1352 1854 quod
1373 1817 1409 1845 sit
1429 1817 1484 1845 alia

431 1856 561 1891 mutatio,
576 1857 734 1884 secundum
755 1865 843 1893 quarn
863 1856 969 1884 factum
986 1863 1027 1885 est
1041 1857 1136 1893 ipsum
1150 1857 1265 1891 mobile,
1281 1863 1309 1884 et
1322 1857 1362 1884 sic
1375 1856 1406 1884 in
1420 1856 1483 1884 infi-

430 1895 533 1923 nitum.
556 1896 587 1923 ln
609 1896 735 1924 secundo
757 1904 824 1924 casu
851 1895 946 1923 statim
974 1903 1092 1932 apparet
1112 1894 1233 1924 motum'
1246 1905 1359 1932 semper
1381 1895 1482 1924 fuisse:

431 1934 499 1972 quia
513 1934 693 1963 moventibus
708 1941 735 1963 et
749 1935 903 1963 mobilibus
917 1935 1093 1964 naturalibus
1107 1935 1298 1971 existentibus,
1313 1944 1428 1963 necesse
1442 1942 1485 1963 est

431 1974 548 2002 existere
562 1980 684 2002 motum.
696 1990 715 1995 —
724 1974 845 2011 Urgetur
859 1974 950 2011 magis
964 1975 1034 2003 haec
1043 1974 1115 2003 ratio
1130 1976 1227 2012 quoad
1241 1976 1315 2003 hanc
1329 1975 1484 2003 secundam

430 2019 550 2050 partem,
564 2020 592 2041 et
612 2013 772 2042 ostenditur
792 2014 872 2050 quod
893 2014 978 2042 etiam
999 2013 1029 2042 in
1047 2015 1100 2043 hac
1123 2011 1283 2051 hypothesi,
1305 2021 1370 2042 ante
1391 2021 1483 2042 muta-

431 2053 542 2080 tionem
556 2061 629 2090 quae
643 2052 779 2089 accipitur
792 2059 824 2080 ut
837 2052 937 2089 prima,
949 2060 1063 2089 oportet
1076 2062 1137 2081 esse
1151 2053 1236 2082 aliam
1251 2053 1440 2082 mutationem
1454 2054 1483 2081 in

432 2098 565 2120 movente
585 2091 630 2119 vel
651 2092 759 2127 mobili,
774 2101 824 2128 per
845 2101 933 2129 quam
953 2099 1133 2121 removeatur
1154 2102 1240 2121 causa
1258 2099 1376 2129 propter
1396 2101 1483 2129 quam

432 2131 531 2160 omnia
551 2137 631 2159 erant
650 2131 728 2167 prius
749 2131 778 2159 in
800 2131 903 2168 quiete.
924 2148 943 2153 -
965 2141 992 2168 7.
1011 2132 1138 2160 Obiectio
1159 2142 1193 2160 ex
1213 2132 1362 2169 agentibus
1382 2141 1484 2160 secun-

433 2171 503 2198 dum
517 2170 700 2206 intellectum,
715 2179 788 2207 quae
805 2171 912 2207 absque
933 2171 977 2199 sui
998 2171 1156 2200 mutatione
1177 2171 1309 2200 videntur
1329 2181 1359 2199 se
1379 2171 1484 2199 habere

432 2210 470 2238 ad
491 2210 631 2246 opposita,
647 2216 674 2237 et
692 2210 721 2237 in
742 2210 846 2247 quibus
867 2217 1075 2247 consequenter
1095 2220 1156 2239 non
1169 2210 1280 2239 videtur
1299 2220 1360 2238 esse
1374 2219 1483 2245 verum,

432 2250 513 2286 quod
533 2249 556 2277 si
577 2249 684 2286 aliquid
705 2250 740 2277 de
761 2258 837 2277 novo
859 2249 974 2286 incipiat
995 2250 1118 2286 moveri,
1141 2257 1271 2286 oporteat
1289 2249 1368 2286 prius
1388 2259 1484 2278 remo-

431 2288 490 2317 veri
511 2297 626 2317 causam
641 2288 752 2325 quietis.
774 2290 909 2317 Attamen
930 2289 1002 2317 ratio
1016 2289 1110 2326 posita
1123 2296 1201 2318 tenet
1214 2296 1275 2317 tum
1297 2289 1326 2317 in
1345 2289 1392 2317 his
1410 2299 1484 2326 quae

432 2334 520 2364 agunt
540 2336 591 2364 per
611 2327 799 2363 intellectum,
820 2335 882 2356 tum
903 2328 932 2356 in
953 2328 996 2356 his
1018 2338 1091 2365 quae
1113 2335 1200 2366 agunt
1226 2338 1278 2365 per
1301 2335 1441 2357 naturam.
1464 2346 1483 2350 -

433 2368 459 2395 8.
482 2367 569 2401 Quod
589 2368 741 2403 probatur:
766 2367 833 2404 quia
853 2374 881 2395 et
901 2367 931 2395 in
952 2368 1100 2404 agentibus
1120 2369 1278 2396 secundum
1299 2374 1440 2403 naturam,
1456 2374 1483 2396 et

432 2406 462 2434 in
482 2406 630 2443 agentibus
651 2407 809 2435 secundum
826 2407 1010 2442 voluntatem,
1026 2417 1086 2435 non
1101 2414 1143 2436 est
1163 2407 1271 2444 aliquid
1285 2417 1371 2436 causa
1391 2408 1483 2436 diver-

432 2455 540 2481 sorum,
560 2445 615 2474 nisi
636 2446 704 2483 quia
723 2446 753 2474 in
773 2446 828 2474 alia
848 2453 876 2474 et
896 2447 951 2475 alia
971 2446 1137 2475 habitudine
1158 2456 1188 2475 se
1209 2448 1303 2475 habet.
1326 2447 1383 2475 Sed
1403 2446 1427 2475 si
1448 2447 1483 2475 de

431 2494 509 2513 novo
530 2485 661 2513 adveniat
680 2485 818 2514 habitudo
839 2495 890 2522 per
911 2495 997 2523 quan-1
1019 2486 1126 2523 aliquid
1145 2493 1260 2515 moveat
1280 2493 1309 2515 et
1322 2486 1399 2515 aliud
1420 2496 1484 2515 mo—

431 2531 537 2559 veatur,
560 2531 673 2561 oportet
685 2525 730 2553 vel
743 2532 896 2562 utrumque
911 2526 954 2554 vel
968 2526 1089 2554 alterum
1112 2526 1221 2554 moveri
1235 2525 1322 2562 prius.
1343 2526 1425 2554 Unde
1439 2535 1484 2554 se-

432 2564 527 2600 quitur
547 2564 626 2601 quod
647 2564 683 2592 sit
696 2565 816 2593 mutatio
837 2565 933 2602 aliqua
952 2565 1032 2602 prior
1045 2565 1203 2594 mutatione
1218 2574 1292 2602 quae
1310 2564 1413 2594 dicitur
1426 2565 1483 2602 pri-

431 2612 487 2631 ma.
510 2620 530 2624 -
550 2613 577 2640 9.
598 2604 684 2632 Ratio
705 2613 744 2632 ex
759 2610 846 2642 parte
867 2605 1013 2643 temporis.
1027 2621 1046 2626 -
1060 2606 1126 2633 Duo
1147 2605 1374 2641 praenotamina.
1396 2605 1484 2633 Prius

432 2649 459 2670 et
475 2642 622 2681 posterius
648 2652 709 2671 esse
730 2653 791 2672 non
818 2651 954 2680 possunt,
975 2644 1030 2672 nisi
1054 2651 1168 2681 tempus
1193 2644 1237 2672 sit.
1263 2645 1341 2679 Item,
1370 2650 1483 2680 tempus

430 2691 491 2710 non
511 2689 604 2718 potest
631 2692 692 2711 esse
712 2683 766 2711 nisi
794 2683 829 2711 sit
850 2690 955 2712 motus.
978 2700 995 2705 -
1021 2693 1065 2712 10.
1093 2683 1123 2712 Si
1144 2690 1257 2720 tempus
1285 2692 1398 2720 semper
1425 2690 1482 2718 est,

430 2731 545 2750 necesse
559 2728 601 2750 est
614 2729 726 2750 motum
741 2732 802 2751 esse
822 2730 1002 2760 perpetuum,
1017 2723 1075 2751 sive
1090 2729 1204 2760 tempus
1219 2723 1254 2751 sit
1267 2732 1404 2751 numerus
1419 2732 1482 2751 rno-

430 2767 484 2797 tus,
505 2761 563 2789 sive
584 2761 619 2790 sit
639 2769 735 2790 motus
757 2763 890 2799 quidam,
911 2768 943 2790 ut
961 2762 1008 2790 alii
1029 2769 1134 2791 tenent.
1150 2779 1169 2784 -
1187 2772 1231 2790 11.
1253 2763 1394 2790 Probatur
1413 2771 1482 2799 ergo

429 2808 542 2837 tempus
557 2810 670 2838 semper
683 2811 752 2830 esse.
774 2804 802 2837 a)
816 2803 858 2830 Ex
873 2801 1011 2838 opinione
1024 2802 1275 2839 philosophorum,
1290 2801 1349 2838 qui,
1364 2808 1481 2838 excepto

430 2841 564 2876 Platone,
589 2841 768 2870 concorditer
788 2841 919 2870 videntur
940 2841 1043 2869 sentire
1065 2842 1100 2869 de
1121 2848 1260 2878 tempore,
1282 2842 1361 2878 quod
1382 2841 1418 2869 sit
1439 2841 1481 2868 in—

429 2881 567 2919 genitum.
582 2896 602 2901 -
619 2888 662 2908 12.
681 2881 708 2917 b)
730 2881 859 2910 Ratione.
882 2882 1010 2918 Tempus
1023 2890 1085 2909 non
1098 2887 1193 2918 potest
1206 2880 1322 2917 intelligi
1343 2880 1404 2909 sine
1418 2880 1481 2917 ipso

431 2929 513 2954 nunc,
536 2920 615 2957 quod
635 2920 671 2947 de
691 2920 735 2948 sui
749 2920 858 2949 ratione
879 2921 965 2949 habet
985 2921 1065 2958 quod
1085 2920 1170 2948 simul
1191 2920 1226 2949 sit
1246 2919 1418 2957 principium
1438 2920 1482 2948 fu—

430 2958 485 2987 turi
500 2965 527 2987 et
541 2959 605 2987 finis
625 2960 776 2996 praeteriti.
792 2961 868 2997 Ergo
883 2967 996 2996 oportet
1011 2961 1090 2997 quod
1104 2969 1138 2988 ex
1152 2966 1272 2997 utraque
1286 2966 1366 2997 parte
1388 2959 1481 2988 cuius-

431 3007 552 3034 cumque
573 2999 710 3035 temporis
725 3009 836 3036 semper
852 2999 887 3027 sit
901 3006 1023 3036 tempus.
1045 3000 1127 3028 Unde
1147 3006 1262 3036 tempus
1276 3005 1318 3028 est
1334 2999 1482 3036 sempiter-

431 3047 510 3073 num,
525 3045 552 3066 et
566 3045 773 3075 consequenter
794 3039 878 3067 etiam
903 3045 1008 3067 motus.
1025 3056 1043 3060 -
1062 3039 1106 3067 13.
1135 3038 1272 3067 Obiectio.
1296 3039 1391 3067 Omne
1406 3047 1480 3066 nunc

571 3182 581 3193 .
690 3157 1024 3207 ostquam*movit
1039 3157 1311 3195 dubitationem
1323 3158 1370 3195 de
1381 3169 1478 3194 sern-

516 3206 521 3218 ¹
553 3219 577 3246 ⁴(
600 3207 603 3211 ”
646 3212 665 3253 ‘f
690 3210 897 3260 piternitate
926 3218 1063 3257 motus,
1084 3210 1145 3247 hic
1172 3209 1328 3248 intendit
1355 3217 1478 3247 osten-

513 3288 521 3297 .
548 3269 583 3287 ⁰
622 3265 642 3300 ἐ
663 3301 670 3309 s
691 3263 779 3301 dere
800 3265 819 3285 '⁹
838 3270 986 3300 motum
1016 3275 1096 3300 esse
1123 3263 1408 3311 sempiternum.
1431 3263 1480 3299 Et

507 3339 518 3344 ν
580 3345 581 3348 ¹
691 3316 868 3353 dividitur
904 3316 942 3352 in
974 3323 1098 3364 partes
1137 3315 1254 3352 duas:
1284 3315 1324 3352 in
1355 3315 1479 3363 prima

430 3368 590 3405 ostendit
615 3369 871 3417 propositum3
905 3368 942 3404 in
975 3367 1142 3405 secunda
1170 3366 1281 3404 solvit
1309 3379 1354 3404 ea
1380 3379 1478 3415 quae

428 3420 466 3457 in
496 3421 722 3457 contrarium
750 3421 862 3457 obiici
889 3428 1057 3469 possent,
1083 3420 1152 3457 ibi:
1186 3420 1385 3456 Contraria
1412 3431 1479 3456 au-

429 3478 500 3509 tem
528 3473 582 3509 his
611 3474 630 3494 ’⁸‘
660 3480 727 3510 etc.
758 3473 867 3510 Circa
902 3472 1068 3521 primum
1103 3472 1179 3510 duo
1215 3471 1320 3508 facit:
1355 3471 1477 3520 primo

428 3524 533 3573 ponit
561 3525 722 3562 rationes
754 3525 802 3562 ad
837 3525 1114 3562 ostendendum
1147 3524 1479 3573 sempiternitatem

429 3585 570 3623 motus;
599 3579 765 3615 secundo
792 3577 899 3626 ponit
927 3577 1089 3614 rationes
1123 3584 1251 3614 eontra
1283 3576 1480 3626 opiniones

1599 403 1717 428 motus.
1753 398 1840 429 Sicut
1870 399 1955 429 enim
1979 399 2017 429 de
2048 398 2115 430 fieri
2146 407 2288 439 motum,
2312 401 2422 432 accidit
2453 402 2591 442 priorem

1599 441 1759 481 quandam
1783 451 1848 472 esse
1872 442 2081 473 mutationem
2104 443 2222 483 primaj
2246 444 2288 475 sic
2311 444 2361 475 hic
2383 446 2591 485 posteriorem

1598 485 1773 525 posteriori.
1797 486 1871 516 Non
1891 485 1976 516 enim
2000 486 2095 517 simul
2117 487 2248 527 quiescit
2271 489 2359 528 quod
2388 495 2533 520 movetur
2560 496 2591 521 et

1600 528 1690 568 quod
1712 528 1830 559 mobile
1849 536 1905 568 est,
1929 536 1960 559 et
1982 530 2071 570 quod
2094 530 2288 561 comburitur
2311 538 2342 562 et
2357 532 2444 572 quod
2459 533 2589 563 combu-

1599 572 1700 603 stibile
1723 571 1889 614 (contingit
1905 572 1990 603 enirn
2004 574 2222 604 combustibile
2237 584 2304 604 esse
2317 575 2405 615 quod
2421 585 2486 606 non
2503 585 2590 606 com-

1599 614 1759 658 buritur),
1783 626 1886 657 neque
1906 616 2064 647 motivum
2088 624 2118 648 et
2137 627 2279 648 movens.
2292 616 2307 632 *
2328 618 2370 649 Et
2391 619 2592 659 corruptibile

1599 659 1694 700 igitur
1715 659 1866 700 indigebit
1888 660 2048 700 corrumpi
2072 671 2146 691 cum
2169 668 2405 702 corrumpatur,
2430 669 2460 693 et
2481 663 2591 694 huius-

1600 703 1688 734 modi
1721 703 1936 744 corruptivum
1965 704 2079 736 iterum
2108 705 2282 744 posterius:
2317 706 2476 745 corruptio
2507 706 2592 737 enim

1601 746 1735 777 mutatio
1759 748 1915 788 quaedam
1938 755 1992 778 est.
2018 748 2050 779 Si
2068 748 2162 788 igitur
2183 748 2246 779 hoc
2263 748 2468 789 impossibile,
2492 750 2591 781 mani-

1601 789 1716 821 festum
1740 797 1786 821 est
1808 791 1896 831 quod
1919 798 1965 822 est
1987 798 2157 832 perpetuus
2179 799 2298 823 motus.

1535 920 1597 940 esse
1623 911 1796 948 principium
1817 918 1845 940 et
1865 912 1930 941 finis
1954 913 2016 942 no'n
2035 913 2147 942 videtur
2172 923 2289 950 verum,
2313 914 2368 942 nisi
2390 924 2424 943 ex
2447 924 2482 944 eo
2511 916 2591 953 quod

1535 957 1649 987 tempus
1666 951 1783 988 ponitur
1799 960 1860 980 esse
1875 952 2090 990 sempiternum.
2111 953 2231 982 Videtur
2251 963 2320 991 ergo
2340 954 2465 991 supponi
2485 955 2591 992 sempi-

1535 990 1652 1019 ternitas
1674 990 1829 1028 temporis,
1855 1000 1929 1031 quae
1956 992 2040 1020 debet
2062 992 2187 1029 probari.
2210 1009 2229 1014 -
2249 993 2414 1022 Excluditui·
2440 995 2590 1031 responsio

1535 1030 1679 1058 Averrois.
1694 1047 1712 1052 -
1730 1040 1773 1065 14.
1793 1030 1954 1067 Responsio
1971 1031 2128 1060 secundum
2150 1031 2339 1060 intentionem
2359 1032 2528 1062 Aristotelis.
2549 1035 2592 1062 Ex

1536 1069 1702 1098 definitione
1729 1069 1861 1107 principii
1889 1076 1916 1098 et
1943 1070 2008 1098 finis
2034 1070 2216 1099 manifestum
2243 1077 2286 1099 est
2313 1072 2404 1108 quod.
2419 1072 2591 1109 principium

1535 1108 1673 1145 temporis
1688 1115 1738 1144 est,
1750 1115 1816 1137 ante
1830 1110 1910 1146 quod
1924 1109 1995 1137 nihil
2004 1115 2046 1137 est
2059 1109 2207 1146 temporis,
2221 1116 2250 1138 et
2263 1110 2336 1145 finis,
2343 1115 2411 1148 post
2424 1112 2505 1148 quod
2518 1111 2589 1140 nihil

1536 1154 1578 1176 est
1598 1148 1674 1183 eius;
1701 1149 1752 1176 sed
1773 1154 1838 1176 ante
1859 1155 1887 1176 et
1903 1153 1972 1186 post
1990 1157 2052 1177 non
2072 1155 2139 1177 sunt
2158 1148 2220 1178 sine
2246 1155 2391 1186 tempore3
2421 1159 2489 1188 ergo
2517 1160 2591 1180 nunc

1536 1188 1616 1224 quod
1635 1187 1753 1224 ponitur
1766 1194 1798 1216 ut
1820 1187 1991 1224 principium
2011 1188 2158 1225 temporis,
2173 1194 2216 1216 est
2236 1189 2322 1218 etiam
2342 1189 2416 1224 finis,
2437 1196 2466 1218 et
2485 1199 2501 1218 e
2521 1199 2593 1219 con-

1535 1235 1627 1254 verso.
1652 1243 1671 1248 —
1696 1227 1739 1255 15.
1762 1227 1929 1255 ostenditur
1950 1228 2030 1264 quod
2050 1233 2144 1256 motus
2163 1237 2280 1266 semper
2299 1228 2337 1257 sit
2348 1230 2481 1267 futurus.
2504 1225 2592 1264 Quod

1536 1265 1652 1302 quidem
1667 1265 1725 1294 iam
1746 1267 1914 1294 conclusum
1928 1273 1970 1294 est
1987 1275 2038 1303 per
2057 1267 2199 1295 rationem
2219 1267 2437 1304 praecedentem
2457 1277 2491 1297 ex
2511 1275 2591 1306 parte

1536 1305 1683 1341 temporis.
1704 1306 1787 1334 Unde
1801 1306 1939 1342 probatur
1962 1305 2008 1334 hic
2028 1306 2139 1335 ratione
2153 1313 2268 1343 sumpta
2288 1316 2325 1343 eir
2341 1313 2421 1344 parte
2435 1314 2540 1344 motus,
2554 1317 2590 1336 eo

1536 1345 1627 1372 modo
1642 1353 1701 1381 quo
1715 1346 1869 1381 probatum
1886 1351 1928 1374 est
1941 1346 2022 1382 quod
2035 1351 2132 1374 motus
2145 1355 2296 1383 nunquam
2309 1346 2430 1383 incepit3
2450 1347 2590 1384 videlicet,

1537 1383 1604 1420 quia
1624 1393 1706 1412 secus
1726 1390 1800 1413 esset
1819 1384 1916 1422 aliqua
1942 1384 2063 1414 mutatio
2091 1385 2234 1422 posterior
2254 1395 2288 1414 ea
2308 1395 2382 1423 quae
2401 1386 2519 1423 ponitur
2537 1396 2592 1424 po-

1537 1429 1650 1451 strema.
1672 1440 1690 1445 -
1715 1425 1758 1452 16.
1780 1424 1892 1452 Ponere
1913 1431 2026 1453 motum
2046 1433 2159 1461 semper
2178 1425 2274 1460 fuisse,
2291 1431 2430 1462 repugnat
2450 1425 2516 1454 fidei
2536 1435 2592 1455 no·

1537 1469 1625 1498 strae,
1654 1464 1812 1491 secundum
1839 1473 1927 1500 quam
1947 1463 2019 1492 nihil
2044 1464 2163 1500 ponitur
2189 1473 2302 1501 semper
2322 1464 2408 1493 fuisse
2431 1464 2486 1493 nisi
2513 1465 2592 1494 solus

1537 1503 1623 1537 Deus,
1639 1502 1688 1539 qui
1703 1509 1745 1530 est
1758 1502 1880 1531 omnino
1894 1502 2059 1531 immobilis.
2074 1520 2094 1525 -
2104 1504 2262 1538 Quomodo
2277 1502 2364 1541 aliqui
2379 1503 2482 1532 frustra
2495 1504 2592 1533 conati

1537 1541 1594 1569 sint
1607 1542 1758 1570 ostendere
1772 1541 1956 1571 Aristotelem
1977 1542 2048 1571 nihil
2061 1542 2107 1571 hic
2123 1543 2252 1571 locutum
2265 1552 2328 1572 esse
2348 1549 2448 1572 contra
2461 1543 2557 1572 fidem.
2572 1560 2593 1566 -

1542 1590 1586 1617 17.
1608 1581 1666 1609 Sed
1685 1587 1783 1612 tamen
1802 1591 1854 1618 per
1874 1582 1998 1610 rationes
2015 1587 2105 1619 'supra
2119 1582 2226 1619 positas
2239 1582 2341 1611 veritas
2355 1582 2422 1611 fidei
2439 1581 2592 1612 efficaciter

1538 1620 1699 1657 impugnari
1719 1630 1779 1649 non
1800 1628 1902 1658 potest.
1925 1622 2051 1650 Probant
2065 1621 2142 1650 enirn
2156 1622 2237 1659 quod
2257 1628 2354 1650 motus
2374 1631 2435 1651 non
2453 1622 2592 1660 inceperit

1537 1668 1588 1696 per
1601 1659 1676 1688 viam
1691 1667 1808 1689 naturae
1821 1661 1858 1689 ab
1872 1660 1970 1698 aliquo
1983 1667 2085 1698 agente
2105 1661 2275 1698 particulari,
2291 1662 2371 1698 quod
2383 1661 2441 1699 agit
2453 1671 2591 1699 praesup-

1537 1699 1632 1735 posito
1653 1699 1751 1736 aliquo
1772 1700 1916 1728 subiecto:
1938 1701 1989 1728 sed
2009 1701 2089 1737 quod
2109 1709 2170 1728 non
2190 1700 2327 1737 inceperit
2347 1701 2428 1738 quasi
2449 1702 2534 1729 rebus
2555 1701 2591 1730 de

1536 1747 1614 1766 novo
1635 1739 1781 1775 productis
1795 1748 1812 1767 a
1825 1739 1920 1776 primo
1941 1749 2037 1768 rerum
2058 1739 2207 1776 principio,
2223 1740 2279 1768 hoc
2299 1740 2334 1768 iis
2349 1740 2509 1769 rationibus
2522 1750 2591 1777 pro-

1537 1777 1598 1806 bari
1621 1786 1682 1805 non
1703 1785 1806 1814 potest.
1828 1778 2023 1806 Manifestatur
2043 1779 2099 1807 hoc
2119 1779 2217 1816 quoad
2231 1779 2354 1816 primam
2375 1779 2532 1808 illationem
2546 1789 2592 1809 ra-

1537 1816 1623 1845 tionis
1644 1824 1773 1854 sumptae
1795 1826 1828 1845 ex
1855 1824 1935 1854 parte
1961 1825 2065 1846 motus.
2087 1835 2107 1840 -
2132 1819 2175 1847 18.
2203 1819 2404 1856 Respondetur
2424 1819 2504 1848 alteri
2529 1819 2592 1849 eius

1538 1855 1711 1891 deductioni,
1732 1857 1899 1893 praesertim
1918 1858 2015 1894 quoad
2036 1857 2114 1886 illam
2128 1864 2238 1894 partem
2253 1867 2310 1895 qua
2323 1858 2426 1886 dicitur
2439 1859 2520 1896 quod
2532 1858 2592 1895 pri-

1538 1904 1618 1923 mum
1639 1895 1819 1932 principium,
1835 1897 1914 1933 quod
1934 1902 1976 1924 est
1990 1897 2077 1932 Deus,
2092 1906 2153 1925 non
2167 1896 2257 1934 magis
2271 1897 2442 1933 produceret
2455 1907 2500 1926 res
2513 1907 2592 1927 nunc

1538 1944 1625 1971 quam
1645 1935 1733 1971 prius,
1748 1935 1803 1963 nisi
1816 1935 1897 1964 aliter
1910 1945 1940 1964 se
1954 1936 2070 1964 haberet
2090 1945 2168 1964 nunc
2181 1942 2209 1964 et
2222 1936 2315 1972 prius;
2330 1945 2364 1964 ex
2385 1946 2444 1974 quo
2463 1937 2592 1974 sequitur

1537 1975 1616 2011 quod
1639 1974 1740 2002 saltem
1761 1984 1795 2003 ex
1815 1981 1895 2011 parte
1917 1975 1977 2003 eius
1997 1975 2050 2003 erit
2072 1975 2168 2012 aliqua
2196 1975 2316 2004 mutatio
2340 1975 2420 2012 prior
2446 1976 2495 2004 illa
2515 1985 2591 2013 quae

1537 2013 1654 2050 ponitur
1667 2014 1767 2050 prima.
1782 2030 1802 2035 -
1815 2014 1944 2042 Primum
1964 2023 2060 2051 agens,
2076 2015 2143 2051 quia
2159 2024 2220 2043 non
2241 2015 2299 2052 agit
2318 2024 2370 2051 per
2382 2022 2524 2051 naturam,
2539 2016 2592 2044 sed

1537 2062 1588 2089 per
1607 2053 1780 2082 intellectum
1801 2059 1830 2082 et
1849 2054 2035 2089 voluntatem,
2055 2060 2149 2090 potest
2172 2063 2224 2090 per
2242 2055 2419 2083 voluntatem
2442 2061 2590 2084 aeternam

1537 2093 1696 2128 producere
1711 2093 1842 2121 effectum
1857 2103 1917 2121 non
1938 2099 2096 2127 aeternum,
2110 2093 2182 2122 sicut
2203 2093 2348 2122 intellectu
2364 2100 2481 2122 aeterno
2495 2100 2591 2131 potest

1537 2131 1690 2168 intelligere
1711 2141 1771 2160 rem
1790 2141 1851 2160 non
1871 2138 2026 2160 aeternam.
2041 2149 2060 2154 -
2079 2142 2121 2168 19.
2143 2133 2278 2161 Instantia
2298 2139 2399 2162 contra
2419 2134 2493 2162 hanc
2512 2133 2595 2163 solu-

1536 2171 1655 2199 tionem.
1676 2171 1817 2199 Voluntas
1839 2181 1899 2199 non
1922 2171 2070 2208 postponit
2090 2172 2182 2200 facere
2203 2173 2283 2209 quod
2301 2172 2376 2208 vult,
2398 2172 2453 2201 nisi
2494 2179 2592 2210 ropter

1536 2211 1592 2238 hoe
1613 2211 1693 2247 quod
1707 2210 1814 2247 aliquid
1829 2217 1992 2247 expectatur
2005 2211 2035 2239 in
2049 2211 2154 2247 futuro,
2170 2212 2249 2248 quod
2263 2221 2324 2240 non
2338 2218 2380 2240 est
2394 2211 2424 2240 in
2438 2222 2458 2249 p
2492 2211 2591 2242 esenti.

1536 2251 1612 2286 Ergo
1627 2259 1703 2278 nova
1723 2250 1875 2287 productio
1896 2259 1992 2278 rerum
2005 2259 2066 2278 non
2080 2256 2174 2287 potest
2187 2251 2338 2288 provenire
2352 2260 2369 2279 a
2382 2251 2528 2280 voluntate
2542 2260 2590 2280 ae-

1536 2295 1625 2324 terna,
1646 2289 1701 2317 nisi
1721 2296 1835 2326 tempus
1856 2291 1988 2319 succedat
2008 2296 2074 2326 post
2086 2296 2215 2327 tempus3
2237 2291 2318 2327 quod
2331 2299 2392 2319 non
2411 2297 2508 2328 potest
2527 2299 2590 2320 esse

1535 2328 1590 2356 nisi
1610 2329 1802 2357 mediantibus
1822 2329 1949 2358 motibus
1970 2329 2023 2357 sibi
2044 2329 2260 2358 succedentibus
2281 2330 2311 2358 in
2332 2330 2484 2358 infinitum.
2499 2346 2520 2352 -
2533 2330 2591 2359 Sed

1535 2367 1670 2396 instantia
1690 2368 1823 2404 procedit
1840 2369 1875 2397 de
1897 2374 1998 2405 agente
2017 2368 2048 2396 in
2068 2375 2213 2405 ternpore,
2234 2378 2295 2397 non
2315 2375 2412 2398 autem
2433 2370 2468 2398 de
2489 2377 2593 2407 agente

1534 2407 1703 2443 universali,
1725 2409 1804 2444 quod
1825 2414 1852 2436 et
1872 2407 1966 2445 ipsum
1994 2414 2108 2444 tempus
2129 2407 2214 2436 simul
2234 2418 2301 2437 cum
2321 2408 2421 2437 ceteris
2448 2409 2590 2446 producit.

1536 2447 1610 2475 Cum
1631 2456 1699 2484 ergo
1721 2447 1822 2475 dicitur
1842 2456 1887 2475 res
1904 2456 1966 2475 non
1986 2456 2100 2484 semper
2115 2447 2200 2475 fuisse
2221 2456 2239 2476 a
2258 2449 2321 2476 Deo
2341 2449 2506 2485 productas,
2527 2457 2591 2478 non

1535 2485 1698 2523 intelligitur
1713 2487 1793 2523 quod
1810 2486 1953 2515 infinitum
1973 2492 2087 2523 tempus
2107 2486 2300 2523 praecesserit,
2321 2487 2351 2515 in
2372 2497 2432 2524 quo
2454 2489 2532 2517 Deus
2552 2489 2591 2517 ab

1535 2526 1648 2563 agendo
1662 2525 1824 2561 cessaverit,
1846 2532 1874 2554 et
1886 2526 2075 2562 postmodum
2095 2532 2225 2562 tempore
2240 2526 2429 2555 determinato
2443 2535 2527 2564 agere
2541 2536 2590 2556 ce-

1534 2565 1620 2602 perit;
1641 2565 1692 2593 sed
1712 2566 1793 2602 quod
1813 2567 1891 2593 Deus
1911 2571 2023 2602 tempus
2051 2572 2079 2594 et
2105 2574 2150 2593 res
2177 2565 2263 2594 simul
2289 2565 2319 2593 in
2347 2575 2408 2594 esse
2434 2567 2588 2603 produxit,

1534 2611 1689 2642 postquam
1715 2613 1777 2633 non
1797 2605 1916 2633 fuerant.
1938 2621 1957 2626 -
1977 2612 2023 2632 20.
2045 2604 2169 2633 Solvitur
2194 2605 2268 2633 ratio
2289 2613 2340 2642 per
2365 2614 2453 2642 quam
2474 2605 2589 2635 ostendi

1534 2643 1646 2672 videtur
1671 2650 1784 2680 tempus
1812 2653 1924 2680 semper
1950 2644 2045 2672 fuisse.
2072 2641 2311 2689 Utique'tempus
2331 2654 2392 2673 non
2411 2651 2507 2682 potest
2527 2654 2603 2675 esse,

1535 2683 1595 2711 sine
1617 2692 1708 2711 nunc:
1729 2693 1816 2712 omne
1837 2690 1932 2712 autem
1947 2693 2021 2712 nunc
2035 2692 2097 2712 esse
2110 2683 2282 2720 principium
2297 2689 2324 2712 et
2338 2683 2426 2712 finem
2440 2684 2588 2722 temporis,

1534 2732 1595 2751 non
1622 2729 1716 2759 potest
1736 2723 1865 2758 concedi,
1886 2723 1941 2751 nisi
1962 2729 2086 2759 ponatur
2106 2722 2191 2751 etiam
2213 2729 2325 2751 motum
2346 2731 2460 2760 semper
2479 2732 2551 2754 esse.
2567 2738 2592 2747 -

1534 2763 1576 2790 Ex
1597 2763 1652 2790 hoc
1673 2769 1769 2790 autem
1790 2763 1870 2799 quod
1887 2762 1989 2790 dicitur
2002 2762 2176 2799 principium
2189 2762 2327 2799 temporis
2341 2771 2412 2798 esse,
2426 2768 2492 2792 ante
2506 2763 2590 2801 quod

1534 2801 1602 2830 nihil
1625 2808 1667 2830 est
1687 2801 1761 2837 eim,
1783 2811 1844 2830 non
1865 2801 1994 2839 sequitur
2007 2802 2087 2839 quod
2107 2801 2233 2838 primum
2249 2811 2332 2836 nunc,
2347 2803 2427 2839 quod
2447 2808 2491 2831 est
2510 2802 2590 2839 prin-

1534 2841 1640 2878 cipium
1660 2841 1808 2878 temporis,
1829 2842 2015 2878 praecedatur
2036 2851 2053 2870 a
2073 2847 2203 2878 tempore
2224 2841 2360 2870 existente
2373 2841 2403 2870 in
2421 2851 2518 2871 rerum
2537 2851 2590 2871 na-

1533 2887 1606 2916 tura,
1621 2881 1671 2909 sed
1686 2880 1716 2909 in
1729 2880 1933 2918 imaginatione
1946 2887 2046 2909 nostra
2059 2886 2180 2909 tantum.
2195 2896 2214 2902 -—
2228 2882 2326 2909 Potest
2338 2880 2425 2909 etiam
2439 2881 2495 2909 dici
2509 2881 2591 2918 quod

1533 2920 1562 2956 ly
1581 2925 1655 2954 ante,
1671 2921 1750 2957 quod
1770 2919 1887 2957 ponitur
1900 2920 1931 2948 in
1944 2919 2110 2948 definitione
2124 2919 2256 2957 principii
2269 2920 2416 2956 temporis,
2430 2929 2492 2949 non
2509 2917 2588 2949 affir-

1534 2966 1642 2995 matur,
1673 2960 1723 2988 sed
1750 2965 1878 2996 negatur.
1900 2975 1919 2980 -
1941 2960 2009 2988 Sola
2035 2959 2083 2987 illa
2109 2959 2222 2988 duratio
2249 2959 2394 2996 praecedit
2421 2966 2534 2988 motum
2560 2965 2589 2988 et

1533 3005 1655 3035 tempus,
1670 3008 1744 3036 quae
1765 3005 1807 3027 est
1826 2998 1977 3027 aeternitas
1994 2998 2056 3034 Dei,
2071 3004 2099 3026 et
2119 3007 2193 3036 quae
2213 3007 2274 3027 non
2287 2999 2373 3027 habet
2385 2997 2465 3036 prius
2485 3005 2514 3027 et
2533 3007 2588 3036 po-

1533 3038 1642 3074 sterius,
1664 3039 1715 3066 sed
1735 3044 1778 3066 est
1797 3044 1858 3067 tota
1878 3037 1972 3066 simul.

1531 3157 1845 3206 philosophorum
1875 3155 2103 3193 contrarium
2133 3155 2385 3204 opinantium,
2414 3155 2486 3193 ibi:
2516 3155 2590 3192 Sed

1533 3221 1606 3247 non
1635 3209 1834 3258 aliquando
1863 3209 1882 3230 *
1916 3215 1984 3245 etc.
2021 3208 2130 3245 Circa
2165 3207 2332 3257 primum
2370 3208 2447 3245 duo
2479 3208 2586 3245 facit:
2615 3215 2624 3225 ·

1531 3262 1656 3312 primo
1676 3261 1838 3299 ostendit
1856 3260 1960 3311 quod
1988 3268 2114 3298 motus
2133 3272 2285 3310 semper
2312 3260 2398 3307 fuit;
2418 3260 2585 3298 secundo

1533 3315 1638 3363 quod
1652 3326 1803 3363 semper
1818 3313 1896 3361 erit,
1912 3313 1983 3351 ibi:
2002 3313 2146 3350 Eadem
2160 3318 2284 3351 autem
2300 3314 2395 3350 ratio
2409 3319 2464 3350 est
2477 3313 2497 3335 ²⁸⁸
2515 3320 2584 3350 etc.
2613 3324 2623 3334 ·

1534 3367 1643 3404 Circa
1669 3367 1834 3416 primurn
1864 3367 1940 3404 duo
1968 3366 2074 3404 facit:
2102 3365 2228 3415 primo
2257 3365 2420 3403 ostendit
2444 3377 2584 3415 propo—

1533 3420 1645 3457 situm
1662 3419 1816 3457 -ratione
1853 3426 2008 3468 accepta
2035 3430 2081 3456 ex
2107 3426 2212 3468 parte
2240 3426 2388 3465 motus;
2417 3417 2584 3456 secundo

1534 3472 1678 3509 ratione
1711 3478 1864 3521 accepta
1903 3484 1947 3508 ex
1975 3478 2080 3520 parte
2116 3471 2317 3520 temporis,
2347 3470 2418 3508 ibi:
2451 3471 2585 3508 Adhuc

1533 3530 1657 3562 autem
1680 3525 1787 3572 prius
1805 3529 1841 3560 et
1859 3524 2045 3572 posterius
2065 3524 2084 3545 ¹⁸
2104 3531 2173 3561 etc.
2195 3523 2304 3561 Circa
2330 3523 2496 3573 primum
2515 3521 2583 3559 tria

1534 3576 1635 3614 facit:
1663 3576 1788 3625 primo
1815 3575 2017 3625 praemittit
2045 3575 2240 3625 quoddam
2258 3575 2363 3625 quod
2381 3582 2436 3612 est
2453 3585 2582 3612 neces-

2616 364 2626 373 ·
2640 363 2709 386 Text.
2725 369 2756 386 12.

2618 620 2627 630 ¹
2642 619 2710 642 Text.
2724 625 2754 649 ¹3·

2611 3528 2620 3538 ·
2635 3527 2706 3550 Num.
2719 3533 2745 3556 9.
