2898 3996
76 555 86 565 '¹
100 558 130 575 ex
147 552 286 575 necessitate

75 579 127 602 add.
141 585 179 601 m.

73 871 86 883 ⁴¹
99 871 163 894 Lect.
177 877 225 900 seq.

73 971 86 984 ⁴¹
98 972 172 995 Num.
185 978 235 1001 seq.

73 1010 85 1035 ·’
99 1024 159 1047 nna.

71 2070 86 2083 ⁸
98 2069 169 2093 Num.
184 2070 207 2092 6.

22 2127 37 2147 s·
55 2124 86 2138 ‘⁴
99 2127 175 2148 autern
189 2125 257 2148 codd.

1186 307 1296 343 CAP.
1327 307 1359 354 Ι,
1389 307 1540 343 LECT.
1570 308 1601 344 II

293 386 411 425 ⁴Dicit
431 397 520 433 ergo
548 384 674 434 primo
694 385 799 433 quod
827 385 997 422 eiusdem
1017 385 1168 422 rationis
1193 393 1247 422 est
1266 385 1370 433 quod

312 438 533 486 magnitudo
563 445 599 474 et
621 445 771 486 tempus
801 446 837 474 et
864 446 990 474 motus
1020 445 1297 486 componantur
1325 449 1370 473 ex

312 490 600 528 indivisibilibus
639 497 676 526 et
711 490 925 527 dividantur
956 490 994 527 in
1022 489 1279 537 indivisibilia,
1307 490 1369 526 vel

312 544 403 581 nihil
429 544 585 580 horum:
605 542 694 591 quia
713 542 895 591 quidquid
924 542 1072 579 dabitur
1091 544 1110 562 ⁴⁵
1131 542 1178 579 de
1196 554 1294 590 uno,
1324 554 1369 578 ex

313 596 534 634 necessitate
562 603 737 644 sequetur
766 595 813 631 de
841 595 925 632 alio.

367 661 403 686 2.
425 648 572 686 Deinde
601 660 689 684 cum
709 647 813 685 dicit·
841 647 1088 694 Manifestum
1107 651 1161 682 est
1177 652 1300 683 autem
1320 658 1369 682 ex

311 702 368 739 his
396 709 477 749 etc.,
496 701 634 750 probat
650 699 902 748 propositum:
924 706 959 735 et
977 698 1101 746 primo
1121 706 1302 747 quantum
1321 700 1368 735 ad

313 753 612 802 magnitudinem
645 760 681 788 et
708 758 876 796 motum3
906 751 1072 787 secundo
1101 758 1282 799 quantum
1320 753 1368 788 ad

312 813 463 856 tempus
499 813 536 842 et
571 803 890 851 magnitudinem,
923 803 995 839 ibi·
1029 804 1204 840 Simi'lzter
1243 809 1367 841 autem

314 870 459 897 necesse
477 859 497 879 '⁵'
518 864 585 893 etc.
607 856 716 892 Circa
733 855 900 904 primum
927 855 995 892 tria
1017 856 1117 892 facit:
1146 856 1270 905 primo
1298 869 1366 905 po-

312 912 367 948 nit
391 908 645 959 propositum3
675 907 842 944 secundo
873 908 1133 956 exemplificat,
1162 909 1229 945 ibi:
1264 910 1312 946 Ut
1336 910 1370 946 si

312 964 392 1012 ipsa
415 962 526 998 ABC
538 962 558 982 ²⁹
573 967 659 1006 etc.;
684 960 791 996 tertio
810 961 958 1012 probat,
979 961 1047 997 ibi:
1072 962 1114 997 Si
1131 962 1246 1011 igitur
1254 973 1366 1009 prae-

310 1015 421 1052 sentis
439 1019 560 1051 motus
580 1014 599 1034 ³²
615 1020 684 1050 etc.
705 1013 947 1061 Propositum
969 1021 1024 1050 est
1041 1013 1156 1051 istud:
1177 1014 1207 1050 si
1225 1014 1367 1061 magni-

310 1066 403 1104 tudo
424 1079 469 1103 ex
488 1065 774 1103 indivisibilibus
803 1066 1062 1114 componitur,
1094 1074 1129 1102 et
1147 1074 1274 1103 motus
1302 1066 1366 1113 qui

311 1119 440 1157 transit
466 1131 535 1167 per
556 1117 864 1166 magnitudinem,
886 1126 1137 1167 componetur
1159 1131 1205 1155 ex
1232 1118 1366 1155 indivi-

311 1172 479 1209 sibilibus
498 1171 676 1218 motibus,
701 1171 918 1218 aequalibus
947 1183 1108 1208 numero
1136 1170 1366 1208 indivisibili-

309 1226 380 1262 bus
397 1237 441 1261 ex
460 1224 596 1272 quibus
617 1222 856 1272 componitur
882 1223 1114 1271 magnitudo.

365 1278 399 1314 3.
417 1276 681 1325 Exemplificat
699 1283 826 1313 autem
842 1276 895 1312 sic
913 1282 941 1312 “.
959 1276 1014 1312 Sit
1027 1276 1125 1312 linea
1139 1276 1252 1323 ABC,
1270 1288 1366 1324 quae

311 1337 563 1378 componatur
591 1341 636 1365 ex
667 1328 784 1365 tribus
821 1328 1128 1376 indivisibilibus,
1158 1340 1254 1376 quae
1282 1335 1368 1365 sunt

310 1384 344 1419 A
374 1390 410 1419 et
436 1383 467 1418 B
497 1389 532 1418 et
562 1382 609 1427 C;
636 1388 672 1418 et
699 1381 745 1418 sit
773 1381 808 1418 O
838 1381 977 1418 mobile
1009 1379 1027 1409 β
1055 1381 1158 1429 quod
1192 1388 1368 1418 movetur

310 1435 350 1472 in
386 1434 506 1483 spatio
535 1434 655 1470 lineae
682 1434 804 1481 ABC,
839 1441 875 1470 et
902 1441 1028 1470 motus
1057 1433 1136 1470 eius
1165 1434 1210 1470 sit
1241 1435 1365 1470 DEZ:

311 1487 500 1536 oportebit
526 1486 630 1535 quod
649 1485 679 1523 si
706 1494 831 1535 partes
859 1486 967 1535 spatii
993 1487 1055 1523 vel
1083 1486 1202 1522 lineae
1223 1486 1295 1523 sint
1313 1486 1367 1523 in-

312 1539 526 1585 divisibiles,
548 1539 652 1587 quod
672 1539 783 1575 etiam
810 1546 934 1588 partes
953 1539 1132 1587 praedicti
1151 1546 1277 1576 motus
1296 1539 1368 1576 sint

310 1591 564 1629 indivisibiles.

363 1644 511 1681 Deinde
527 1655 614 1679 cum
630 1642 734 1679 dicit:
750 1643 792 1679 Si
804 1643 919 1692 igitur
926 1644 1133 1692 praesentis
1149 1649 1269 1680 motus
1284 1651 1366 1691 etc.,

310 1697 447 1746 probat
473 1695 723 1744 propositum.
753 1697 802 1732 Et
818 1696 914 1732 circa
937 1697 1011 1732 hoc
1029 1696 1098 1732 tria
1122 1696 1222 1732 facit:
1243 1696 1367 1744 primo

310 1749 514 1798 praemittit
541 1747 730 1796 quaedam
758 1749 969 1785 necessaria
991 1749 1046 1788 ,ad
1072 1746 1254 1796 propositi
1282 1761 1368 1796 pro-

311 1802 521 1847 bationem3
560 1800 727 1837 secundo
763 1801 900 1848 probat
940 1801 1044 1849 quod
1082 1801 1112 1837 si
1148 1800 1367 1847 magnitudo

313 1854 552 1902 componitur
583 1865 626 1889 ex
654 1853 812 1900 punctis,
843 1853 947 1900 quod
975 1860 1101 1889 motus
1131 1852 1370 1901 componitur

311 1919 391 1944 non
421 1919 466 1943 ex
494 1905 676 1952 motibus,
707 1905 774 1941 sed
803 1917 848 1941 ex
875 1905 1194 1952 momentissibi:
1233 1906 1370 1942 Secun-

311 1960 400 1996 dum
414 1959 451 1995 A
466 1959 706 2008 igiturssetc.;
730 1957 837 1994 tertio
858 1958 1019 1995 ostendit
1039 1970 1119 1994 esse
1139 1958 1371 2006 impossibile

313 2011 416 2061 quod
445 2019 571 2048 motus
604 2017 856 2058 componatur
893 2023 938 2047 ex
966 2011 1190 2058 momentis,
1224 2010 1295 2047 ibi:
1324 2012 1375 2047 Et

311 2070 454 2101 motum
483 2075 560 2100 esse
586 2063 728 2111 aliquid
752 2063 772 2083 ³¹³
800 2070 868 2099 etc.

365 2128 402 2163 4.
432 2115 640 2152 Praemittit
668 2126 757 2161 ergo
788 2116 807 2135 ²³²
839 2114 963 2163 primo
994 2115 1082 2152 duo.
1118 2115 1289 2152 Primum
1319 2123 1373 2151 est

314 2169 419 2218 quod
448 2167 658 2204 secundum
687 2179 970 2215 quamcumque
993 2175 1139 2215 partem
1167 2167 1373 2215 praesentis

314 2228 441 2258 motus
469 2232 623 2256 necesse
645 2226 700 2254 est
719 2219 859 2267 aliquid
877 2220 1043 2265 moveri;
1070 2227 1105 2255 et
1132 2231 1153 2254 e
1174 2226 1371 2265 converso,

315 2273 346 2310 si
374 2272 515 2321 aliquid
542 2279 738 2317 movetur,
769 2283 922 2308 necesse
952 2279 1007 2308 est
1044 2271 1147 2319 quod
1175 2271 1271 2308 adsit
1304 2271 1373 2308 sibi

316 2325 448 2374 aliquis
468 2333 606 2361 motus.
626 2325 676 2360 Et
703 2323 733 2359 si
760 2324 835 2360 hoc
855 2331 909 2360 est
926 2336 1074 2371 verum,
1101 2332 1249 2372 oportet
1267 2324 1372 2372 quod

315 2378 456 2415 mobile
486 2377 521 2413 O
551 2383 751 2413 moveatur
778 2389 846 2425 per
872 2378 923 2423 A,
954 2389 1050 2425 quae
1081 2384 1135 2413 est
1161 2389 1247 2424 pars
1275 2381 1290 2403 ⁷
1317 2384 1372 2412 to-

315 2431 387 2468 tius
407 2429 685 2476 magnitudinis,
706 2441 750 2465 ea
768 2436 873 2477 parte
893 2437 1019 2465 motus
1048 2441 1144 2477 quae
1175 2437 1229 2465 est
1255 2430 1309 2474 D;
1340 2436 1375 2464 et

316 2482 528 2520 secundum
556 2483 608 2529 B,
647 2481 759 2518 aliam
786 2488 933 2530 partem
966 2481 1256 2529 magnitudinis,
1291 2493 1373 2517 mo-

314 2542 449 2572 veatur
485 2534 556 2571 alia
587 2542 691 2582 parte
725 2542 852 2570 motus
880 2546 977 2583 quae
1007 2542 1061 2570 est
1089 2535 1142 2580 E3
1177 2541 1213 2570 et
1241 2546 1375 2570 secun-

316 2588 409 2625 dum
439 2589 481 2635 C,
511 2587 658 2623 tertiam
688 2594 836 2635 partem
864 2586 1146 2634 magnitudinis,
1176 2594 1375 2623 moveatur

314 2640 421 2677 tertia
452 2647 556 2688 parte
585 2646 711 2676 motus
749 2651 846 2687 quae
876 2647 930 2675 est
957 2640 1007 2685 Z;
1041 2639 1090 2676 ita
1119 2639 1222 2688 quod
1251 2639 1374 2687 singu-

315 2694 372 2730 lae
400 2699 525 2741 partes
562 2699 687 2728 motus
725 2692 978 2740 respondeant
1018 2692 1170 2739 singulis
1206 2692 1374 2740 partibus

315 2743 592 2792 magnitudinis.

370 2796 591 2834 Secundum
605 2795 784 2844 proponit
798 2795 869 2832 ibi:
885 2796 927 2832 Si
939 2796 1055 2845 igitur
1065 2808 1208 2832 necesse
1223 2802 1276 2832 est
1292 2804 1373 2833 etc.:

318 2857 354 2887 et
381 2849 468 2887 dicit
505 2849 609 2897 quod
641 2860 795 2884 necesse
825 2855 879 2884 est
906 2848 943 2884 id
981 2849 1084 2896 quod
1119 2856 1295 2885 movetur
1326 2849 1374 2885 ab

315 2915 394 2939 uno
423 2902 583 2938 termino
609 2901 647 2937 in
675 2900 801 2948 alium,
822 2913 899 2937 non
923 2900 1035 2937 simul
1055 2901 1201 2937 moveri
1231 2909 1266 2937 et
1293 2913 1374 2938 mo-

316 2962 399 2992 tum
429 2967 521 3001 esse,
551 2954 775 3002 inquantum
804 2960 980 2989 movetur
999 2961 1035 2989 θῖ
1061 2954 1215 3001 quando
1243 2966 1375 2990 move-

317 3015 397 3053 tur;
418 3007 512 3044 sicut
539 3007 569 3043 si
593 3006 724 3054 aliquis
750 3006 855 3043 vadit
874 3006 1039 3052 Thebas,
1069 3006 1301 3054 impossibile
1322 3014 1376 3043 est

318 3060 413 3095 haec
441 3059 518 3096 duo
537 3059 648 3096 simul
669 3070 762 3106 esse,
793 3058 930 3095 scilicet
952 3058 1004 3094 ire
1025 3059 1179 3095 Thebas
1209 3066 1244 3095 et
1263 3059 1374 3096 ivisse

319 3111 474 3147 Thebas
502 3109 526 3148 δ.

373 3163 479 3199 Haec
497 3171 624 3200 autem
644 3164 719 3201 duo
741 3163 918 3212 supponit
937 3163 1043 3211 quasi
1062 3175 1129 3211 per
1153 3176 1193 3199 se
1220 3163 1375 3200 manife-

320 3222 386 3252 sta.
407 3215 510 3252 Nam
529 3216 633 3264 quod
653 3228 806 3253 necesse
829 3215 873 3252 sit
887 3215 1036 3253 moveri
1056 3215 1104 3252 ad
1122 3215 1374 3264 praesentiam

373 3344 400 3378 α)
420 3344 609 3376 Exempltficat
622 3348 710 3369 autem
729 3345 774 3369 sic.
787 3358 806 3362 —
819 3344 855 3368 Ita
869 3344 943 3368 codd.
959 3349 984 3368 et
1002 3351 1019 3368 a
1028 3344 1042 3369 b
1047 3353 1056 3374 ‚-
1070 3345 1128 3370 edd.
1143 3345 1312 3377 posteriores:
1327 3345 1373 3369 Se-

318 3380 405 3405 cundo
425 3379 460 3404 ibi
485 3379 615 3411 (sequitur
638 3379 738 3411 textus)
757 3379 936 3411 exemplificat
954 3382 1042 3404 autem
1061 3380 1116 3409 sic5
1139 3381 1185 3404 sed
1207 3380 1249 3404 vel
1268 3387 1297 3404 ex
1316 3380 1374 3412 ipso

318 3418 407 3439 autem
426 3418 496 3446 patet
514 3414 669 3438 additionem
688 3421 746 3438 esse
765 3414 886 3445 spuriam.

374 3448 398 3482 β)
422 3449 444 3474 Ο
462 3449 563 3474 mobile.
574 3461 593 3468 —-
610 3448 662 3473 PK
679 3448 770 3473 mobile
789 3448 873 3478 Piana,
893 3455 958 3480 quae
976 3453 1066 3480 postea
1084 3449 1108 3473 in
1127 3448 1174 3474 hac
1192 3450 1300 3474 lectione
1318 3456 1374 3473 rno-

320 3485 372 3509 bile
389 3489 464 3508 vocat
488 3484 517 3508 P.
534 3497 552 3502 -
575 3483 623 3508 Hic
648 3488 672 3508 et
698 3483 723 3508 in
747 3483 914 3516 sequentibus
939 3483 1055 3508 eiusdem
1080 3484 1180 3516 generis
1204 3484 1373 3516 relinquimus

320 3520 442 3550 pinnam,
462 3527 529 3551 quae
547 3524 634 3543 secuta
652 3523 691 3543 est
710 3518 750 3543 ed.
768 3519 859 3543 Venet.
883 3518 944 3543 1551
968 3523 992 3542 et
1011 3519 1162 3551 adoptamus
1187 3519 1308 3543 lectiones
1332 3527 1374 3543 co-

321 3555 420 3584 dicum,
439 3554 480 3579 ab
499 3559 524 3578 et
537 3554 629 3578 Venet.
652 3553 731 3585 ¹504,
751 3561 817 3586 quae
835 3553 988 3578 conveniunt
1006 3554 1082 3578 textui
1101 3561 1200 3586 graeco.
1224 3554 1300 3578 Plura
1318 3554 1376 3579 vide

320 3589 347 3614 in
368 3589 535 3614 Praefatione.

374 3624 402 3657 γ)
416 3631 468 3656 per
485 3625 523 3655 A,
543 3630 609 3656 quae
627 3626 667 3649 est
680 3630 781 3656 pars.—-
793 3623 843 3648 Pro
861 3629 936 3656 quae,
957 3623 1028 3656 quod
1048 3623 1106 3648 edd.
1125 3623 1165 3648 ab
1185 3629 1209 3648 et
1228 3623 1301 3648 codd.
1321 3631 1376 3649 exc.

2400 321 2470 358 271

1425 392 1566 432 motus,
1596 394 1750 434 apparet
1778 386 1890 424 etiam
1909 387 1946 423 in
1966 387 2144 424 omnibus
2167 387 2420 425 accidentibus
2441 396 2477 425 et

1425 437 1572 474 formis:
1598 439 1685 487 quia
1713 439 1761 476 ad
1789 440 1862 476 hoe
1891 440 1994 488 quod
2013 439 2153 488 aliquid
2172 440 2216 476 sit
2235 441 2381 487 album,
2410 453 2475 478 ne-

1425 502 1528 526 cesse
1562 498 1617 527 est
1648 491 1786 527 habere
1825 492 2061 538 albedinem3
2101 500 2136 529 et
2164 504 2183 528 θ
2213 505 2414 540 converso,
2445 493 2474 530 si

1424 543 1559 579 albedo
1589 543 1699 590 adsit,
1729 556 1882 580 necesse
1913 552 1966 580 est
1993 545 2096 593 quod
2125 545 2170 581 sit
2187 545 2327 582 album.
2358 546 2475 592 Quod

1423 607 1516 631 vero
1536 607 1614 632 non
1634 596 1744 632 simul
1763 597 1809 632 sit
1828 597 1974 633 moveri
1990 604 2026 633 et
2042 605 2190 634 motum
2211 609 2302 643 esse,
2319 605 2475 646 apparet

1425 659 1468 683 ex
1496 647 1577 695 ipsa
1605 655 1730 684 motus
1763 649 2016 685 successione:
2045 650 2133 698 quia
2160 649 2391 698 impossibile
2421 658 2475 687 est

1423 700 1547 748 aliqua
1575 700 1651 736 duo
1680 701 1859 749 temporis
1878 707 1889 721 ¹
1908 702 2019 738 simul
2043 714 2137 749 esse,
2165 710 2207 738 ut
2233 702 2271 738 in
2299 710 2432 750 quarto
2453 705 2472 725 ³¹²

1422 753 1592 789 habitum
1621 761 1692 789 est:
1713 754 1814 790 unde
1835 753 2064 802 impossibile
2094 762 2148 790 est
2175 754 2279 802 quod
2298 755 2410 792 simul
2429 755 2475 792 sit

1423 812 1571 842 motum
1601 818 1700 853 esse,
1726 806 1831 854 quod
1851 814 1905 842 est
1923 806 2103 843 terminus
2123 814 2261 854 motus,
2283 820 2371 844 cum
2390 808 2472 856 ipso

1422 858 1580 894 moveri.

1479 911 1511 946 5.
1541 909 1687 947 Deinde
1709 922 1796 946 curn
1817 910 1922 947 dicit:
1952 911 2162 947 Secundum
2189 911 2225 947 A
2253 911 2368 960 igitur
2391 919 2472 958 etc.,

1420 963 1556 1010 probat
1582 962 1819 1010 propositum
1839 975 1884 999 ex
1902 963 2150 1011 praemissis*
2155 963 2225 1000 .Si
2245 963 2347 1000 enim
2367 975 2510 1012 prae-

1421 1019 1525 1050 sente
1545 1015 1668 1062 aliqua
1695 1023 1800 1063 parte
1829 1022 1955 1051 motus
1983 1027 2136 1052 neeesse
2161 1023 2216 1052 θεῖ
2235 1015 2374 1064 aliquid
2393 1028 2475 1052 mo-

1420 1067 1518 1114 veri,
1555 1074 1591 1103 et
1619 1066 1648 1103 si
1676 1075 1853 1104 movetur
1881 1079 2033 1104 necesse
2062 1075 2117 1104 est
2149 1068 2280 1104 adesse
2309 1075 2473 1115 motum3

1422 1119 1452 1155 si
1477 1119 1617 1155 mobile
1642 1119 1745 1167 quod
1765 1127 1819 1156 est
1838 1120 1886 1166 O,
1915 1127 2091 1156 movetur
2110 1121 2320 1157 secundum
2338 1120 2476 1169 impar-

1421 1171 1563 1208 tibilem
1587 1179 1733 1219 partem
1762 1172 2026 1218 magnitudinis
2051 1185 2149 1220 quae
2176 1179 2230 1209 est
2248 1175 2299 1220 A,
2330 1180 2476 1221 oportet

1422 1224 1527 1272 quod
1554 1223 1649 1260 adsit
1668 1224 1702 1260 ei
1721 1224 1852 1272 aliquis
1880 1232 2005 1260 motus
2034 1224 2097 1272 qui
2125 1232 2180 1261 est
2205 1227 2252 1262 D.
2281 1227 2357 1262 Aut
2386 1237 2473 1273 ergo

2596 706 2606 722 Ε

2498 731 2510 742 ’“
2523 732 2586 753 Lect.
2600 737 2637 758 xv,
2653 737 2674 752 n.
2687 737 2711 759 5.

2524 974 2594 996 Num.
2605 981 2681 1003 praec.

1423 1277 1458 1313 O
1487 1276 1598 1313 simul
1626 1284 1803 1320 movetur
1824 1288 1893 1324 per
1919 1278 1954 1312 A
1983 1284 2018 1313 et
2045 1284 2193 1313 motum
2222 1285 2288 1324 est,
2317 1285 2380 1314 aut
2397 1290 2476 1314 non
2507 1290 2518 1298 ·

1422 1329 1543 1366 simul.
1562 1329 1601 1366 Si
1621 1336 1747 1366 autem
1766 1341 1844 1365 non
1864 1329 1985 1375 simul,
2006 1329 2073 1365 sed
2088 1330 2273 1377 posterius
2291 1330 2476 1367 devenerit

1422 1394 1535 1430 quam
1562 1382 1679 1426 venit,
1710 1381 1806 1418 idest
1829 1382 1895 1418 sed
1913 1381 2099 1430 posterius
2119 1389 2266 1418 motum
2287 1389 2341 1418 θεῖ
2359 1395 2475 1441 quam

1422 1441 1614 1480 movetur,
1639 1434 1806 1483 sequitur
1835 1435 1854 1455 ’³‘
1880 1434 1983 1482 quod
2010 1436 2044 1470 A
2073 1434 2118 1470 sit
2150 1434 2358 1471 divisibilis:
2388 1435 2513 1482 quia

1423 1499 1510 1523 cum
1528 1487 1680 1532 veniret,
1700 1487 1796 1523 idest
1815 1486 1906 1523 dum
1926 1493 2004 1523 erat
2020 1486 2057 1522 in
2078 1486 2160 1535 ipso
2180 1487 2337 1534 moveri,
2354 1499 2476 1536 neque

1422 1539 1638 1587 quiescebat
1664 1539 1702 1575 in
1730 1541 1781 1586 A,
1802 1539 1925 1587 quiete
1954 1538 2092 1575 scilicet
2117 1540 2365 1588 praecedente
2393 1552 2475 1576 mo-

1422 1600 1514 1638 tum,
1535 1603 1657 1640 neque
1686 1591 1880 1628 transierat
1906 1598 2027 1627 totum
2054 1591 2179 1639 ipsum
2207 1594 2256 1638 A,
2286 1592 2374 1640 quia
2401 1592 2476 1628 iam

1423 1657 1501 1681 non
1515 1651 1732 1680 moveretur
1745 1656 1813 1692 per
1827 1645 1861 1680 A
1885 1643 1988 1690 (nihil
2004 1643 2104 1680 enim
2124 1651 2299 1681 movetur
2311 1657 2380 1692 per
2394 1657 2477 1693 spa-

1422 1697 1515 1733 tium
1530 1709 1596 1745 per
1608 1697 1627 1717 ’¹‘
1639 1696 1832 1745 quodiam
1847 1696 2108 1744 pertransivit);
2125 1696 2192 1733 sed
2212 1705 2359 1744 oportet
2374 1697 2477 1745 quod

1423 1749 1551 1785 medio
1576 1749 1694 1785 modo
1723 1761 1761 1785 se
1790 1749 1938 1785 habeat.
1968 1750 2068 1796 Ergo
2099 1761 2185 1785 curn
2213 1757 2389 1786 movetur
2408 1762 2476 1797 per

1424 1803 1473 1847 A,
1490 1808 1636 1849 partem
1657 1801 1734 1837 eius
1753 1801 1829 1836 iam
1848 1801 2016 1837 transivit
2031 1808 2066 1837 et
2083 1801 2121 1837 in
2135 1809 2239 1849 parte
2260 1801 2338 1838 eius
2354 1802 2476 1838 adhuc

1425 1861 1574 1890 manet:
1604 1861 1640 1889 et
1672 1853 1722 1889 ita
1749 1853 1913 1901 sequitur
1945 1853 2048 1901 quod
2080 1855 2114 1889 A
2142 1853 2188 1889 sit
2217 1853 2407 1890 divisibilis
2434 1855 2474 1900 *3

1425 1906 1527 1954 quod
1556 1913 1611 1942 est
1639 1913 1767 1942 contra
1786 1905 2021 1953 suppositum
2038 1906 2069 1941 ²³².
2097 1905 2135 1941 Si
2159 1918 2252 1942 vero
2279 1906 2389 1942 simul
2416 1917 2476 1943 ve-

1426 1959 1523 1995 nerit
1539 1964 1574 1994 et
1589 1958 1699 2003 venit,
1716 1958 1810 1994 idest
1829 1958 1858 1994 si
1878 1957 1987 1994 simul
2007 1966 2154 1994 motum
2175 1966 2229 1994 est
2249 1966 2284 1994 et
2302 1966 2477 1995 movetur

1426 2023 1494 2059 per
1520 2012 1572 2057 A,
1602 2011 1767 2058 sequitur
1790 2010 1893 2059 quod
1922 2022 2008 2046 cum
2027 2010 2185 2047 veniens
2205 2011 2319 2057 venit,
2342 2011 2408 2047 erit
2426 2011 2477 2047 ibi

1425 2071 1602 2110 ventum,
1639 2063 1771 2099 et-erit
1798 2070 1945 2099 motum
1973 2063 2037 2098 ubi
2065 2071 2259 2099 movetur:
2293 2064 2395 2111 quod
2424 2071 2479 2100 est

1427 2123 1556 2152 contra
1576 2116 1782 2152 secundam
1801 2115 2099 2164 suppositionem
2119 2116 2150 2151 ᾖ.
2173 2115 2234 2151 Sic
2252 2115 2360 2162 igitur
2378 2123 2479 2164 patet

1427 2168 1530 2216 quod
1549 2169 1757 2205 secundum
1785 2167 2049 2216 impartibilem
2078 2168 2373 2215 magnitudinem
2402 2181 2479 2205 non

1426 2227 1549 2268 potest
1568 2220 1707 2268 aliquid
1726 2220 1892 2256 moveri:
1923 2220 2009 2269 quia
2036 2221 2097 2257 vel
2126 2227 2315 2269 oporteret
2338 2222 2357 2242 ³⁸
2377 2221 2479 2270 quod

1427 2272 1537 2308 simul
1558 2280 1655 2308 esset
1682 2273 1829 2309 moveri
1849 2280 1885 2308 et
1912 2280 2060 2309 motum
2089 2285 2182 2320 esse,
2198 2273 2259 2310 vel
2279 2275 2381 2322 quod
2401 2286 2479 2310 ma-

1430 2324 1584 2371 gnitudo
1614 2324 1851 2361 divideretur.
1883 2324 2085 2373 Supposito
2111 2337 2199 2372 ergo
2221 2326 2323 2374 quod
2350 2338 2419 2374 per
2445 2327 2480 2362 A

1427 2377 1649 2425 impartibile
1687 2377 1776 2413 nihil
1813 2377 1960 2413 moveri
1996 2377 2133 2425 possit,
2167 2377 2197 2413 si
2226 2377 2355 2426 aliquis
2385 2378 2482 2416 dicat

1428 2429 1530 2477 quod
1559 2429 1699 2465 mobile
1728 2436 1903 2465 movetur
1937 2441 2005 2478 per
2038 2436 2156 2466 totam
2184 2430 2480 2477 magnitudinem

1428 2494 1524 2529 quae
1568 2489 1622 2518 est
1653 2482 1775 2527 ABC,
1811 2489 1846 2517 et
1880 2489 2006 2518 motus
2041 2489 2140 2518 totus
2183 2494 2258 2530 quo
2292 2495 2360 2531 per
2395 2495 2479 2519 eam

1429 2541 1604 2571 movetur
1623 2541 1678 2570 est
1704 2535 1824 2580 DEZ,
1854 2534 1903 2570 ita
1922 2534 2024 2581 quod
2044 2534 2252 2571 secundum
2280 2537 2314 2571 A
2342 2535 2479 2583 impar-

1427 2586 1527 2623 tibile
1548 2586 1636 2622 nihil
1665 2594 1874 2633 moveatur,
1904 2586 1971 2622 sed
1998 2594 2141 2622 tantum
2171 2594 2317 2623 motum
2338 2587 2392 2634 sit,
2423 2599 2479 2623 se-

1429 2639 1552 2688 quitur
1579 2639 1682 2687 quod
1710 2646 1834 2675 motus
1859 2651 1936 2675 non
1964 2638 2009 2674 sit
2031 2639 2051 2659 ’Β
2070 2651 2115 2675 ex
2142 2639 2319 2686 motibus,
2340 2639 2406 2676 sed
2435 2651 2479 2676 ex

1429 2692 1643 2728 momentis.
1674 2691 1764 2728 Ideo
1789 2699 1914 2727 autern
1942 2691 2106 2739 sequitur
2134 2691 2235 2739 quod
2264 2704 2341 2728 non
2369 2692 2414 2728 sit
2435 2704 2479 2728 ex

1429 2744 1606 2791 motibus,
1635 2743 1722 2792 quia
1742 2756 1828 2780 cum
1847 2756 1933 2792 pars
1953 2751 2077 2780 motus
2097 2744 2159 2791 qui
2181 2751 2235 2780 est
2253 2745 2305 2792 D,
2326 2757 2478 2793 respon-

1430 2797 1516 2833 deat
1542 2796 1636 2844 parti
1669 2796 1933 2844 magnitudinis
1969 2808 2064 2844 quae
2093 2804 2148 2832 est
2174 2798 2225 2843 A,
2261 2796 2290 2833 si
2319 2798 2352 2833 D
2383 2804 2481 2833 esset

1429 2856 1574 2896 motus,
1613 2856 1802 2897 oporteret
1836 2849 1939 2898 quod
1966 2861 2034 2897 per
2060 2850 2093 2884 A
2122 2856 2358 2896 moveretur,
2393 2849 2479 2898 quia

1428 2908 1624 2950 praesente
1653 2909 1759 2938 motu
1794 2901 1932 2938 mobile
1967 2908 2158 2938 movetur:
2180 2901 2246 2938 sed
2277 2902 2479 2950 probatum

1429 2960 1484 2990 est
1508 2954 1611 3002 quod
1639 2954 1846 2990 secundum
1875 2956 1909 2990 A
1936 2953 2157 3003 impartibile
2186 2966 2263 2990 non
2292 2962 2477 3002 movetur,

1429 3007 1494 3044 sed
1524 3007 1646 3043 solum
1675 3014 1823 3043 motum
1852 3011 1925 3052 est,
1964 3007 2115 3055 quando
2145 3007 2280 3043 scilicet
2315 3014 2480 3055 pertran—

1429 3059 1541 3096 situm
1562 3066 1617 3096 est
1635 3060 1708 3096 hoc
1727 3059 1960 3096 indivisibile.
1978 3060 2078 3107 Ergo
2104 3059 2318 3107 relinquitur
2338 3062 2355 3079 θ’

1429 3113 1463 3148 D
1493 3124 1571 3148 non
1599 3111 1644 3148 sit
1671 3119 1817 3158 motus,
1847 3112 1913 3148 sed
1940 3111 1984 3148 sit
2003 3119 2251 3158 momentum,
2273 3124 2294 3148 a
2314 3124 2388 3160 quo
2417 3113 2479 3148 de—

1429 3164 1645 3200 nominatur
1677 3172 1824 3201 motum
1860 3176 1960 3210 esse,
1996 3164 2088 3201 sicut
2121 3177 2143 3200 a
2170 3171 2277 3200 motu
2310 3163 2478 3200 denomi-

1431 3223 1539 3252 natur
1566 3217 1731 3262 moveri;
1762 3225 1798 3253 et
1824 3217 1927 3265 quod
1954 3216 2003 3253 ita
2030 3228 2069 3252 se
2097 3217 2210 3252 habet
2237 3215 2284 3252 ad
2312 3223 2477 3263 motum,

1428 3346 1479 3370 CN.
1493 3359 1511 3364 -
1526 3346 1575 3370 Pro
1594 3353 1625 3371 ea
1638 3349 1726 3378 parte,
1746 3353 1811 3378 quae
1830 3351 1869 3370 est
1883 3346 1939 3370 lect.
1954 3346 1982 3376 B,
1997 3345 2137 3370 secundum
2152 3348 2259 3376 partem
2280 3344 2328 3373 Pb,
2348 3351 2385 3369 ex
2398 3348 2479 3377 par-te

1428 3381 1506 3411 EGR,
1522 3381 1547 3405 in
1563 3385 1643 3412 parte
1662 3382 1689 3411 F,
1700 3384 1779 3412 parte
1794 3385 1841 3405 cet.
1856 3385 1881 3406 et
1898 3387 1929 3404 a:
1948 3380 2004 3404 lect.
2017 3381 2044 3409 B,
2061 3379 2100 3404 cui
2115 3380 2200 3404 favent
2215 3384 2262 3404 cet.
2277 3380 2360 3410 codd„
2375 3380 2478 3412 adopta-

1427 3423 1494 3446 mus,
1513 3417 1573 3448 quia
1591 3421 1631 3440 est
1649 3415 1785 3440 conformis
1800 3415 1973 3447 sequentibus,
1992 3414 2045 3439 alia
2059 3417 2153 3446 parte,
2173 3415 2251 3439 tertia
2267 3418 2357 3446 parte,
2377 3420 2402 3439 et
2420 3415 2479 3447 quia

1427 3451 1582 3475 locutionem
1601 3451 1682 3483 magis
1701 3450 1841 3482 expeditam
1860 3450 1978 3474 reddit.—
1993 3450 2042 3473 Pro
2061 3456 2127 3481 quae
2145 3453 2184 3474 est
2203 3450 2237 3479 D,
2252 3450 2297 3482 qui
2310 3453 2349 3474 est
2364 3450 2391 3474 D
2404 3451 2478 3475 codd.

1428 3493 1481 3510 exc.
1494 3486 1617 3515 HLNSsl.
1632 3499 1650 3504 -
1668 3486 1717 3510 Pro
1735 3490 1801 3516 quae
1820 3487 1858 3508 est
1878 3484 1907 3510 E.
1927 3484 1972 3516 qui
1990 3487 2028 3509 est
2047 3485 2073 3508 E
2089 3484 2146 3508 cod.
2164 3484 2194 3509 E.

1481 3519 1505 3552 δ)
1525 3524 1550 3545 et
1569 3520 1645 3544 ivisse
1667 3520 1774 3544 Thebas.
1786 3532 1804 3537 -
1817 3522 1842 3543 et
1863 3519 1955 3543 iterum
1975 3526 2029 3543 esse
2058 3519 2156 3543 Tiiebas
2174 3519 2214 3543 ed.
2228 3526 2245 3543 α
2264 3524 2289 3544 et
2307 3519 2478 3553 CDLpBHO,

1430 3560 1549 3587 corrupte
1567 3563 1614 3587 pro
1632 3558 1658 3579 et
1677 3555 1740 3578 itum
1760 3561 1813 3578 esse
1836 3553 1941 3582 Thebas,
1962 3554 2031 3586 quod
2049 3553 2142 3578 habent
2161 3554 2175 3578 b
2195 3558 2219 3578 et
2238 3559 2285 3579 cet.

1483 3590 1504 3622 ε)
1523 3590 1612 3621 aliqua
1631 3590 1682 3614 duo
1702 3589 1834 3620 temporis.
1851 3602 1869 3606 -
1884 3589 1973 3621 aliqua
1991 3589 2043 3613 duo
2068 3596 2136 3614 nunc
2154 3589 2279 3621 temporis
2297 3590 2371 3621 BsH,
2389 3590 2478 3622 aliqua

1431 3624 1483 3648 duo
1502 3627 1622 3656 tempora
1641 3624 1786 3654 PCRsQab.

2377 3060 2479 3108 quod
2506 3070 2515 3079 ·

2521 1446 2659 1474 sequeretur
2671 1450 2711 1465 co-

2503 1470 2568 1518 ἒὲἔῧί
2579 1470 2710 1524 ἰὲξρἔ””

2503 1703 2512 1711 “”
2527 1707 2571 1728 per
2589 1707 2636 1722 om.
2655 1707 2713 1723 eutr

2502 1733 2542 1749 cu.

2501 1858 2512 1869 ⁸
2525 1857 2639 1879 divisibile
2648 1863 2698 1879 erc.

2502 1917 2513 1928 ⁶
2525 1917 2625 1943 positum
2647 1917 2714 1938 codd.

2503 1947 2525 1964 et
2539 1949 2554 1964 a
2562 1943 2582 1964 b.

2506 2127 2514 2135 ·
2528 2125 2670 2172 positionem
2685 2132 2712 2147 ru

2506 2230 2516 2242 ⁸¹
2529 2231 2621 2257 oportet
2633 2230 2683 2251 rab.

2505 2651 2656 2678 *compositus
2662 2651 2714 2673 add.

2505 2683 2542 2698 tc.

2506 3101 2521 3117 a
2530 3070 2681 3118 brelinquetur
2694 3076 2707 3091 Ρ
