2898 3996
241 1635 250 1643 ·
265 1634 369 1654 movetur
380 1638 427 1653 om.
436 1638 449 1653 Ρ

238 1665 292 1687 pru.

240 1738 249 1746 '¹
265 1735 350 1767 quida,
366 1735 417 1762 quis
426 1741 447 1761 ε,

241 1768 280 1790 qus
294 1767 330 1783 rc.

242 1946 250 1954 ’
264 1944 334 1965 Num.
349 1949 398 1971 seq.

241 1997 250 2006 ²
265 1995 326 2017 Lect.
337 2000 411 2022 praec.

459 268 537 306 326

528 357 564 379 τι
589 345 605 377 ὃ
630 344 760 389 πρῶτον
789 339 1020 379 κινηθήσεται.
1058 336 1168 375 Μηθὲν
1198 332 1236 368 δὲ
1264 330 1451 379 διαφερέτω
1476 333 1518 366 τὰ

531 387 755 424 ύποτεθέντος
781 386 870 422 τινός
895 385 1000 417 τοῦτο
1025 378 1225 413 δείκνυσθαι.
1253 379 1315 412 τοῦ
1340 379 1404 424 γοὶρ
1430 373 1518 409 ἑνδε-

530 432 673 478 χομένου
699 429 872 470 τεθέντος,
899 423 993 460 οὐδὲν
1021 426 1150 458 ἄτοπον
1177 422 1243 455 ἔδει
1268 423 1473 466 συμβαίνειν.

519 574 667 601 ΞΥΝοΡεῐε.
684 587 718 591 -
740 579 762 598 1.
785 570 994 606 Argumentum
1016 572 1043 594 et
1064 564 1164 593 divisio
1191 570 1291 592 textus.
1313 580 1333 584 -
1353 563 1428 590 Cum
1455 561 1518 589 uni-

466 612 611 641 versaliter
624 617 771 638 ostensum
786 608 822 636 sit
835 616 918 636 omne
932 606 1007 643 quod
1021 610 1152 632 movetur
1166 604 1200 631 ab
1215 603 1273 631 alio
1290 602 1411 636 moveri,
1432 609 1519 636 opor-

466 659 506 680 tet
520 653 575 679 hoc
589 659 650 678 esse
664 658 762 677 verum
778 647 862 675 etiam
877 647 912 674 de
927 651 1008 673 motu
1019 643 1111 678 locali,
1127 642 1176 679 qui
1191 648 1233 670 est
1246 641 1355 678 primus
1370 647 1519 674 motuum3

467 691 624 719 secundum
635 697 721 725 quem
732 686 853 723 proinde
866 684 1029 722 proceditur
1043 684 1079 711 ad
1094 682 1304 710 ostendendum
1314 680 1441 717 primum
1455 687 1519 706 mo-

467 737 569 758 torem.
593 728 622 756 Si
643 727 728 764 igitur
748 724 856 762 aliquid
875 730 1006 752 movetur
1026 722 1185 750 secundum
1206 721 1311 755 locum,
1327 721 1363 748 ab
1377 718 1435 747 alio
1457 727 1520 745 mo-

468 775 557 798 vetur.
579 768 637 795 Aut
658 775 726 802 ergo
741 766 797 792 hoc
811 763 887 792 aliud
901 769 1040 796 movetur,
1055 767 1104 789 aut
1118 769 1187 788 non.
1210 759 1239 787 Si
1261 765 1356 787 autem
1379 765 1406 785 et
1419 757 1521 802 'ipsum

468 816 587 836 movens
608 811 747 839 movetur,
769 809 882 840 oportet
903 802 981 838 quod
996 807 1144 828 moveatur
1165 799 1201 826 ab
1218 798 1284 833 alio,
1300 804 1327 825 et
1341 798 1397 825 hoc
1418 803 1521 824 iterum

468 848 504 876 ab
520 846 585 874 alio.
607 845 664 873 Sed
678 845 733 872 hoc
747 852 807 871 non
821 847 915 878 potest
933 840 1087 877 procedere
1101 839 1131 866 in
1146 837 1297 865 infinitum.
1317 838 1523 880 Ergotoportet

470 885 601 914 devenire
623 885 659 912 ad
680 883 797 920 aliquod
811 881 936 918 primum
957 888 1076 907 movens
1091 877 1248 912 immobile,
1270 877 1350 913 quod
1364 882 1417 904 erit
1430 875 1524 912 prima

470 933 555 954 causa
576 930 680 951 motus.
702 938 722 944 -
742 929 768 949 2.
790 922 822 948 In
843 918 1023 948 moventibus
1045 923 1072 945 et
1093 916 1178 945 motis
1195 915 1371 952 impossibile
1393 921 1435 943 est
1454 923 1523 951 pro-

470 965 570 993 cedere
591 963 620 990 in
641 961 793 990 infinitum.
823 960 897 987 Cum
925 957 1001 986 enim
1029 956 1137 993 aliquid
1165 961 1261 983 movet
1289 954 1357 992 quia
1376 960 1522 989 movetur,

470 1003 555 1032 simul
576 1008 707 1030 movetur
727 1008 845 1027 movens
867 1004 894 1026 et
915 997 1035 1025 mobile:
1058 1004 1126 1032 ergo
1141 995 1171 1022 in
1185 994 1336 1031 hypothesi
1354 993 1440 1022 simul
1461 1002 1523 1021 mo-

470 1043 612 1071 vebuntur
632 1039 742 1068 infinita
763 1037 888 1065 mobilia.
910 1037 967 1064 Sed
988 1041 1084 1063 motus
1105 1034 1329 1070 uniuscuiusque
1347 1032 1462 1061 mobilis
1483 1038 1526 1060 est

470 1090 546 1109 unus
567 1088 687 1108 numero
709 1084 737 1106 et
758 1077 868 1104 finitus:
891 1085 958 1112 ergo
974 1081 1001 1103 et
1021 1081 1134 1110 tempus
1149 1074 1174 1102 ei
1189 1074 1367 1110 respondens
1389 1072 1440 1100 erit
1461 1071 1526 1099 fini-

472 1127 543 1148 tum.
565 1119 621 1147 Sed
635 1118 664 1146 in
679 1126 738 1154 quo
756 1123 885 1152 tempore
901 1120 1032 1143 movetur
1045 1123 1145 1148 unum,
1161 1119 1313 1141 moventur
1327 1111 1441 1140 omniat
1457 1120 1525 1148 ergo

472 1166 499 1188 et
520 1165 615 1186 motus
636 1157 767 1185 omnium
789 1155 840 1183 erit
861 1155 891 1182 in
911 1161 1042 1190 tempore
1062 1153 1153 1181 finito.
1182 1153 1239 1180 Sed
1260 1158 1356 1180 motus
1377 1151 1438 1186 iste,
1461 1159 1527 1179 cum

471 1198 507 1226 sit
527 1197 705 1225 infinitorum
720 1194 880 1229 mobilium,
902 1200 944 1221 est
964 1192 1106 1220 infinitus:
1129 1201 1196 1228 ergo
1216 1197 1312 1219 motus
1327 1189 1454 1218 infinitus
1475 1190 1527 1217 erit

471 1237 501 1265 in
521 1243 650 1272 ternpore
671 1234 768 1269 finito;
790 1234 870 1270 quod
891 1239 933 1261 est
953 1231 1138 1268 impossibile.
1159 1232 1236 1267 Ergo
1257 1236 1299 1258 est
1319 1230 1405 1258 etiam
1419 1229 1527 1265 impos-

472 1275 551 1304 sibile
575 1275 654 1311 quod
676 1273 847 1310 procedatur
873 1271 903 1300 in
923 1271 1065 1299 infinitum
1093 1270 1123 1298 in
1143 1269 1324 1298 moventibus
1349 1275 1376 1296 et
1399 1268 1494 1296 motis.
1508 1283 1527 1288 -

475 1316 500 1343 3.
526 1315 634 1342 Contra
654 1313 815 1352 efficaciam
832 1310 1035 1349 praecedentis
1056 1310 1185 1338 rationis.
1213 1307 1390 1345 Impossibile
1411 1307 1528 1344 quidem

474 1360 516 1382 est
536 1354 616 1390 quod
630 1353 711 1380 finito
732 1358 862 1388 tempore
876 1350 925 1378 fiat
944 1359 1018 1378 unus
1033 1355 1128 1377 motus
1149 1348 1289 1383 infinitus3
1309 1347 1360 1375 sed
1376 1346 1446 1374 nihil
1461 1355 1528 1383 pro-

474 1393 552 1421 hibet
573 1393 653 1429 quod
673 1391 754 1419 finito
768 1397 898 1426 tempore
919 1389 989 1417 fiant
1004 1388 1105 1416 infiniti
1121 1394 1216 1415 motus
1237 1386 1414 1414 infinitorum
1436 1385 1529 1413 mobi-

476 1433 563 1467 lium;
577 1438 604 1459 et
617 1432 673 1459 hoc
687 1431 781 1459 solum
797 1429 942 1458 concludit
956 1428 1028 1456 ratio
1042 1427 1195 1464 praedicta.
1208 1443 1227 1447 -
1237 1435 1265 1461 4.
1285 1426 1443 1460 Quomodo
1457 1425 1530 1453 ratio

476 1469 633 1500 efficaciam
647 1471 751 1498 habere
766 1469 864 1506 possit.
890 1468 977 1502 Quod
997 1466 1124 1495 localiter
1143 1472 1170 1494 et
1191 1465 1376 1501 corporaliter
1397 1470 1529 1493 movetur

635 1575 913 1616 ‚wffiostquam
957 1565 1118 1602 ostendit
1145 1565 1400 1613 Philosophus
1428 1563 1533 1612 quod

697 1622 727 1667 ῐζν
739 1632 852 1656 omne
882 1618 985 1667 quod
1013 1625 1210 1663 movetur,
1239 1624 1417 1654 movetur
1441 1617 1460 1637 ‘¹‘
1484 1617 1532 1653 ab

738 1671 823 1718 alio,
835 1671 895 1707 hic
910 1670 1054 1707 accedit
1072 1670 1121 1707 ad
1138 1670 1343 1720 principale
1361 1669 1533 1718 proposi-

737 1732 818 1760 tum
847 1723 1136 1770 ostendendum,
1168 1722 1306 1760 scilicet
1325 1723 1428 1770 quod
1448 1722 1467 1742 *
1487 1721 1533 1758 sit

474 1778 618 1827 primus
638 1784 763 1813 motus
783 1783 819 1812 et
837 1776 982 1824 primus
1001 1782 1138 1812 motor.
1168 1777 1217 1812 Et
1241 1774 1338 1811 circa
1361 1775 1436 1810 hoc
1456 1774 1532 1810 duo

476 1830 578 1867 facit:
602 1828 725 1877 primo
746 1828 924 1877 proponit
943 1828 1047 1876 quod
1066 1827 1239 1873 intendit3
1260 1826 1428 1863 secundo
1446 1838 1534 1874 pro-

476 1883 539 1919 bat
552 1881 800 1930 propositum,
813 1880 878 1917 ibi:
897 1881 939 1916 Si
950 1881 1048 1917 enim
1060 1892 1133 1917 non
1145 1886 1207 1927 est,
1218 1880 1283 1916 sed
1296 1880 1333 1915 in
1349 1880 1532 1927 infinitum

470 1934 646 1984 procedet
660 1935 679 1955 ’³²
695 1941 762 1970 etc.
783 1932 883 1970 Dicit
901 1945 991 1980 ergo
1009 1932 1147 1981 primo,
1169 1931 1272 1980 quod
1297 1944 1385 1968 cum
1410 1939 1533 1968 osten-

476 1999 560 2024 sum
580 1986 625 2022 sit
638 1988 658 2007 ³¹³
671 1985 942 2032 universaliter,
963 1985 1067 2034 quod
1086 1997 1200 2021 omne
1225 1983 1330 2033 quod
1358 1991 1535 2021 movetur

415 2075 428 2083 ,
477 2040 524 2076 ab
559 2039 684 2087 aliquo
720 2038 792 2075 alio
820 2045 1018 2083 movetur,
1049 2049 1203 2074 necesse
1232 2044 1287 2074 est
1317 2036 1392 2073 hoc
1421 2036 1533 2073 etiam

245 2310 253 2318 '⁴
268 2308 330 2329 Lcct.
339 2313 385 2329 xiv.

249 2783 256 2789 ·
274 2781 346 2807 ipsum
361 2786 414 2801 unu.

255 3296 263 3304 ·
278 3294 347 3315 Num.
362 3301 408 3322 seq.

257 3351 264 3358 ⁹
281 3349 348 3370 Num.
363 3355 386 3374 4.

475 2103 610 2129 verum
632 2103 713 2127 esse
732 2091 770 2127 in
798 2097 906 2126 motu
924 2089 1044 2137 locali,
1065 2089 1203 2126 scilicet
1225 2098 1266 2126 ut
1294 2101 1409 2126 omne
1429 2089 1534 2136 quod

477 2150 654 2181 movetur
689 2142 728 2179 in
757 2143 860 2190 loco,
890 2143 937 2179 ab
972 2142 1087 2178 altero
1121 2149 1332 2178 moveatur.
1361 2141 1535 2190 Applicat

478 2204 604 2233 autem
629 2195 835 2243 specialiter
858 2195 907 2231 ad
932 2201 1082 2231 motum
1100 2195 1260 2230 localem
1289 2193 1394 2242 quod
1421 2206 1535 2242 supra

478 2248 735 2286 universaliter
772 2248 1071 2284 demonstratum
1101 2254 1175 2293 est,
1206 2246 1294 2294 quia
1326 2253 1452 2282 motus
1481 2247 1534 2282 lo-

480 2301 566 2337 calis
586 2307 641 2336 est
659 2299 803 2348 primus
831 2307 1019 2345 motuum,
1044 2306 1085 2335 ut
1104 2298 1142 2334 in
1171 2306 1306 2335 octavo
1325 2299 1344 2319 ’³‘
1359 2298 1532 2335 ostende-

479 2360 555 2399 tur;
585 2359 621 2388 et
648 2352 733 2389 ideo
754 2351 965 2388 secundum
993 2352 1095 2388 hunc
1115 2358 1264 2387 motum
1284 2350 1457 2399 procedit
1474 2350 1535 2387 hic

480 2405 528 2442 ad
548 2404 884 2441 demonstrandum
907 2404 1073 2453 primum
1097 2411 1299 2440 motorem.
1321 2403 1536 2452 Accipiatur

480 2457 588 2505 igitur
603 2457 741 2505 aliquid
757 2457 858 2505 quod
873 2464 1050 2493 movetur
1069 2456 1280 2492 secundum
1300 2456 1440 2502 locum;
1460 2456 1547 2492 hoc-

482 2517 656 2546 movetur
684 2510 730 2546 ab
760 2510 891 2554 altero;
921 2516 985 2545 aut
1021 2520 1110 2556 ergo
1138 2508 1228 2545 illud
1266 2509 1424 2545 alterurn
1453 2520 1535 2544 mo-

480 2569 599 2608 vetur,
621 2569 684 2598 aut
711 2574 800 2598 non.
823 2561 861 2597 Si
889 2574 966 2597 non
995 2568 1183 2608 movetur,
1208 2561 1368 2597 habetur
1394 2573 1534 2609 propo-

482 2614 604 2661 situm,
627 2614 764 2650 scilicet
783 2613 888 2662 quod
907 2614 1047 2661 aliquid
1067 2613 1110 2650 sit
1129 2626 1292 2650 movens
1319 2613 1533 2659 immobile;

483 2667 586 2715 quod
614 2674 669 2702 est
694 2666 903 2714 proprietas
921 2666 1034 2714 primi
1061 2666 1260 2702 moventis.
1283 2666 1323 2702 Si
1351 2673 1479 2702 autem
1499 2673 1535 2702 et

482 2719 606 2767 ipsum
635 2731 795 2755 movens
823 2726 1010 2765 movetur,
1032 2726 1180 2766 oportet
1204 2718 1309 2766 quod
1336 2725 1537 2755 moveatur

483 2772 530 2807 ab
551 2771 665 2807 altero
686 2778 880 2815 movente3
903 2778 938 2807 et
957 2771 1030 2806 hoc
1063 2771 1197 2807 iterum
1213 2771 1233 2791 '²‘
1248 2782 1421 2817 movens,
1442 2770 1472 2806 si
1502 2777 1536 2806 et

483 2823 607 2870 ipsum
628 2830 813 2869 movetur,
834 2831 1011 2859 movetur
1039 2824 1085 2859 ab
1106 2824 1232 2859 altero.
1256 2823 1332 2859 Sed
1355 2824 1430 2859 hoc
1457 2835 1535 2860 non

483 2882 605 2922 potest
632 2875 837 2922 procedere
858 2875 895 2911 in
922 2875 1122 2922 infinitum,
1143 2876 1211 2913 sed
1230 2883 1379 2924 oportet
1405 2875 1443 2912 in
1472 2875 1534 2911 ali-

484 2939 560 2974 quo
577 2934 683 2963 stare.
700 2927 886 2974 Erit-ergo
902 2927 1039 2975 aliquid
1054 2928 1222 2976 primum
1237 2940 1411 2975 movens,
1431 2928 1536 2975 quod

486 2979 552 3015 erit
578 2978 700 3026 prima
728 2991 839 3015 causa
866 2987 1008 3016 motus:
1037 2979 1086 3016 ita
1115 2980 1253 3016 scilicet
1281 2980 1384 3028 quod
1412 2980 1535 3029 ipsum

486 3043 562 3067 non
591 3038 776 3078 movetur,
798 3031 863 3067 sed
892 3039 1022 3068 movet
1050 3032 1131 3069 alia.

540 3094 573 3119 2.
595 3083 741 3119 Deinde
771 3095 855 3120 eum
891 3083 993 3120 dicit:
1023 3085 1065 3120 Si
1095 3084 1192 3120 enim
1221 3096 1295 3120 non
1325 3091 1416 3131 etc.‚
1449 3097 1536 3133 pro-

486 3135 549 3171 bat
585 3135 688 3182 quod
725 3143 982 3183 supposuerat.
1023 3138 1071 3173 Et
1099 3136 1194 3172 circa
1231 3137 1305 3172 hoc
1332 3136 1401 3172 tria
1434 3136 1534 3173 facit:

486 3187 608 3235 primo
629 3187 769 3223 inducit
787 3188 1064 3235 probationem3
1086 3188 1253 3225 secundo
1271 3188 1432 3225 ostendit
1450 3201 1536 3237 pro-

487 3239 678 3275 bationem
708 3252 787 3276 esse
815 3240 1121 3286 insufficientem,
1139 3240 1205 3277 ibi:
1226 3241 1287 3276 Sic
1306 3241 1421 3290 igitur
1438 3241 1536 3277 vide-

489 3296 548 3326 tur
564 3293 581 3310 '³
598 3299 687 3336 ete.;
717 3292 822 3328 tertio
844 3293 990 3340 supplet
1010 3293 1204 3341 quoddam
1228 3305 1296 3341 per
1319 3293 1423 3340 quod
1443 3293 1537 3329 ratio

490 3342 715 3389 fortificatur,
732 3343 797 3379 ibi:
819 3345 890 3380 Sed
906 3345 939 3380 si
956 3345 993 3381 id
1011 3346 1110 3392 quod
1127 3350 1296 3381 movetur
1309 3345 1329 3365 ³¹⁸
1346 3352 1413 3381 etc.
1435 3345 1535 3381 Dicit

493 3405 578 3440 ergo
606 3394 745 3442 prim0‚
774 3395 878 3444 quod
907 3396 935 3432 si
964 3397 1037 3433 hoc
1065 3409 1142 3433 non
1171 3396 1408 3443 concedatur,
1433 3397 1537 3445 quod

493 3444 537 3481 sit
564 3445 686 3493 aliqua
713 3446 833 3494 prima
862 3459 973 3484 causa
1001 3456 1144 3495 motus,
1175 3461 1262 3485 curn
1291 3460 1405 3485 omne
1434 3449 1537 3497 quod

1075 258 1419 298 PHYSICORUM
1445 256 1791 294 ARISTOTELIS
1821 256 1914 292 LIB.
1943 255 2012 292 VII

1639 334 1727 375 quod
1750 343 1874 374 semper
1896 333 1935 363 ab
1950 333 2066 371 altero;
2090 333 2145 363 sed
2168 332 2225 364 erit
2247 332 2366 374 aliquid
2389 333 2477 375 quod
2493 333 2634 374 primum

1639 377 1828 408 movebitur.
1857 376 1942 407 Nihil
1965 383 2072 407 autem
2096 375 2216 407 differat
2239 386 2388 408 concesso
2412 378 2555 418 quodam
2573 377 2635 408 hoc

1640 420 1864 452 demonstrari:
1896 419 2089 459 contingenti
2123 419 2209 450 enim
2237 430 2406 460 concesso,
2436 421 2562 462 nullum
2588 421 2635 452 in-

1641 464 1830 495 conveniens
1853 464 1968 504 poterit
1990 463 2138 494 accidere.
2213 465 2215 467 ’

1573 560 1668 597 primo
1690 566 1718 588 et
1738 559 1903 588 immediate
1924 560 1959 587 ab
1981 558 2079 596 aliquo
2094 558 2204 593 mobili,
2220 565 2333 595 oportet
2347 560 2427 596 quod
2441 559 2485 588 vel
2503 565 2636 597 tangatur

1574 600 1610 627 ab
1625 609 1670 635 eo,
1685 599 1729 627 vel
1750 600 1831 636 quod
1852 598 2036 627 continuetur
2056 598 2091 626 ei.
2113 599 2242 626 Ponatur
2262 607 2329 635 ergo
2344 599 2425 635 quod
2445 607 2479 627 ex
2500 598 2636 627 omnibus

1574 638 1690 667 infinitis
1711 638 1867 674 mobilibus
1881 645 1909 667 et
1923 637 2106 667 moventibus
2126 637 2176 666 fiat
2195 647 2287 666 unum
2306 638 2465 666 secundum
2485 638 2636 667 continua-

1574 678 1694 713 tionem3
1709 677 1837 715 sequitur
1850 678 1928 706 iuxta
1941 677 2088 715 praedicta
2099 678 2139 713 (n.
2150 679 2180 712 2)
2195 677 2276 714 quod
2289 677 2345 705 hoc
2358 683 2453 705 totum
2467 677 2637 706 continuum

1575 723 1707 746 movetur
1726 723 1857 754 tempore
1878 717 1976 753 finit03
1998 725 2067 754 ergo
2082 716 2164 745 finito
2185 722 2316 754 tempore
2330 716 2379 745 fiet
2393 723 2490 745 motus
2510 716 2637 745 infinitus

1573 756 1727 784 continuus
1741 763 1769 784 et
1782 766 1865 784 unus.
1887 758 1947 785 Nec
1967 756 2062 784 differt
2079 756 2103 784 si
2118 755 2184 784 loco
2206 756 2411 794 magnitudinis
2432 755 2541 792 finitae,
2562 764 2638 793 quae

1576 802 1689 824 constet
1703 805 1736 824 ex
1750 795 1997 833 magnitudinibus
2011 804 2134 824 numero
2148 795 2275 830 infinitis,
2297 795 2452 832 accipiatur
2469 795 2638 833 magnitudo

1577 835 1701 863 infinita:
1731 844 1800 863 nam
1821 835 1908 871 etiarn
1933 835 1963 863 'm
1985 836 2040 863 hac
2064 834 2216 871 hypothesi
2243 841 2304 863 tota
2331 835 2500 872 magnitudo
2527 834 2640 863 infinita

1578 880 1710 903 movetur
1723 874 1808 902 simul
1829 879 1857 902 et
1870 874 1975 902 eodem
1994 880 2126 911 tempore
2139 883 2199 912 quo
2213 880 2345 903 movetur
2364 874 2462 911 aliqua
2475 874 2536 902 eius
2555 883 2637 911 pas-³3

1578 923 1646 951 ergo
1668 913 1697 941 in
1718 919 1848 950 tempore
1875 913 1957 941 finito
1984 913 2146 942 movebitur
2172 913 2317 942 infinitum
2338 913 2461 950 mobile,
2489 913 2569 950 quod
2596 919 2650 942 est·

1578 953 1683 990 pariter
1703 951 1888 989 impossibile.
1910 953 1986 989 Ergo
2007 961 2121 989 semper
2141 952 2270 990 sequitur
2287 952 2465 990 impossibile
2485 953 2509 981 si
2531 962 2638 990 suppo-

1579 999 1663 1021 natur
1677 1001 1828 1029 processus
1850 991 1879 1019 in
1901 991 2044 1020 infinitum
2065 991 2095 1020 in
2115 991 2297 1020 moventibus
2311 991 2408 1020 motis.
2423 1009 2442 1014 -
2458 992 2483 1021 5.
2499 991 2639 1027 Quamvis

1580 1038 1676 1060 autem
1698 1031 1843 1068 praedicta
1863 1030 1936 1059 ratio
1957 1031 2095 1068 procedat
2115 1040 2148 1059 ex
2169 1030 2368 1068 suppositione
2382 1031 2462 1068 quod
2483 1031 2582 1061 omnia
2594 1031 2639 1059 in-

1580 1071 1660 1099 finita
1681 1070 1827 1099 moventia
1847 1076 1875 1098 et
1896 1069 2015 1098 mobilia
2035 1069 2092 1098 sint
2112 1070 2264 1106 continua,
2288 1076 2316 1098 et
2336 1069 2402 1098 ideo
2422 1069 2552 1098 videatur
2578 1079 2640 1099 non

1581 1110 1751 1139 concludere
1765 1109 1945 1146 simpliciter3
1966 1115 2064 1138 tamen
2079 1109 2147 1146 quia
2160 1109 2233 1138 facta
2253 1109 2413 1146 suppositio
2427 1114 2470 1138 est
2486 1108 2639 1145 possibilis,

1581 1156 1609 1178 et
1629 1159 1663 1178 ex
1683 1149 1811 1186 possibili
1832 1158 1894 1177 non
1913 1155 2008 1185 potest
2028 1148 2109 1185 sequi
2130 1147 2316 1185 impossibile,
2331 1148 2512 1177 concluditur
2531 1147 2641 1186 simpli·-

1582 1189 1650 1217 citer
1671 1189 1751 1225 quod
1764 1188 1799 1216 sit
1819 1188 1997 1224 impossibile
2011 1187 2089 1216 aliud
2103 1187 2294 1225 suppositum,
2313 1187 2450 1216 nimirum
2464 1188 2545 1225 quod
2559 1188 2642 1216 detur

1581 1237 1732 1265 processus
1753 1227 1783 1255 in
1807 1227 1950 1255 infinitum
1976 1227 2006 1255 in
2026 1227 2208 1256 moventibus
2233 1233 2261 1255 et
2283 1227 2380 1256 motis.
2408 1228 2441 1255 In
2461 1227 2640 1256 demonstra-

1581 1267 1708 1295 tionibus
1729 1266 1807 1295 enim
1820 1267 1859 1294 ad
1873 1266 2058 1304 impossibile,
2071 1266 2143 1294 nihil
2156 1267 2241 1295 refert
2253 1272 2349 1295 utmm
2371 1266 2526 1304 accipiatur
2537 1266 2644 1295 falsum

1582 1307 1627 1335 vel
1647 1315 1746 1334 verum
1768 1306 1937 1343 contingens
1958 1305 2146 1336 coniunctum
2162 1315 2228 1335 cum
2249 1305 2428 1343 impossibili.
2449 1323 2469 1328 -
2489 1307 2516 1335 6.
2538 1306 2643 1334 Exclu-

1583 1346 1660 1374 ditur
1680 1345 1814 1374 instantia
1835 1351 1936 1374 contra
1955 1345 2131 1382 praedictam
2148 1344 2378 1382 suppositionem
2399 1347 2439 1382 (n.
2452 1347 2493 1382 4),
2508 1351 2536 1374 et
2549 1344 2642 1374 mani-

1583 1385 1701 1413 festatur
1722 1385 1802 1422 quod
1822 1385 1879 1413 alio
1901 1385 1992 1413 modo
2012 1384 2150 1421 accipitur
2170 1384 2304 1422 possibile
2325 1390 2353 1413 et
2373 1384 2549 1422 impossibile
2576 1393 2644 1413 cum

1584 1424 1677 1462 agitur
1697 1425 1733 1452 de
1754 1423 1857 1460 specie,
1873 1430 1901 1452 et
1914 1423 1972 1452 alio
1989 1425 2079 1452 modo
2101 1433 2167 1463 curn
2188 1423 2281 1461 agitur
2294 1424 2330 1452 de
2343 1433 2456 1461 genere.
2477 1423 2532 1452 Hic
2545 1429 2643 1452 autem

1584 1473 1680 1492 sermo
1702 1469 1745 1492 est
1765 1464 1802 1492 de
1822 1463 1978 1492 mobilibus
2000 1469 2028 1492 et
2047 1463 2230 1492 moventibus
2251 1463 2281 1492 in
2301 1472 2414 1501 genere.

2233 1508 2247 1516 η

1587 1570 1764 1601 movetur
1797 1564 1845 1600 ab
1883 1563 1956 1600 alio
1985 1571 2202 1612 moveatur,
2232 1564 2400 1613 sequitur
2426 1563 2531 1613 quod
2557 1575 2645 1613 pro-

1588 1616 1741 1653 cedatur
1767 1615 1807 1653 in
1833 1616 2023 1653 infinitum
2051 1617 2090 1654 in
2117 1617 2361 1655 moventibus
2389 1623 2425 1654 et
2451 1616 2576 1654 motis.
2597 1617 2647 1654 Et

1586 1669 1661 1705 hoc
1683 1668 1846 1705 ostendit
1865 1681 1946 1706 esse
1963 1670 1982 1690 ²¹²
1997 1669 2240 1718 impossibile.
2263 1669 2318 1706 Sit
2340 1668 2442 1706 enim
2469 1670 2504 1705 A
2523 1668 2645 1718 quod-

1586 1721 1675 1758 dam
1705 1721 1808 1770 quod
1827 1729 2005 1759 movetur
2031 1721 2242 1759 secundum
2266 1722 2404 1769 locum,
2426 1729 2462 1758 et
2489 1732 2646 1759 movea-

1586 1780 1646 1810 tur
1673 1773 1720 1810 ab
1748 1773 1832 1822 ipso
1860 1774 1909 1819 B;
1938 1774 1968 1810 B
1997 1785 2091 1810 vero
2120 1786 2142 1810 a
2171 1775 2218 1818 C,
2249 1774 2392 1811 Cvero
2413 1786 2436 1810 a
2462 1774 2516 1820 D;
2538 1772 2646 1810 etsie

1586 1825 1814 1874 procedatur
1841 1825 1879 1862 in
1906 1825 2097 1863 infinitum
2125 1826 2379 1863 ascendendo.
2400 1825 2646 1863 Manifestum

1588 1884 1643 1914 est
1670 1885 1810 1925 autem,
1839 1878 1944 1926 quod
1964 1890 2052 1915 cum
2080 1877 2221 1926 aliquid
2243 1885 2376 1916 movet
2394 1890 2440 1914 ex
2468 1889 2515 1914 eo
2540 1877 2646 1927 quod

1587 1937 1776 1977 movetur,
1806 1930 1917 1967 simul
1944 1937 2122 1968 movetur
2155 1942 2317 1967 movens
2346 1937 2382 1966 et
2407 1930 2534 1979 ipsum
2562 1941 2646 1967 mo·-

1587 1982 1677 2029 bile;
1707 1982 1802 2019 sicut
1828 1982 1858 2019 si
1886 1995 2023 2019 manus
2051 1994 2120 2019 suo
2149 1990 2258 2020 motu
2285 1989 2417 2019 movet
2444 1982 2644 2029 baculum,

1587 2034 1699 2071 simul
1717 2041 1895 2071 movetur
1913 2046 2050 2072 manus
2079 2042 2116 2071 et
2133 2035 2300 2072 baculus.
2327 2035 2389 2071 Sic
2418 2046 2506 2082 ergo
2534 2033 2646 2071 simul

1588 2094 1766 2124 movetur
1783 2088 1814 2123 B
1834 2087 1988 2135 quando
2005 2093 2182 2124 movetur
2201 2089 2256 2133 A;
2278 2094 2315 2123 et
2342 2086 2478 2124 eadem
2501 2086 2646 2124 ratione

1588 2139 1742 2187 quando
1780 2146 1957 2175 movetur
1993 2141 2023 2176 Β
2053 2139 2164 2176 simul
2201 2146 2379 2176 movetur
2411 2139 2463 2187 C,
2493 2146 2530 2176 et
2557 2150 2647 2176 cum

1589 2199 1766 2228 movetur
1794 2192 1825 2227 C
1854 2191 1965 2228 simul
1985 2199 2162 2228 movetur
2185 2193 2232 2228 D.
2256 2192 2320 2228 Sic
2334 2193 2355 2212 ⁴*
2371 2203 2459 2239 ergo
2479 2191 2592 2228 simul
2611 2198 2648 2228 et

1588 2244 1626 2280 in
1646 2245 1785 2281 eodem
1803 2251 1976 2292 tempore
1997 2251 2052 2281 est
2078 2251 2205 2280 motus
2219 2243 2336 2292 ipsius
2363 2245 2399 2280 A
2418 2251 2454 2280 et
2472 2243 2647 2281 omnium

1589 2296 1766 2343 aliorum;
1792 2303 1828 2332 et
1853 2296 1990 2345 poterit
2018 2309 2190 2333 seorsum
2219 2296 2338 2345 accipi
2365 2303 2493 2333 motus
2519 2296 2647 2333 unius-

1590 2348 1771 2397 cuiusque
1799 2349 1938 2385 horum
1966 2348 2211 2386 infinitorum.
2233 2349 2282 2386 Et
2304 2348 2491 2396 quamvis*
2507 2361 2646 2387 unum-

1589 2402 1769 2450 quodque
1797 2402 1937 2438 horum
1961 2401 2160 2438 mobilium
2182 2409 2382 2438 moveatur
2403 2401 2452 2438 ab
2471 2413 2647 2450 unoquo-

1589 2466 1663 2502 que
1692 2453 1943 2500 movenfium,
1973 2466 2051 2490 non
2078 2453 2130 2490 ita
2156 2453 2262 2502 quod
2294 2465 2415 2490 unum
2448 2454 2497 2490 ab
2525 2453 2648 2490 omni-

1589 2507 1672 2553 bus,
1702 2506 1768 2543 sed
1797 2506 1941 2554 singula
1970 2518 1992 2542 a
2019 2505 2190 2553 singulis;
2218 2505 2464 2542 nihilominus
2496 2512 2646 2552 tamen,

1589 2558 1674 2595 licet
1710 2558 1782 2595 sint
1817 2558 1961 2595 infinita
1999 2558 2194 2595 moventia
2229 2565 2266 2594 et
2302 2557 2479 2605 mobilia,
2517 2565 2647 2595 tamen

1589 2611 1885 2660 uniuscuiusque
1905 2610 2104 2647 mobilium
2125 2617 2252 2646 motus
2281 2617 2336 2646 est
2353 2622 2452 2646 unus
2471 2621 2646 2648 numero.

1590 2664 1638 2700 Et
1665 2663 1748 2700 licet
1777 2675 1912 2700 omnes
1940 2670 2067 2699 motus
2096 2662 2168 2699 sint
2198 2662 2333 2699 infiniti
2360 2674 2540 2709 numero,
2568 2674 2648 2700 non

1589 2723 1718 2753 tamen
1746 2723 1832 2752 sunt
1859 2715 1992 2751 infiniti
2020 2715 2057 2752 in
2084 2715 2231 2760 ultimis,
2252 2714 2347 2752 idest
2373 2726 2442 2763 per
2467 2714 2650 2763 privatio-

1589 2781 1679 2805 nem
1707 2768 1940 2814 ultimorum,
1961 2768 2027 2804 sed
2054 2767 2350 2815 uniuscuiusque
2374 2774 2502 2804 motus
2529 2774 2586 2804 est
2602 2767 2647 2804 fi-

1590 2821 1698 2866 nitus,
1720 2821 1864 2857 habens
1885 2819 2131 2856 determinata
2148 2819 2290 2856 ultima.

1642 2874 1691 2909 Et
1718 2873 1823 2921 quod
1853 2872 2147 2920 uniuscuiusque
2175 2871 2411 2908 infinitorum
2447 2870 2647 2908 mobilium

1590 2932 1716 2962 motus
1745 2925 1790 2962 sit
1817 2937 1915 2961 unus
1944 2936 2105 2962 numero
2135 2931 2171 2960 et
2205 2923 2348 2971 finitus,
2376 2922 2514 2971 probat
2539 2922 2645 2970 quia,

1591 2990 1678 3014 cum
1707 2989 1822 3014 omne
1860 2977 1964 3025 quod
1991 2983 2168 3014 movetur
2195 2982 2396 3013 moveatur
2426 2974 2522 3012 inter
2549 2974 2647 3012 duos

1589 3029 1783 3076 terminos,
1804 3041 1849 3065 ex
1872 3029 2042 3077 quodam
2066 3028 2204 3065 scilicet
2221 3028 2259 3064 in
2278 3027 2472 3076 quiddam,
2493 3038 2647 3064 necesse

1591 3089 1646 3118 est
1673 3082 1778 3130 quod
1806 3081 2015 3118 secundum
2045 3080 2237 3118 diversum
2266 3079 2427 3116 modum
2448 3079 2647 3117 identitatis

1589 3134 1858 3180 terminorum,
1893 3133 2005 3169 etiam
2039 3132 2119 3181 ipse
2148 3140 2276 3170 motus
2310 3131 2356 3168 sit
2392 3131 2646 3169 diversimode

1589 3199 1708 3233 unus,
1737 3186 1875 3223 scilicet
1893 3192 1957 3222 aut
1984 3197 2145 3222 numero
2165 3191 2228 3221 aut
2255 3183 2380 3232 speeie
2406 3191 2470 3220 aut
2497 3195 2644 3232 genere.

1589 3239 1762 3276 Numero
1781 3237 1937 3287 quidem
1954 3245 2008 3274 est
2022 3237 2124 3274 idern
2140 3244 2277 3283 motus,
2289 3236 2353 3285 qui
2373 3244 2488 3273 estex
2507 3235 2644 3273 eodem

1590 3291 1750 3328 termino
1771 3303 1793 3327 a
1813 3303 1889 3339 quo
1908 3290 1947 3326 in
1965 3289 2068 3326 idem
2087 3301 2248 3326 numero
2272 3288 2367 3326 sicut
2385 3289 2423 3326 in
2441 3288 2646 3325 terminum

1591 3344 1639 3380 ad
1667 3355 1803 3392 quem3
1833 3343 1882 3379 ita
1909 3350 2036 3379 tamen
2064 3342 2168 3391 quod
2196 3341 2242 3378 sit
2269 3341 2382 3378 etiam
2401 3347 2418 3362 ‘¹‘
2441 3340 2479 3377 in
2507 3339 2646 3377 eodem

1591 3408 1751 3432 numero
1780 3402 1974 3444 tempore;
2005 3402 2040 3431 et
2068 3406 2156 3431 cum
2184 3394 2258 3430 hoc
2294 3400 2443 3442 oportet
2469 3392 2573 3442 quod
2602 3391 2647 3428 sit

1592 3448 1761 3485 eiusdem
1798 3447 1948 3484 mobilis
1990 3459 2162 3484 numero.
2196 3445 2250 3484 Et
2288 3446 2336 3484 ad
2378 3445 2645 3495 exponendum

547 3565 574 3598 α)
596 3566 633 3591 ita
652 3569 736 3592 tamen
755 3569 824 3599 quod
842 3568 877 3593 sit
894 3568 1008 3594 etiam.-
1022 3570 1071 3594 Pro
1090 3572 1185 3599 tamen,
1205 3569 1284 3594 etiam
1303 3568 1539 3601 ACIKMNTVXY;
1558 3570 1637 3595 etiam
1655 3577 1709 3594 om.
1727 3569 2014 3601 BDGINQRSXpHsA.

2671 1673 2749 1695 'cue
2766 1677 2815 1695 om.
2835 1661 2859 1701 5⁴⁷

2671 1704 2724 1720 ΠΧ.

2674 2199 2775 2222 'sum
