2950 4004
55 3294 83 3328 ‘a
105 3306 241 3334 quibusdam

1068 294 1178 330 CAP.
1206 294 1310 342 VIII,
1340 295 1488 332 LECT.
1519 298 1604 333 XIII

2346 298 2415 344 189

858 549 1156 605 LECTIO
1194 550 1821 608 DECIMATERTIA

510 694 568 724 EX
589 692 729 724 PARTE
753 691 880 723 IPSIUS
903 691 1035 723 VACUI
1059 691 1336 723 OSTENDITUR
1359 692 1480 730 QUOD
1504 693 1686 725 VACUUM
1709 695 1965 727 SEPARATUM
1987 697 2078 727 NON
2101 697 2167 727 SIT

261 823 326 854 Καὶ
358 819 430 852 καθ’
460 820 546 853 αὐτὸ
578 814 615 851 δὲ
647 821 810 851 σκοποῦσι
843 822 959 864 φανείη
994 819 1032 852 ἂν
1064 820 1105 853 τὸ
1133 820 1314 866 λεγόμενον

326 864 419 896 κενόν
444 865 485 901 ὠς
512 862 640 901 ἀληθῶς
669 863 775 896 κενόν.
804 863 928 907 ’Ὠσπερ
960 864 1024 910 γάρ
1058 865 1115 897 ἑοίν
1149 865 1181 896 ἐν
1213 861 1314 898 ὕδατι

328 908 406 950 τιθῇ
431 918 482 944 τις
506 907 629 948 κύβον,
660 907 868 944 ἑκστήσεται
896 909 1063 941 τοσοῦτον
1089 903 1173 952 ὕδωρ
1199 907 1273 947 ὅσος
1299 910 1314 941 ὁ

325 951 439 992 κύβος,
460 950 549 983 οὕτω
572 953 631 983 καὶ
655 951 688 983 ὲν
716 951 799 996 ἀέρι·
820 951 910 985 ἀλλά.
933 953 979 994 τῇ
1005 952 1156 989 αἰσθήσει
1176 949 1312 990 ἄδηλον.

325 998 391 1028 Καὶ
424 996 474 1028 ἀεὶ
499 991 542 1032 δή
568 996 601 1028 ἒν
634 998 738 1028 παντὶ
771 995 904 1040 σώματι
936 995 1050 1040 ἔχοντι
1081 995 1314 1039 μετάστασιν,

327 1041 374 1084 ἐφ’
404 1040 420 1071 ὃ
445 1039 569 1084 πέφυκε
600 1039 846 1084 μεθίστασθαι,
879 1038 1030 1085 ἀνάγκη,
1063 1039 1101 1072 ἂν
1126 1040 1172 1084 μή
1198 1053 1317 1085 συμπι-

326 1086 455 1125 λῆται,
485 1084 708 1127 μεθίστασθαι
733 1083 754 1120 ἦ
777 1083 874 1116 κσίτω
902 1084 972 1125 ἀεί,
999 1085 1026 1115 εἰ
1050 1083 1146 1116 κάτω
1171 1085 1191 1121 ἡ
1217 1085 1314 1129 φοραί,

327 1128 436 1172 ὥσπερ
460 1129 538 1174 γῆς·
564 1127 584 1165 ἦ
612 1127 692 1168 ἄνω,
711 1129 739 1159 εἰ
763 1129 842 1170 πῦρ·
861 1126 882 1164 ἧ
905 1127 957 1159 ἐπ’
980 1127 1075 1172 ἄμφω
1102 1128 1163 1173 [ὠς
1183 1130 1198 1160 ὀ
1218 1129 1314 1174 ἀήρ],

328 1172 349 1209 ἦ
381 1173 496 1204 ὁποῖον
531 1172 568 1205 ἄν
600 1184 634 1204 τι
667 1170 689 1215 ᾗ
721 1172 761 1205 τὸ
792 1171 1014 1215 ἐντιθέμενον.
1043 1173 1099 1203 Ἐν
1128 1167 1166 1204 δὲ
1194 1168 1236 1208 δή
1269 1174 1316 1214 τῷ

327 1217 409 1257 κενῷ
436 1217 542 1248 τοῦτο
566 1216 625 1260 μὲν
659 1215 843 1249 ἀδύνατον·
869 1211 948 1248 οὐδὲ
975 1216 1040 1262 γάρ
1064 1216 1174 1260 σῶμα·
1199 1211 1259 1248 διοὶ
1281 1212 1319 1248 δὲ

329 1261 391 1294 τοῦ
415 1258 519 1300 κύβου
543 1260 586 1292 τὸ
609 1261 680 1292 ἴσον
705 1255 882 1304 διάστημα
915 1255 1146 1297 διεληλυθέναι
1175 1256 1316 1302 δόξειεν,

330 1304 410 1348 ὅπερ
435 1301 475 1341 ἦν
499 1306 556 1336 καὶ
586 1303 748 1349 πρότερον
774 1305 806 1336 ἑν
833 1305 879 1345 τῷ
904 1305 999 1345 κενῷ,
1024 1303 1133 1348 ὥσπερ
1161 1302 1199 1335 ἂν
1224 1305 1252 1336 εἱ
1277 1305 1318 1337 τό

331 1344 415 1391 ὕδωρ
445 1347 491 1393 μή
523 1348 709 1392 μεθίστατο
741 1348 789 1388 τῷ
820 1347 936 1389 ξυλίνῳ
967 1346 1056 1388 κύβῳ
1081 1343 1166 1391 μηδ’ῚΧ
1189 1349 1204 1380 ὁ
1231 1348 1317 1392 ἀήρ,

333 1392 424 1424 ἀλλά,
447 1391 564 1424 πάντα
596 1388 735 1435 διῄεσαν
764 1387 802 1424 δι’
838 1392 960 1424 αὐτοῦ.
993 1391 1100 1423 Ἀλλοὶ
1130 1391 1194 1436 μήν
1218 1395 1275 1424 καὶ
1302 1393 1318 1424 ὁ

329 1434 429 1477 κύβος
455 1435 525 1479 ἔχει
550 1438 714 1469 τοσοῦτον
740 1435 780 1479 μέ
806 1435 897 1476 εθος,
925 1434 1000 1468 ὅσον
1028 1435 1169 1480 κατέχει
1200 1436 1240 1469 τὸ
1267 1448 1319 1468 κε-

329 1479 397 1512 νόν·
425 1481 442 1511 ὃ
466 1482 494 1511 εἰ
517 1481 576 1511 καὶ
599 1479 715 1525 θερμὸν
741 1478 762 1516 ἢ
782 1448 908 1525 ᾇυχρόν
933 1478 1025 1512 ἐστιν
1051 1478 1071 1516 ἦ
1097 1479 1182 1524 βαρύ
1207 1479 1228 1517 ἦ
1244 1481 1322 1512 κοῦ-

330 1535 403 1567 φον,
427 1521 522 1556 οὐδὲν
550 1524 657 1566 ῄττον
683 1523 794 1568 ἕτερον
819 1526 867 1566 τῷ
891 1520 976 1556 εἶναι
1002 1523 1139 1556 πάντων
1164 1525 1230 1556 τῶν
1255 1536 1322 1557 πα-

329 1567 491 1612 θημάτων
524 1568 617 1609 ἐστί,
650 1570 707 1600 καὶ
740 1568 767 1599 εἰ
791 1568 838 1613 μή
869 1567 1044 1612 χωριστόν·
1071 1567 1160 1614 λέγω
1191 1563 1229 1599 δὲ
1260 1569 1319 1601 τόν

332 1612 431 1657 ὄγκον
464 1613 526 1643 τοῦ
557 1611 686 1653 ξυλίνου
718 1611 834 1652 κύβου.
869 1610 963 1644 ‘'Qu-‘r'
992 1612 1020 1643 εἰ
1053 1614 1109 1644 καὶ
1146 1611 1318 1656 χωρισθείη

329 1657 396 1688 τῶν
423 1655 531 1687 ἄλλων
550 1655 688 1688 πάντων
712 1658 771 1688 καὶ
795 1656 884 1700 μήτε
906 1655 990 1698 βαρύ
1008 1655 1096 1700 μήτε
1113 1657 1234 1699 κοῦφον
1255 1659 1319 1696 εἴη,

328 1698 464 1740 καθέξει
496 1699 536 1733 τὸ
567 1702 637 1732 ἴσον
669 1700 763 1732 κενὸν
794 1703 851 1732 καὶ
884 1701 917 1732 ἐν
950 1701 997 1741 τῷ
1028 1700 1123 1741 αὐτῷ
1150 1700 1248 1733 ἔσται
1273 1702 1321 1743 τῷ

329 1745 392 1776 τοῦ
418 1743 527 1776 τόπου
558 1746 616 1776 καὶ
641 1745 688 1785 τῷ
713 1745 776 1777 τοῦ
807 1745 901 1776 κενοῦ
931 1744 1021 1789 μέρει
1052 1745 1110 1785 ἴσῳ
1139 1745 1244 1786 αὐτῷ.
1283 1747 1321 1777 Τί

331 1786 388 1820 οὖν
413 1783 530 1820 διοίσει
555 1789 596 1821 τὸ
621 1789 683 1821 τοῦ
706 1788 810 1829 κύβου
834 1790 931 1832 σῶμα
956 1788 1018 1820 τοῦ
1042 1789 1114 1820 ἴσου
1138 1790 1234 1821 κενοῦ
1262 1791 1321 1822 καὶ

331 1831 460 1872 τόπου;
486 1834 543 1864 καὶ
568 1833 596 1864 εἱ
620 1827 680 1864 δύο
707 1834 870 1875 τοιαῦτα,
887 1830 946 1865 διαὶ
961 1835 995 1866 τί
1014 1830 1052 1864 οὐ
1072 1834 1129 1864 καὶ
1149 1833 1319 1866 ὁποσαοῦν

331 1877 364 1909 ἐν
390 1877 437 1918 τῷ
463 1877 557 1917 αὐτῷ’
588 1877 706 1916 ἔσται;
738 1877 771 1909 ἓν
804 1877 863 1920 μὲν
893 1874 937 1914 δή
963 1877 1068 1910 τοῦτο
1102 1876 1232 1910 ἄτοπον
1262 1880 1321 1910 καὶ

332 1915 517 1954 ἀδύνατον.
890 1927 892 1929 ’

255 1964 334 1997 Ἔτι
357 1959 394 1996 δέ
418 1965 556 2010 φανερὸν
589 1963 642 1996 ὅτι
675 1965 780 1997 τοῦτο
807 1966 823 1996 ὁ
846 1965 947 2006 κύβος
979 1963 1044 2005 ἕξει
1074 1966 1132 1996 καὶ
1161 1964 1322 2008 μεθιστά-

331 2020 444 2053 μενος,
471 2010 488 2042 ὂ
512 2010 569 2041 καὶ
595 2008 643 2041 τοὶ
668 2008 757 2041 ἄλλα
781 2009 927 2054 σώματα
952 2008 1054 2042 πάντ’
1076 2008 1157 2053 ἔχει.
1179 2009 1273 2044 ‘'ssa-‘c‘
1294 2012 1321 2042 εἱ

330 2053 437 2086 τοῦτό
463 2065 527 2086 που
552 2048 655 2097 μηδὲν
681 2048 842 2098 διαφέρει,
863 2057 896 2086 τί
921 2049 972 2086 δεῖ
996 2056 1101 2085 ποιεῖν
1126 2052 1232 2086 τόπον
1250 2059 1320 2092 τοῖς

330 2097 378 2129 σώ
407 2109 463 2130 ασι
481 2098 575 2140 παραὶ
594 2097 653 2128 τόν
673 2097 818 2130 ἑκάστου
837 2097 949 2143 ὄγκον,
969 2098 996 2129 εἰ
1009 2095 1144 2134 ’ἀπαθὲς
1167 2098 1182 2129 ὀ
1205 2098 1319 2144 ὄγκος;

332 2142 368 2173 οὐ
397 2142 428 2173 ὲν
452 2142 517 2186 γὰρ
542 2140 797 2184 συμβάλλεται,
829 2143 856 2173 εἰ
882 2141 994 2186 ἕτερον
1020 2141 1093 2184 περὶ
1119 2141 1225 2174 αὐτόν
1249 2145 1320 2175 ἴσον

331 2182 507 2230 διάστημα
532 2186 688 2218 τοιοῦτον
715 2187 776 2222 εἴη.

266 2228 361 2273 [”Ετι
387 2225 439 2260 δεῖ
468 2226 572 2266 δῆλον
603 2225 688 2260 εἶναι
715 2230 782 2261 οἷον
813 2229 906 2261 κενὸν
940 2230 972 2261 ἐν
1003 2233 1073 2265 τοῖς
1103 2224 1338 2272 κινουμένοις.’

330 2274 397 2306 Νῦν
422 2268 451 2304 δ’
473 2269 625 2317 οὐδαμοῦ
651 2273 744 2310 ἐντὸς
771 2274 833 2306 τοῦ
857 2273 998 2316 κόσμου·
1027 2274 1043 2305 ὁ
1063 2273 1131 2329 ,γάρ
1159 2274 1222 2316 ἀήρ
1249 2274 1321 2307 ἔστι

332 2329 379 2356 τι,
399 2318 436 2350 οὐ
460 2315 553 2350 δοκεῖ·
575 2313 612 2350 δέ
637 2329 689 2361 γε·
717 2313 794 2349 οὐδὲ
818 2318 858 2350 τό
885 2313 981 2361 ὕδωρ,
1001 2318 1029 2348 εἰ
1054 2328 1140 2355 ησαν
1160 2321 1187 2349 οἱ
1211 2317 1321 2362 ἰχθύες

330 2358 471 2407 σιδηροῖ·
507 2363 554 2404 τῇ
587 2363 654 2405 ἀφῇ
687 2362 751 2408 γὰρ
785 2362 804 2397 ’ἡ
837 2365 938 2406 κρίσις
970 2362 1032 2394 τοῦ
1068 2361 1214 2406 οἱπτοῦ.]
1244 2362 1321 2394 ’Ότι

330 2407 388 2450 μὲν
415 2409 524 2481 τδοίνυν
552 2406 611 2438 οὐκ
636 2407 709 2438 ἔστι
733 2405 974 2450 κεχωρισμένον
998 2405 1106 2446 κενόν,
1127 2404 1164 2438 ἐκ
1189 2405 1320 2439 τούτων

331 2451 402 2483 ἐστὶ
450 2451 545 2487 ἧλον.

317 2562 466 2590 SYNOPsxs.
490 2576 524 2582 -·
551 2570 574 2588 1.
603 2562 645 2588 Ex
671 2567 752 2597 parte
778 2561 861 2589 vacui
888 2560 1118 2589 irrationabiliter
1145 2560 1252 2589 dictum
1281 2566 1322 2588 est

264 2600 360 2637 ipsum
380 2609 450 2629 esse.
473 2601 574 2628 Prima
588 2601 671 2628 ratio.
695 2600 790 2628 Omne
811 2609 915 2636 corpus
936 2599 966 2627 in
981 2601 1060 2636 quod
1081 2600 1201 2628 alterurn
1217 2609 1321 2636 corpus

265 2639 434 2675 immittitur,
455 2640 523 2667 huic
543 2640 642 2667 cedere
664 2646 786 2676 oportet,
808 2649 845 2667 ne
866 2639 1012 2676 contingat
1037 2641 1095 2667 duo
1117 2649 1240 2676 corpora
1260 2649 1321 2667 esse

266 2679 366 2715 simul;
388 2680 438 2707 sed
459 2679 494 2707 de
514 2688 605 2707 vacuo
626 2679 683 2707 hoc
702 2688 764 2707 non
779 2685 874 2715 potest
895 2679 958 2714 dici,
975 2688 1040 2707 curn
1061 2688 1122 2706 non
1143 2679 1178 2707 sit
1199 2688 1321 2715 corpus3

266 2728 370 2755 corpus
395 2718 480 2755 igitur
502 2717 699 2746 intromissum
726 2727 792 2745 cum
815 2718 911 2754 aliqua
937 2718 1019 2746 vacui
1045 2724 1125 2754 parte
1151 2718 1235 2746 simul
1261 2728 1322 2746 esse

266 2758 360 2785 debet.
383 2758 447 2785 Hoc
468 2763 563 2785 autem
585 2763 626 2785 est
647 2757 835 2793 impossibile3
859 2757 1052 2785 dimensiones
1074 2757 1150 2785 enim
1171 2757 1235 2785 talis
1257 2767 1320 2786 cor-

265 2796 344 2833 poris
359 2803 454 2825 essent
467 2796 551 2824 simul
566 2805 631 2824 curn
653 2796 879 2824 dimensionibus
899 2797 995 2831 vacui;
1010 2803 1038 2824 et
1051 2805 1117 2824 cum
1133 2797 1321 2824 differentiam

266 2845 327 2864 non
341 2836 376 2864 sit
393 2836 544 2873 assignare,
560 2844 614 2863 nec
629 2835 714 2864 etiarn
736 2836 893 2863 secundum
915 2835 1011 2871 situm,
1026 2845 1147 2866 vacuum
1169 2842 1197 2864 et
1217 2845 1321 2872 corpus

266 2882 361 2904 essent
374 2885 474 2903 unum.
488 2891 508 2896 ·-
523 2875 552 2903 Si
573 2881 669 2903 autem
683 2881 808 2912 ponatur
821 2875 901 2912 quod
915 2874 971 2903 sint
984 2876 1043 2903 duo
1059 2875 1143 2903 simul
1166 2875 1321 2910 existentia,

456 3009 466 3016 ⁸
501 2993 566 3042 fic
594 2992 756 3029 ostendit
781 3004 948 3029 vacuum
976 3005 1055 3029 non
1084 3005 1182 3039 esse,
1213 2993 1322 3030 ratio-

498 3045 642 3081 nibus
671 3045 831 3093 acceptis
860 3057 905 3081 ex
932 3052 1036 3093 parte
1065 3045 1180 3093 ipsius
1198 3045 1321 3092 vacui,

499 3101 516 3117 ³
533 3098 675 3146 absque
697 3097 996 3134 consideratione
1020 3105 1166 3134 motus:
1195 3105 1232 3134 et
1249 3099 1323 3135 hoc

347 3174 356 3181 ι
392 3177 418 3182 »«
458 3176 461 3177 ⁷
500 3150 514 3179 ’ἶ
533 3149 695 3187 ostendit
721 3150 838 3186 tribus
867 3150 1082 3186 rationibus.

320 3200 419 3237 Dicit
447 3213 535 3249 ergo
563 3202 687 3250 primo
720 3202 824 3251 quod
857 3202 969 3238 etiam
1003 3202 1323 3239 considerantibus

267 3265 433 3289 vacuum
456 3265 525 3301 per
552 3267 603 3301 se,
625 3255 766 3303 absque
796 3261 913 3300 motu,
938 3254 1125 3291 videbitur
1152 3255 1256 3302 quod
1275 3254 1324 3290 ita

269 3305 315 3342 sit
342 3305 483 3341 dictum
511 3306 558 3342 ab
578 3306 764 3354 aliquibus
784 3307 804 3327 *²
822 3318 987 3342 vacuum
1009 3318 1102 3352 esse,
1123 3306 1217 3342 sicut
1233 3318 1323 3342 vere

270 3364 378 3394 sonat
405 3369 546 3394 nomen
574 3359 695 3394 vacui.
730 3359 832 3394 Nam
854 3370 1021 3394 vacuum
1050 3365 1158 3394 sonat
1185 3357 1324 3406 aliquid

270 3411 379 3447 inane
410 3417 445 3446 et
473 3409 577 3458 quod
605 3422 682 3446 non
702 3417 776 3454 est;
798 3417 834 3445 et
860 3409 1016 3446 inaniter
1045 3417 1080 3445 et
1107 3410 1248 3458 absque
1269 3422 1325 3446 ra-

324 3567 351 3599 α)
370 3574 464 3598 corpus
482 3566 608 3591 cubicum.
621 3580 640 3584 —
652 3572 747 3596 corpus
765 3565 857 3590 cubum
877 3564 980 3588 PBsGL
1000 3568 1025 3588 et
1043 3564 1072 3588 b.-
1091 3565 1166 3588 etiam
1185 3563 1255 3594 infra,
1275 3564 1322 3589 hac

271 3603 387 3632 lectione,
407 3602 508 3634 saepius
527 3602 603 3626 iidem
623 3601 710 3633 legunt
728 3600 820 3625 cubum
841 3598 910 3632 (cubi
928 3599 995 3631 etc.),
1015 3599 1060 3623 sed
1080 3607 1129 3623 non
1153 3606 1256 3631 semper
1274 3599 1322 3623 sibi

1368 824 1385 842 *
1402 824 1442 854 Et
1463 834 1518 863 per
1541 835 1573 855 se
1589 832 1694 856 autem
1709 827 1973 857 considerantibus
1989 827 2143 858 videbitur
2166 827 2274 868 utique
2298 828 2416 858 dictum

1434 877 1580 906 vacuum,
1605 869 1685 900 sicut
1707 880 1776 900 vere
1795 881 1940 901 vacuum.
1960 871 2046 901 Sicut
2069 871 2200 901 enimin
2216 881 2297 912 aqua
2319 871 2344 901 si
2360 881 2417 911 po-

1436 918 1489 942 nat
1500 912 1611 952 aliquis
1628 914 1755 951 cubum,
1771 915 1857 944 cedet
1879 920 1964 944 tanta
1979 924 2070 955 aqua,
2086 922 2221 954 quantus
2240 916 2285 944 est
2303 915 2417 952 cubus;

1436 955 1478 985 sic
1502 962 1547 985 est
1565 956 1659 986 etiam
1676 956 1709 986 in
1732 965 1815 995 aere3
1838 958 1891 987 sed
1913 958 2015 988 sensui
2039 958 2286 988 immanifestum
2305 964 2358 988 est.
2379 959 2419 988 Et

1437 1008 1559 1038 semper
1581 999 1674 1039 igitur
1696 1000 1728 1030 in
1752 1001 1839 1030 omni
1869 1011 1998 1041 corpore
2030 1001 2155 1032 habenti
2186 1001 2418 1032 transmutatio-

1437 1052 1521 1079 nem,
1538 1042 1570 1072 in
1587 1053 1651 1083 quo
1671 1050 1716 1073 est
1739 1051 1848 1083 aptum
1871 1052 1981 1075 natum
1994 1045 2119 1083 mutari,
2136 1055 2266 1075 -necesse
2282 1052 2337 1081 est,
2361 1045 2420 1074 nisi

1438 1092 1541 1123 coeat,
1569 1087 1782 1125 transmutari;
1806 1095 1860 1118 aut
1887 1089 2034 1118 deorsum
2057 1099 2196 1128 semper,
2220 1089 2245 1118 si
2273 1089 2421 1119 deorsum

1439 1136 1484 1160 est
1506 1136 1624 1167 motuS,
1648 1130 1727 1160 sicut
1743 1137 1787 1161 est
1801 1138 1914 1169 terrae;
1938 1139 1991 1162 aut
2014 1142 2148 1170 sursum,
2162 1132 2241 1162 sicut
2254 1131 2350 1171 ignis;
2367 1138 2421 1162 aut

1438 1174 1478 1203 ad
1507 1179 1656 1214 utraque;
1687 1181 1740 1204 aut
1770 1175 1994 1216 quodcumque
2022 1175 2139 1216 aliquid
2164 1176 2202 1206 sit
2225 1175 2419 1215 impositum.

1438 1217 1473 1247 In
1495 1227 1596 1247 vacuo
1620 1223 1726 1247 autem
1748 1217 1809 1248 hoc
1832 1218 1960 1258 quidem
1990 1219 2182 1258 impossibile
2206 1225 2268 1257 est;
2297 1219 2422 1249 nullum

1439 1261 1524 1291 enim
1541 1270 1655 1300 corpus
1674 1268 1729 1291 est.
1750 1261 1810 1291 Sed
1824 1271 1879 1300 per
1894 1272 2029 1292 vacuum
2043 1263 2171 1302 aequale
2190 1262 2326 1302 spatium
2340 1269 2421 1292 tran-

1439 1304 1499 1334 sire
1513 1304 1646 1343 videtur,
1661 1305 1749 1345 quod
1768 1305 1897 1345 quidem
1913 1312 1976 1336 erat
1992 1305 2076 1345 prius
2095 1306 2127 1335 in
2145 1314 2256 1344 vacuo;
2272 1313 2423 1346 tanquam

1441 1348 1466 1378 si
1485 1358 1567 1389 aqua
1582 1358 1648 1378 non
1664 1349 1784 1379 cederet
1804 1348 1909 1388 ligneo
1933 1349 2026 1387 cubo,
2042 1359 2144 1390 neque
2167 1359 2228 1387 aer,
2248 1350 2302 1379 sed
2317 1349 2424 1379 omnia

1440 1392 1604 1422 transirent
1626 1402 1681 1432 per
1703 1392 1819 1432 ipsum.
1843 1395 1885 1423 At
1898 1403 1972 1422 vero
1997 1393 2094 1423 cubus
2110 1393 2202 1423 habet
2224 1399 2342 1423 tantam
2357 1403 2423 1423 ma-

1440 1435 1653 1475 gnitudinem,
1677 1443 1827 1477 quantam
1851 1436 1990 1467 continet
2011 1446 2156 1467 vacuum.
2188 1437 2284 1474 Quod
2307 1436 2332 1466 si
2355 1436 2425 1467 cali-

1441 1480 1519 1510 dum
1542 1486 1587 1511 est
1610 1487 1664 1510 aut
1686 1479 1835 1520 frigidum
1859 1487 1912 1511 aut
1934 1490 2026 1520 grave
2049 1486 2102 1510 aut
2124 1480 2201 1518 leve,
2221 1480 2425 1510 nihilominus

1441 1524 1575 1554 alterum
1597 1524 1630 1554 in
1654 1534 1720 1554 esse
1742 1525 1780 1554 ab
1804 1524 1950 1554 omnibus
1974 1523 2171 1564 passionibus
2194 1530 2254 1562 est,
2286 1523 2342 1554 etsi
2361 1534 2426 1554 non

1442 1568 1593 1598 divisibile
1615 1568 1654 1598 sit
1676 1568 1714 1598 ab
1746 1568 1823 1598 inis:
1849 1568 1918 1598 dico
1948 1575 2054 1599 autem
2086 1578 2199 1608 corpus
2222 1568 2315 1607 lignei
2344 1567 2426 1598 cubi.

1442 1613 1546 1649 Quare
1570 1611 1663 1642 etiam
1686 1612 1712 1642 si
1738 1619 1896 1652 separetur
1919 1612 1956 1642 ab
1981 1612 2128 1642 omnibus
2157 1611 2238 1649 aliis,
2268 1618 2298 1642 et
2325 1621 2426 1652 neque

1441 1666 1532 1696 grave
1556 1666 1659 1696 neque
1681 1656 1748 1686 leve
1767 1656 1816 1694 sit,
1837 1656 2007 1687 continebit
2026 1656 2154 1696 aequale
2172 1665 2318 1693 vacuum,
2343 1662 2372 1686 et
2394 1655 2427 1686 in

1443 1701 1553 1730 eadem
1577 1700 1647 1738 erit,
1674 1710 1754 1740 quae
1778 1707 1823 1731 est
1845 1700 1906 1730 Ioci
1930 1707 1959 1731 et
1981 1701 2082 1738 vacui,
2103 1706 2188 1740 parte
2208 1699 2328 1740 aequali
2356 1699 2424 1730 sibi.

1443 1744 1529 1782 Quid
1551 1744 1646 1784 igitur
1669 1745 1793 1775 distabit
1816 1745 1887 1775 cubi
1917 1754 2030 1784 corpus
2059 1745 2097 1774 ab
2126 1744 2246 1784 aequali
2274 1754 2374 1774 vacuo
2398 1750 2428 1774 et

1442 1786 1532 1819 loco?
1562 1789 1604 1819 Et
1633 1788 1658 1818 si
1690 1789 1754 1818 duo
1787 1788 1970 1819 huiusmodi
2000 1795 2090 1827 sunt,
2114 1794 2241 1829 propter
2264 1788 2339 1828 quid
2362 1798 2427 1818 non

1442 1832 1596 1873 quotlibet
1627 1832 1659 1862 in
1688 1833 1801 1863 eodem
1829 1830 1936 1863 erunt?
1968 1833 2078 1863 Unum
2106 1832 2199 1873 igitur
2229 1832 2290 1863 hoc
2319 1831 2426 1864 incon-

1441 1876 1568 1907 veniens
1591 1883 1621 1907 et
1643 1876 1836 1916 impossibile
1855 1883 1910 1907 est.

1374 1971 1391 1990 *
1413 1969 1567 2011 Amplius
1589 1977 1695 2002 autem
1717 1971 1919 2001 manifestum
1943 1978 1998 2009 est,
2023 1972 2110 2012 quod
2132 1971 2192 2002 hoc
2215 1971 2313 2002 cubus
2336 1971 2429 2002 habet

1441 2021 1675 2053 transmutatuS,
1689 2016 1777 2056 quod
1793 2022 1822 2046 et
1838 2015 1945 2045 omnia
1961 2015 2019 2045 alia
2035 2025 2167 2055 corpora
2182 2016 2305 2046 habent.
2324 2015 2428 2052 Quare

1442 2058 1468 2089 si
1491 2069 1509 2088 a
1530 2059 1603 2089 loco
1627 2059 1704 2089 nihil
1727 2059 1837 2097 differt,
1862 2059 1939 2099 quid
1961 2066 2086 2099 oportet
2108 2060 2216 2090 locum
2239 2060 2337 2090 facere
2361 2070 2427 2092 cor—

1441 2103 1571 2143 poribus
1594 2110 1677 2133 extra
1701 2103 1948 2143 uniuscuiusque
1972 2113 2096 2143 corpus,
2122 2103 2147 2133 si
2170 2103 2360 2143 impassibile
2383 2110 2429 2134 est

1441 2144 1577 2186 corpus?
1607 2147 1694 2177 Nihil
1722 2147 1807 2177 enim
1838 2146 1976 2185 confert,
2010 2147 2035 2177 si
2057 2147 2190 2177 alterum
2217 2147 2296 2178 circa
2322 2147 2428 2188 ipsum

1441 2191 1570 2230 aequale
1594 2191 1731 2230 spatium
1754 2191 1937 2221 huiusmodi
1961 2191 2008 2221 sit.

1373 2233 1391 2252 *
1406 2234 1563 2274 Amplius,
1579 2241 1704 2274 oportet
1718 2234 1920 2265 manifestum
1932 2245 1998 2265 esse
2014 2235 2106 2275 quale
2123 2245 2260 2266 vacuum
2275 2235 2313 2265 sit
2332 2234 2365 2264 in
2380 2234 2427 2264 his

1441 2288 1521 2318 quae
1545 2284 1720 2309 moventur.
1745 2279 1837 2309 Nunc
1861 2285 1966 2309 autem
1982 2289 2139 2319 nusquam
2162 2279 2241 2309 infra
2255 2279 2426 2309 mundum:

1441 2331 1492 2351 aer
1515 2321 1598 2351 enim
1621 2321 1738 2362 aliquid
1762 2329 1817 2360 est,
1841 2332 1905 2352 non
1929 2322 2052 2353 videtur
2066 2329 2187 2353 autem:
2213 2332 2428 2363 nequeaqua,

1441 2365 1466 2395 si
1491 2372 1592 2396 essent
1619 2365 1718 2405 pisces
1748 2365 1846 2396 ferrei.
1872 2367 1973 2396 Tactu
1993 2366 2078 2396 enim
2101 2373 2147 2397 est
2175 2366 2318 2397 discretio
2346 2366 2429 2396 illius

1441 2409 1531 2449 quod
1547 2409 1692 2449 tangitur.
1709 2409 1726 2428 *
1742 2410 1839 2447 Quod
1858 2410 1987 2450 quidem
2001 2410 2095 2450 igitur
2110 2420 2176 2440 non
2192 2417 2368 2450 separatum
2391 2410 2430 2440 sit

1441 2463 1589 2492 vacuum,
1614 2463 1650 2483 ex
1674 2453 1722 2483 his
1745 2453 1947 2484 manifestum
1971 2461 2026 2484 est.

1375 2560 1436 2597 pari
1450 2560 1560 2589 ratione
1581 2561 1663 2597 plura
1683 2570 1806 2598 corpora
1820 2561 1905 2589 etiam
1926 2561 2070 2590 sensibilia
2090 2561 2119 2589 in
2136 2562 2239 2589 eodem
2254 2561 2344 2597 spatio
2367 2570 2427 2590 esse

1375 2606 1505 2636 possent3
1528 2601 1608 2636 quod
1629 2606 1671 2628 est
1691 2600 1903 2629 inconveniens.
1920 2618 1939 2623 -
1953 2608 1980 2629 2.
2003 2602 2135 2629 Secunda
2149 2601 2231 2629 ratio.
2255 2601 2283 2628 Si
2304 2607 2428 2636 ponatur

1375 2640 1455 2676 quod
1468 2649 1590 2668 vacuum
1602 2640 1646 2668 vel
1659 2640 1740 2668 locus
1755 2640 1790 2668 sit
1805 2640 1928 2676 spatium
1943 2647 2114 2676 separatum,
2130 2646 2263 2676 sequetur
2276 2640 2354 2676 quod
2369 2649 2429 2667 non

1375 2679 1411 2707 sit
1431 2679 1623 2707 necessarium
1642 2688 1764 2716 corpora
1785 2689 1845 2707 esse
1866 2679 1896 2707 in
1916 2680 1991 2708 loco.
2014 2680 2088 2707 Cum
2109 2679 2185 2707 enim
2200 2679 2428 2715 unumquodque

1376 2728 1480 2755 corpus
1501 2718 1632 2755 proprias
1653 2718 1846 2747 dimensiones
1867 2719 1978 2754 habeat,
2001 2719 2176 2755 superfluum
2196 2718 2306 2746 videtur
2321 2727 2428 2754 ponere

1376 2758 1450 2786 circa
1463 2758 1558 2794 ipsum
1572 2758 1641 2786 alias
1656 2758 1699 2786 his
1714 2759 1855 2795 aequales.
1871 2774 1890 2779 —
1907 2759 1931 2786 3.
1953 2759 2050 2786 Tertia
2065 2758 2147 2786 ratio.
2169 2759 2321 2794 Nunquam
2336 2757 2428 2785 mani-

1375 2797 1492 2825 festatur
1505 2807 1627 2825 vacuum
1648 2797 1678 2825 in
1699 2798 1853 2826 mobilibus
1874 2797 1946 2825 infra
1962 2798 2116 2825 mundum:
2137 2798 2253 2833 plenum
2267 2805 2331 2824 aere
2345 2805 2428 2824 nam-

1376 2846 1440 2873 que,
1456 2837 1535 2873 quod
1555 2846 1678 2865 vacuum
1691 2837 1811 2872 videtur,
1825 2837 1880 2865 tale
1895 2846 1955 2865 non
1976 2843 2033 2872 est;
2055 2846 2103 2864 aer
2116 2836 2201 2871 enim,
2216 2836 2279 2867 licet
2293 2835 2353 2863 visu
2367 2845 2428 2863 non

1375 2875 1561 2912 percipiatur,
1582 2883 1660 2904 tactu
1680 2883 1776 2904 tamen
1797 2882 1909 2905 constat
1929 2877 2009 2913 quod
2029 2876 2136 2913 aliquid
2157 2875 2200 2904 sit.
2223 2892 2242 2896 —
2263 2875 2425 2903 Conclusio.

1375 2993 1477 3030 tione
1505 3001 1541 3030 et
1567 2994 1722 3030 veritate
1757 2993 1897 3030 dictum
1936 3001 2010 3040 est,
2044 2993 2147 3041 quod
2178 3005 2343 3030 vacuum
2371 2992 2426 3030 sit.

1377 3047 1425 3082 Et
1451 3047 1526 3083 hoc
1552 3046 1707 3094 quidem
1727 3046 1780 3082 sic
1798 3046 1969 3082 ostendit.
1996 3046 2095 3091 Quia
2114 3045 2143 3082 si
2163 3045 2293 3092 aliquis
2312 3052 2429 3093 ponat

1376 3098 1414 3134 in
1434 3111 1532 3146 aqua
1555 3098 1708 3146 aliquod
1737 3110 1873 3146 corpus
1897 3098 2072 3134 cubicum
2096 3103 2113 3119 α
2137 3097 2294 3143 (scilicet
2325 3097 2428 3145 quod

1377 3151 1491 3187 habet
1526 3162 1590 3186 sex
1627 3150 1843 3198 superficies
1872 3150 2114 3198 quadratas),
2150 3156 2297 3197 oportet
2323 3148 2427 3196 quod

1377 3210 1478 3239 tanta
1506 3203 1690 3251 quantitas
1709 3215 1828 3251 aquae
1857 3203 2006 3238 recedat
2029 3214 2050 3238 a
2072 3202 2155 3237 loco
2179 3213 2259 3246 suo,
2290 3207 2427 3247 quanta

1379 3262 1433 3291 est
1452 3255 1636 3302 quantitas
1657 3254 1752 3290 cubi.
1783 3255 1831 3290 Et
1849 3254 1942 3290 sicut
1966 3261 2019 3289 est
2039 3254 2084 3289 de
2113 3264 2220 3299 aqua,
2241 3252 2290 3287 ita
2309 3259 2362 3287 est
2391 3259 2427 3287 et

1379 3307 1425 3343 de
1454 3319 1556 3352 aere;
1585 3307 1668 3343 lieet
1701 3319 1778 3342 non
1806 3306 1850 3341 sit
1877 3306 1926 3341 ita
1961 3305 2218 3349 manifestum,
2248 3315 2294 3339 eo
2322 3303 2425 3351 quod

1378 3371 1477 3406 aqua
1505 3366 1559 3395 est
1577 3358 1695 3405 magis
1715 3357 1894 3394 sensibilis
1922 3368 2036 3404 quam
2056 3367 2130 3392 aer.
2152 3354 2298 3391 Eadem
2317 3355 2426 3402 igitur

1378 3411 1531 3457 ratione,
1557 3410 1874 3458 quandocumque
1899 3407 2037 3455 aliquid
2064 3407 2271 3443 immittitur
2298 3407 2336 3444 in
2364 3407 2426 3444 ali-

1375 3570 1498 3590 constant.
1519 3565 1655 3597 Sequimur
1673 3569 1770 3596 partem
1790 3563 1905 3587 codicum
1924 3563 2047 3587 maiorem
2066 3567 2091 3587 et
2109 3563 2250 3594 meliorem,
2264 3563 2308 3596 qui
2326 3563 2425 3596 optime

1374 3599 1530 3632 distinguunt
1548 3600 1735 3624 substantivum
1753 3598 1844 3623 cubum
1864 3603 1889 3622 et
1907 3598 2057 3622 adiectivum
2075 3597 2200 3623 cubicum.

2443 836 2587 890 fressstqbgap.
2602 843 2652 859 vm.

2453 1983 2465 1994 ‘
2478 1982 2543 2004 Text.
2558 1988 2595 2010 77.

2454 2245 2466 2256 ⁸
2479 2244 2544 2266 Text.
2559 2245 2596 2273 78.

2455 2418 2467 2430 ³*
2480 2418 2545 2440 Text.
2560 2424 2598 2446 79.
