2950 4004
487 290 560 335 154

1110 287 1455 325 PHYSICORUM
1481 289 1829 326 ARISTOTELIS
1859 290 1952 327 LIB.
1984 290 2035 327 IV

1228 450 1528 507 LEcT10
1568 452 1910 529 QUARTA

544 585 666 623 QUOT
690 584 823 615 MODIS
846 584 1024 621 ALIQUID
1049 583 1229 615 DICITUR
1252 585 1352 616 ESSE
1377 585 1420 616 IN
1443 586 1609 623 ALIQUO
1624 603 1646 610 —
1668 587 1823 618 UTRUM
1846 587 2024 625 ALIQUID
2047 588 2195 620 POSSIT
2218 588 2318 620 ESSE
2342 589 2385 619 IN
2409 589 2552 622 SEIPSO
2573 607 2595 614 —

703 641 966 673 SOLVUNTUR
989 641 1204 678 QUAEDAM
1227 642 1545 674 DUBITATlONES
1569 643 1700 675 CIRCA
1723 644 2016 676 EXISTENTIAM
2031 645 2088 676 ET
2104 645 2319 677 NATURAM
2335 645 2437 677 LOCI

481 750 580 783 Μετοί
604 745 641 781 δὲ
666 750 784 782 ταῦτα
806 747 958 785 ληπτέον
986 749 1145 794 ποσαχῶς
1172 749 1255 780 ἄλλο
1281 749 1313 781 ἐν
1341 749 1429 791 ἄλλῳ
1447 749 1543 796 λέγε-

548 806 619 826 ται.
645 792 730 825 ’Ἐνοι
755 793 813 837 μὲν
838 789 882 829 δή
908 791 1034 837 τρόπον
1052 794 1094 830 ὠς
1116 794 1132 824 ὁ
1150 789 1318 831 δάκτυλος
1340 794 1372 826 ἑν
1394 795 1439 836 τῇ
1457 796 1542 849 χειρὶ

545 840 604 870 καὶ
630 837 711 875 ὅλως
736 837 778 869 τό
803 837 900 882 μέρος
926 838 958 869 ἑν
983 837 1030 877 τῷ
1058 835 1135 877 ὅλῳ·
1163 836 1265 869 ἄλλον
1291 833 1328 869 δὲ
1347 839 1388 875 ὠς
1407 838 1448 870 τὸ
1467 840 1542 870 δλον

549 883 581 914 ὲν
607 885 678 919 τοῖς
703 880 844 926 μέρεσιν·
873 881 910 913 οὐ
936 880 1000 927 γοίρ
1025 881 1099 913 ἐστι
1115 881 1212 926 ,παραὶ
1228 881 1276 914 τοὶ
1291 881 1372 926 μέρη
1392 882 1432 915 τό
1451 881 1540 914 ὅλον.

539 927 662 958 Ἀλλον
686 921 724 958 δὲ
748 925 873 970 τρόπον
899 926 939 962 ὠς
967 925 982 957 ὁ
1010 923 1179 970 ἄνθρωπος
1214 925 1245 956 ἐν
1277 924 1348 968 ζῴῳ
1372 929 1429 958 καὶ
1460 926 1541 964 ὅλως

547 967 633 1008 εἶδος
660 968 692 1002 ἐν
717 970 818 1016 γένει.
847 970 967 1000 Ἀλλον
993 965 1030 1000 δέ
1056 971 1098 1007 ὠς
1125 970 1166 1001 τό
1190 968 1285 1014 γένος
1318 970 1351 1001 έν
1382 972 1430 1012 τῷ
1463 967 1543 1002 εἴδει

546 1017 605 1047 καὶ
625 1014 706 1052 ὅλως
724 1014 765 1047 τὸ
782 1013 878 1058 μέρος
903 1014 966 1045 τοῦ
988 1008 1093 1051 εἴδους
1117 1014 1148 1045 ἐν
1167 1016 1214 1056 τῷ
1233 1014 1295 1047 τοῦ
1316 1010 1422 1052 εἴδους
1438 1015 1540 1061 λόγῳ.

539 1060 618 1093 Ἔτι
643 1059 683 1095 ὠς
710 1060 819 1104 ὑγίεια.
846 1058 878 1089 ἐν
904 1056 1034 1101 θερμοῖς
1065 1059 1123 1090 καὶ
1154 1057 1287 1104 ψυχροῖς
1310 1061 1368 1090 καὶ
1395 1058 1477 1097 ὅλως
1502 1059 1544 1092 τὸ

547 1099 633 1140 εἶδος
660 1104 692 1134 ἐν
719 1103 764 1145 τῇ
791 1101 868 1143 ὕλῃ.
885 1101 962 1134 ’Έτι
987 1102 1029 1139 ώς
1055 1102 1087 1134 έν
1114 1103 1248 1142 βασιλέϊ
1270 1102 1318 1136 τοὶ
1338 1104 1403 1136 τῶν
1425 1102 1544 1140 Ἐλλή-

548 1159 609 1179 νων
635 1149 692 1178 me).
719 1146 800 1184 ὅλως
827 1145 868 1178 τὸ
894 1146 925 1177 ἐν
952 1146 1000 1187 τῷ
1026 1146 1146 1189 πρώτῳ
1163 1148 1336 1188 κινητικῷ.
1356 1147 1433 1180 Ἔτι
1450 1149 1492 1189 ὠς
1510 1147 1542 1180 ἐν

547 1193 595 1233 τῷ
622 1189 739 1237 ἀγαθῷ
763 1191 821 1222 καὶ
848 1189 930 1228 ὅλως
956 1188 989 1221 ἐν
1015 1191 1063 1232 τῷ
1090 1190 1195 1222 τέλει·
1222 1192 1328 1223 τοῦτο
1353 1186 1381 1222 δ’
1403 1192 1477 1224 ἐστὶ
1502 1193 1543 1224 τό

548 1236 585 1268 οὗ
612 1234 721 1267 ἕνεκα.
760 1234 898 1267 Πάντων
924 1230 961 1266 δὲ
985 1233 1195 1278 κυριώτατον
1225 1235 1266 1269 τὸ
1292 1236 1332 1272 ώς
1359 1236 1391 1267 έν
1420 1236 1542 1282 ἀγγείῳ

546 1281 604 1312 καὶ
630 1279 711 1317 ὅλως
738 1280 770 1311 ἐν
796 1278 904 1319 τόπῳ.

473 1324 673 1369 Ἀπορῆσειε
698 1320 726 1356 δ’
751 1323 789 1355 ἄν
816 1334 881 1363 τις,
910 1320 975 1363 οἷρα
999 1324 1057 1353 καὶ
1084 1320 1172 1355 αὐτό
1198 1335 1232 1354 τι
1257 1323 1289 1355 ὲν
1315 1324 1427 1364 ἑαυτῷ
1454 1318 1546 1356 ἑνδέ-

545 1380 648 1424 ζετοιι
681 1365 785 1408 εἶναι,
813 1366 833 1404 ἦ
860 1365 978 1407 οὐθέν,
1011 1366 1100 1399 ἀλλοί
1131 1368 1197 1399 πᾶν
1231 1366 1252 1404 ἦ
1286 1363 1437 1411 οὐδαμοῦ
1463 1366 1483 1404 ἦ
1509 1368 1542 1399 ἐν

549 1415 649 1454 αλλῳ.

481 1459 583 1504 Διχῶς
608 1454 646 1488 δὲ
671 1456 767 1488 τοῦτ’
797 1455 909 1495 ἐστίν,
936 1454 1014 1491 ἦτοι
1042 1453 1123 1485 καθ’
1151 1454 1238 1486 αὐτὸ
1263 1453 1284 1491 ἦ
1309 1453 1383 1486 καθ’
1414 1454 1539 1498 ἕτερον·

547 1501 631 1535 ὅταν
656 1500 715 1544 μὲν
740 1499 805 1546 γάρ
832 1497 851 1542 ᾖ
878 1498 977 1543 μόρια
1004 1498 1065 1529 τοῦ
1092 1497 1169 1530 ὅλου
1196 1498 1236 1530 τὸ
1263 1500 1296 1531 ἐν
1322 1499 1346 1541 ᾧ
1370 1501 1428 1531 καὶ
1450 1498 1491 1531 τὸ
1509 1499 1542 1531 ὲν

547 1545 671 1586 τούτῳ,
695 1544 906 1588 λεχθήσεται
931 1543 972 1574 τὸ
998 1541 1073 1573 ὅλον
1100 1541 1132 1573 ἐν
1159 1544 1284 1584 ἐαυτῷ·
1311 1543 1453 1589 λέγεται
1477 1543 1542 1589 γοὶρ

545 1592 604 1621 καὶ
627 1589 723 1620 κατὰ
747 1588 842 1630 μέρη,
863 1587 930 1618 οἷον
954 1585 1071 1622 λευκὸς
1097 1586 1150 1618 ὅτι
1176 1587 1196 1623 ἡ
1223 1586 1402 1631 ἐπιφάνεια
1424 1587 1542 1628 λευκή,

544 1635 602 1665 καὶ
628 1633 826 1676 ἐπιστήμων
853 1629 906 1663 ὅτι
931 1631 972 1662 τὸ
996 1630 1202 1675 λογιστικόν.
1228 1633 1264 1662 ‘0
1281 1630 1340 1675 μὲν
1364 1630 1419 1664 οὖν
1440 1630 1539 1676 ἀμφο-

545 1678 617 1723 ρεῦς
650 1677 710 1709 οὐκ
745 1677 843 1708 ἔσται
876 1675 908 1706 ἐν
942 1676 1073 1716 ἑαυτῷ,
1102 1669 1171 1707 οὐδ’
1201 1676 1217 1706 ὁ
1245 1673 1342 1714 οἶνος·
1371 1678 1386 1708 ὁ
1411 1671 1448 1708 δέ
1481 1678 1543 1708 τοῦ

546 1723 634 1753 οἴνου
662 1719 827 1764 ἀμφορεῦς
852 1719 964 1751 ἔσται·
993 1718 1008 1750 ὅ
1035 1732 1072 1752 τε
1097 1720 1162 1766 γοίρ
1179 1721 1238 1751 καὶ
1258 1721 1290 1752 ἐν
1309 1721 1345 1762 ᾧ,
1368 1719 1543 1765 ἀμφότερα

546 1767 609 1798 τοῦ
635 1764 743 1798 αὐτοῦ
769 1764 881 1808 μόρια.
908 1762 1006 1795 Οὕτω
1032 1763 1090 1808 μὲν
1118 1761 1173 1796 οὖν
1199 1759 1377 1810 ἐνδέχεται
1403 1764 1492 1797 αὐτό
1509 1777 1543 1798 τι

546 1810 577 1841 ἐν
604 1810 715 1850 ἑαυτῷ
741 1806 846 1848 εἶναι,

479 1854 617 1899 πρώτως
638 1850 669 1888 δ’
701 1854 760 1885 οὐκ
786 1849 984 1897 ἐνδέχεται,
1018 1852 1086 1884 οἷον
1113 1851 1154 1884 τὸ
1183 1852 1301 1883 λευκὸν
1328 1851 1360 1884 ἐν
1392 1852 1438 1884 σώ
1468 1865 1539 1885 ατι.

542 1900 583 1930 ‘11
604 1897 784 1943 ἐπιφάνεια
803 1897 867 1943 γὰρ
887 1897 919 1928 ὲν
937 1895 1085 1939 σώματι,
1105 1897 1125 1932 ἡ
1143 1890 1172 1927 δ’
1195 1895 1367 1940 ἐπιστήμη
1387 1865 1540 1942 ἑν-ἷυχῇ.

546 1943 649 1975 Κατοί
674 1943 792 1974 ταῦτα
817 1938 845 1974 δ’
876 1943 910 1972 αἱ
936 1943 1156 1986 προσηγορίαι
1187 1939 1269 1984 μέρη
1304 1941 1408 1983 ὄντα,
1437 1941 1478 1979 ὥς
1503 1954 1540 1987 γε

546 1988 578 2019 ἐν
606 1985 779 2029 ἀνθρώπῳ·
807 1987 823 2017 ὁ
848 1980 876 2016 δ’
907 1984 1070 2029 ἀμφορεύς
1095 1986 1154 2016 καὶ
1180 1986 1196 2016 ὁ
1222 1981 1328 2026 οἶνος,
1359 1988 1457 2031 χωρὶς
1483 1987 1542 2028 μὲν

547 2032 645 2071 ὄντα,
666 2031 703 2063 οὐ
728 2030 824 2074 μέρη,
846 2028 917 2073 ἅμα
941 2024 991 2060 δέ·
1010 2024 1063 2062 διὸ
1081 2028 1165 2062 ὅταν
1185 2027 1206 2071 ᾗ
1223 2029 1319 2073 μέρη,
1336 2029 1434 2063 ἔσται
1454 2031 1542 2063 αὐτὸ

546 2077 578 2108 ἐν
606 2075 737 2116 ἑαυτῷ,
766 2076 832 2106 οἷον
859 2074 899 2106 τό
932 2073 1050 2105 λευκὸν
1077 2072 1109 2105 ἒν
1136 2073 1314 2117 ἀνθρώπῳ,
1349 2073 1403 2107 ὅτι
1435 2075 1467 2106 ἐν
1493 2076 1542 2117 τῷ

545 2120 692 2164 σώματι·
711 2120 769 2150 καὶ
791 2117 823 2150 ἐν
841 2117 968 2158 τούτῳ,
988 2117 1040 2150 ὅτι
1058 2118 1091 2151 έν
1109 2118 1302 2162 ἐπιφανείᾳ·
1321 2119 1354 2151 ἑν
1372 2115 1409 2151 δέ
1427 2119 1542 2163 ταύτῃ

547 2164 662 2197 οὐκέτι
685 2163 764 2195 κατ’
787 2162 883 2195 ἄλλο·
909 2164 967 2193 καὶ
993 2161 1094 2207 ἕτεροί
1109 2175 1147 2208 γε
1168 2163 1215 2203 τῷ
1237 2159 1316 2194 εἴδει
1334 2164 1465 2204 ταῦτα,
1483 2166 1542 2196 καὶ

549 2209 652 2245 ἄλλην
679 2206 772 2251 φύσιν
799 2207 867 2251 ἔχει
893 2206 1054 2251 ἑκάτερον
1078 2209 1135 2239 καὶ
1153 2201 1309 2251 δύναμιν,
1332 2207 1355 2244 η’
1372 2209 1400 2240 τ’
1424 2208 1544 2253 ἐπιφοί-

547 2265 619 2284 νεια,
643 2253 702 2283 καὶ
726 2251 768 2283 τὸ
791 2250 922 2282 λευκόν.

479 2296 567 2329 Οὔτε
592 2293 635 2333 δή
661 2296 851 2332 ἑπακτικῶς
885 2295 1067 2326 σκοποῦσιν
1093 2290 1188 2327 οὐδέν
1225 2295 1347 2339 ὁρῶμεν
1374 2296 1407 2327 ὲν
1433 2297 1542 2338 ἐαυτῷ

545 2342 623 2374 κατ’
655 2336 775 2373 οὐδένα
801 2341 866 2372 τῶν
892 2335 1087 2382 διορισμῶν,

480 2387 528 2426 τῷ
554 2399 592 2418 τε
615 2385 704 2431 λόγῳ
729 2384 831 2420 δῆλον
859 2382 912 2416 ὅτι
938 2379 1122 2416 ἀδύνατον·
1142 2378 1255 2419 δεήσει
1279 2382 1343 2427 γάρ
1366 2383 1543 2428 ἀμφότερα

548 2429 707 2474 ἑκάτερον
734 2427 909 2473 ὑπάρχειν,
930 2428 996 2459 οἷον
1019 2427 1078 2459 τόν
1101 2427 1253 2480 σἰμιρορέα
1273 2428 1409 2473 ἀγγεῖόν
1429 2440 1466 2460 τε
1483 2431 1541 2461 καὶ

547 2471 633 2506 οἶνον
659 2470 764 2513 εἶναι,
790 2475 847 2505 καὶ
881 2472 940 2504 τόν
974 2469 1060 2503 οἶνον
1092 2473 1179 2503 οίνον
1209 2485 1247 2504 τε
1276 2475 1333 2505 καὶ
1368 2473 1540 2516 ἀμφορέα,

547 2520 637 2562 εἴπερ
663 2516 841 2562 ἐνδέχεται
868 2514 956 2548 αὐτό
981 2528 1014 2549 τι
1033 2514 1064 2547 έν
1085 2517 1194 2557 ἑαυτῷ
1214 2513 1312 2550 εἶναι·
1335 2516 1422 2549 ὥστε
1444 2517 1471 2548 εἰ
1490 2517 1542 2550 ὅτι

547 2562 700 2607 μάλιστα
726 2562 758 2594 ἐν
786 2559 945 2597 ἀλλήλοις
971 2557 1054 2600 εἶεν,
1083 2561 1098 2592 ὁ
1124 2559 1184 2603 μέν
1211 2559 1374 2605 ἀμφορεύς
1403 2556 1542 2602 δέξεται

547 2607 606 2639 τὸν
634 2603 719 2637 οἶνον
745 2606 808 2650 οὐχ
836 2604 856 2647 ᾗ
883 2602 987 2642 αὐτὸς
1014 2602 1119 2642 οἶνος,
1148 2602 1221 2637 ἀλλ’
1250 2607 1270 2648 ῇ
1297 2606 1442 2645 ἐκεῖνος,
1471 2606 1487 2636 ὀ
1511 2601 1540 2636 δ’

549 2648 632 2688 οἶνος
666 2649 801 2682 ἐνέσται
834 2650 867 2681 ἐν
893 2650 941 2690 τῷ
973 2650 1132 2693 ἀμφορεΐ,
1164 2646 1227 2693 οὐχ
1253 2650 1276 2692 ᾗ
1302 2649 1406 2686 αὐτὸς
1439 2649 1544 2692 ἀμφο-

547 2694 636 2739 ρεός,
672 2693 743 2726 ἀλλ’
775 2693 795 2736 ᾖ
822 2692 956 2730 ἐκεῖνος.
995 2693 1099 2725 Κατὰ
1128 2692 1187 2745 μὲν
1219 2692 1276 2725 οὖν
1303 2693 1343 2726 τὸ
1375 2690 1460 2724 εἶναι
1491 2691 1544 2725 ὅτι

548 2739 674 2781 ἕτερον,
694 2735 810 2775 δῆλον·
840 2737 939 2774 ἄλλος
964 2737 1028 2783 γὰρ
1056 2738 1072 2768 ὀ
1096 2738 1196 2781 λογος
1223 2737 1285 2770 τοῦ
1310 2739 1343 2770 ὲν
1362 2736 1387 2777 ᾦ
1404 2739 1461 2768 καὶ
1483 2738 1545 2770 τοῦ

550 2784 581 2814 ἐν
608 2782 732 2824 τούτῳ.

475 2865 585 2899 Ἀλλοὶ
608 2865 673 2908 μήν
699 2860 778 2896 οὐδὲ
802 2863 898 2895 κατὰ
923 2862 1133 2906 συμβεβηκὸς
1164 2857 1355 2907 ἐνδέχεται·
1385 2862 1456 2907 ἅμα
1481 2863 1545 2909 γάρ

549 2905 609 2941 δύο
635 2910 667 2941 ἑν
694 2909 813 2948 ταύτῷ
840 2907 951 2939 ἔσται·
977 2905 1082 2943 αὐτός
1104 2918 1141 2937 τε
1158 2906 1223 2959 γοὶρ
1242 2907 1274 2939 έν
1294 2908 1386 2948 αὐτῷ
1406 2909 1421 2939 ὁ
1442 2908 1547 2952 ἀμφο-

549 2954 620 2997 ρεύς
647 2953 760 2993 ἔσται,
788 2952 815 2982 εἰ
842 2951 878 2983 οὗ
905 2952 925 2987 ἡ
951 2950 1044 2994 φόσις
1070 2946 1226 2991 δεκτικη,
1250 2952 1345 2983 τοῦτ’
1368 2948 1547 2995 ἐνδέχεται

551 2998 584 3030 ἐν
611 2998 721 3037 ἑαυτῷ
748 2993 846 3036 εἶναι,
871 2997 929 3027 καὶ
956 2995 1007 3027 ἔτι
1033 2993 1137 3026 ἐκεῖνο
1163 2995 1201 3026 οὗ
1225 2990 1392 3037 δεκτικόν,
1419 2997 1499 3036 οἷον,
1518 2997 1546 3027 εἰ

553 3044 652 3082 οἴνου,
681 3042 697 3071 ὁ
724 3037 819 3077 οἶνος.
846 3039 923 3072 “Ort
948 3039 1007 3083 μέν
1035 3037 1091 3071 οὖν
1119 3033 1289 3071 ἀδύνατον
1316 3040 1348 3072 ἐν
1375 3041 1485 3082 ἑαυτῷ
1512 3052 1546 3072 τι

551 3083 636 3117 εἶναι
662 3084 814 3129 πρώτως,
841 3079 958 3120 δῆλον.

474 3132 516 3162 ”O
546 3127 582 3162 δὲ
607 3127 719 3166 Ζήνων
752 3127 890 3172 ἠπόρει,
923 3126 976 3159 ὅτι
1002 3127 1029 3158 εἱ
1055 3126 1127 3158 ἔστί
1158 3138 1191 3160 τι
1218 3128 1233 3159 ὁ
1260 3126 1385 3169 τόπος,
1418 3125 1449 3159 ἐν
1480 3130 1546 3160 τίνι

551 3174 663 3214 ἔσται,
681 3172 772 3205 λύειν
798 3173 836 3204 οὐ
860 3173 1027 3217 χαλεπον·
1055 3166 1151 3203 οὐδὲν
1176 3171 1241 3215 γάρ
1262 3171 1383 3203 κωλύει
1402 3172 1433 3204 ὲν
1457 3172 1545 3212 ἄλλῳ

551 3218 609 3263 μὲν
636 3216 720 3250 εἶναι
746 3217 804 3250 τὸν
831 3217 962 3261 πρῶτον
989 3214 1109 3256 τόπον,
1137 3215 1183 3258 μή
1209 3214 1325 3258 μέντοι
1342 3217 1383 3254 ὠς
1402 3217 1434 3248 ἑν
1452 3215 1546 3257 τόπῳ

552 3264 676 3304 ἐκείνῳ,
706 3260 776 3294 ἀλλ’
799 3259 908 3303 ὥσπερ
935 3260 955 3297 ἦ
981 3259 1040 3303 μέν
1067 3261 1176 3305 ὑγίεια
1203 3260 1234 3291 ἑν
1261 3264 1331 3298 τοῖς
1356 3259 1484 3304 θερμοῖς
1505 3261 1545 3298 ὠς

552 3306 636 3348 ἕξις,
663 3307 704 3338 το
729 3306 767 3337 δὲ
791 3303 908 3348 θερμόν
937 3305 968 3336 ἐν
995 3304 1042 3344 τῷ
1069 3302 1203 3347 σώματι
1228 3304 1269 3341 ὥς
1300 3303 1418 3342 πάθος.
1448 3302 1542 3337 ’Ὦστ’

552 3350 611 3383 οὐκ
639 3350 769 3396 ἀνάγκη
796 3350 839 3386 εἰς
867 3349 1002 3392 ἄπειρον
1028 3347 1126 3380 ἱέναι.

478 3394 608 3426 Ἐκεῖνο
633 3390 670 3427 δὲ
695 3393 853 3449 φανερόν,
882 3393 935 3426 ὅτι
962 3393 1034 3425 ἐπεὶ
1065 3388 1161 3424 οὐδὲν
1188 3391 1229 3424 τὸ
1257 3390 1392 3438 ἀγγεῖον
1424 3393 1487 3424 τοῦ
1514 3392 1545 3423 ἐν

554 3440 646 3479 αὐτῷ
675 3439 806 3482 (ἓτερον
831 3437 895 3483 γάρ
922 3438 963 3470 τὸ
988 3435 1139 3481 πρώτως,
1160 3434 1176 3468 ὅ
1198 3448 1235 3469 τε
1255 3438 1314 3468 καὶ
1338 3434 1371 3468 έν
1398 3435 1459 3479 ᾧ),
1489 3435 1547 3467 οὐκ

556 3482 594 3513 ἂν
620 3483 669 3518 εἴη
696 3482 773 3513 οὔτε
800 3483 820 3518 ’ἦ
848 3481 908 3519 ὕλη
936 3481 1015 3514 οὔτε
1041 3482 1082 3513 τὸ
1100 3477 1187 3518 εἶδος
1207 3482 1222 3512 ὂ
1244 3479 1362 3520 τόπος,
1383 3478 1454 3512 ἀλλ’
1475 3479 1547 3512 ’ἑτε-

555 3537 620 3569 ρον.
642 3526 789 3557 Ἐκείνου
814 3525 878 3571 γάρ
905 3537 937 3558 τι
963 3526 1081 3558 ταῦτα,
1108 3526 1170 3558 τοῦ
1197 3524 1343 3566 ἐνόντος,
1369 3526 1426 3556 καὶ
1446 3525 1465 3560 ἡ
1486 3523 1545 3562 ὕλη

554 3571 610 3600 καὶ
637 3570 656 3604 ἡ
683 3569 802 3612 μορφή.
830 3571 951 3602 Ταῦτα
977 3569 1035 3614 μὲν
1063 3568 1118 3602 οὖν
1145 3570 1232 3603 ἔστω
1257 3564 1499 3613 διηπορημένα.

1597 752 1614 771 '¹‘
1636 753 1713 783 Post
1735 753 1811 784 haec
1833 759 1941 784 autem
1973 754 2192 794 accipiendum
2215 762 2261 786 est
2284 763 2363 796 quot
2385 755 2490 786 modis
2518 755 2605 787 aliud
2626 755 2660 787 in

1666 796 1728 827 alio
1748 797 1870 828 dicitur.
1885 795 1900 812 *
1916 798 1989 829 Uno
2005 798 2135 839 quidem
2157 799 2252 839 igitur
2266 800 2378 839 modo,
2393 800 2473 831 sicut
2490 800 2607 840 digitus
2626 800 2660 831 iu

1664 850 1779 880 manu,
1803 848 1834 872 et
1865 841 1998 872 omnino
2029 852 2100 882 pars
2122 842 2155 873 in
2179 849 2247 874 toto
2271 850 2331 882 est;
2359 843 2422 874 alio
2451 853 2548 883 vero,
2580 844 2662 876 sicut

1665 890 1770 915 totum
1789 885 1822 915 in
1845 885 2000 925 partibus:
2017 896 2082 916 non
2099 887 2184 918 enirn
2203 894 2324 927 praeter
2341 894 2444 928 partes
2468 895 2514 919 est
2536 895 2660 927 toturn;

1665 927 1727 958 alio
1751 929 1862 968 modo,
1885 929 1967 960 sicut
1988 929 2088 960 homo
2111 930 2144 960 in
2167 931 2306 969 animali,
2330 938 2361 962 et
2383 931 2516 962 omnino
2542 932 2661 973 species

1665 971 1697 1002 in
1721 980 1850 1012 genere;
1874 973 1937 1003 alio
1954 982 2044 1012 vero,
2068 974 2148 1005 sicut
2170 984 2269 1014 genus
2292 975 2324 1005 in
2343 975 2457 1016 specie,
2480 982 2511 1006 et
2527 976 2660 1007 omnino

1665 1025 1737 1056 pars
1760 1016 1875 1057 speciei
1897 1016 1929 1047 in
1954 1017 2067 1058 speciei
2091 1018 2226 1057 ratione;
2250 1018 2364 1058 adhuc,
2388 1019 2468 1050 sicut
2491 1020 2605 1051 sanitas
2628 1020 2662 1050 in

1665 1059 1772 1091 calidis
1796 1067 1826 1091 et
1848 1060 1978 1101 frigidis,
1999 1068 2029 1092 et
2044 1061 2178 1092 omnino
2194 1062 2312 1102 species
2328 1063 2361 1093 in
2380 1062 2528 1103 materia;
2547 1064 2661 1103 adhuc,

1666 1103 1747 1134 sicut
1764 1104 1798 1134 in
1820 1114 1893 1145 rege
1909 1115 1991 1146 quae
2010 1113 2084 1136 sunt
2107 1105 2313 1145 Graecorum,
2331 1113 2361 1137 et
2376 1106 2510 1138 omnino
2533 1114 2661 1139 motum

1665 1147 1699 1178 in
1722 1148 1826 1188 primo
1849 1149 1988 1187 motivo;
2012 1149 2160 1189 amplius,
2177 1149 2257 1180 sicut
2272 1149 2305 1180 in
2329 1149 2464 1191 optimc,
2482 1158 2513 1182 et
2529 1151 2662 1183 omnino

1665 1191 1698 1221 in
1721 1191 1803 1222 fine:
1819 1192 1882 1223 hoc
1904 1199 2012 1223 autem
2031 1199 2077 1223 est
2092 1193 2182 1224 cuius
2199 1203 2292 1224 causa
2314 1193 2358 1224 fit.
2384 1194 2541 1225 Omnium
2556 1202 2664 1226 autem

1665 1235 1802 1266 maxime
1818 1236 1984 1276 proprium
2007 1243 2054 1267 est
2077 1237 2158 1268 sicut
2175 1236 2207 1267 in
2223 1247 2307 1276 vase,
2329 1245 2359 1269 et
2377 1238 2511 1269 omnino
2526 1238 2560 1270 in
2577 1239 2662 1270 loco.

1599 1321 1613 1337 *
1624 1323 1787 1353 Dubitabit
1809 1330 1915 1353 autem
1931 1323 2044 1364 aliquis
2061 1331 2169 1357 utrum
2184 1334 2287 1356 unum
2306 1332 2337 1357 et
2354 1326 2439 1357 idem
2454 1326 2574 1370 aliquid
2597 1337 2664 1360 esse

1666 1366 1699 1396 in
1715 1376 1747 1396 se
1763 1366 1833 1406 ipso
1850 1367 2013 1408 contingit,
2030 1374 2085 1399 aut
2100 1368 2196 1408 nihil3
2221 1369 2276 1399 sed
2294 1370 2402 1401 omnia
2422 1377 2663 1414 autnusquam,

1667 1417 1721 1440 aut
1743 1409 1776 1440 in
1800 1410 1862 1441 alio
1886 1421 1963 1442 esse.

1600 1453 1774 1494 Dupliciter
1796 1461 1903 1485 autem
1926 1455 1988 1486 hoc
2012 1462 2068 1495 est,
2093 1463 2147 1487 aut
2163 1457 2338 1488 secundum
2362 1467 2395 1488 se
2417 1465 2472 1489 aut
2488 1459 2664 1491 secundum

1667 1498 1810 1529 alterum.
1829 1498 1915 1530 Cum
1933 1499 2019 1530 enim
2035 1499 2097 1531 sint
2111 1507 2214 1541 partes
2235 1501 2333 1532 totius
2348 1508 2379 1532 et
2393 1502 2426 1532 id
2440 1502 2474 1532 in
2492 1512 2571 1546 quo,
2586 1509 2617 1534 et
2631 1499 2664 1534 id

1666 1542 1756 1582 quod
1775 1542 1809 1573 in
1832 1543 1905 1582 hoc,
1919 1543 2038 1574 dicetur
2059 1550 2165 1576 totum
2181 1544 2214 1575 in
2228 1545 2332 1586 seipso
2350 1555 2425 1578 esse.
2441 1546 2564 1578 Dicitur
2578 1547 2664 1578 enim

1667 1593 1698 1617 et
1721 1587 1896 1618 secundum
1928 1594 2052 1628 partes,
2075 1595 2111 1620 ut
2133 1589 2242 1620 album
2274 1589 2348 1632 quia
2371 1590 2551 1631 superficies
2573 1591 2664 1634 alba,

1667 1637 1698 1661 et
1721 1630 1820 1662 sciens
1843 1631 1919 1672 quia
1941 1632 2204 1665 ratiocinativum.
2228 1634 2394 1675 Amphora
2417 1634 2548 1676 quidem
2568 1635 2664 1676 igitur

1666 1684 1733 1705 non
1756 1675 1813 1706 erit
1835 1675 1868 1705 in
1887 1674 2000 1716 seipsa,
2024 1686 2128 1720 neque
2147 1676 2275 1717 vinum;
2290 1677 2356 1708 vini
2379 1685 2486 1710 autem
2509 1679 2664 1720 amphora

1667 1718 1732 1750 erit.
1751 1719 1849 1757 Quod
1867 1729 2007 1762 namque
2023 1727 2079 1760 est,
2103 1727 2134 1752 et
2156 1721 2188 1751 in
2212 1731 2278 1764 quo
2295 1729 2351 1758 est,
2371 1729 2504 1765 utraque
2521 1723 2664 1754 eiusdem

1665 1770 1768 1803 partes
1791 1770 1874 1794 sunt.
1890 1761 1967 1794 *Sic
1989 1764 2120 1805 quidem
2142 1764 2238 1805 igitur
2260 1766 2414 1806 contingit
2434 1766 2521 1798 idem
2544 1767 2664 1809 aliquid

1665 1817 1733 1838 esse
1755 1808 1787 1837 in
1811 1807 1926 1848 seipso.
2014 1843 2017 1846 y

1599 1851 1742 1882 Primum
1766 1859 1872 1882 autern
1904 1861 1970 1882 non
1995 1852 2167 1892 contingit,
2193 1860 2228 1884 ut
2250 1853 2359 1884 album
2381 1854 2414 1885 in
2436 1863 2583 1895 corpore:
2608 1865 2663 1887 su-

1664 1895 1804 1936 perficies
1833 1896 1918 1926 enim
1948 1895 1982 1926 in
2012 1905 2160 1936 corpore,
2193 1897 2320 1928 scientia
2348 1905 2455 1929 autem
2483 1899 2518 1930 in
2547 1899 2662 1932 anima.

1665 1940 1848 1971 Secundum
1870 1939 1932 1970 hoc
1963 1946 2070 1971 autem
2101 1947 2176 1971 sunt
2206 1942 2452 1983 appellationes,
2486 1953 2560 1974 cum
2584 1943 2665 1976 sicut

1664 1991 1767 2024 partes
1791 1983 1853 2014 sint
1875 1983 1907 2014 in
1930 1983 2071 2015 homine.
2096 1984 2261 2024 Amphora
2280 1993 2386 2016 autem
2402 1993 2433 2018 et
2450 1987 2574 2026 vinum,
2589 1997 2664 2019 cum

1664 2038 1809 2059 seorsum
1832 2027 1910 2066 sint,
1934 2038 2001 2059 non
2023 2035 2127 2068 partes
2154 2035 2244 2067 sunt;
2268 2029 2363 2061 simul
2391 2037 2507 2062 autem.
2531 2031 2664 2072 Propter

1665 2073 1764 2113 quod,
1782 2082 1855 2102 cum
1879 2072 1940 2102 sint
1958 2079 2072 2112 partes,
2090 2073 2146 2103 erit
2160 2073 2245 2103 idern
2260 2073 2293 2104 in
2317 2074 2432 2114 seipso,
2449 2082 2484 2106 ut
2499 2076 2608 2106 album
2628 2075 2663 2106 in

1663 2116 1793 2147 homine
1809 2116 1963 2156 quoniam
1985 2116 2018 2147 in
2037 2124 2184 2156 corpore;
2201 2123 2232 2147 et
2254 2117 2286 2148 in
2302 2117 2364 2148 hoc
2387 2118 2541 2161 quoniam
2562 2119 2596 2151 in
2611 2129 2663 2150 su-

1664 2159 1798 2200 perficie.
1817 2161 1852 2190 In
1875 2160 1936 2190 hoc
1951 2166 2056 2191 autem
2077 2170 2143 2190 non
2158 2161 2295 2201 amplius
2311 2163 2487 2192 secundum
2505 2163 2591 2195 aliud
2606 2169 2664 2195 est.

1664 2204 1705 2234 Et
1728 2204 1823 2234 altera
1846 2204 1948 2244 specie
1977 2204 2054 2234 haec
2077 2211 2168 2243 sunt,
2193 2211 2223 2235 et
2246 2205 2374 2236 alteram
2397 2213 2543 2237 naturam
2570 2206 2665 2240 habet

1664 2249 1922 2290 unumquodque
1946 2255 1976 2278 et
1998 2248 2184 2288 potentiam,
2210 2248 2452 2290 superficiesque
2475 2257 2506 2281 et
2529 2250 2647 2282 album.

1597 2290 1612 2307 *
1624 2293 1736 2333 Neque
1752 2292 1847 2332 igitur
1867 2292 2026 2323 inductive
2050 2293 2332 2332 considerantibus,
2348 2293 2427 2324 nihil
2445 2294 2478 2324 in
2494 2294 2598 2336 seipso
2621 2295 2664 2326 vi-

1665 2337 1777 2367 demus
1801 2337 1978 2368 secundum
2005 2336 2144 2377 aliquem
2167 2337 2447 2368 determinatorum
2473 2339 2663 2379 modorum3

1597 2387 1628 2411 et
1649 2381 1770 2411 ratione
1801 2377 2005 2412 manifestum
2035 2387 2082 2411 est
2112 2381 2188 2421 quia
2216 2381 2412 2421 impossibile
2441 2388 2496 2413 est.
2528 2382 2665 2424 Oportet

1659 2424 1745 2455 enim
1768 2431 1901 2465 utraque
1924 2431 2096 2466 utrumque
2112 2434 2198 2463 esse,
2223 2431 2259 2455 ut
2281 2425 2469 2466 amphoram
2489 2436 2543 2457 vas
2566 2434 2598 2458 et
2618 2426 2664 2459 vi-

1665 2479 1745 2500 num
1767 2479 1844 2507 esse,
1863 2468 1974 2499 vinum
1998 2475 2104 2498 autem
2125 2468 2238 2499 viuum
2261 2475 2292 2499 et
2313 2469 2522 2510 amphoram,
2545 2470 2572 2501 si
2591 2481 2664 2503 vere

1665 2513 1770 2554 primo
1794 2512 1946 2552 contingit
1968 2512 2133 2552 quidpiam
2147 2512 2181 2542 in
2197 2513 2301 2553 seipso
2325 2523 2401 2544 esse.
2426 2514 2533 2551 Quare
2555 2514 2582 2545 si
2596 2514 2664 2556 qui-

1666 2558 1740 2588 dem
1762 2557 1898 2586 maxime
1913 2556 1946 2586 in
1965 2556 2119 2587 alterutris
2134 2563 2247 2595 essent,
2264 2557 2417 2597 amphora
2436 2558 2567 2600 quidem
2585 2559 2664 2590 acci-

1665 2608 1753 2642 peret
1774 2601 1885 2631 vinum
1908 2610 1975 2630 non
1998 2600 2174 2631 secundum
2197 2601 2287 2641 quod
2304 2601 2441 2640 vinum„
2455 2602 2510 2632 sed
2531 2602 2664 2646 inquan-

1667 2653 1737 2676 tum
1760 2645 1827 2676 illa:
1853 2651 1883 2675 et
1907 2644 2019 2675 vinum
2041 2644 2132 2675 inerit
2153 2645 2186 2675 in
2210 2645 2364 2685 amphora
2387 2656 2452 2676 non
2473 2645 2663 2687 inquantum

1667 2689 1821 2730 amphora
1844 2688 1922 2728 ipsa,
1948 2689 2001 2718 sed
2025 2689 2201 2720 secundum
2217 2689 2306 2730 quod
2329 2689 2408 2720 illud
2424 2690 2587 2731 amphora.
2611 2691 2664 2722 Se·

2686 765 2695 774 ⁹
2710 763 2768 791 Cap.
2787 769 2821 786 m,
2841 763 2900 793 Seq.
2931 795 2933 799 Α

2686 793 2742 811 text.
2757 795 2790 811 22.

2690 818 2697 826 ·
2710 816 2778 838 Text.
2793 821 2826 844 ²3·

2689 1337 2700 1350 ⁶
2714 1337 2781 1360 Text.
2795 1342 2831 1366 aq.

2690 1770 2700 1780 ·
2713 1769 2781 1792 Text.
2795 1774 2829 1799 ²5·

2688 2301 2701 2312 ⁴
2714 2299 2782 2323 Text.
2795 2299 2831 2323 26.

1668 2733 1809 2764 cundum
1841 2742 1907 2762 esse
1930 2733 2061 2773 quidem
2083 2733 2177 2773 igitur
2209 2733 2296 2774 quod
2327 2734 2461 2765 alterum
2484 2733 2538 2773 sit,
2564 2735 2664 2767 maui-
2710 2738 2714 2740 “

1669 2778 1785 2808 festum
1809 2784 1869 2807 est:
1895 2777 1954 2807 alia
1980 2787 2118 2818 namque
2141 2784 2188 2807 est
2210 2778 2289 2808 ratio
2321 2777 2387 2809 eius
2411 2778 2501 2821 quod
2523 2778 2556 2809 in
2579 2788 2662 2820 quo,

1669 2828 1700 2852 et
1722 2821 1782 2852 alia
1804 2821 1887 2851 illius
1911 2822 1999 2862 quod
2022 2822 2055 2851 in
2077 2821 2139 2852 hoc
2158 2828 2213 2852 est.

1602 2865 1670 2897 *At
1691 2875 1767 2896 vero
1791 2875 1894 2906 neque
1910 2866 2086 2896 secundum
2104 2865 2246 2896 accidens
2265 2865 2434 2906 contingit:
2459 2866 2555 2897 simul
2577 2867 2663 2898 enim
2686 2876 2698 2894 v·

1670 2911 1735 2941 duo
1766 2919 1899 2949 corpora
1922 2910 1954 2940 in
1982 2910 2095 2940 eodem
2123 2916 2224 2940 erunt.
2247 2910 2331 2940 Nam
2353 2909 2420 2950 ipsa
2450 2909 2604 2950 amphora
2629 2910 2663 2942 in

1670 2954 1771 2994 seipsa
1795 2953 1861 2991 erit,
1886 2953 1910 2983 si
1935 2953 2024 2984 cuius
2040 2960 2150 2984 natura
2169 2953 2323 2994 receptiva
2346 2960 2402 2992 est,
2424 2953 2486 2984 hoc
2510 2954 2664 2995 contingit

1669 2998 1702 3028 in
1726 2997 1829 3038 seipso
1846 3004 1932 3036 esse3
1949 3004 1979 3028 et
1997 2997 2100 3027 adhuc
2118 2997 2196 3027 illud
2221 2997 2310 3028 cuius
2332 2997 2527 3037 receptivum
2550 3004 2607 3036 est,
2626 3005 2663 3030 ut

1670 3042 1695 3072 si
1718 3041 1794 3079 vini,
1813 3041 1934 3072 vinum.
1955 3042 2054 3078 Quod
2076 3041 2206 3082 quidem
2225 3041 2320 3081 igitur
2334 3041 2529 3082 impossibile
2545 3041 2584 3072 sit
2606 3041 2662 3073 ali-

1670 3085 1747 3126 quid
1771 3085 1803 3115 in
1827 3085 1931 3125 seipso
1955 3094 2020 3115 esse
2044 3084 2159 3125 primo,
2183 3085 2388 3116 manifestum
2411 3091 2466 3116 est.

1602 3128 1726 3167 *Quod
1749 3136 1856 3160 autem
1879 3129 1966 3159 Zeno
1990 3129 2152 3169 opposuit,
2167 3129 2243 3169 quia
2265 3129 2291 3160 si
2312 3129 2403 3160 locus
2422 3135 2468 3160 est
2483 3129 2614 3170 aliquid,
2629 3129 2663 3161 in

1669 3173 1776 3214 aliquo
1801 3173 1867 3212 erit,
1892 3172 2010 3203 solvere
2034 3183 2099 3202 non
2117 3180 2163 3203 est
2178 3172 2311 3204 difficile.
2335 3173 2422 3203 Nihil
2445 3172 2530 3204 enim
2555 3173 2663 3214 prohi-

1669 3218 1722 3248 bet
1740 3217 1771 3247 in
1787 3217 1848 3247 alio
1873 3227 1938 3247 esse
1954 3217 2095 3256 primurn
2110 3216 2230 3254 locum,
2245 3227 2311 3247 non
2326 3223 2431 3247 tamen
2455 3217 2487 3247 in
2504 3217 2559 3248 illo
2583 3217 2663 3249 sicut

1670 3261 1702 3292 in
1726 3261 1810 3300 loco,
1834 3261 1889 3291 sed
1908 3260 1988 3291 sicut
2007 3260 2120 3291 sanitas
2139 3260 2270 3301 quidem
2293 3261 2325 3291 in
2349 3260 2456 3292 calidis
2475 3268 2510 3292 ut
2525 3261 2661 3301 habitus,

1669 3305 1754 3336 calor
1784 3312 1890 3336 autem
1913 3305 1945 3335 in
1969 3314 2101 3345 corpore
2131 3304 2211 3336 sicut
2242 3305 2346 3345 passio
2370 3311 2424 3336 est.
2457 3305 2563 3343 Quare
2595 3315 2661 3336 non

1670 3359 1796 3380 necesse
1819 3356 1865 3380 est
1887 3349 1919 3379 in
1943 3348 2103 3380 infinitum
2126 3349 2218 3380 abire.

1603 3392 1618 3409 ¹⁸
1635 3393 1715 3424 Illud
1739 3400 1845 3424 autem
1861 3393 2076 3432 manifestum,
2092 3393 2244 3434 quoniam
2262 3393 2340 3423 nihil
2356 3399 2403 3424 est
2416 3402 2471 3424 vas
2490 3393 2558 3425 eius
2573 3392 2662 3434 quod

1670 3444 1716 3469 est
1738 3438 1770 3468 in
1790 3437 1909 3478 seipso:
1934 3437 2067 3468 alterurn
2090 3436 2174 3468 enim
2199 3444 2244 3468 est
2266 3436 2370 3477 primo
2399 3443 2429 3468 et
2451 3437 2540 3478 quod
2562 3443 2608 3468 est
2630 3442 2662 3468 et

1670 3482 1701 3512 in
1726 3491 1791 3523 quo
1816 3488 1870 3512 est.
1895 3482 2027 3521 Propter
2049 3481 2138 3523 quod
2165 3491 2231 3511 non
2254 3481 2311 3511 erit
2343 3480 2453 3522 utique
2476 3490 2579 3521 neque
2597 3490 2661 3510 ma-

1670 3525 1746 3557 teria
1769 3535 1871 3566 neque
1895 3525 1997 3556 forma
2019 3525 2128 3563 locus,
2153 3525 2206 3556 sed
2226 3525 2369 3556 alterum.
2395 3524 2480 3555 Illius
2496 3524 2580 3555 enim
2602 3523 2659 3554 ali-

1671 3569 1748 3611 quid
1772 3570 1847 3600 haec
1875 3576 1968 3607 sunt,
1993 3575 2023 3600 et
2045 3568 2173 3600 materia
2203 3576 2234 3599 et
2264 3569 2375 3599 forma.
2391 3566 2407 3583 ¹⁸
2422 3568 2508 3599 Haec
2531 3567 2660 3608 quidem

1670 3613 1764 3654 igitur
1786 3620 1859 3644 sunt
1882 3612 2038 3653 opposita.

2713 2874 2781 2898 Text.
2794 2880 2828 2904 ²7·

2689 3134 2698 3144 ¹
2712 3132 2780 3156 Text.
2794 3133 2830 3157 28.

2687 3397 2698 3408 ⁸
2711 3395 2778 3419 Text.
2793 3402 2829 3425 ²9·

2686 3576 2696 3586 ·
2711 3575 2779 3599 Text.
2793 3582 2828 3605 ³⁰·
