2898 3996
222 666 232 675 ⁶
246 665 310 687 Lect.
320 670 349 691 rx,
360 670 383 685 n.
394 669 416 691 9.

220 1077 230 1086 ·
240 1077 321 1103 potest
332 1075 385 1096 mh.

222 1499 231 1507 ”
244 1496 314 1518 Num.
323 1502 345 1519 2.

218 1816 228 1824 ·
242 1813 312 1836 Num.
321 1820 343 1837 2.

218 1974 227 1981 '
242 1973 295 1993 sunt
308 1971 359 1993 pub.

220 2029 228 2037 ·
238 2027 427 2052 S.Th.1ect.vm;

222 2053 320 2075 Did.lib.
331 2053 427 2080 1X,cap.

219 2086 250 2106 vr,
259 2085 281 2101 n.
293 2086 300 2101 1
315 2085 366 2107 sqq.

219 2181 228 2189 ¹
245 2181 269 2200 et
290 2185 337 2201 om.
358 2185 428 2202 rnen

219 2209 242 2227 et
256 2206 276 2227 b.

456 275 532 311 422

515 342 547 379 5.
569 339 784 378 Secundam
803 338 1055 376 obiectionem
1072 337 1232 374 excludit
1246 337 1312 374 ibi:
1331 337 1467 386 Neque
1479 337 1514 373 si

459 406 533 431 non
562 404 707 430 necesse
725 399 793 428 etc.
824 393 957 428 Posset
977 390 1078 427 enim
1097 390 1229 438 aliquis
1251 389 1386 437 dicere,
1406 389 1511 438 quod

459 458 612 483 necesse
635 452 689 481 est
706 444 796 481 illud
815 443 920 492 quod
938 455 1016 480 non
1044 454 1194 491 semper
1213 450 1391 479 movetur
1408 442 1511 490 prius

459 498 662 547 quiescere,
688 496 775 545 quia
802 503 929 533 motus
953 495 1157 544 opponitur
1182 494 1313 543 quieti;
1343 494 1410 531 sed
1437 494 1512 530 hoc

458 562 537 587 non
570 550 684 586 habet
718 550 846 585 locum
880 548 918 585 in
953 547 1224 584 mutationibus
1260 545 1511 594 generationis

460 609 495 638 et
524 601 784 650 corruptionis,
806 601 941 649 quibus
961 613 1039 637 non
1063 599 1267 648 opponitur
1290 599 1397 647 quies
1425 611 1511 647 pro-

456 654 537 703 prie
564 653 776 702 loquendo,
804 661 847 690 ut
874 653 913 690 in
941 652 1071 701 quinto
1099 653 1119 672 *
1147 651 1288 688 dictum
1317 659 1383 688 est.
1413 650 1512 687 Huic

458 718 546 754 ergo
567 706 769 742 obiectioni
787 705 1001 754 respondet,
1018 705 1150 753 dicens·
1166 704 1270 752 quod
1288 703 1378 740 nihil
1399 703 1511 740 etiam

458 758 582 796 differt
609 766 791 807 quantum
820 758 869 794 ad
895 757 1130 807 propositam
1159 757 1355 803 rationem,
1376 756 1406 792 si
1434 767 1513 792 non

458 817 513 847 est
531 822 684 847 necesse
704 810 897 859 quiescere
925 810 963 846 in
990 810 1116 858 aliquo
1136 808 1511 846 contradictoriorum

458 863 722 909 terrninorum;
750 874 873 911 neque
913 862 1025 899 etiam
1053 862 1084 899 si
1111 861 1269 899 mutatio
1306 873 1385 898 non
1423 872 1511 897 con—

457 915 629 952 trariatur
648 915 762 963 quieti
786 915 893 963 (quia
911 915 1068 951 fortasse
1091 914 1182 951 illud
1210 913 1314 962 quod
1338 925 1416 950 non
1444 922 1510 961 est,

456 979 536 1004 non
562 974 685 1015 potest
703 967 914 1016 quiescere:
935 966 1125 1016 corruptio
1145 973 1272 1003 autern
1295 973 1350 1002 est
1377 966 1415 1003 in
1434 979 1511 1004 non

459 1032 557 1056 esse:
586 1020 687 1056 unde
706 1020 856 1057 videtur
883 1019 1001 1067 quod·
1014 1020 1054 1056 in
1071 1019 1233 1056 termino
1263 1019 1511 1067 corruptionis

456 1084 535 1108 non
552 1072 671 1120 possit
685 1073 705 1094 ²⁸²
721 1085 802 1109 esse
826 1071 967 1121 quies):
987 1072 1054 1109 sed
1071 1072 1147 1108 hoc
1165 1072 1289 1108 solum
1308 1071 1445 1108 sufficit
1462 1071 1512 1109 ad

455 1124 714 1172 propositum,
743 1125 774 1161 si
810 1124 856 1161 sit
890 1132 1041 1173 tempus
1078 1124 1250 1161 medium
1286 1124 1382 1160 inter
1418 1125 1511 1161 duas

456 1177 715 1224 generationes
747 1184 811 1213 aut
842 1177 937 1214 inter
969 1177 1063 1214 duas
1097 1176 1355 1225 corruptiones
1384 1174 1409 1213 ὅ.
1448 1177 1511 1213 Sic

458 1228 558 1265 enim
588 1241 823 1278 consequens
851 1230 918 1266 erit
946 1229 1051 1277 quod
1078 1236 1210 1266 neutra
1236 1228 1392 1265 istarum
1427 1241 1510 1265 mu·

457 1281 641 1318 tationum
670 1282 715 1318 sit
743 1281 931 1319 continua.
951 1302 975 1309 -
995 1283 1087 1318 Post
1105 1282 1180 1318 hoc
1199 1288 1326 1317 autem
1346 1280 1441 1317 redit
1460 1281 1509 1318 ad

455 1333 618 1382 primam
637 1334 909 1371 obiectionem:
939 1342 974 1371 et
1002 1334 1088 1371 dicit
1115 1334 1220 1382 quod
1238 1333 1324 1370 ideo
1344 1345 1423 1370 non
1443 1333 1509 1370 dif-

455 1386 525 1423 fert
544 1386 746 1423 contrarias
774 1394 838 1424 aut
864 1399 942 1423 non
971 1386 1173 1423 contrarias
1193 1397 1274 1422 esse
1298 1385 1509 1422 secundum

457 1438 791 1476 contradictionem
819 1439 1055 1484 mutationes,
1076 1438 1164 1486 quia
1186 1449 1309 1486 neque
1329 1438 1443 1475 etiam
1471 1438 1510 1475 in

455 1490 642 1539 prioribus
665 1492 684 1512 ’¹‘
697 1497 720 1537 ‘,
748 1491 788 1528 in
816 1491 951 1540 quibus
971 1492 1150 1538 agebatur
1168 1490 1214 1527 de
1234 1489 1411 1537 motibus,
1431 1503 1510 1527 non

458 1549 535 1579 erat
553 1543 641 1579 utile
669 1543 717 1580 ad
743 1543 981 1592 propositum
1010 1543 1113 1591 quod
1140 1542 1178 1579 in
1207 1543 1259 1579 eis
1288 1550 1343 1579 est
1363 1551 1509 1580 contra-

456 1595 586 1642 rietas,
620 1595 687 1632 sed
714 1596 818 1643 quod
851 1608 930 1632 non
958 1595 1136 1643 contingit
1164 1607 1230 1632 eos
1262 1595 1375 1632 simul
1408 1607 1508 1642 esse3

455 1647 560 1695 quod
588 1659 665 1684 non
694 1656 748 1684 est
774 1648 971 1697 proprium
1000 1647 1285 1696 contrariorum,
1310 1648 1377 1685 sed
1405 1661 1509 1685 com-

454 1711 571 1736 mune
599 1700 776 1737 omnibus
804 1700 997 1750 oppositis.

509 1753 544 1788 6.
561 1753 729 1789 Tertiam
749 1753 1004 1790 obiectionem
1024 1752 1187 1789 excludit
1204 1752 1271 1789 ibi:
1290 1753 1382 1790 Non
1401 1764 1510 1800 opor-

455 1809 503 1841 tet
516 1810 639 1842 autem
658 1806 804 1842 turbari
821 1813 888 1843 etc.
909 1806 1063 1843 Dixerat
1082 1805 1183 1842 enim
1203 1817 1316 1853 supra
1332 1806 1363 1852 ²³⁶,
1382 1813 1509 1842 motus

457 1869 538 1893 esse
567 1858 773 1895 contrarios
801 1858 866 1906 qui
893 1865 979 1908 sunt
1005 1857 1044 1895 in
1061 1857 1276 1907 jcontraria:
1302 1870 1389 1894 cum
1419 1870 1507 1906 ergo

455 1916 580 1946 motus
609 1909 654 1946 sit
690 1911 896 1947 contrarius
924 1910 1060 1960 quieti,
1088 1910 1238 1947 videtur
1265 1910 1370 1959 sequi
1404 1911 1508 1959 quod

454 1961 520 1998 uni
539 1962 611 1998 sint
626 1964 646 1984 ²²²
662 1962 738 1999 duo
768 1963 969 2009 contraria3
990 1962 1094 2011 quod
1122 1969 1177 1999 est
1203 1962 1448 2011 impossibile,
1467 1971 1509 2000 ut

454 2014 636 2062 probatur
655 2015 692 2052 in
710 2017 746 2052 X
760 2016 975 2063 Metaphys.
990 2016 1010 2037 *
1023 2015 1085 2052 Ad
1102 2015 1177 2052 hoc
1196 2027 1285 2062 ergo
1306 2016 1505 2052 excluden—

456 2066 548 2103 dum
569 2067 666 2114 dicit,
683 2068 787 2116 quod
804 2080 882 2104 non
906 2075 1054 2116 oportet
1073 2068 1120 2104 de
1138 2068 1213 2104 hoc
1231 2068 1383 2115 turbari,
1404 2069 1508 2116 quod

454 2118 604 2156 videtur
622 2120 727 2168 sequi
746 2119 848 2157 idem
868 2133 949 2157 esse
970 2119 1198 2157 contrarium
1217 2119 1397 2168 pluribus,
1414 2120 1508 2157 scili-

457 2178 514 2207 cet
528 2179 654 2209 motus
670 2173 733 2208 et*
743 2172 856 2220 quieti
872 2180 908 2209 et
926 2173 1046 2209 motui
1060 2172 1124 2220 qui
1140 2179 1194 2209 est
1207 2172 1245 2209 in
1265 2172 1505 2209 contrarium.

457 2223 532 2260 Sed
569 2224 644 2260 hoc
679 2225 803 2261 solum
832 2225 1016 2262 debemus
1049 2225 1239 2273 accipere,
1278 2225 1382 2273 quod
1407 2237 1507 2262 unus

506 2386 530 2420 δ)
549 2391 597 2413 aut
611 2388 680 2414 inter
692 2388 760 2413 duas
777 2389 967 2421 corruptiones.
977 2401 996 2409 -
1007 2389 1063 2413 Hoc
1076 2396 1129 2413 om.
1147 2396 1179 2418 a,·
1197 2389 1267 2414 inter
1281 2389 1348 2414 duas
1361 2397 1415 2415 om.
1433 2390 1506 2416 Pb.—

454 2423 516 2447 Post
534 2423 597 2447 duas
616 2423 695 2448 lineas
714 2423 881 2448 obtectionem
901 2431 953 2448 om.
972 2424 1034 2448 Pab.

505 2458 526 2490 ε)
542 2465 624 2490 neque
637 2459 716 2483 etiam
732 2459 758 2483 in
766 2459 935 2490 prioribus.-
944 2459 1024 2483 etiam
1038 2459 1157 2483 omittunt
1170 2459 1232 2484 Pab.
1241 2473 1260 2478 -
1269 2459 1366 2484 Eadem
1379 2459 1445 2485 linea
1457 2468 1505 2492 pro

1065 259 1410 297 PHYSICORUM
1436 257 1784 296 ARISTOTELIS
1813 260 1907 296 LIB.
1935 259 2022 296 VIII

1563 345 1690 374 motus
1711 337 1919 374 contrarius
1939 336 2144 386 opponitur
2171 337 2461 385 quodammodo
2487 345 2524 375 et
2541 349 2624 375 mo-

1564 390 1618 426 tui
1646 389 1831 426 contrario
1870 397 1907 426 et
1933 389 2066 437 quieti;
2095 389 2215 426 motui
2243 389 2398 438 quidem
2437 390 2623 428 contrario

1565 442 1776 479 secundum
1804 442 1985 479 directam
2005 441 2325 489 contrarietatem,
2353 441 2468 490 quieti
2496 449 2624 480 autem

1564 494 1683 542 magis
1711 495 1922 531 secundum
1950 494 2231 543 oppositionem
2250 494 2497 542 privativam
2526 506 2624 543 quae

1564 554 1691 584 tamen
1718 548 1832 584 habet
1859 547 1999 595 aliquid
2028 547 2075 583 de
2104 545 2376 594 contrarietate,
2400 547 2625 596 inquantum

1566 599 1672 648 quies
1701 600 1875 649 opposita
1911 607 1966 636 est
1992 599 2079 636 finis
2106 607 2143 636 et
2177 600 2500 648 complementum
2535 611 2624 639 con·

1565 651 1666 688 trarii
1691 660 1839 689 motus:
1869 652 1962 689 sicut
1990 651 2103 688 etiam
2132 653 2291 700 aequale
2320 659 2355 688 et
2383 663 2625 689 commensu-

1566 704 1681 741 rabile
1710 705 1915 753 opponitur
1943 704 2233 753 quodammodo
2263 704 2425 751 duobus,
2447 704 2586 742 scilicet
2606 705 2625 730 *

1567 757 1759 793 excellenti
1779 765 1815 794 et
1835 757 1868 793 ei
1887 757 1992 806 quod
2012 757 2211 804 excellimr‚
2233 757 2314 794 sive
2333 769 2474 805 magno
2490 764 2525 794 et
2538 769 2624 806 par-

1564 821 1629 856 vo,
1641 809 1778 857 quibus
1789 809 1995 859 opponitur
2005 809 2216 847 seeundum
2225 809 2480 858 privationem
2491 809 2622 858 magis,

1565 869 1606 898 ut
1625 869 1727 910 patet
1745 861 1784 898 in
1803 863 1838 898 X
1857 863 2073 911 Metaphys.
2094 863 2114 884 ³²
2133 863 2182 899 Et
2208 862 2344 899 iterum
2370 863 2446 899 hoc
2475 869 2624 911 oportet

1565 914 1747 963 accipere,
1769 914 1874 963 quod
1897 926 1976 951 non
2005 915 2183 963 contingit
2210 915 2322 952 simul
2351 927 2432 952 esse
2457 927 2581 964 neque
2603 915 2623 937 *
2652 938 2674 958 ,,

1565 966 1761 1015 oppositos
1788 974 1915 1004 motus
1934 979 2058 1016 neque
2086 967 2279 1016 oppositas
2305 967 2545 1005 mutationes.

1583 1022 1587 1026 '
1618 1031 1654 1067 7.
1675 1019 1823 1056 Deinde
1858 1031 1945 1056 cum
1977 1019 2081 1056 dicit:
2109 1020 2280 1067 Amplius
2312 1019 2350 1056 in
2382 1020 2625 1069 generatione

1564 1077 1601 1108 et
1625 1072 1862 1120 corruptione
1889 1079 1972 1118 etc.‚
1993 1071 2155 1109 ostendit
2182 1071 2288 1119 quod
2311 1083 2390 1108 non
2417 1072 2542 1109 solum
2566 1072 2623 1110 in-

1563 1130 1620 1160 ter
1648 1124 1745 1160 duos
1773 1131 1900 1160 motus
1926 1124 1988 1160 vel
2016 1123 2243 1161 mutationes
2278 1123 2450 1161 eiusdem
2483 1124 2623 1173 speciei

1565 1183 1714 1224 oportet
1732 1188 1814 1212 esse
1833 1176 2004 1213 medium
2023 1183 2189 1225 tempus;
2212 1183 2247 1213 et
2266 1176 2371 1225 quod
2387 1177 2407 1198 ³¹
2419 1177 2521 1214 nulla
2540 1189 2623 1215 mu*
2651 1184 2661 1194 ‘

1562 1228 1652 1264 tatio
1680 1240 1770 1275 una,
1799 1240 1897 1276 quae
1926 1235 1981 1265 est
2008 1227 2048 1265 in
2075 1228 2229 1277 aliquod
2257 1229 2530 1277 oppositorum,
2554 1242 2623 1279 po-

1562 1287 1632 1317 test
1652 1292 1734 1317 esse
1747 1288 1930 1329 perpetua
1950 1287 1986 1317 et
2000 1280 2194 1327 continua;
2215 1281 2283 1318 sed
2298 1281 2410 1319 etiam
2429 1282 2535 1331 quod
2553 1282 2624 1319 im-

1562 1332 1740 1381 possibile
1761 1340 1815 1370 est
1834 1333 1938 1382 quod
1953 1332 1967 1359 ‘³
1981 1332 2146 1382 oppositi
2164 1341 2292 1371 motus
2311 1341 2375 1371 aut
2396 1334 2623 1373 mutationes

1562 1385 1615 1422 sic
1642 1385 1846 1422 succedant
1873 1385 1944 1422 sibi
1970 1385 2156 1433 invicem,
2191 1386 2296 1434 quod
2324 1399 2403 1424 non
2429 1386 2625 1426 intercidat

1561 1445 1712 1486 tempus
1741 1437 1923 1475 medium.
1962 1439 2048 1475 Hoc
2076 1438 2177 1476 enim
2209 1438 2358 1477 videtur
2389 1439 2540 1488 penitus
2567 1452 2624 1478 es—

1562 1502 1602 1527 se
1632 1492 1652 1512 a:
1679 1490 1952 1528 inconveniens
1979 1490 2018 1528 in
2041 1491 2282 1539 generatione
2311 1499 2347 1528 et
2370 1492 2622 1541 corruptione,

1562 1543 1593 1580 si
1622 1544 1775 1592 quando
1808 1542 1957 1592 aliquid*
1977 1543 2117 1581 factum
2143 1551 2218 1591 est,
2246 1544 2489 1592 generatione
2517 1557 2622 1583 com-

1561 1596 1673 1644 pleta,
1698 1596 1822 1633 statim
1850 1607 2004 1633 necesse
2033 1596 2078 1633 sit
2105 1596 2212 1644 quod
2235 1597 2424 1646 corruptio
2452 1597 2621 1647 incipiat3

1563 1656 1599 1685 et
1627 1648 1731 1697 quod
1749 1649 1852 1685 nullo
1881 1655 2052 1698 tempore
2069 1657 2292 1698 permaneat
2317 1649 2356 1687 id
2377 1650 2482 1699 quod
2508 1662 2622 1698 gene⁴

1563 1708 1685 1738 ratum
1713 1708 1777 1737 est.
1799 1701 1952 1738 Frustra
1981 1701 2081 1738 enim
2108 1701 2251 1750 aliquid
2278 1704 2530 1751 generaretur,
2550 1702 2621 1741 nisi

1562 1761 1782 1801 generatum
1801 1753 1840 1790 in
1868 1765 1949 1790 esse
1968 1762 2219 1802 permaneret.
2240 1755 2351 1792 Unde
2369 1767 2425 1800 ‚ex
2451 1755 2510 1792 his
2536 1767 2620 1793 mua

1561 1805 1763 1842 tationibus
1781 1813 1905 1854 potest
1931 1806 2014 1852 fieri
2037 1806 2134 1844 fides
2162 1807 2200 1844 in
2228 1807 2323 1844 aliis:
2342 1808 2418 1844 hoc
2445 1806 2546 1845 enim
2565 1815 2622 1846 est

1562 1859 1729 1895 naturale
1749 1858 1854 1906 quod
1872 1858 2040 1895 similiter
2058 1871 2099 1896 se
2127 1859 2241 1896 habet
2259 1859 2298 1896 in
2321 1860 2510 1908 omnibus,
2531 1860 2620 1910 quia

1562 1918 1695 1948 natura
1722 1923 1874 1960 semper
1893 1911 2031 1948 eodem
2054 1911 2173 1948 modo
2194 1920 2381 1961 operatur.
2403 1912 2509 1950 Sicut
2527 1925 2618 1961 ergo

1561 1963 1833 2000 inconveniens
1858 1963 2010 2000 videtur
2037 1964 2142 2013 quod
2173 1964 2212 2001 id
2240 1965 2345 2013 quod
2371 1972 2570 2012 generatur
2586 1971 2618 2013 η,

1562 2016 1685 2052 statim
1714 2028 1801 2052 cum
1832 2023 2051 2063 generatum
2085 2024 2140 2053 est
2172 2025 2452 2066 corrumpatur3
2485 2017 2536 2055 ita
2563 2017 2620 2056 in·

1563 2068 1794 2106 conveniens
1821 2068 1970 2106 videtur
1994 2069 2098 2118 quod
2125 2068 2164 2106 id
2187 2070 2292 2117 quod
2312 2070 2517 2118 dealbatur,
2546 2077 2620 2109 sta-

1561 2121 1627 2157 tim
1653 2121 1777 2163 cum,*
1795 2121 1935 2157 factum
1959 2128 2013 2158 est
2037 2121 2167 2158 album
2197 2121 2428 2170 denigretur,
2454 2129 2492 2160 et
2513 2123 2621 2172 quod

1560 2173 1598 2210 id
1626 2174 1731 2221 quod
1767 2180 1923 2220 augetur
1958 2174 2081 2210 statim
2117 2174 2321 2212 decrescat.
2360 2176 2403 2212 In
2439 2175 2618 2214 omnibus

1560 2225 1660 2262 enim
1687 2225 1745 2262 his
1773 2234 1929 2263 naturae
1955 2226 2111 2263 intentio
2139 2227 2387 2265 frustraretur.

1610 2390 1636 2424 ζ)
1655 2391 1701 2416 sed
1719 2392 1799 2417 etiam
1819 2392 1890 2424 quod
1908 2393 2066 2425 impossibile
2084 2397 2124 2418 est
2140 2394 2248 2426 quodi·
2259 2394 2310 2419 Pro
2328 2395 2417 2424 etfam,
2437 2395 2504 2420 illud
2521 2395 2569 2427 1Q.
2588 2396 2618 2424 id

1558 2423 1764 2458 ACKMTVXY‚
1784 2427 1850 2452 illud
1863 2427 1944 2452 etiam
1963 2429 2016 2459 Ls;
2035 2429 2082 2453 sed
2094 2429 2161 2454 illud
2174 2429 2246 2462 quod
2258 2433 2298 2454 est
2312 2430 2477 2462 impossibiIe,
2492 2433 2532 2455 est
2544 2427 2619 2464 quod

1559 2461 1624 2490 Pub,
1644 2461 1690 2486 sed
1709 2466 1749 2486 est
1767 2462 1896 2487 arbitraria
1914 2464 2037 2488 correctio
2056 2463 2171 2488 lectionis
2190 2464 2209 2489 Ι.
2222 2477 2242 2483 -
2253 2465 2310 2490 Lin.
2323 2471 2380 2498 seq.
2398 2472 2447 2498 pro
2465 2465 2614 2497 succedant,

453 2499 504 2517 non
523 2496 581 2518 erar
600 2493 670 2522 utile,
689 2497 746 2518 erat
766 2493 828 2518 utile
847 2494 919 2518 DsH.
931 2494 1067 2518 -Inferius
1086 2501 1134 2526 pro
1152 2494 1283 2527 contingit
1300 2501 1356 2524 eos,
1374 2495 1506 2528 contingit
1558 2496 1701 2521 succedunt
1718 2497 2054 2528 ABCHIKMQSTVXYab.

452 2534 496 2552 eas
515 2527 608 2552 habent
626 2528 720 2553 PHNO
734 2533 759 2553 et
771 2529 863 2554 Vener.
885 2528 958 2560 1504,
973 2529 1107 2554 referendo
1121 2529 1153 2554 ad
1167 2530 1338 2561 mutationes;
1353 2531 1399 2555 sed
1412 2531 1504 2555 melius

451 2563 559 2588 refertur
577 2563 608 2588 ad
627 2563 747 2589 motibus.

1611 2531 1638 2564 η)
1657 2532 1729 2564 quod
1750 2535 1930 2565 generatur.-
1943 2533 2014 2566 quod
2030 2534 2067 2567 flt
2083 2537 2228 2567 generatur
2245 2534 2413 2567 ASVXYpC,
2437 2535 2509 2568 quod
2519 2535 2558 2569 fit
2574 2537 2616 2562 vel

1558 2569 1704 2599 generatur
1722 2566 1795 2598 TsC,
1814 2567 1885 2600 quod
1895 2568 1933 2600 fit
1950 2571 1976 2594 et
1993 2573 2138 2602 generatur
2155 2569 2175 2594 P
2195 2575 2220 2595 et
2237 2571 2328 2595 Venet.
2346 2569 2421 2603 1504.
2515 2582 2519 2586 ·

2652 708 2662 718 ·
2670 707 2733 729 idest
2738 707 2807 730 codd.
2813 714 2863 732 exe.
2870 703 2871 706 ’

2650 739 2747 756 ΔΙΕΙΔΤ.

2649 1501 2660 1512 ·
2675 1479 2871 1529 σηοω-κύ»-Ι
