2898 3996
1140 247 1250 283 CAP.
1278 246 1382 292 VIII,
1412 246 1561 283 LECT.
1590 246 1696 283 XVII

2423 256 2499 292 427

911 465 1125 521 LECT
1127 466 1208 520 10
1246 465 1928 520 DECIMASEPTIMA

561 617 618 648 EX
642 616 782 647 DICTIS
805 616 847 646 IN
871 614 1172 646 PRAECEDENTI
1197 614 1415 645 LECTIONE
1439 614 1703 645 SOLVUNTUR
1727 615 2046 646 DUBITATIONES
2071 616 2283 653 QUAEDAM

335 748 392 780 Διὸ
427 747 485 778 καὶ
516 746 596 789 πρὸς
629 744 692 781 τὴν
727 742 872 787 ἀπορίαν
902 743 1008 775 τοῦτο
1040 742 1197 774 λεκτέον·
1222 743 1294 787 ,ἔχει
1327 742 1406 787 γάρ,
1448 745 1464 763 *
1487 745 1579 775 Unde
1608 752 1638 776 et
1668 746 1707 775 ad
1736 746 1965 777 dubitationem
1993 748 2054 778 hoc
2085 748 2262 779 dicendum.
2293 750 2395 782 Habet
2423 753 2508 783 enim
2535 752 2612 780 *Seq.
2627 758 2678 780 cap.
2693 758 2745 774 vm.

404 791 546 834 ἀπορίαν
578 784 693 824 τήνδε.
731 787 769 818 Εἰ
787 786 857 840 γάρ
888 787 938 822 εἴη
964 787 984 822 ἡ
1010 786 1052 818 τό
1081 787 1105 816 Ε
1131 787 1175 828 τῇ
1201 789 1223 818 Ζ
1247 790 1301 824 ἴση
1335 787 1393 817 καὶ

402 834 444 866 vd
469 836 494 865 A
542 832 651 875 έροιτο
680 842 823 874 συνεχως
857 829 924 862 ἀπὸ
957 831 1019 862 τοῦ
1053 830 1152 873 ἄκρου
1185 831 1264 874 πρὸς
1291 829 1331 863 τό
1357 831 1391 869 Γ,

403 877 475 921 ἅμα
499 872 542 912 δε,
561 877 610 912 εἴη
642 874 683 906 τὰ
706 875 732 905 Α
757 874 811 906 ἐπὶ
837 874 884 915 τῷ
908 874 932 903 Β
957 876 1100 917 σημείῳ,
1131 876 1189 906 καὶ
1216 876 1255 907 τὸ
1288 876 1312 904 Δ
1340 873 1396 916 φέ-

400 931 493 964 ροιτο
520 919 588 951 ἀπὸ
613 920 676 956 τῆς
700 919 722 948 Ζ
749 917 852 960 ἄκρας
878 917 958 959 πρὸς
983 917 1030 950 τὰ
1049 919 1079 948 Η
1104 919 1237 961 ὁμαλῶς
1261 920 1320 950 καὶ
1345 917 1392 956 τῷ

403 964 496 1005 αὐτῷ
521 962 622 1008 τάχει
652 962 700 1003 τῷ
725 962 767 1001 Α,
795 961 836 993 τὸ
860 962 884 991 Δ
908 960 1091 1005 ἔμπροσθεν
1119 961 1191 1002 ἥξει
1216 962 1272 994 ἐπὶ
1299 959 1339 998 τὰ
1365 961 1395 990 Η

400 1006 422 1044 ἦ
447 1007 488 1040 τό
513 1007 539 1037 A
563 1008 618 1039 ἐπὶ
651 1006 692 1039 τᾶ
720 1006 755 1036 Γ·
789 1005 829 1038 τὸ
860 1005 924 1051 γάρ
957 1005 1119 1049 πρότερον
1152 1007 1301 1060 ὁρμῆσαν
1335 1005 1394 1034 καὶ

404 1049 549 1084 ἀπελθὸν
575 1048 735 1094 πρότερον
762 1048 866 1081 ἑλθεῖν
894 1047 1039 1095 ἀνάγκη.
1063 1047 1131 1080 Οὐκ
1158 1061 1222 1094 αρα
1249 1049 1320 1093 ἅμα
1340 1046 1395 1125 Ξέ-

400 1107 478 1141 γονε
504 1094 545 1126 τό
570 1095 595 1125 Α
620 1094 676 1126 ἐπὶ
701 1093 749 1134 τῷ
765 1094 790 1123 Β
806 1094 865 1125 καὶ
888 1092 1095 1138 ἀπογέγονεν
1119 1091 1175 1125 ἀπ’
1199 1093 1322 1133 αὐτοῦ,
1365 1093 1395 1124 ιό

403 1138 579 1182 ὑστερίζει·
605 1137 633 1169 εἰ
656 1136 720 1183 γάρ
752 1135 842 1180 ἅμα,
878 1137 940 1181 οὐχ
968 1137 1129 1180 ὑστεριεῖ,
1160 1138 1233 1170 ἀλλ’
1264 1137 1393 1184 ἀνάγκη

403 1183 502 1215 ἔσται
523 1180 702 1215 ἵστασθαι.

334 1228 403 1262 Οὐκ
429 1226 494 1268 ἄρα
518 1225 655 1266 θετέον,
685 1223 743 1256 ὅτε
768 1223 810 1256 τὸ
835 1227 860 1254 Α
885 1223 1020 1270 ἐγένετο
1051 1225 1147 1256 κατά
1171 1224 1211 1257 τὸ
1235 1226 1279 1265 Β,
1306 1225 1348 1257 τὸ
1373 1226 1396 1255 Δ

405 1270 478 1313 ἅμα
508 1268 670 1302 κινεῖσθαι
703 1267 772 1300 ἀπὸ
797 1268 860 1300 τοῦ
883 1269 906 1298 Ζ
933 1268 1046 1311 ἄκρου·
1072 1268 1100 1299 εἱ
1123 1267 1187 1314 γάρ
1214 1268 1314 1300 ἔσται
1343 1281 1398 1314 γε-

402 1314 499 1360 γονὸς
525 1314 566 1346 τὸ
591 1314 617 1344 A
642 1311 696 1344 ἐπὶ
722 1312 784 1343 τοῦ
807 1312 850 1352 Β,
877 1312 975 1343 ἔσται
998 1313 1055 1343 καὶ
1080 1311 1122 1343 τὸ
1148 1311 1394 1358 ἀπογενέσθαι,

401 1360 460 1389 καὶ
487 1358 549 1403 οὐχ
574 1356 663 1400 ἅμα,
691 1356 764 1387 ἀλλ’
794 1352 834 1392 ἡν
860 1355 893 1387 ἐν
919 1356 1011 1409 τομῇ
1039 1354 1159 1399 χρόνου
1190 1358 1248 1388 καὶ
1279 1357 1338 1388 οὐκ
1364 1357 1396 1388 ἐν

402 1400 520 1446 χρόνῳ.
540 1396 716 1433 Ἐνταῦθα
740 1399 798 1442 μὲν
825 1396 881 1430 οὖν
908 1394 1078 1431 ἀδυνατον
1106 1399 1195 1432 οὕτω
1212 1399 1321 1446 λέγειν
1342 1398 1396 1432 ἐπὶ

403 1446 467 1477 τοῦ
498 1445 672 1489 συνεχοῦς·
700 1443 756 1474 ἐπὶ
780 1438 818 1475 δὲ
849 1443 912 1476 τοῦ
943 1442 1232 1486 ἀνακάμπτοντος
1266 1445 1395 1489 ἀνάγκη

401 1488 440 1521 λέ
466 1501 512 1520 ειν
537 1488 657 1525 οὕτως.
683 1487 722 1517 Εἰ
745 1487 810 1532 γάρ
836 1488 856 1523 ἡ
882 1486 923 1518 τὸ
943 1488 974 1517 Η
991 1486 1123 1531 φέροιτο
1142 1488 1221 1532 πρὸς
1239 1487 1281 1520 τό
1299 1490 1323 1518 Δ
1338 1489 1397 1519 καὶ

403 1535 506 1564 πάλιν
533 1529 766 1574 ἀνακάμψασα
788 1530 885 1563 κάτω
903 1529 1051 1575 φέροιτο,
1068 1532 1117 1572 τῷ
1138 1531 1224 1576 ἄκρῳ
1249 1530 1298 1575 ἐφ’
1320 1531 1358 1563 οὗ
1375 1533 1399 1561 Δ

404 1577 549 1618 τελευτῇ
573 1577 632 1607 καὶ
658 1573 746 1618 ἀρχῇ
771 1574 937 1620 κέχρηται
963 1575 1010 1615 τῷ
1036 1575 1082 1606 ἑνὶ
1106 1578 1229 1619 σημείῳ
1253 1577 1295 1613 ὠς
1320 1571 1396 1607 δύο·

403 1615 456 1652 διὸ
481 1620 606 1657 στῆναι
633 1617 778 1664 ἀνάγκη·
804 1620 862 1650 καὶ
888 1619 951 1663 οὐχ
977 1618 1048 1662 ἅμα
1071 1618 1207 1663 γέγονεν
1234 1619 1288 1651 ἐπὶ
1311 1620 1358 1660 τῷ
1376 1620 1399 1649 Δ

403 1666 461 1696 καὶ
495 1661 704 1699 ἀπελήλυθεν
733 1661 800 1694 ἀπὸ
833 1663 895 1695 τοῦ
926 1664 962 1692 Δ·
988 1661 1057 1693 ἐκεῖ
1106 1665 1144 1706 ἀρ
1171 1662 1210 1694 ἂν
1244 1662 1316 1706 ἅμα
1348 1665 1396 1699 εἴη

403 1711 461 1739 καὶ
486 1709 546 1740 οὑκ
571 1709 620 1744 εἴη
646 1707 679 1738 ἐν
705 1706 752 1746 τῷ
780 1704 873 1747 αὐτῷ
899 1706 967 1736 νῦν.
989 1706 1070 1736 Ἀλλ
1112 1706 1178 1750 μὴν
1197 1706 1260 1742 τη’ν
1277 1720 1316 1752 γε
1335 1706 1401 1738 ποί.

402 1753 462 1783 λαι
485 1751 579 1783 λύσιν
605 1748 643 1782 οὗ
665 1749 819 1781 λεκτέον·
848 1749 884 1781 ού
909 1749 973 1795 γάρ
1003 1744 1180 1794 ἐνδέχεται
1209 1749 1318 1796 λέγειν
1346 1750 1399 1782 ὅτι

406 1796 479 1829 ἐστὶ
503 1794 598 1827 κατά
622 1794 663 1827 τό
689 1795 712 1823 Δ
735 1794 756 1829 ἡ
781 1793 823 1825 τὸ
839 1795 870 1824 Η
888 1794 919 1824 ἐν
946 1793 1050 1837 τομῇ,
1071 1795 1108 1825 οὗ
1128 1793 1245 1840 γέγονε
1266 1789 1303 1825 δὲ
1322 1789 1400 1825 οὐδὲ

407 1839 633 1886 ἀπογέγονεν·
662 1835 792 1881 ἀνάγκη
818 1837 882 1883 γάρ
908 1837 963 1868 ἐπὶ
988 1837 1085 1874 τέλος
1111 1836 1214 1869 ἐλθεῖν
1242 1838 1282 1873 τό
1313 1836 1400 1880 ἐνερ-

404 1885 481 1929 γείᾳ
507 1884 562 1923 ὄν,
589 1881 636 1925 μή
661 1876 812 1923 δυνάμει.
846 1880 891 1912 Τὸ
915 1880 974 1924 μὲν
1000 1879 1056 1912 οὖν
1083 1882 1115 1913 ἐν
1140 1880 1228 1926 μέσῳ
1257 1876 1397 1923 δυνάμει

405 1929 492 1968 ἐστί,
518 1927 624 1960 τοῦτο
649 1921 677 1956 δ’
706 1925 868 1970 ἐνεργείᾳ,
893 1925 951 1956 καὶ
976 1925 1120 1961 τελευτὴ
1146 1925 1204 1968 μὲν
1229 1924 1396 1966 κάτωθεν,

407 1971 494 2016 ἀρχὴ
519 1966 557 2002 δὲ
583 1968 724 2001 ἄνωθεν·
749 1970 807 1999 καὶ
841 1968 904 2000 τῶν
937 1967 1098 2004 κινήσεων
1126 1969 1190 2014 ἄρα
1221 1968 1395 2006 ὡσαύτως.

399 2014 549 2060 Ἀνάγκη
584 2013 648 2057 ἀρα
679 2012 803 2048 στῆναι
836 2012 876 2043 τὸ
909 2011 1136 2056 ἀνακάμπτον
1166 2014 1222 2045 ἐπὶ
1253 2014 1314 2050 τῆς
1347 2014 1401 2044 εὐ-

405 2060 508 2095 θείας.
534 2055 601 2088 Οὐκ
620 2056 684 2100 ἄρα
708 2051 886 2100 ἐνδέχεται
903 2057 1025 2101 συνεχῆ
1042 2058 1168 2093 κίνησιν
1185 2053 1270 2088 εἶναι
1293 2053 1398 2089 ἀΐδιον

408 2104 463 2136 ἐπὶ
487 2102 549 2139 τῆς
574 2098 716 2135 εὐθείας.

338 2149 404 2181 Τόν
430 2145 535 2178 αὗτόν
560 2139 598 2175 δὲ
622 2143 748 2187 τρόπον
779 2141 998 2179 ἀπαντητέον
1030 2143 1087 2173 καὶ
1113 2142 1192 2185 πρὸς
1218 2143 1296 2180 τούς
1323 2143 1399 2185 ἐρω-

407 2192 540 2226 τῶντας
565 2186 624 2219 τὸν
649 2185 797 2223 Ζήνωνος
827 2185 947 2228 λόγον,
975 2187 1032 2217 καὶ
1066 2186 1267 2227 ἀξιοῦντας,
1293 2187 1321 2218 εἰ
1346 2186 1399 2217 ἀεὶ

407 2234 449 2267 τὸ
473 2233 574 2276 ἥμισυ
591 2227 711 2262 διιέναι
728 2225 789 2261 δεῖ.
817 2231 937 2262 Ταῦτα
954 2225 984 2260 δ’
1006 2229 1143 2274 ἄπειρα,
1161 2229 1210 2262 τά
1225 2225 1252 2261 δ’
1276 2231 1398 2273 ἄπειρα

410 2273 580 2310 ἀδύνατον
605 2269 796 2314 διεξελθεῖν·
823 2272 844 2310 ἦ
869 2275 911 2310 ὠς
936 2273 995 2305 τὸν
1022 2273 1130 2305 αὐτόν
1157 2275 1280 2306 τοῦτον
1297 2273 1337 2305 λό
1364 2285 1398 2304 ον

407 2315 494 2358 τινές
520 2320 628 2355 ἄλλως
653 2317 834 2361 ἐρωτῶσιν,
863 2317 1035 2358 ἀξιοῦντες
1062 2316 1083 2348 δι’
1112 2329 1133 2349 α
1158 2319 1206 2358 τῷ
1237 2322 1340 2348 κινεῖσ
1364 2329 1399 2349 αι

408 2365 471 2401 τήν
497 2365 651 2407 ἡμίσειαν
670 2360 832 2404 πρότερον
859 2360 1004 2405 ἀριθμεῖν
1029 2372 1074 2392 κα
1096 2362 1104 2373 ’
1126 2360 1270 2394 ἕκαστον
1288 2361 1398 2407 γιγνό-

407 2419 504 2452 μενον
530 2406 571 2439 τὸ
596 2404 709 2448 ἥμισυ.
737 2404 823 2437 ὥστε
847 2400 1037 2441 διελθόντος
1068 2404 1130 2440 τήν
1157 2404 1236 2442 ὅλην
1263 2405 1398 2449 ἄπειρον

407 2452 582 2496 συμβαίνει
607 2448 825 2502 ἠριθμηκέναι
852 2448 1003 2493 ἀριθμόν.
1028 2449 1138 2480 Τοῦτο
1163 2444 1194 2479 δ’
1218 2450 1403 2495 ὁμολογου-

407 2496 511 2540 μένως
536 2495 627 2527 ἐστὶν
655 2491 838 2525 ἀδύνατον.

334 2541 391 2573 Ἔν
411 2540 469 2584 μὲν
492 2537 547 2570 οὖν
566 2541 637 2574 τοῖς
654 2536 799 2581 πρώτοις
818 2535 931 2581 λόγοις
949 2539 1020 2573 τοῖς
1037 2537 1110 2579 περὶ
1130 2535 1287 2573 κινήσεως
1307 2535 1401 2567 ἐλύο-

352 2576 359 2587 ³
408 2595 466 2628 μεν
490 2578 550 2614 διαὶ
573 2582 634 2614 τοῦ
656 2580 714 2613 τὸν
739 2581 857 2624 χρόνον
877 2580 999 2623 ἄπειρα
1017 2579 1105 2624 ἔχειν
1123 2578 1156 2611 ἑν
1174 2581 1283 2620 αὐτῷ’·
1303 2575 1398 2611 οὐδέν

407 2627 472 2673 γάρ
500 2626 652 2664 ἄτοπον,
679 2624 706 2655 εἰ
732 2624 765 2656 ἐν
793 2624 914 2668 ἀπείρῳ
943 2622 1049 2668 χρόνῳ
1076 2623 1199 2667 ἄπειρα
1226 2619 1399 2668 διέρχεταί

408 2681 473 2708 τις·
501 2670 620 2714 ὁμοίως
645 2664 683 2700 δὲ
707 2669 749 2700 τὸ
775 2668 911 2710 ἄπειρον
937 2668 970 2698 ἔν
996 2679 1033 2698 τε
1059 2667 1106 2708 τῷ
1131 2667 1230 2711 μήκει
1256 2667 1400 2711 ὑπάρχει

407 2716 465 2746 καὶ
490 2714 522 2746 ἐν
549 2713 597 2753 τῷ
621 2711 739 2755 χρόνῳ.
944 2717 951 2723 “

336 2757 428 2792 Ἀλλ’
459 2756 547 2794 αὕτη
573 2757 594 2792 ἡ
617 2755 711 2792 λύσις
736 2754 815 2797 πρὸς
841 2754 899 2797 μὲν
918 2753 976 2785 τὸν
994 2754 1174 2807 ἐρωτῶντα
1191 2754 1311 2791 ἱκανῶς
1331 2754 1401 2798 ἔχει

432 2802 593 2843 ἡρωτᾶτο
617 2801 682 2844 γάρ
707 2799 735 2830 εἰ
761 2799 794 2830 ἐν
820 2809 1060 2851 πεπερασμενῳ
1080 2796 1203 2839 ἄπειρα
1223 2792 1400 2842 ἐνδέχεται

408 2802 587 2885 διεξελθεῖν
618 2842 639 2880 ἦ
673 2841 897 2887 ἀριθμῆσαι),
925 2853 1004 2883 προς
1036 2836 1074 2872 δὲ
1099 2841 1141 2872 τό
1169 2841 1311 2886 πρᾶγμα
1342 2843 1400 2873 καὶ

409 2889 473 2925 τὴν
500 2886 660 2924 ἀλήθειαν
687 2884 749 2932 οὐχ
773 2885 907 2922 ἱκανῶς·
934 2884 991 2916 ἑάν
1009 2884 1073 2930 γάρ
1091 2895 1141 2921 τις
1161 2883 1320 2928 ἀφέμενος
1338 2886 1400 2917 τοῦ

409 2932 534 2977 μήκους
565 2932 623 2963 καὶ
649 2931 710 2962 τοῦ
742 2931 757 2962 ἑ
778 2929 870 2961 ωτᾶν
902 2928 931 2959 εἰ
962 2929 994 2960 ἑν
1024 2927 1263 2972 πεπερασμένῳ
1295 2927 1399 2972 χρόνῳ

410 2972 589 3020 ἐνδέχεται
616 2974 738 3018 ἄπειρα
759 2942 951 3012 διεξελθεῖν,
978 2971 1190 3009 πυνθάνηται
1215 2970 1267 3004 ἐπ’
1291 2973 1400 3004 αὐτοῦ

360 3030 363 3033 ’
409 3021 472 3052 τοῦ
521 3019 615 3063 ρόνου
641 3020 759 3050 ταῦτα
785 3016 820 3061 (ἔ
847 3027 874 3047 ει
890 3015 954 3062 γάρ
973 3017 989 3047 ὁ
1007 3015 1122 3060 χρόνος
1142 3016 1297 3060 ἀπείρους
1315 3012 1400 3048 διαι-

430 3032 545 3107 έσειςχ),
571 3061 686 3094 οὐκέτι
711 3061 809 3096 ἱκανὴ
853 3071 932 3092 σται
959 3058 1047 3096 αὕτη
1073 3060 1094 3095 ἡ
1118 3059 1226 3097 λύσις·

346 3107 437 3142 ἀλλά
460 3107 501 3138 τὸ
532 3105 650 3143 ἀληθὲς
681 3105 838 3145 λεκτέον,
873 3102 952 3147 ὅπερ
982 3105 1118 3147 εἴπομεν
1151 3104 1184 3135 ἐν
1220 3106 1290 3140 τοῖς
1323 3103 1400 3145 α’ρτι

409 3149 534 3195 λόγοις.
560 3149 616 3181 Ἀν
634 3148 698 3195 γάρ
724 3161 774 3186 τις
792 3148 855 3185 τὴν
871 3147 993 3191 συνεχῆ
1011 3142 1123 3189 διαιρῇ
1141 3147 1185 3184 εἷς
1201 3141 1262 3178 δύο
1281 3147 1397 3190 ἡμίση,

412 3194 511 3231 οὗτος
536 3194 584 3234 τῷ
602 3194 647 3224 ἑνὶ
665 3195 786 3236 σημείῳ
803 3193 844 3229 ὠς
861 3186 933 3222 δυσὶ
958 3191 1099 3268 γὸρῆται·
1117 3193 1207 3222 ποιεῖ
1228 3189 1291 3235 γάρ
1310 3188 1399 3222 αὐτὸ

413 3235 517 3282 ἀρχὴν
548 3239 605 3268 καὶ
636 3235 813 3271 τελευτήν.
846 3234 942 3266 Οὕτω
991 3234 1119 3265 ὲποιεῖ
1142 3233 1158 3265 ὅ
1183 3245 1221 3265 τε
1256 3232 1398 3276 ἀριθμῶν

410 3284 468 3312 καὶ
494 3281 510 3312 ὀ
535 3280 579 3317 εἰς
603 3280 651 3312 τοὶ
681 3280 783 3323 ἡμίση
815 3274 962 3320 διαιρῶν.
994 3275 1091 3309 Οὕτω
1119 3275 1157 3309 δὲ
1190 3273 1399 3320 διαιροῦντος

412 3325 472 3356 οὐκ
496 3323 594 3356 ἔσται
618 3322 757 3368 συνεχὴς
784 3320 850 3354 οὔθ’
879 3321 900 3357 ἡ
924 3320 1062 3366 γραμμή
1088 3319 1155 3352 οὔθ’
1177 3321 1197 3357 ἡ
1222 3322 1359 3357 κίνησις·
1378 3322 1398 3356 ἡ

410 3369 475 3413 γάρ
500 3367 640 3411 συνεχὴς
670 3370 794 3403 κίνησις
818 3366 975 3409 συνεχοῦς
1004 3366 1108 3396 ἐστίν·
1135 3364 1168 3395 ἑν
1216 3364 1230 3395 ἐ
1255 3365 1302 3404 τῷ
1327 3375 1399 3395 συν-

411 3415 483 3456 εχεῖ
506 3412 614 3443 ἔνεστι
639 3411 697 3454 μὲν
724 3410 846 3451 ἄπειρα
871 3409 987 3451 ἡμίση,
1012 3407 1086 3440 ἀλλ’
1109 3408 1167 3438 οὐκ
1192 3407 1397 3452 ἐντελεχείᾳ,

413 3455 503 3488 ἀλλά
533 3450 684 3497 δυνάμει·
712 3452 751 3485 ἀν
776 3450 813 3485 δὲ
846 3452 927 3494 ποιῇ
961 3453 1174 3495 ἐντελεχείᾳ,
1203 3451 1239 3482 οὐ
1266 3450 1399 3487 ποιὴσει

411 3499 548 3544 συνεχῆ,
569 3497 658 3530 ἀλλά
681 3496 813 3538 στὴσει,
841 3495 920 3539 ὅπερ
947 3494 1000 3528 ἐπὶ
1026 3497 1088 3528 τοῦ
1113 3493 1331 3539 ἀριθμοῦντος
1354 3494 1401 3527 τοὶ

412 3544 514 3586 ἡμίση
540 3541 679 3586 φανερόν
706 3541 794 3574 ἐστιν
829 3539 882 3572 ὅτι
915 3540 1100 3584 συμβαίνει·
1127 3538 1168 3570 τὸ
1191 3538 1255 3584 γάρ
1281 3538 1313 3570 ἓν
1343 3550 1401 3575 ση-

1515 789 1745 819 dubitationem
1769 790 1859 820 hanc.
1884 791 1916 821 Si
1933 791 2018 822 enim
2041 792 2081 822 sit
2103 792 2192 832 quod
2208 799 2254 822 est
2268 793 2295 822 E
2313 794 2340 823 ei
2359 797 2448 835 quod
2463 804 2509 828 est

1514 833 1538 863 Z
1558 833 1705 873 aequale,
1729 840 1759 863 et
1774 837 1803 864 A
1819 834 1934 864 feratur
1958 835 2106 866 continue
2129 836 2167 865 ab
2187 842 2324 867 extremo
2349 839 2387 868 ad
2404 839 2449 878 C;
2469 841 2507 870 si-

1516 876 1584 906 mul
1607 883 1714 906 autem
1737 877 1776 908 sit
1799 879 1828 907 A
1850 877 1882 907 in
1905 878 1931 908 B
1955 879 2055 918 signo,
2081 886 2110 909 et
2133 879 2161 909 D
2185 879 2300 910 feratur
2323 883 2471 914 continue
2490 895 2509 915 a

1514 921 1538 950 Z
1563 927 1701 950 extremo
1725 921 1764 950 ad
1788 921 1812 959 I,
1836 922 2016 961 regulariter
2035 929 2065 953 et
2088 922 2251 953 velocitate
2267 923 2361 955 simili
2384 926 2443 966 ipsi
2459 930 2505 958 A:

1515 963 1621 1003 ipsum
1645 964 1672 994 D
1697 970 1769 994 ante
1791 964 1894 995 veniet
1921 966 1954 995 in
1977 967 1989 996 I
2014 976 2111 1006 quam
2134 969 2163 996 A
2190 966 2223 996 in
2248 966 2284 997 C.
2309 968 2398 999 Prius
2423 971 2508 1002 enim

1516 1017 1648 1037 movens
1672 1014 1702 1038 et
1726 1008 1886 1038 discedens
1915 1009 2055 1049 primum
2084 1010 2188 1040 venire
2212 1020 2336 1041 necesse
2356 1019 2410 1043 est.
2434 1015 2509 1045 Non

1517 1060 1590 1090 ergo
1621 1051 1716 1081 simul
1747 1051 1834 1082 affuit
1861 1054 1890 1082 A
1908 1053 1941 1082 in
1964 1053 1989 1084 B
2018 1061 2048 1084 et
2071 1053 2170 1084 abfuit
2198 1054 2236 1084 ab
2265 1055 2394 1087 eodem:
2424 1059 2508 1089 unde

1516 1094 1681 1134 posterius.
1707 1094 1738 1124 Si
1763 1095 1848 1125 enim
1867 1095 1973 1135 simul,
1997 1107 2063 1127 non
2086 1097 2242 1137 posterius
2259 1105 2320 1129 est:
2338 1098 2392 1131 sed
2406 1111 2511 1133 neces—

1516 1137 1589 1168 sitas
1613 1137 1669 1167 erit
1692 1144 1781 1168 stare.

1450 1226 1524 1255 Non
1542 1235 1616 1264 ergo
1636 1225 1823 1265 ponendum
1838 1232 1883 1255 est
1899 1236 1973 1257 cum
1988 1229 2017 1256 A
2036 1227 2123 1257 affuit
2149 1229 2323 1259 secundum
2345 1230 2386 1269 B,
2403 1231 2509 1271 ipsum

1517 1269 1545 1299 D
1570 1269 1690 1299 moveri
1714 1279 1731 1299 a
1754 1270 1778 1299 Z
1802 1269 1927 1300 ultimo.
1951 1270 1983 1300 Si
2008 1271 2092 1301 enim
2116 1270 2202 1301 affuit
2224 1274 2253 1302 A
2276 1272 2308 1302 in
2332 1273 2373 1311 B,
2400 1275 2457 1306 erit
2479 1283 2510 1307 et

1519 1313 1643 1351 abesse,
1667 1319 1698 1343 et
1720 1323 1786 1342 non
1810 1313 1922 1343 simul:
1947 1314 2001 1344 sed
2025 1321 2088 1344 erat
2111 1314 2143 1344 in
2167 1315 2324 1346 decisione
2343 1319 2509 1358 temporis,

1518 1363 1548 1387 et
1571 1366 1637 1386 non
1651 1356 1683 1386 in
1707 1363 1859 1397 tempore.
1885 1358 1956 1388 Hoc
1980 1357 2110 1398 quidem
2133 1357 2228 1397 igitur
2251 1366 2296 1389 est
2313 1360 2509 1400 impossibile

1518 1401 1562 1431 sic
1594 1400 1694 1430 dicere
1724 1400 1756 1430 in
1781 1401 1953 1431 continuo:
1979 1402 2033 1432 sed
2060 1401 2092 1431 in
2116 1401 2283 1433 reflectenti
2313 1413 2437 1435 necesse
2465 1413 2512 1437 est

1519 1444 1564 1474 sic
1587 1444 1697 1475 dicere.
1722 1444 1755 1475 Si
1779 1444 1864 1475 enirn
1888 1445 1976 1485 quod
2000 1452 2045 1476 est
2062 1446 2073 1475 Ι
2088 1445 2204 1476 feratur
2227 1447 2267 1476 ad
2289 1447 2395 1486 ipsum
2418 1450 2458 1487 D,
2481 1457 2511 1480 et

1518 1488 1634 1518 iterum
1652 1488 1812 1518 reflectens
1829 1489 1978 1519 deorsum
1998 1489 2123 1527 feratur,
2141 1489 2255 1520 ultimo
2271 1490 2300 1520 D
2317 1498 2347 1521 et
2362 1491 2424 1522 fine
2443 1500 2509 1524 ute-

1519 1539 1570 1563 tur
1593 1539 1623 1562 et
1646 1531 1812 1572 principio,
1829 1542 1895 1562 uno
1919 1532 2009 1573 signo
2033 1539 2069 1563 ut
2087 1533 2230 1564 duobus:
2255 1534 2339 1564 unde
2361 1542 2440 1567 stare
2456 1547 2510 1567 ne-

1520 1586 1603 1607 cesse
1621 1583 1675 1606 est.
1694 1576 1807 1616 Neque
1826 1576 1921 1606 simul
1936 1576 2024 1607 affuit
2038 1576 2071 1606 in
2086 1576 2157 1617 ipso
2173 1577 2213 1616 D,
2234 1585 2264 1608 et
2283 1578 2359 1609 abiit
2382 1581 2420 1610 ab
2441 1581 2510 1621 ipso

1520 1620 1567 1650 D:
1591 1619 1634 1650 ibi
1657 1619 1742 1649 enim
1761 1619 1856 1650 simul
1880 1626 1959 1650 esset
1982 1627 2012 1651 et
2034 1629 2100 1650 non
2120 1627 2200 1651 esset
2222 1622 2255 1651 in
2279 1623 2393 1653 eodem
2415 1634 2510 1656 nunc.

1518 1664 1536 1683 *
1550 1666 1594 1694 At
1616 1673 1690 1694 vero
1715 1662 1793 1693 olim
1809 1663 1926 1694 solutio
1942 1674 2009 1694 non
2032 1665 2134 1694 danda
2158 1671 2212 1695 est.
2236 1666 2310 1695 Non
2328 1667 2413 1697 enim
2437 1679 2510 1699 con-

1521 1708 1612 1747 tingit
1635 1708 1736 1737 dicere
1759 1707 1847 1751 quod
1871 1708 2046 1738 secundum
2069 1708 2175 1748 ipsum
2198 1709 2226 1738 D
2251 1709 2290 1740 sit
2313 1709 2421 1749 ipsum
2443 1713 2455 1742 I
2477 1713 2511 1743 in

1521 1751 1692 1788 decisione,
1709 1761 1775 1780 non
1792 1751 1879 1781 affuit
1899 1758 2005 1782 autem
2024 1761 2127 1792 neque
2144 1752 2257 1783 defuit:
2282 1763 2406 1785 necesse
2426 1756 2511 1787 enim

1521 1802 1567 1825 est
1589 1795 1622 1824 in
1645 1794 1742 1824 finem
1764 1794 1868 1824 venire
1892 1795 1947 1835 qui
1971 1802 2042 1826 actu
2067 1803 2122 1834 est,
2146 1806 2212 1826 non
2235 1798 2387 1836 potentia.
2413 1800 2510 1836 Quod

1520 1838 1651 1879 quidem
1681 1838 1775 1877 igitur
1798 1844 1844 1868 est
1866 1838 1899 1867 in
1922 1839 2038 1877 medio,
2063 1839 2203 1879 potentia
2226 1847 2288 1871 est:
2313 1841 2375 1872 hoc
2404 1850 2510 1874 autem

1520 1889 1608 1921 actu,
1633 1889 1663 1912 et
1685 1881 1757 1911 finis
1780 1881 1909 1922 quidem
1926 1883 2086 1921 deorsum,
2106 1883 2296 1924 principium
2315 1892 2422 1916 autem
2445 1897 2511 1917 sur-

1520 1936 1601 1957 sum.
1626 1926 1666 1956 Et
1689 1932 1838 1956 motuum
1861 1935 1934 1965 ergo
1952 1926 2101 1957 similiter.
2126 1928 2258 1958 Necesse
2274 1935 2321 1959 est
2336 1939 2408 1968 ergo
2433 1937 2511 1962 stare

1519 1970 1679 2000 reflectens
1702 1969 1734 1999 in
1759 1975 1853 2000 rect0.
1878 1970 1952 1999 Non
1972 1980 2046 2010 ergo
2064 1971 2215 2011 contingit
2231 1972 2420 2003 continuum
2442 1985 2511 2005 mo-

1519 2021 1590 2045 tum
1612 2013 1645 2043 in
1669 2020 1755 2044 recto
1780 2019 1809 2043 et
1832 2020 2022 2053 perpetuum
2045 2024 2120 2045 esse.

1453 2144 1577 2175 Eodem
1601 2150 1708 2174 autem
1731 2145 1830 2174 modo
1857 2145 2051 2175 obviandum
2075 2152 2121 2176 est
2143 2146 2182 2176 ad
2205 2146 2430 2186 interrogantes
2455 2149 2511 2179 Ze-

1520 2188 1613 2218 nonis
1637 2187 1805 2227 rationem,
1823 2195 1854 2218 et
1875 2189 2027 2227 volentes,
2046 2189 2070 2219 si
2090 2199 2214 2229 semper
2231 2190 2373 2221 medium
2391 2193 2512 2222 transiri

1521 2238 1664 2271 oportet:
1681 2231 1758 2261 haec
1776 2239 1883 2262 autem
1897 2232 2019 2263 infinita
2034 2239 2117 2272 sunt,
2128 2233 2249 2263 infinita
2265 2240 2371 2264 autem
2383 2236 2512 2266 transire

1519 2274 1714 2315 impossibile
1733 2281 1788 2305 est.
1812 2277 1878 2306 Aut
1897 2275 1980 2319 sicut
2002 2276 2104 2316 ipsam
2126 2277 2207 2307 hanc
2226 2278 2358 2308 eandem
2382 2279 2514 2319 quidam

1519 2319 1674 2349 rationem
1702 2318 1789 2349 aliter
1819 2319 2025 2359 interrogant,
2050 2319 2190 2350 volentes
2220 2321 2314 2351 simul
2339 2332 2412 2352 curn
2442 2333 2514 2353 mo-

1519 2363 1584 2392 veri
1600 2362 1900 2402 medietatemprius
1919 2373 2094 2401 numerare,
2114 2365 2288 2394 secundum
2308 2367 2511 2406 unumquod-

1521 2416 1583 2446 que
1606 2406 1725 2436 factum
1748 2406 1900 2437 medium.
1925 2407 2030 2444 Quare
2053 2407 2186 2437 abeunte
2211 2414 2327 2446 totam,
2352 2409 2512 2440 infinitum

1521 2450 1632 2480 accidit
1654 2460 1818 2480 numerare
1833 2460 2012 2481 numerum.
2037 2451 2109 2481 Hoc
2124 2457 2231 2481 autem
2249 2451 2437 2483 confitentur
2452 2453 2510 2483 im-

1521 2493 1670 2534 possibile
1694 2503 1770 2524 esse.

1454 2535 1471 2554 *
1486 2535 1521 2566 In
1540 2537 1648 2577 primis
1664 2537 1757 2577 igitur
1773 2537 1944 2568 rationibus
1961 2538 1999 2567 de
2017 2545 2108 2568 motu
2125 2538 2288 2577 solvimus,
2305 2549 2360 2579 per
2374 2540 2407 2570 id
2423 2542 2512 2581 quod

1522 2588 1647 2621 tempus
1670 2581 1791 2612 infinita
1806 2580 1899 2611 habet
1914 2581 1946 2611 in
1961 2581 2074 2621 seipso.
2091 2582 2165 2612 Non
2184 2583 2269 2612 enim
2286 2583 2511 2615 inconveniens

1523 2631 1568 2655 est
1591 2625 1616 2654 si
1632 2625 1664 2654 in
1681 2624 1804 2655 infinito
1821 2631 1963 2664 tempore
1981 2625 2140 2656 infinitum
2156 2626 2265 2656 transit
2278 2627 2407 2667 aliquis:
2425 2628 2508 2658 simi-

1521 2668 1591 2699 liter
1613 2675 1720 2699 autem
1741 2667 1902 2699 infinitum
1925 2668 2034 2709 utique
2053 2669 2085 2699 in
2099 2669 2295 2709 longitudine
2319 2677 2365 2701 est
2388 2678 2418 2702 et
2433 2678 2509 2702 tem-

1522 2722 1609 2752 pore.

1456 2755 1518 2786 Sed
1540 2756 1616 2786 haec
1639 2755 1756 2786 solutio
1781 2755 1820 2785 ad
1842 2755 2085 2795 interrogantem
2108 2756 2237 2796 quidem
2260 2767 2292 2787 se
2315 2757 2408 2788 habet
2423 2758 2510 2789 suffi-

1522 2800 1654 2838 cienter;
1673 2799 1882 2839 interrogabat
1897 2799 1981 2829 enim
1997 2799 2023 2830 si
2037 2800 2071 2830 in
2086 2798 2175 2830 finito
2194 2807 2335 2841 tempore
2350 2801 2510 2832 infinitum

1521 2843 1650 2874 transire
1669 2850 1762 2883 atque
1777 2853 1940 2873 numerare
1960 2843 2126 2884 contingit:
2151 2844 2190 2873 ad
2214 2854 2281 2874 rem
2304 2852 2410 2876 autem
2426 2852 2456 2876 et
2471 2847 2510 2876 ad

1521 2887 1682 2917 veritatem
1713 2897 1779 2917 non
1806 2886 2000 2918 sufficienter.
2032 2887 2064 2918 Si
2095 2887 2179 2917 enim
2209 2887 2331 2929 aliquis,
2351 2889 2511 2920 dimittens

1520 2930 1781 2970 magnitudinem,
1799 2937 1829 2960 et
1842 2930 2030 2971 interrogare
2053 2931 2078 2961 si
2099 2930 2131 2960 in
2152 2930 2241 2962 finito
2263 2939 2408 2972 tempore
2433 2943 2509 2963 con-

1520 2974 1612 3013 tingit
1627 2973 1747 3004 infinita
1758 2974 1886 3004 transire
1896 2996 1904 3011 ,
1926 2974 2094 3015 interroget
2104 2975 2137 3004 in
2153 2974 2222 3014 ipso
2242 2982 2383 3016 ternpore
2401 2978 2510 3007 eadem

1535 3017 1627 3048 habet
1646 3017 1729 3047 enim
1748 3024 1873 3057 tempus
1889 3017 2024 3048 infinitas
2041 3017 2233 3060 divisiones),
2258 3029 2315 3050 nec
2330 3020 2432 3050 adhuc
2448 3020 2510 3050 suf-

1543 3061 1626 3091 ciens
1649 3061 1725 3091 haec
1749 3061 1876 3092 solutio.

1454 3103 1515 3134 Sed
1530 3115 1641 3135 verum
1657 3105 1826 3135 dicendum
1840 3111 1886 3135 est
1901 3105 1988 3145 quod
2002 3105 2131 3146 quidem
2146 3105 2279 3135 diximus
2295 3106 2328 3135 in
2347 3106 2445 3136 modo
2461 3116 2507 3137 ra-

1519 3147 1668 3179 tionibus.
1683 3148 1715 3179 Si
1731 3148 1816 3178 enirn
1839 3148 1949 3189 aliquis
1965 3148 2152 3179 continuum
2168 3145 2296 3188 quid'em
2315 3149 2452 3180 diviserit
2473 3150 2506 3180 in

1521 3191 1585 3222 duo
1602 3192 1720 3230 media,
1736 3191 1787 3222 hic
1803 3201 1868 3222 uno
1885 3192 1974 3231 signo
1994 3198 2144 3231 tanquam
2160 3191 2285 3221 duobus
2302 3192 2413 3222 utitur:
2435 3192 2508 3224 facit

1520 3235 1605 3265 enim
1626 3235 1732 3275 ipsum
1750 3234 1941 3274 principium
1956 3241 1986 3265 et
2000 3235 2105 3265 finem.
2122 3234 2171 3265 Sic
2187 3241 2293 3265 autem
2308 3235 2381 3266 facit
2394 3246 2506 3267 nume-

1518 3289 1590 3309 rans
1609 3286 1639 3309 et
1655 3279 1686 3309 in
1706 3278 1808 3308 media
1831 3278 1980 3308 dividens.
1998 3278 2048 3309 Sic
2064 3284 2169 3308 autern
2184 3278 2350 3316 dividente,
2369 3290 2435 3310 non
2451 3280 2508 3311 erit

1520 3322 1670 3352 continua
1702 3331 1804 3361 neque
1834 3321 1916 3351 linea
1945 3331 2048 3362 neque
2079 3328 2203 3352 motus:
2228 3322 2396 3353 continuus
2421 3323 2506 3353 enim

1519 3372 1626 3396 motus
1653 3365 1793 3396 continui
1822 3371 1876 3394 est.
1907 3364 1941 3394 In
1971 3365 2121 3395 continuo
2154 3371 2260 3395 autem
2285 3373 2359 3396 sunt
2385 3366 2506 3397 infinita

1519 3409 1638 3447 media,
1663 3409 1716 3438 sed
1739 3418 1804 3438 non
1828 3414 1909 3446 actu,
1934 3408 1988 3438 sed
2010 3408 2166 3448 potentia:
2191 3408 2216 3438 si
2238 3419 2312 3439 vero
2336 3409 2409 3440 facit
2422 3417 2505 3449 actu,

1519 3462 1585 3482 non
1608 3452 1698 3482 faciet
1721 3451 1918 3488 continuum,
1936 3452 1989 3481 sed
2008 3452 2108 3482 stabit.
2125 3452 2221 3489 Quod
2240 3453 2369 3493 quidem
2390 3453 2423 3484 in
2446 3464 2505 3484 nu-

1474 3496 1477 3499 ’
1520 3502 1659 3526 metante
1678 3494 1780 3524 media
1796 3494 1996 3525 manifestum
2011 3502 2057 3525 est
2072 3495 2146 3535 quia
2161 3496 2286 3527 accidit:
2303 3506 2405 3527 unum
2421 3497 2506 3527 enim

1522 3539 1648 3580 signum
1670 3547 1794 3569 necesse
1818 3544 1863 3569 est
1882 3537 1988 3579 ipsum
2007 3549 2170 3570 numerare
2191 3540 2272 3579 duo;
2295 3540 2420 3571 alterius
2436 3540 2504 3582 qui-

2534 778 2601 799 Text.
2612 778 2650 800 66.

2538 1677 2547 1686 ·
2562 1675 2629 1697 Text.
2641 1675 2678 1702 67.

2539 2546 2548 2554 ·
2562 2544 2629 2566 Text.
2641 2545 2680 2566 68.
