2898 3996
197 1591 207 1600 '⁸
222 1589 247 1611 S.
261 1589 305 1610 Th.
319 1589 370 1610 lect.
387 1594 409 1609 ιν

196 1620 217 1637 ct

232 1623 274 1637 v.-
290 1615 351 1641 Did„
368 1615 409 1636 lib.

197 1642 236 1668 IX,
252 1648 303 1669 cup.
319 1648 351 1668 ιιι,
371 1648 409 1662 nn.

197 1669 218 1693 ὁ,
227 1675 251 1696 7;
267 1675 318 1696 cap.
328 1674 358 1695 ιν,
367 1674 390 1689 ιι.
401 1674 408 1688 ι

197 1699 219 1716 et

234 1701 272 1723 seq
276 1702 298 1723 q.

200 1798 209 1807 ⁸
225 1796 287 1818 Lect.
301 1802 325 1817 x.

201 1958 208 1964 ·
224 1955 286 1976 Lect.
303 1959 351 1980 scq.

200 2203 227 2234 115

203 2172 286 2217 'guo
274 2169 394 2191 orumdam

229 2203 240 2217 r
256 2203 270 2217 α
285 2202 323 2217 ta.

211 2223 305 2244 Num.
321 2229 341 2251 3.

197 2277 205 2284 ·
224 2276 294 2297 Num.
310 2276 331 2298 8.

199 3182 206 3188 ·
233 3181 308 3200 autem
328 3182 374 3199 orn.
396 3183 410 3198 z

200 3212 238 3227 oa.

435 308 511 345 256

1075 307 1421 345 PHYSICORUM
1447 307 1796 344 ARISTOTELIS
1826 307 1919 344 LIB.
1948 308 1983 344 V

489 386 630 414 swopsxs
652 402 686 406 —
715 395 738 413 1.
766 386 978 422 Argumentum
1007 391 1034 412 et
1059 385 1162 413 divisio
1188 391 1290 413 textus.
1318 402 1338 406 -
1359 393 1386 413 2.
1414 385 1498 414 Ratio
1554 394 1571 413 a
1591 385 1717 413 termino
1743 385 1772 413 in
1796 394 1896 422 quem,
1918 395 2006 422 quam
2027 395 2045 414 a
2071 387 2196 416 termino
2217 396 2235 416 a
2262 397 2326 426 quo.
2347 406 2367 411 -
2394 399 2421 426 7.
2450 391 2616 419 Secundum

436 425 644 454 contrarietatis
666 425 696 452 in
717 425 844 453 motibus
859 425 987 461 quinque
1002 424 1098 452 modis
1115 424 1313 452 universaliter
1333 424 1425 461 accipi
1445 434 1498 462 po-

435 472 503 493 test:
526 466 554 500 α)
577 465 735 492 secundum
757 473 903 492 accessum
926 465 963 492 ad
983 463 1108 500 aliquem
1130 463 1286 492 terminum
1307 470 1335 492 et
1355 473 1499 493 recessum

436 506 472 533 ab
495 513 544 539 eo;
564 505 591 539 b)
607 504 766 532 secundum
788 503 1019 532 contrarietatem
1041 503 1231 531 terminorum
1245 512 1263 531 a
1277 503 1381 540 quibus
1402 503 1501 540 incipit

436 550 547 579 motus;
570 545 595 579 c)
618 543 776 571 secundum
799 543 1029 571 contrarietatem
1051 543 1242 571 terminorum
1257 543 1293 571 ad
1308 552 1382 580 quos
1403 543 1500 571 termi-

435 590 521 611 natur
547 589 659 617 motus;
689 583 718 618 d)
747 583 906 610 secundum
935 582 1166 610 contrarietatem
1194 582 1308 610 termini
1333 592 1351 611 a
1377 592 1437 619 quo
1463 583 1501 610 ad

436 622 592 651 terminum
620 622 658 650 ad
686 631 789 659 quem;
819 624 844 658 e)
867 621 992 658 denique
1020 622 1180 650 secundum
1208 622 1438 650 contrarietatem
1468 631 1501 650 ex

435 668 515 699 parte
526 668 716 698 utrorumque
737 661 937 689 terminorum.
953 678 972 682 —
989 662 1015 689 3.
1031 662 1139 689 Textus
1154 661 1320 690 subdivisio.
1335 661 1502 690 Excluditur

436 708 555 739 quartus
577 701 696 729 modus:
719 710 824 737 nempe
846 707 942 729 motus
964 700 1014 737 qui
1035 707 1078 728 est
1099 710 1132 729 ex
1153 710 1214 729 uno
1229 701 1384 736 contrario,
1399 701 1500 738 nequit

436 750 497 769 esse
519 740 679 769 contrarius
701 740 727 768 ei
748 741 798 777 qui
819 747 861 769 est
883 741 912 768 in
933 740 1011 768 aliud
1033 740 1218 768 contrarium.
1241 741 1319 768 Idem
1341 741 1420 769 enim
1440 750 1501 769 non

436 787 478 809 est
499 779 553 808 sibi
576 780 631 817 ipsi
652 780 842 815 contrarium;
865 781 915 808 sed
937 779 976 808 illi
998 780 1057 808 duo
1078 786 1176 808 motus
1196 780 1310 808 realiter
1334 786 1400 808 sunt
1426 789 1502 808 unus

436 827 464 848 et
484 820 562 848 idem
584 825 691 855 motus,
707 826 734 848 et
748 829 809 848 non
830 819 966 848 differunt
986 819 1041 847 nisi
1062 819 1189 854 ratione,
1211 826 1243 847 ut
1264 826 1343 856 patet
1367 819 1397 847 in
1419 826 1501 848 motu

436 859 486 897 qui
501 865 543 888 est
557 869 575 888 a
599 859 719 888 sanitate
733 866 761 887 et
775 860 804 887 in
819 866 902 888 motu
916 859 966 896 qui
988 866 1030 887 est
1045 859 1074 887 in
1089 859 1308 896 aegritudinem.
1323 876 1343 880 -
1355 868 1384 894 4.
1399 859 1501 888 Exclu-

436 899 513 927 ditur
534 900 677 927 secundus
699 899 820 927 modus:
844 908 894 927 seu
916 898 1102 927 contrarietas
1129 905 1262 927 motuum
1283 907 1344 927 non
1366 905 1408 927 est
1428 899 1503 927 acci·-

435 939 542 975 pienda
563 939 723 967 secundum
749 939 981 967 contrarietatem
1010 938 1202 966 terminorum
1228 948 1245 967 a
1272 938 1376 975 quibus
1404 938 1503 975 incipit

436 985 542 1007 motus.
565 980 593 1015 a)
616 980 682 1006 Duo
704 985 800 1007 motus
816 978 864 1015 qui
886 978 916 1006 in
937 978 1014 1006 idem
1036 978 1167 1013 tendunt,
1182 987 1243 1006 non
1263 984 1331 1006 sunt
1352 978 1501 1006 contrarii:

436 1019 495 1046 duo
518 1025 615 1046 autem
630 1025 728 1046 motus
750 1027 783 1046 ex
798 1017 949 1046 contrariis
969 1018 1143 1053 recedentes,
1160 1024 1282 1054 possunt
1296 1017 1326 1046 in
1341 1017 1418 1046 idem
1438 1024 1500 1046 ten-

436 1059 513 1086 dere.
529 1076 548 1080 -
565 1059 590 1086 5.
606 1059 633 1093 b)
650 1058 845 1086 Contrarietas
860 1057 1051 1086 terminorum
1065 1058 1102 1086 ad
1117 1067 1191 1095 quos
1205 1057 1376 1086 terminatur
1396 1064 1502 1093 motus,

436 1097 527 1134 magis
546 1098 659 1126 videtur
680 1107 741 1125 esse
763 1107 850 1126 causa
867 1097 1077 1126 contrarietatis
1098 1103 1248 1133 motuum;
1264 1097 1332 1134 quia
1345 1103 1442 1126 motus
1458 1107 1501 1126 re-

437 1138 570 1166 cedentes
591 1147 609 1165 a
630 1137 779 1165 contrariis
805 1137 904 1165 dicunt
932 1137 1125 1165 remotionem
1154 1136 1376 1172 contrarietatis,
1405 1143 1502 1165 motus

436 1183 532 1205 autem
555 1178 724 1205 accedentes
749 1177 786 1205 ad
808 1176 952 1205 contraria
979 1176 1138 1213 important
1158 1176 1362 1222 acceptionem
1388 1183 1501 1205 contra-

436 1217 552 1245 rietatis.
574 1233 591 1237 -
615 1218 641 1244 6.
663 1218 689 1252 c)
711 1218 737 1244 A
758 1226 818 1253 quo
839 1216 947 1254 aliquid
968 1216 1068 1253 recipit
1089 1216 1230 1253 speciem,
1251 1216 1351 1253 recipit
1374 1223 1402 1244 et
1432 1226 1502 1245 con-

436 1257 620 1285 trarietatem
651 1256 856 1294 Unusquisque
883 1263 981 1285 autem
1007 1263 1104 1285 motus
1132 1256 1223 1293 magis
1250 1256 1350 1293 recipit
1377 1256 1502 1292 speciem

526 1404 528 1406 ,
607 1398 622 1405 γ,
641 1385 649 1393 ·
658 1372 686 1411 ,-“
703 1373 880 1415 ostquam
899 1365 1154 1415 Philosophus
1170 1365 1435 1403 determinavit
1455 1364 1501 1402 de

556 1390 679 1472 „N
656 1419 843 1456 &unitate
873 1427 910 1456 et
937 1419 1151 1456 diversitate
1181 1426 1323 1465 motus,
1348 1417 1410 1454 hic
1438 1417 1502 1454 de-

629 1515 646 1520 &
679 1473 879 1509 terminat
916 1472 963 1509 de
1002 1472 1262 1508 contrarietate
1303 1478 1500 1518 motuum,

529 1546 532 1549 >
632 1520 685 1565 „311⁴
703 1538 800 1574 quae
822 1533 876 1562 est
891 1525 1080 1573 quaedam
1101 1524 1324 1561 diversitatis
1344 1523 1502 1572 species,

436 1586 478 1614 ut
505 1586 606 1627 patet
634 1579 671 1615 in
700 1579 734 1614 Χ
759 1579 974 1626 Metaphys.
998 1578 1017 1598 '¹‘
1041 1578 1089 1613 Et
1108 1577 1286 1614 dividitur
1313 1577 1351 1613 in
1378 1584 1503 1626 partes

438 1631 547 1668 duas:
559 1631 684 1680 primo
701 1631 863 1667 ostendit
878 1630 1037 1679 qualiter
1051 1630 1272 1689 accipienda
1288 1637 1343 1666 est
1358 1637 1503 1666 contra-

437 1684 548 1721 rietas
567 1684 605 1721 in
625 1691 744 1730 motu,
763 1691 798 1720 et
817 1683 931 1720 etiam
950 1683 988 1719 in
1013 1683 1156 1731 quiete;
1177 1683 1215 1720 in
1235 1683 1403 1720 secunda
1422 1695 1504 1719 mo-

436 1744 501 1774 vet
516 1737 702 1786 quasdam
718 1736 959 1785 quaestiones
971 1736 1068 1773 circa
1083 1736 1386 1773 contrarietatem
1396 1748 1504 1784 prae-

439 1790 590 1837 dictam,
620 1789 687 1826 ibi:
712 1789 908 1826 Dubitabit
932 1795 1057 1826 autem
1086 1789 1219 1837 aliquis
1247 1789 1266 1810 '¹‘
1295 1796 1364 1826 etc.
1395 1789 1506 1825 Circa

436 1843 604 1891 primurn
635 1843 711 1879 duo
739 1842 843 1879 facit:
872 1842 997 1891 primo
1028 1842 1254 1879 determinat
1282 1842 1328 1879 de
1359 1849 1505 1878 contra-

438 1896 567 1932 rietate
597 1903 742 1941 motus;
773 1896 941 1932 secundo
978 1895 1024 1932 de
1063 1895 1324 1932 contrarietate
1353 1895 1504 1944 quietis,

437 1949 505 1985 ibi:
545 1949 731 1991 Quoniam
759 1954 884 1986 autem
913 1948 1032 1985 motui
1059 1949 1078 1969 ·“’·””
1108 1955 1176 1985 etc.
1200 1948 1310 1985 Circa
1336 1948 1505 1997 primum

438 2002 507 2038 tria
526 2002 628 2039 facit:
648 2002 774 2051 primo
796 2001 986 2050 distinguit
1005 2001 1177 2038 diversos
1201 2001 1351 2048 modos,
1373 2013 1506 2038 secun-

440 2053 531 2092 dum
553 2068 650 2104 quos
668 2055 790 2092 videri
808 2062 939 2104 posset
966 2054 1071 2103 quod
1100 2054 1332 2103 acciperetur
1360 2062 1506 2091 contra-

439 2109 550 2145 rietas
578 2109 616 2144 in
650 2115 774 2155 motu;
805 2108 974 2145 secundo
1005 2115 1179 2144 removet
1211 2107 1400 2156 quosdam
1427 2107 1506 2144 illo-

440 2174 525 2198 rum
546 2162 578 2208 ³⁸,
599 2161 667 2198 ibi:
683 2162 752 2198 Est
768 2167 893 2198 autem
909 2161 976 2209 qui
987 2166 1041 2197 est
1055 2161 1096 2182 ³³*
1112 2168 1200 2206 etc.;
1220 2160 1329 2197 tertio
1345 2160 1508 2208 assignat

439 2227 575 2252 verum
614 2215 776 2251 modum
812 2214 1082 2251 contrarietatis
1109 2213 1148 2250 in
1177 2221 1286 2250 motu
1321 2221 1356 2250 et
1384 2221 1506 2250 muta-

439 2267 554 2315 tione,
579 2267 646 2304 ibi:
681 2268 868 2309 Quoniam
896 2273 1021 2304 autem
1050 2267 1177 2317 differt
1203 2268 1222 2288 ²²
1252 2274 1319 2303 ete.

496 2333 530 2358 2.
552 2320 651 2357 Dicit
679 2333 768 2368 ergo
797 2321 942 2369 prim0‚
974 2320 1078 2369 quod
1105 2327 1193 2368 post
1219 2319 1411 2369 praedicta
1443 2319 1508 2355 de-

440 2374 723 2411 terminandum
745 2381 799 2410 est
819 2373 938 2423 qualis
958 2374 1004 2410 sit
1022 2381 1150 2410 motus
1172 2372 1379 2409 contrarius
1399 2372 1508 2409 alicui

441 2427 582 2472 motui;
614 2434 648 2463 et
677 2427 816 2463 eodem
855 2426 974 2463 modo
1014 2426 1345 2464 determinandum
1382 2433 1437 2462 est
1464 2425 1509 2462 de

441 2481 646 2526 mansione,
663 2479 759 2517 idest
775 2480 820 2516 de
842 2479 1102 2516 contrarietate
1123 2479 1258 2528 quietis
1277 2480 1326 2516 ad
1345 2485 1506 2525 motum,

443 2542 478 2570 et
506 2533 640 2582 quietis
670 2533 717 2569 ad
746 2533 925 2582 quietem.
957 2534 1034 2570 Sed
1063 2533 1100 2569 in
1135 2534 1209 2569 hoc
1243 2539 1402 2569 tractatu
1433 2532 1509 2567 hoc

440 2586 565 2635 primo
595 2586 811 2623 faciendum
841 2594 907 2633 est,
929 2586 1033 2634 quod
1060 2586 1246 2622 debemus
1279 2585 1505 2632 distinguere

442 2640 592 2686 modos,
614 2639 825 2676 secundum
846 2651 942 2688 quos
961 2639 1223 2676 universaliter
1242 2637 1360 2686 accipi
1386 2644 1510 2685 potest

442 2693 534 2729 ratio
566 2692 835 2730 contrarietatis
855 2692 893 2729 in
917 2692 1096 2728 motibus.
1118 2692 1167 2728 Et
1193 2689 1382 2738 distinguit
1401 2689 1508 2738 quin-

442 2758 515 2793 que
536 2746 687 2782 modos.
709 2746 885 2792 Quorum
906 2745 1051 2793 primus
1067 2752 1122 2780 est
1136 2749 1164 2789 α,
1186 2751 1228 2780 ut
1247 2743 1340 2780 ratio
1362 2750 1507 2779 contra-

441 2799 578 2835 rietatis
598 2799 635 2835 in
655 2799 823 2835 motibus
843 2797 1047 2846 accipiatur
1074 2796 1286 2833 secundum
1312 2808 1508 2832 accessum

441 2852 490 2888 ad
514 2852 679 2900 aliquem
708 2851 925 2896 terminum,
943 2857 980 2886 et
1007 2862 1200 2886 recessum
1229 2850 1276 2886 ab
1293 2849 1443 2886 eodem.
1461 2849 1509 2885 Et

440 2905 515 2941 hoc
544 2913 599 2941 est
632 2905 737 2952 quod
776 2903 880 2940 dicit:
911 2908 1036 2939 utrum
1072 2903 1283 2939 contrarius
1316 2907 1438 2938 motus
1464 2902 1511 2938 sit

441 2958 506 3005 qui
532 2963 585 2994 est
611 2969 660 2993 ex
687 2957 828 3002 eodem,
859 2956 895 2992 ei
920 2956 986 3004 qui
1006 2961 1059 2992 est
1086 2956 1122 2992 in
1153 2956 1265 3002 idem,
1297 2961 1337 2991 ut
1363 2954 1429 3003 qui
1454 2960 1508 2990 est

441 3023 490 3046 ex
525 3011 702 3055 sanitate,
729 3010 763 3046 ei
790 3009 856 3058 qui
887 3014 941 3045 est
977 3009 1014 3045 in
1051 3009 1267 3045 sanitatem:
1296 3007 1507 3044 secundum

441 3075 557 3112 quam
587 3063 771 3099 rationem
807 3062 999 3110 generatio
1029 3069 1066 3098 et
1103 3061 1294 3110 corruptio
1331 3060 1509 3098 videntur

441 3128 522 3153 esse
559 3115 755 3162 contraria,
777 3115 865 3164 quia
885 3114 1074 3162 generatio
1105 3122 1161 3151 est
1179 3122 1306 3151 motus
1335 3114 1383 3150 ad
1413 3125 1506 3159 esse,

441 3169 631 3218 corruptio
661 3176 789 3206 autem
821 3170 839 3189 '¹²
869 3175 1080 3204 est·m0tus
1109 3168 1156 3204 ab
1187 3180 1279 3204 esse.
1308 3166 1508 3204 Secundus

440 3222 580 3259 modus
601 3229 666 3269 est,
686 3229 726 3259 ut
747 3221 841 3259 ratio
862 3221 1133 3258 contrarietatis
1152 3228 1326 3257 motuum
1350 3219 1509 3268 accipia-

440 3283 498 3312 tur
513 3276 723 3313 secundum
744 3274 1044 3312 contrarietatem
1059 3274 1318 3321 terminorum,
1336 3286 1357 3310 a
1373 3273 1508 3322 quibus

495 3442 521 3472 a)
543 3443 661 3471 Quorum
679 3442 783 3473 primus
802 3445 849 3466 est.
863 3455 881 3460 -
895 3441 1001 3466 Primus
1026 3441 1120 3466 modus
1139 3444 1178 3466 est
1197 3440 1237 3465 ed.
1256 3447 1287 3470 a,
1310 3441 1428 3470 Quorum
1448 3440 1506 3472 pri-

442 3483 499 3500 mus
520 3477 612 3501 modus
635 3479 673 3501 est
693 3477 737 3502 Pb.
752 3491 770 3495 —
784 3477 854 3501 ratio
879 3477 1079 3502 contrarietatis
1101 3477 1126 3501 in
1152 3476 1265 3501 motibus
1285 3483 1338 3500 om.
1359 3482 1390 3505 a;
1408 3483 1456 3508 pro
1480 3476 1506 3500 in

442 3511 562 3540 motibus,
584 3515 700 3536 motuum
721 3512 764 3536 Pb.
778 3512 897 3544 —XpEG
917 3513 964 3537 lac.

497 3544 522 3578 β)
542 3546 612 3577 quod
626 3547 830 3571 contrarietas...
849 3547 943 3571 horum
959 3547 1106 3572 modorum.
1120 3561 1138 3566 -
1153 3549 1182 3571 ut
1196 3546 1374 3571 contrarietas
1388 3550 1506 3572 motuum

444 3587 495 3604 non
515 3581 657 3605 secundum
674 3582 764 3612 plures
785 3581 876 3606 modos
894 3582 1043 3613 accipiatur
1062 3582 1093 3607 Y.
1107 3595 1126 3600 —
1139 3584 1187 3606 aut
1205 3586 1265 3614 post
1287 3581 1436 3613 accipiatur
1453 3589 1507 3606 om.

444 3615 586 3643 ΡΕΟΗαὸς
605 3615 698 3639 horum
719 3624 772 3640 om.
788 3617 847 3647 KX3
867 3624 914 3648 pro
933 3617 1082 3646 modorum,
1098 3618 1167 3649 quod
1187 3624 1240 3642 om.
1255 3616 1286 3647 Κ,
1306 3619 1437 3642 motorum
1457 3616 1507 3649 pG,

445 3658 494 3674 ras.
511 3650 562 3682 pF,
583 3653 699 3674 motuum
720 3651 777 3675 edd.
796 3651 837 3675 ab
857 3656 882 3675 et
901 3657 948 3676 cet.
963 3659 1016 3676 cxc.
1030 3652 1140 3676 LNSsG.

1553 434 1622 461 ergo
1644 424 1876 453 contrarietatem
1898 425 2099 461 terminorum,
2114 433 2265 456 remanent
2285 429 2343 456 duo
2365 429 2446 457 modi
2461 431 2617 459 contrarie-

1553 463 1618 492 tatis
1639 470 1787 499 motuum,
1810 465 1922 499 tertius,
1947 465 1997 502 qui
2018 472 2060 493 est
2081 467 2240 494 secundum
2269 468 2361 496 solam
2386 469 2616 499 contrarietatem

1553 503 1743 532 terminorum
1758 505 1795 532 ad
1810 513 1893 540 quos,
1910 510 1938 532 et
1951 505 2074 542 quintus.
2091 505 2141 542 qui
2156 512 2198 534 est
2212 507 2371 535 secundum
2386 508 2616 538 contrarietatem

1553 549 1743 580 utrorumque
1763 544 1962 572 terminorum.
1985 544 2043 579 Qui
2063 550 2161 573 tamen
2182 554 2242 573 non
2262 545 2395 574 videntur
2415 547 2528 576 differre
2549 550 2617 577 sub·

1554 582 1642 618 iectu,
1671 583 1721 611 sed
1742 583 1853 612 ratione
1877 590 2005 619 tantum;
2028 593 2096 612 nam
2117 591 2215 613 motus
2239 585 2289 622 qui
2317 592 2384 614 sunt
2404 587 2442 615 ad
2462 588 2616 624 contraria,

1555 628 1621 650 sunt
1644 622 1731 651 etiam
1754 632 1788 651 ex
1813 623 1971 652 contrariis.
1986 639 2005 644 -—
2022 624 2050 652 8.
2073 625 2180 652 Textus
2201 623 2257 653 alia
2277 625 2443 654 subdivisio.
2471 627 2519 654 Ad
2546 636 2616 656 con-

1554 661 1728 690 trarietatem
1759 669 1856 690 motus
1883 663 2037 700 requiritur
2058 663 2246 692 contrarietas
2267 673 2300 692 ex
2321 671 2400 701 parte
2426 671 2616 704 utrorumque

1554 701 1754 730 terminorum.
1776 703 1918 730 Probatur
1938 703 2058 731 ratione.
2081 703 2276 732 Contrarietas
2297 704 2462 741 aliquorum
2481 705 2619 742 accipitur

1554 741 1714 769 secundum
1735 741 1883 778 propriam
1897 742 2039 771 rationem
2054 742 2199 779 ipsorum·
2193 765 2200 779 ,
2215 743 2333 780 propria
2347 750 2443 772 autem
2458 745 2531 773 ratio
2552 754 2616 782 spe-

1554 779 1636 808 cifica
1657 787 1754 809 motus
1768 787 1818 816 est,
1834 782 1915 818 quod
1935 781 1971 810 sit
1991 782 2114 811 mutatio
2129 792 2167 811 ex
2182 783 2306 820 quodam
2325 783 2452 812 subiecto
2465 784 2618 829 affirmato

1555 819 1596 847 in
1608 820 1751 857 quoddam
1772 821 1929 849 subiectum
1946 821 2143 860 affirmatum;
2164 831 2232 859 ergo
2254 829 2307 852 etc.
2329 838 2348 844 —
2370 833 2397 860 9.
2420 824 2619 853 Manifestatur

1555 859 1631 887 idem
1653 869 1704 896 per
1724 859 1932 889 inductionem.
1947 877 1967 882 -
1986 863 2076 890 10.1n
2090 863 2176 890 rebus
2197 862 2227 890 in
2249 862 2354 899 quibus
2380 863 2525 892 invenitur
2547 873 2618 892 con-

1554 899 1684 935 trarium,
1705 900 1729 927 si
1750 899 1905 937 accipiatur
1932 900 2119 930 contrarietas
2147 902 2242 930 solum
2269 911 2304 930 ex
2330 908 2411 939 parte
2439 903 2554 932 termini
2581 904 2619 932 ad

1556 948 1652 976 quem,
1681 939 1737 967 hoc
1757 949 1818 968 non
1839 939 1904 968 facit
1925 940 2156 969 contrarietatem
2178 947 2279 976 motus,
2305 943 2356 970 sed
2377 942 2550 972 mutationis.
2577 944 2621 972 Ita

1556 978 1700 1007 contraria
1721 986 1787 1007 sunt
1799 979 1890 1017 fieri
1902 980 1999 1008 album
2021 987 2049 1009 et
2061 980 2137 1020 fieri
2157 981 2286 1020 nigrum.
2308 998 2328 1004 -
2352 991 2395 1010 ιι.
2423 982 2619 1011 Contrarietas

1556 1018 1748 1047 mutationum
1775 1028 1897 1056 quarum
1910 1019 2050 1048 terminus
2071 1029 2132 1049 non
2151 1020 2238 1048 habet
2253 1021 2437 1057 contrarium,
2459 1022 2620 1051 desumitur

1556 1067 1595 1086 ex
1608 1066 1726 1086 accessu
1740 1063 1768 1086 et
1783 1067 1899 1087 recessu
1914 1060 1950 1087 ab
1965 1060 2069 1088 eodem
2083 1059 2218 1088 termino.
2233 1061 2298 1088 Hoc
2310 1061 2401 1089 modo
2415 1061 2562 1098 generatio
2577 1068 2620 1090 est

1555 1097 1699 1126 contraria
1717 1098 1905 1135 corruptioni,
1927 1105 1955 1127 et
1976 1108 2177 1136 quaecumque
2203 1099 2325 1127 remotio
2343 1099 2514 1138 cuicumque
2537 1110 2618 1130 acce-

1551 1137 1654 1175 ptioni.
1672 1154 1691 1159 -
1713 1145 1755 1166 12.
1773 1138 1847 1166 Cum
1868 1139 1952 1166 datur
1966 1138 2094 1166 medium
2114 1138 2188 1166 inter
2202 1138 2354 1174 contraria,
2376 1145 2473 1167 motus
2491 1149 2508 1168 a
2522 1140 2621 1169 medio

1555 1178 1593 1205 ad
1607 1177 1784 1208 contrarium
1798 1184 1826 1205 et
1840 1187 1856 1206 e
1870 1187 2021 1212 converso,
2036 1177 2165 1214 ponendi
2186 1184 2252 1206 sunt
2276 1178 2421 1214 contrarii,
2437 1179 2509 1207 sicut
2523 1186 2621 1208 motus

1555 1226 1572 1245 a
1593 1216 1738 1245 contrario
1753 1217 1783 1244 in
1800 1217 1986 1245 contrarium.
2009 1217 2093 1245 Ratio
2114 1223 2165 1252 est,
2187 1217 2256 1254 quia
2277 1217 2405 1246 medium
2425 1218 2455 1247 in
2469 1228 2621 1256 compara-

1555 1256 1634 1284 tione
1655 1256 1740 1284 unius
1755 1255 1891 1284 contrarii
1906 1257 1992 1284 habet
2006 1256 2149 1285 rationem
2163 1256 2279 1285 alterius
2293 1257 2438 1286 contrarii.
2454 1258 2623 1288 Conclusio.

1557 1365 1685 1414 incipit
1715 1373 1853 1402 motus.
1874 1366 1923 1402 Et
1941 1366 2016 1402 hoc
2044 1373 2100 1403 est
2128 1366 2232 1415 quod
2265 1366 2367 1404 dicit:
2396 1373 2464 1404 aut
2489 1369 2555 1416 qui
2570 1374 2626 1406 est

1558 1430 1607 1455 ex
1634 1419 1843 1464 contrariis,
1865 1424 1905 1455 ut
1929 1419 1995 1467 qui
2012 1425 2067 1456 est
2091 1431 2141 1456 ex
2162 1419 2331 1466 sanitate,
2352 1420 2388 1456 ei
2413 1420 2478 1468 qui
2494 1426 2548 1458 est
2572 1433 2624 1458 ex

1558 1472 1803 1521 aegritudine.
1821 1471 1972 1508 Tertius
1985 1473 2123 1509 modus
2143 1479 2208 1519 est,
2224 1480 2265 1509 ut
2284 1473 2527 1510 contrarietas
2539 1485 2623 1511 mo-

1557 1531 1664 1561 tuum
1679 1524 1883 1574 accipiatur
1901 1525 2111 1562 secundum
2126 1525 2427 1563 contrarietatem
2445 1526 2624 1564 termino-

1559 1589 1654 1624 rum,
1675 1579 1724 1615 ad
1748 1590 1845 1627 quos
1864 1577 2084 1615 terminatur
2109 1586 2247 1615 motus.
2268 1579 2318 1616 Et
2342 1579 2416 1615 hoc
2436 1586 2492 1616 est
2519 1579 2624 1628 quod

1560 1630 1667 1667 dicit:
1688 1636 1755 1668 aut
1780 1631 1846 1680 qui
1862 1637 1916 1668 est
1941 1631 1979 1668 in
1999 1631 2203 1678 contraria,
2224 1637 2265 1668 ut
2289 1632 2355 1680 qui
2379 1637 2434 1669 est
2459 1633 2496 1669 in
2524 1633 2624 1670 sani-

1560 1689 1683 1729 tatem,
1704 1684 1740 1721 ei
1765 1684 1831 1732 qui
1847 1690 1902 1721 est
1927 1684 1964 1721 in
1984 1684 2270 1734 aegritudinem.
2292 1685 2457 1732 Quartus
2484 1685 2624 1723 modus

1561 1744 1627 1784 est,
1647 1744 1688 1773 ut
1717 1736 1920 1786 accipiatur
1937 1744 2112 1774 motuum
2140 1737 2384 1775 contrarietas
2412 1738 2624 1781 secundum

1562 1789 1864 1826 contrarietatem
1900 1789 2048 1827 termini
2077 1802 2100 1827 a
2132 1802 2230 1839 quo,
2260 1791 2309 1828 ad
2346 1791 2549 1828 terminum
2575 1789 2626 1828 ad

1561 1854 1686 1892 quem.
1708 1843 1756 1879 Et
1783 1843 1858 1879 hoc
1878 1850 1933 1879 est
1961 1842 2066 1892 quod
2094 1842 2196 1880 dicit:
2217 1848 2285 1880 aut
2305 1844 2371 1892 qui
2387 1849 2441 1880 est
2461 1856 2511 1881 ex
2537 1855 2625 1881 con-

1561 1896 1690 1942 trari0‚
1711 1895 1747 1932 ei
1764 1895 1830 1944 qui
1855 1901 1909 1932 est
1926 1896 1962 1933 in
1983 1896 2229 1942 contrarium,
2250 1901 2291 1933 ut
2306 1897 2373 1945 qui
2388 1901 2443 1933 est
2459 1909 2509 1934 ex
2525 1897 2626 1934 sani-

1561 1954 1651 1995 tate,
1681 1948 1716 1984 ei
1742 1949 1808 1996 qui
1833 1954 1887 1986 est
1912 1949 1950 1985 in
1979 1949 2265 1998 aegritudinem.
2296 1948 2458 1996 Quintus
2485 1949 2644 1987 modus'

1562 2009 1618 2038 est
1643 2001 1854 2038 secundum
1879 2001 2180 2038 contrarietatem
2198 2002 2218 2023 *

1562 2067 1635 2104 que
1663 2054 1922 2091 terminorum.
1944 2055 1993 2091 Et
2020 2055 2095 2091 hoc
2123 2061 2178 2091 est
2206 2054 2320 2103 quod'
2338 2054 2443 2091 dicit:
2471 2061 2540 2092 aut
2563 2066 2627 2104 qut

1562 2113 1616 2144 est
1650 2119 1699 2144 ex
1735 2107 1925 2144 contrario
1967 2107 2003 2144 in
2042 2108 2293 2154 contrarium,
2323 2107 2359 2143 ei
2390 2108 2456 2156 qui
2489 2113 2544 2144 est
2578 2120 2628 2145 ex

1562 2160 1752 2197 contrario
1772 2161 1809 2197 in
1838 2160 2083 2206 contrarium,
2105 2165 2145 2196 ut
2171 2161 2236 2209 qui
2259 2165 2313 2196 est
2338 2172 2388 2197 ex
2413 2161 2572 2198 sanitate
2589 2161 2627 2198 in

1562 2213 1848 2263 aegritudinem,
1869 2213 1905 2249 ei
1930 2213 1996 2261 qui
2012 2219 2066 2250 est
2091 2225 2141 2249 ex
2167 2213 2402 2263 aegritudine
2425 2213 2462 2250 in
2489 2213 2628 2251 sanita-

1563 2272 1647 2303 tem.
1669 2267 1837 2303 Necesse
1858 2273 1914 2303 est
1941 2266 2043 2303 enim
2066 2266 2170 2315 quod
2190 2265 2433 2303 contrarietas
2451 2273 2629 2304 motuum

1563 2319 1768 2368 accipiatur
1783 2326 1846 2355 aut
1861 2319 2071 2356 secundum
2089 2331 2208 2355 unum
2223 2319 2360 2356 horum
2378 2317 2626 2366 modorumfl,

1564 2380 1627 2409 aut
1646 2371 1856 2409 secundum
1883 2373 2027 2421 plures:
2056 2371 2144 2420 quia
2177 2384 2256 2409 non
2289 2372 2468 2420 contingit
2495 2384 2628 2409 secun-

2237 2013 2283 2038 ex
2313 2009 2419 2051 parte
2438 2009 2626 2039 utrorum-

1564 2425 1655 2463 dum
1684 2424 1847 2473 aliquam
1875 2424 1987 2461 aliam
2006 2424 2191 2461 rationem
2219 2432 2494 2474 contraponere
2508 2425 2529 2446 *
2545 2431 2664 2466 mo-„='

1563 2486 1643 2515 tum
1670 2485 1800 2514 motui.

1619 2532 1652 2568 3.
1674 2530 1823 2567 Deinde
1844 2542 1931 2566 cum
1950 2530 2055 2567 dicit:
2082 2531 2151 2566 Est
2176 2535 2300 2566 autem
2320 2530 2386 2578 qui
2402 2535 2456 2566 est
2472 2542 2522 2566 ex
2539 2541 2628 2567 con-

1563 2584 1680 2620 trario
1702 2591 1783 2630 ete.,
1806 2583 1966 2620 excludit
1986 2583 2082 2620 duos
2102 2582 2381 2631 praedictorum
2408 2583 2625 2620 modorum.

1564 2638 1612 2673 Et
1638 2636 1762 2685 primo
1801 2643 1975 2685 quartum
1998 2641 2024 2683 ⁷,
2046 2636 2110 2685 qui
2138 2635 2391 2684 accipiebatur
2418 2635 2627 2673 secundum

1565 2690 1866 2737 contrarietatem
1899 2688 2047 2725 termini
2075 2701 2098 2725 a
2126 2701 2223 2738 quo,
2254 2688 2303 2726 ad
2339 2688 2542 2726 terminum
2578 2688 2627 2726 ad

1563 2755 1695 2791 quem;
1734 2742 1902 2779 secundo
1937 2741 2148 2779 secundum
2183 2742 2364 2790 modum,
2387 2741 2451 2791 qui
2480 2749 2536 2778 est
2570 2753 2628 2779 se-

1565 2796 1731 2832 cundum
1751 2795 2052 2833 contrarietatem
2071 2794 2329 2842 terminorum,
2351 2807 2397 2832 ex
2416 2794 2552 2844 quibus
2570 2794 2628 2832 in-

1564 2849 1651 2897 cipit
1670 2856 1807 2895 motus,
1828 2848 1896 2884 ibi:
1916 2848 2052 2896 Neque
2071 2848 2137 2896 qui
2153 2854 2207 2884 est
2223 2859 2273 2884 ex
2291 2848 2482 2886 contrario
2503 2849 2523 2869 ⁸
2542 2854 2625 2894 etc.;

1561 2902 1669 2938 tertio
1696 2901 1919 2938 concludit*
1936 2901 2132 2950 quomodo
2161 2913 2201 2938 se
2230 2901 2395 2938 habeant
2419 2901 2496 2938 duo
2519 2900 2627 2938 modi

1562 2954 1694 3002 reliqui
1723 2954 1771 2991 ad
1802 2954 1987 3000 invicem,
2016 2953 2083 2991 ibi:
2110 2954 2348 3002 Relinquitur
2380 2953 2496 3003 igitur
2515 2954 2534 2975 ²¹²
2555 2960 2624 2990 etc.

1561 3007 1661 3044 Dicit
1681 3019 1769 3055 ergo
1789 3007 1924 3055 primo,
1946 3006 2051 3055 quod
2069 3013 2195 3043 motus
2215 3006 2278 3055 qui
2299 3013 2354 3043 est
2373 3018 2419 3043 ex
2438 3018 2516 3043 uno
2537 3018 2627 3044 con-

1561 3060 1695 3107 trario,
1726 3072 1804 3096 non
1833 3067 1957 3108 potest
1994 3059 2066 3096 dici
2102 3059 2308 3096 contrarius
2337 3058 2370 3095 ei
2408 3059 2472 3108 qui
2505 3067 2561 3096 est
2587 3059 2627 3097 in

1562 3112 1662 3150 aliud
1683 3112 1922 3159 contrarium,
1942 3119 1984 3149 ut
2003 3113 2023 3133 *⁴
2038 3112 2068 3149 si
2089 3112 2274 3149 diceretur
2297 3112 2402 3161 quod
2415 3119 2542 3149 motus
2561 3112 2625 3162 qui
2653 3119 2664 3131 ⁸

1562 3173 1617 3203 est
1646 3178 1691 3202 ex
1729 3165 1905 3212 sanitate,
1935 3165 1981 3202 sit
2018 3165 2226 3202 contrarius
2254 3165 2373 3201 motui
2407 3165 2469 3214 qui
2505 3173 2561 3203 est
2586 3165 2627 3203 in

1562 3218 1845 3267 aegritudinem.
1876 3217 1982 3255 Idem
2011 3217 2112 3254 enim
2139 3230 2218 3255 non
2256 3225 2311 3255 est
2338 3217 2408 3255 sibi
2436 3218 2506 3267 ipsi
2535 3230 2626 3256 con-

1561 3272 1732 3310 trarium:
1754 3271 1822 3309 sed
1840 3279 1966 3308 motus
1995 3270 2058 3320 qui
2087 3278 2142 3308 est
2161 3283 2206 3308 ex
2234 3270 2402 3319 sanitate,
2422 3271 2542 3309 motui
2562 3270 2624 3321 qui

1613 3439 1639 3473 γ)
1655 3439 1689 3465 Et
1703 3439 1794 3471 primo
1807 3442 1941 3471 quartum.
1955 3453 1974 3457 —
1988 3438 2024 3463 Et
2031 3438 2123 3470 primo
2137 3438 2256 3471 primum
2270 3437 2573 3470 AlKMNOQTVXYpC,
2588 3437 2625 3462 H

1556 3475 1647 3507 primo
1662 3475 1768 3500 modum
1783 3474 1900 3504 BGLSZ,
1914 3474 1950 3499 Et
1955 3481 2046 3506 primo
2060 3473 2154 3499 modus
2164 3473 2184 3498 F
2187 3474 2218 3502 H
2230 3473 2266 3498 Et
2275 3473 2366 3506 primo
2379 3473 2451 3498 ilium
2466 3473 2534 3498 idest
2543 3479 2623 3505 quar-

1561 3513 1616 3535 tum
1636 3511 1666 3541 D,
1682 3511 1717 3535 Et
1727 3510 1817 3542 primo
1836 3509 1914 3534 modo
1929 3509 1977 3551 ρΕ,
1994 3509 2129 3541 Etprimo
2149 3509 2318 3543 manifestum
2331 3512 2370 3534 est
2382 3509 2422 3534 ed.
2436 3515 2469 3538 a,·
2482 3507 2622 3532 retinemus

1561 3546 1696 3570 lectionem
1717 3545 1819 3570 PRsCE
1838 3550 1863 3569 et
1882 3545 1910 3575 b,
1931 3545 1990 3578 quia
2009 3549 2049 3569 est
2068 3552 2129 3569 vera
2149 3543 2195 3578 (cf.
2213 3553 2238 3569 n.
2248 3544 2362 3577 praec.);
2381 3543 2401 3568 Z
2420 3547 2480 3577 post
2496 3542 2534 3567 ad
2546 3549 2622 3574 quem

1561 3581 1642 3605 addit:
1662 3581 1707 3612 qui
1720 3580 1778 3614 fuit
1796 3582 1948 3612 quartus.—
1963 3579 2013 3604 Pro
2027 3580 2142 3604 secundo
2154 3579 2296 3605 secundum
2311 3580 2425 3607 modum,
2439 3577 2554 3603 secundo
2567 3585 2622 3602 mo-

1561 3616 1623 3641 dum
1643 3615 1785 3640 secundum
1799 3615 1873 3647 NpH,
1886 3615 2001 3640 secundo
2016 3614 2094 3639 modo
2108 3615 2251 3640 secundum
2266 3614 2338 3647 pEG.
2352 3613 2466 3639 secundo
2479 3612 2621 3638 secundum

1562 3651 1634 3681 sEG,
1653 3650 1768 3675 secundo
1787 3650 1893 3675 modum
1913 3654 1961 3675 cet.
1981 3657 2034 3675 exc.
2054 3649 2103 3674 RS.

2653 2011 2850 2034 'meet-undum

2621 2055 2630 2064 ,
2653 2037 2851 2060 contrarietatem

2654 2070 2703 2086 om.
2717 2069 2762 2091 xpc
2776 2067 2799 2087 et
2811 2069 2838 2087 a.

2653 2854 2814 2884 *numm-eq

2653 2907 2898 2975 ass'fffl'i'ssa233.

2654 2964 2750 2987 ·.Nnm
2765 2971 2788 2994 7.
