2982 4022
17 386 23 399 ζ
75 373 86 382 ·’
99 371 134 392 sic
147 371 180 392 sit
191 376 214 392 P.

75 580 87 591 ⁴
97 579 132 600 ad
144 585 192 601 om.
200 584 288 600 Peteon

17 622 20 628 ,
75 612 129 627 unz.

77 950 86 960 ⁶
103 951 161 971 etet
175 949 202 970 id
214 954 261 970 om.
275 954 289 969 P

78 1262 127 1284 'ad
133 1263 236 1291 aliquam
243 1263 288 1284 sci-

78 1289 164 1310 entiam
187 1295 288 1310 Pam-:PGH

20 1317 22 1321 ⁴
77 1316 288 1337 m.-rationesn

77 1347 161 1364 munz.

77 1367 89 1380 ¹⁸
107 1373 136 1389 :a
157 1367 222 1389 ‘entis
241 1373 290 1389 om.

78 1394 122 1416 cod
141 1410 147 1415 .
162 1398 184 1416 et
197 1400 223 1415 a.

77 1420 152 1494 aaz

154 1426 289 1475 ῑιίἲῑιῗῑὲεῐ.

78 1682 90 1693 *
103 1679 234 1709 opinionem
251 1687 289 1703 Λσι

78 1714 196 1733 κοαενιιι.

0 1936 22 1972 {⁴51
77 1942 90 1954 ⁸
95 1942 166 1970 ponit
173 1948 228 1963 ene
237 1944 290 1964 tan-

17 1972 22 1998 }
77 1970 124 1990 tum
131 1974 167 1994 m,
172 1969 243 1996 ponit
248 1975 289 1990 ens

9 1998 28 2016 ii,
78 2000 132 2016 ene
147 2000 216 2016 unum
231 1998 289 2022 cet.;

0 2037 20 2054 μ,
77 2026 93 2042 a
102 2020 115 2041 b
129 2023 154 2042 ut
167 2027 188 2042 ι’.

0 2052 24 2079 uf,
77 2048 86 2057 ·
102 2047 171 2068 huius
184 2053 250 2069 rum.

14 2246 26 2262 ι’
78 2261 90 2272 '⁶
95 2262 196 2289 propter
210 2266 290 2282 pmuz.

77 2313 89 2325 ⁴
99 2313 181 2340 incipit
189 2319 238 2339 pm,
249 2319 290 2334 su-

79 2340 151 2361 mitur
164 2346 191 2364 s.
206 2341 244 2360 eet
262 2345 289 2366 ¹³5

79 2371 128 2387 om.
137 2371 222 2387 tunuz.

79 2392 91 2404 ⁴
104 2392 241 2427 Numgseq.

79 2467 91 2478 '⁶
97 2468 151 2488 arte
160 2466 230 2489 codd.
239 2472 288 2488 exc.

0 2620 23 2853 -.}„Rsse.»;cmffis=ffixr
4 2546 25 2610 maz«,—
0 2449 23 2517 ‹25515'
0 2418 17 2435 'f

0 2910 25 3428 zsszfmmffiuamezmzw
0 2887 25 2905 ἢ.
6 2856 21 2871 e

1182 223 1293 259 cAP.
1324 222 1374 268 11,
1405 221 1555 258 LECT.
1586 223 1618 257 11
2465 233 2487 268 9

313 305 388 341 hoc
405 303 467 340 vel
486 302 646 351 pertinet
664 302 713 339 ad
733 302 898 351 aliquam
914 301 1025 338 aliam
1047 300 1241 337 scientiam
1261 299 1372 347 parti-

316 357 481 393 cularem
501 355 552 402 (si
571 363 699 392 tamen
714 355 921 403 geometria
940 354 986 391 sit
1002 355 1021 375 ’¹‘
1040 354 1291 389 subalternata
1310 351 1373 387 ali-

315 410 375 446 cui
408 408 620 458 particulari
655 408 850 453 scientiae;
886 407 980 443 sicut
1017 405 1161 442 musica
1198 405 1374 440 arithme-

314 461 409 498 ticae
442 462 736 507 subalternatur,
765 461 814 497 ad
843 471 958 508 quam
990 457 1150 507 pertinet
1185 457 1374 504 disputare

316 522 446 551 contra
465 521 666 562 negantem
684 512 867 562 principia
882 511 1075 556 musicae);
1096 510 1156 546 vel
1175 510 1250 545 hoc
1263 509 1375 557 perti-

315 574 380 604 net
398 568 446 604 ad
466 566 660 604 scientiam
680 576 938 609 communem,
955 563 1094 600 scilicet
1112 563 1160 598 ad
1174 563 1195 582 '¹‘
1213 562 1375 609 logicam

315 620 378 656 vel
406 618 715 668 metaphysicam.
743 617 819 653 Sed
846 615 1038 664 praedicta
1056 615 1193 663 positio
1223 614 1377 651 destruit

315 672 498 721 principia
525 678 696 715 naturae3
715 669 806 717 'quia
825 669 855 705 si
875 669 920 705 sit
939 669 1064 705 solum
1091 680 1212 704 unum
1243 680 1321 714 ens,
1342 673 1379 703 et

315 726 369 762 sic
389 736 515 769 unum,
532 723 669 759 scilicet
688 722 895 768 immobile,
911 729 953 758 ut
972 721 1024 757 sic
1038 726 1052 748 ⁷
1073 732 1117 757 ex
1138 733 1183 756 eo
1203 720 1286 757 fieri
1305 720 1376 756 alia

316 789 394 814 non
420 775 584 825 possint,
614 775 764 811 tolletur
800 774 892 811 ratio
921 773 1111 823 principii;
1141 773 1230 822 quia
1258 785 1374 809 omne

314 828 542 878 principium
562 835 626 864 aut
645 835 700 863 est
718 827 947 876 principium
967 826 1123 863 alicuius
1142 833 1206 862 aut
1233 826 1375 874 aliquo-

316 893 413 918 rum.
442 881 503 917 Ad
521 881 751 929 positionem
765 880 886 928 ,igitur
903 879 1074 928 principii
1094 879 1261 927 sequitur
1280 879 1376 915 mul-

315 934 447 980 titudo,
465 933 553 982 quia
572 933 672 970 aliud
693 940 748 969 est
760 933 988 982 principium
1009 940 1045 968 et
1059 934 1078 952 ⁴*
1095 932 1196 968 aliud
1216 931 1254 968 id
1271 931 1376 967 cuius

317 994 372 1023 est
385 986 629 1035 principium;
649 986 714 1034 qui
728 986 839 1033 igitur
857 993 968 1033 negat
981 985 1272 1030 multitudinem,
1284 984 1377 1020 tollit

315 1039 518 1088 principia:
547 1051 626 1075 non
654 1039 762 1087 igitur
791 1039 904 1075 debet
941 1046 1070 1075 contra
1097 1039 1195 1075 hanc
1222 1037 1372 1086 positio-

316 1104 406 1128 nem
436 1091 625 1140 disputare
655 1091 843 1128 naturalis.

374 1146 406 1182 5.
427 1144 575 1181 Deinde
605 1157 693 1181 cum
722 1144 824 1181 dicit:
854 1143 982 1180 Simile
1009 1143 1125 1192 igitur
1149 1150 1230 1189 etc.,
1252 1150 1375 1179 osten-

317 1197 370 1233 dit
405 1197 508 1234 idem
545 1197 616 1234 alia
650 1197 806 1234 ratione.
844 1197 934 1233 Non
965 1196 1066 1232 enim
1095 1195 1295 1244 requiritur
1328 1196 1376 1232 ab

317 1249 441 1298 aliqua
468 1249 622 1286 scientia
642 1252 661 1272 ’¹‘
688 1258 730 1287 ut
756 1250 910 1286 inducat
937 1248 1122 1285 rationem
1143 1256 1272 1285 contra
1297 1248 1376 1297 opi-

315 1302 450 1339 niones
470 1303 666 1340 manifeste
686 1303 795 1340 falsas
811 1309 847 1338 et
865 1302 1151 1350 improbabiles;
1171 1314 1261 1338 nam
1282 1314 1376 1350 quo-

315 1355 405 1391 libet
429 1356 642 1404 proferente
678 1354 862 1392 contraria
890 1354 1132 1403 opinionibus
1160 1354 1336 1403 sapientis
1357 1356 1376 1374 ’³⁴

317 1407 504 1444 solicitum
533 1420 630 1456 esse,
661 1409 815 1445 stultum
845 1414 916 1454 est,
945 1415 987 1444 ut
1015 1407 1147 1444 dicitur
1175 1409 1189 1444 I
1214 1409 1249 1444 T
1245 1408 1338 1455 opic.
1357 1409 1376 1429 ’¹‘

318 1461 403 1496 Hoc
432 1468 487 1497 est
515 1473 603 1508 ergo
632 1461 737 1509 quod
766 1461 863 1507 dicit,
885 1460 990 1508 quod
1014 1460 1206 1497 intendere
1227 1461 1274 1497 ad
1294 1473 1378 1509 per-

317 1513 544 1560 quirendum
577 1513 606 1549 si
636 1526 702 1549 ens
731 1521 786 1549 est
814 1513 866 1549 sic
897 1525 1039 1559 unum,
1070 1513 1208 1549 scilicet
1240 1513 1378 1549 immo-

316 1565 404 1611 bile,
435 1564 554 1601 simile
584 1573 639 1601 est
666 1578 710 1601 ac
738 1566 768 1601 si
797 1560 1048 1613 disputaretur
1081 1573 1210 1602 contra
1245 1579 1377 1614 quam-

316 1617 406 1653 libet
442 1617 553 1654 aliam
575 1618 819 1666 ‚positionem
854 1617 1171 1666 improbabilem,
1209 1627 1252 1654 ut
1287 1626 1379 1667 puta

317 1677 447 1706 contra
482 1670 711 1719 positionem
739 1672 759 1692 *
792 1670 989 1716 Heracliti,
1025 1670 1088 1718 qui
1122 1670 1213 1707 dixit
1250 1671 1379 1707 omnia

318 1734 469 1771 semper
502 1723 650 1759 moveri
679 1730 715 1759 et
742 1723 833 1759 nihil
863 1736 944 1760 esse
971 1735 1130 1768 verum3
1158 1724 1222 1759 vel
1250 1732 1379 1760 contra

316 1774 545 1823 positionem
580 1775 735 1812 alicuius
763 1776 827 1824 qui
857 1776 996 1813 diceret
1028 1776 1132 1824 quod
1161 1783 1282 1813 totum
1313 1789 1378 1813 ens

319 1834 373 1863 est
386 1840 485 1864 unus
504 1829 635 1875 homo,
653 1841 749 1877 quae
770 1829 925 1877 quidem
945 1829 1080 1877 positio
1102 1837 1200 1865 esset
1219 1829 1378 1866 omnino

317 1879 589 1928 improbabilis.
620 1882 669 1918 Et
696 1889 824 1918 tamen
853 1882 916 1930 qui
936 1882 1044 1930 ponit
1067 1894 1148 1918 esse
1171 1894 1236 1918 ens
1256 1895 1377 1919 unum

317 1940 463 1969 tantum
487 1934 507 1954 ³²
539 1934 759 1981 immobile,
799 1934 943 1982 cogitur
977 1947 1121 1983 ponere
1154 1942 1276 1972 totum
1312 1948 1378 1972 ens

319 1998 399 2022 esse
429 1985 582 2034 aliquod
602 1994 733 2024 unum.
765 1987 827 2024 Sic
846 1987 954 2034 igitur
972 1995 1074 2036 patet
1094 1988 1197 2035 quod
1217 2000 1295 2024 non
1325 1996 1379 2025 est

317 2038 494 2074 naturalis
517 2040 537 2060 ²³
564 2039 740 2076 scientiae
776 2047 905 2077 contra
936 2041 1034 2076 hanc
1066 2040 1295 2089 positionem
1325 2041 1378 2078 di-

318 2098 480 2139 sputare.
515 2120 517 2123 .

373 2144 408 2179 6.
430 2143 577 2180 Deinde
605 2156 692 2180 cum
713 2143 817 2180 dicit:
846 2145 925 2181 Aut
939 2144 1084 2181 solvere
1113 2151 1195 2191 etc.,
1217 2146 1379 2182 ostendit

319 2195 424 2243 quod
451 2205 529 2232 non
558 2204 613 2233 est
640 2196 817 2233 naturalis
852 2197 964 2233 etiam
994 2198 1139 2233 solvere
1167 2198 1378 2246 praedicto-

318 2260 404 2284 rum
430 2248 747 2298 philosophorum
777 2250 950 2286 rationes.
982 2251 1031 2286 Et
1053 2249 1127 2285 hoc
1146 2263 1215 2298 per
1235 2252 1254 2272 ‘¹‘
1284 2251 1378 2287 duas

317 2300 500 2347 rationes,
535 2314 697 2350 quarum
730 2303 896 2339 secunda
932 2302 1085 2350 ponitur
1110 2303 1128 2322 ²⁸
1157 2303 1228 2339 ibi:
1257 2304 1379 2340 Nobis

316 2358 440 2389 autem
464 2354 708 2391 subiiciantur
723 2355 742 2375 ’ὓ
763 2362 830 2391 etc.
853 2355 993 2391 Probat
1014 2367 1101 2402 ergo
1114 2352 1127 2375 δ
1145 2355 1269 2404 primo
1290 2369 1377 2405 pro-

316 2405 483 2454 positum
521 2419 589 2455 per
621 2408 696 2443 hoc
733 2407 838 2456 quod
874 2420 953 2443 non
987 2407 1142 2455 exigitur
1178 2409 1216 2444 in
1253 2409 1378 2457 aliqua

317 2458 470 2495 scientia
487 2460 506 2480 ’¹‘
533 2467 576 2496 ut
603 2460 797 2497 solvantur
825 2460 987 2497 rationes
1021 2460 1257 2508 sophisticae,
1279 2475 1376 2510 quae

316 2511 558 2549 manifestum
579 2512 768 2550 defectum
796 2513 937 2550 habent
955 2513 1017 2550 vel
1048 2513 1193 2550 formae
1213 2515 1275 2551 vel
1295 2527 1375 2551 ma-

317 2564 442 2600 teriae.
464 2566 512 2601 Et
539 2566 613 2601 hoc
642 2573 697 2602 est
715 2566 820 2614 quod
848 2566 945 2612 dicit,
966 2566 1071 2615 quod
1090 2567 1210 2603 simile
1241 2575 1296 2604 est
1323 2568 1376 2604 in-

317 2617 472 2653 tendere
501 2617 550 2654 ad
576 2618 845 2666 improbabiles
874 2619 1036 2655 rationes
1056 2626 1122 2656 aut
1139 2620 1249 2656 etiam
1269 2626 1280 2640 ²
1306 2621 1378 2657 sol—

317 2680 406 2705 vere
433 2670 615 2706 rationem
644 2671 857 2720 litigiosam,
882 2671 978 2708 idest
1005 2673 1260 2720 sophisticam.
1292 2674 1378 2709 Hoc

319 2729 446 2758 autem
475 2722 580 2770 quod
609 2723 680 2759 sint
703 2723 939 2772 sophisticae,
960 2725 1102 2761 habent
1119 2733 1300 2774 utraeque
1322 2738 1377 2762 ra-

319 2774 440 2810 tiones
470 2782 505 2810 et
533 2775 674 2812 Melissi
695 2783 731 2812 et
750 2776 1003 2813 Parmenidis:
1032 2786 1190 2825 peccant
1219 2778 1378 2815 enimin

319 2826 487 2874 materia,
508 2827 610 2864 unde
640 2828 727 2864 dicit
745 2829 848 2877 quod
858 2829 968 2877 salsa
988 2830 1179 2878 recipiunt,
1200 2830 1295 2868 idest
1314 2831 1378 2867 fal-

371 2949 398 2982 γ)
419 2949 454 2973 Et
472 2949 509 2974 sic
528 2957 637 2975 unum...
652 2953 681 2974 ut
698 2950 743 2975 sic.
755 2963 774 2969 —-
787 2950 838 2975 Pro
857 2954 883 2975 et
900 2951 945 2980 sic,
961 2955 987 2976 et
1005 2952 1042 2976 sic
1060 2952 1144 2977 solum
1163 2953 1216 2985 pB,
1237 2956 1262 2977 et
1280 2953 1316 2978 sit
1333 2953 1378 2977 DE

319 2983 441 3016 FG(X?)‚
461 2987 487 3009 et
505 2985 528 3009 si
541 2985 577 3009 sit
591 2985 627 3014 Q;
648 2985 739 3009 deinde
753 2993 800 3017 pro
820 2989 849 3010 ut
866 2986 918 3015 sic,
937 2987 974 3011 sic
989 2990 1018 3011 ut
1032 2986 1329 3021 ACKOSTVX(Q?)sG,
1342 2989 1380 3013 sic

319 3019 361 3043 vel
371 3019 403 3048 D,
415 3019 484 3044 sicut
499 3022 528 3044 ut
541 3020 576 3044 sit
589 3020 636 3052 pE,
650 3021 688 3045 sic
701 3024 730 3045 ut
741 3021 776 3045 sit
790 3021 860 3053 pBG,
875 3021 970 3053 (ras)ut
982 3022 1000 3051 1,
1014 3027 1041 3046 ut
1058 3023 1086 3052 L,
1101 3023 1170 3047 sicut
1185 3027 1211 3047 ut
1228 3022 1266 3053 Q?
1278 3037 1297 3042 -
1309 3031 1340 3048 a:
1354 3026 1380 3048 et

319 3053 356 3078 sit
373 3061 462 3084 unum,
481 3054 580 3079 scilicet
597 3055 736 3085 immobile,
751 3055 788 3080 sic
807 3059 836 3081 ut
849 3057 885 3081 sit
903 3057 969 3081 illud
983 3057 1054 3089 quod
1065 3064 1102 3082 ex
1120 3065 1150 3082 eo
1170 3063 1231 3089 etc.;
1251 3059 1281 3083 b:
1299 3061 1325 3083 et
1342 3058 1381 3083 sic

322 3096 410 3118 unum,
429 3089 528 3114 scilicet
544 3090 682 3120 immobile,
697 3094 726 3115 ut
739 3091 778 3115 sic
790 3092 862 3123 quod
873 3098 910 3116 ex
928 3099 958 3116 eo
977 3097 1033 3121 etc.,
1052 3092 1078 3116 in
1097 3098 1158 3117 nota
1176 3098 1318 3118 erratorum
1337 3101 1380 3118 su-

316 3123 427 3156 perfluit
445 3124 523 3156 quod.
535 3138 555 3143 -
567 3125 645 3150 Linea
657 3134 714 3158 seq.
727 3131 785 3150 ante
799 3127 906 3151 tolletur
919 3127 938 3151 P
953 3127 1022 3151 addit
1040 3127 1078 3152 sic
1081 3135 1091 3157 ;
1110 3136 1157 3160 pro
1177 3129 1291 3157 tolletur,
1306 3129 1380 3153 tolle-

321 3161 396 3183 retur
414 3158 586 3189 EGMQVXa.

374 3191 400 3225 δ)
419 3193 520 3218 Probat
537 3201 609 3227 ergo.
623 3209 641 3213 —
654 3196 721 3220 Ante
732 3195 795 3220 haec
807 3197 886 3221 verba
898 3197 920 3221 N
940 3197 1020 3228 addit,
1041 3198 1114 3223 Dicit
1128 3205 1192 3231 ergo
1207 3198 1278 3230 quod
1295 3199 1381 3224 simile

322 3230 375 3256 est,·
394 3228 463 3252 idem
480 3229 580 3253 videtur
598 3230 720 3255 habuisse
738 3232 777 3261 H,
798 3231 870 3256 cuius
890 3232 988 3256 litterae
1007 3233 1113 3258 abrasae
1131 3238 1204 3265 sunt;
1224 3235 1286 3263 LM,
1307 3234 1381 3259 Dicit

322 3270 386 3295 ergo
396 3263 487 3294 primo
505 3264 575 3295 quod
592 3265 677 3289 simile
695 3265 744 3290 hoc
758 3266 818 3298 (hoc
830 3274 884 3291 om.
897 3266 932 3300 M)
948 3270 987 3291 est
1004 3275 1036 3292 ac
1051 3268 1076 3292 si
1089 3268 1147 3300 quis
1163 3268 1205 3300 (ασ
1218 3269 1242 3293 si
1255 3269 1313 3301 quis
1327 3277 1380 3293 om.

322 3299 372 3330 pL)
386 3299 498 3323 solveret
516 3299 634 3324 rationes
652 3300 783 3332 litigiosas
797 3303 845 3325 etc.
861 3301 919 3333 (etc.
929 3309 982 3326 om.
994 3301 1042 3336 L);
1056 3303 1113 3333 RZ,
1130 3303 1203 3328 Dicit
1217 3311 1280 3336 ergo
1289 3304 1380 3336 primo

322 3333 394 3365 quod
411 3333 497 3358 simile
514 3336 553 3358 est
571 3341 603 3359 ac
621 3335 722 3359 solvere
744 3335 861 3360 rationes
885 3336 1028 3368 litigiosa85
1047 3338 1094 3368 pS,
1114 3338 1189 3363 Dicit
1211 3345 1275 3371 ergo
1290 3340 1382 3371 primo

323 3368 394 3400 quod
408 3368 492 3393 simile
507 3368 556 3393 hoc
574 3372 600 3393 et
618 3370 718 3394 solvere
736 3370 852 3394 rationes
871 3370 1010 3402 litigiosas.
1030 3372 1101 3396 Licet
1119 3373 1243 3404 suspicari
1263 3374 1289 3398 in
1308 3379 1382 3399 auto—

323 3403 421 3436 grapho
439 3404 548 3434 lituram,
564 3412 642 3436 quam
657 3404 754 3429 scilicet
772 3405 848 3437 aliqui
868 3413 1038 3430 amanuenses
1057 3408 1124 3431 male
1143 3407 1298 3440 interpretati
1313 3414 1381 3434 sunt.

375 3438 398 3472 ε)
416 3439 602 3470 Improbabiles
616 3439 733 3464 rationes
745 3443 793 3464 aut
806 3440 919 3464 etiam.-
928 3440 978 3464 Pro
993 3441 1182 3472 improbabiles,
1194 3443 1383 3474 improbandas

323 3473 403 3505 NRZ,
418 3473 570 3505 probabiles
588 3474 666 3506 pEG;
685 3482 732 3506 pro
751 3475 875 3505 rationes,
892 3475 1037 3507 positiones
1053 3476 1244 3507 ABFKNQRZ,
1264 3479 1382 3503 rationes

323 3515 414 3533 eorum
433 3509 469 3538 sl,
490 3509 606 3534 rationes
625 3509 718 3534 horum
738 3510 787 3540 sE3
808 3518 854 3543 pro
872 3514 920 3535 aut
938 3511 1026 3541 etiam,
1042 3514 1067 3535 et
1086 3511 1138 3542 sG3
1153 3512 1233 3537 etiam
1247 3521 1300 3537 om.
1313 3513 1382 3538 ΑΕΚ

325 3543 508 3576 QTVXYpIO.

466 3597 534 3629 Opp.
554 3597 584 3621 D.
599 3597 712 3622 'suornm
731 3597 762 3622 T.
777 3598 798 3622 11

1428 311 1487 335 sas
1506 299 1788 348 propositiones
1817 306 2029 344 assumunt;
2058 306 2093 335 et
2111 305 2270 347 peccant
2288 298 2326 334 in
2355 299 2488 345 forma,

1427 351 1529 388 unde
1560 352 1647 388 dicit
1675 352 1780 400 quod
1809 364 1882 388 non
1911 351 2175 400 syllogizantes
2201 356 2296 387 sunt.
2329 351 2406 387 Sed
2434 364 2491 388 ra-

1428 404 1479 440 tio
1506 405 1525 425 '¹‘
1554 404 1697 441 Melissi
1730 412 1785 441 est
1821 405 1945 453 magis
1978 416 2156 449 onerosa,
2192 404 2288 440 idest
2320 416 2421 441 vana
2457 411 2493 440 et

1429 457 1540 502 fatua,
1561 462 1597 492 et
1622 469 1696 493 non
1717 458 1857 493 habens
1880 458 2075 504 defectum,
2096 456 2192 493 idest
2211 469 2287 492 non
2310 456 2491 493 inducens

1430 509 1725 546 dubitationem:
1756 517 1792 545 et
1823 510 1898 545 hoc
1926 509 2020 545 infra
2053 509 2282 546 ostendetur.
2317 510 2409 546 Non
2439 517 2493 546 est

1430 569 1558 598 autem
1586 562 1858 598 inconveniens
1887 562 1916 598 si
1940 562 1959 582 a
1987 574 2065 598 uno
2095 562 2375 598 inconvenienti
2404 562 2491 598 dato

1430 615 1502 651 alia
1522 616 1541 634 '³⁴
1570 623 1786 662 sequantur.
1818 614 1880 651 Sic
1907 614 2017 661 igitur
2038 614 2212 651 concludi
2240 622 2363 662 potest
2388 615 2492 663 quod

1430 680 1508 704 non
1524 667 1723 715 requiritur
1742 680 1763 703 a
1781 667 2012 716 philosopho
2032 667 2191 704 naturali
2207 669 2226 686 ἦ
2247 669 2351 715 quod
2371 669 2493 705 solvat
2522 677 2533 687 ³

1429 720 1541 757 huius
1570 720 1745 757 rationes.

1485 785 1520 820 7.
1550 773 1699 810 Deinde
1735 785 1822 809 cum
1851 772 1952 809 dicit:
1982 773 2104 810 Nobis
2137 778 2262 809 autem
2293 773 2492 809 subiician-

1430 831 1491 861 tur
1506 833 1592 872 etc.,
1613 826 1721 874 ponit
1740 825 1948 862 secundam
1969 825 2155 862 rationem
2176 825 2224 862 ad
2243 825 2364 862 idem:
2395 838 2492 873 quae

1430 878 1512 914 talis
1542 886 1597 914 est
1621 878 1645 914 ζ.
1678 880 1719 914 In
1752 878 1905 914 scientia
1937 878 2096 915 naturali
2130 878 2355 926 supponitur
2389 878 2494 926 quod

1430 931 1612 967 naturalia
1650 939 1877 967 moveantur
1895 932 1915 952 ³³*
1942 931 2002 967 vel
2034 932 2159 967 omnia
2193 931 2254 967 vel
2285 932 2494 979 quaedam:
2521 944 2532 955 *

1431 984 1535 1032 quod
1556 985 1575 1003 ’κ’
1605 983 1694 1020 dicit
1722 984 1810 1032 quia
1843 984 1889 1020 de
1922 983 2151 1032 quibusdam
2181 991 2237 1020 est
2274 984 2434 1020 dubium
2464 984 2493 1020 si

1431 1043 1636 1073 moventur
1665 1044 1700 1072 et
1729 1036 1886 1084 qualiter
1913 1044 2127 1083 moventur,
2157 1044 2249 1084 puta
2278 1037 2324 1073 de
2353 1036 2492 1084 anima,

1431 1090 1478 1126 de
1498 1097 1626 1126 centro
1656 1097 1788 1135 terrae,
1815 1089 1861 1125 de
1889 1089 1979 1137 polo
2006 1090 2109 1136 caeli,
2131 1097 2167 1126 et
2186 1089 2317 1126 formis
2345 1097 2494 1126 natura-

1431 1143 1539 1189 libus,
1561 1150 1597 1179 et
1616 1142 1694 1178 aliis
1714 1142 1933 1178 huiusmodi
1952 1147 1977 1178 ⁷¹.
2008 1143 2057 1178 Et
2076 1143 2180 1190 quod
2200 1142 2383 1179 naturalia
2411 1155 2494 1179 mo-

1430 1202 1607 1241 veantur,
1636 1202 1760 1243 potest
1797 1194 2040 1231 manifestum
2070 1207 2150 1231 esse
2180 1207 2226 1231 ex
2252 1195 2492 1242 inductione3

1432 1248 1520 1296 quia
1539 1249 1588 1285 ad
1617 1260 1770 1284 sensum
1799 1254 1955 1296 apparet
1983 1247 2088 1295 quod
2107 1260 2166 1283 res
2195 1249 2382 1284 naturales
2411 1260 2494 1284 mo-

1430 1308 1578 1337 ventur.
1601 1301 1668 1337 Est
1688 1308 1815 1337 autem
1836 1301 1856 1321 ’¹‘
1875 1300 2132 1337 necessarium
2157 1308 2305 1337 motum
2330 1301 2495 1349 supponi

1431 1353 1470 1390 in
1506 1353 1661 1390 scientia
1689 1353 1872 1399 naturali,
1907 1353 2001 1390 sicut
2043 1353 2298 1389 necessarium
2325 1361 2380 1390 est
2409 1367 2495 1402 sup-

1431 1406 1523 1455 poni
1542 1414 1728 1453 naturam,
1750 1406 1788 1443 in
1809 1406 1913 1442 cuius
1934 1406 2153 1443 definitione
2173 1406 2326 1454 ponitur
2345 1414 2494 1453 motus;

1433 1467 1488 1495 est
1517 1459 1618 1496 enim
1653 1467 1785 1496 natura
1817 1459 2044 1507 principium
2073 1466 2220 1506 motus,
2250 1466 2291 1495 ut
2318 1459 2411 1495 infra
2441 1459 2494 1496 di-

1433 1520 1537 1549 cetur
1554 1513 1584 1549 ³¹⁶.
1606 1513 1692 1548 Hoc
1712 1519 1839 1548 autem
1868 1512 2008 1558 habito,
2031 1512 2135 1560 quod
2155 1519 2282 1549 motus
2303 1525 2494 1560 suppona-

1432 1572 1492 1601 tur
1510 1565 1548 1601 in
1568 1565 1721 1601 scientia
1749 1565 1919 1611 naturali,
1939 1565 2093 1601 ulterius
2113 1565 2132 1585 *
2150 1565 2322 1613 procedit
2341 1566 2389 1602 ad
2407 1577 2494 1613 pro-

1431 1617 1599 1665 positum
1629 1617 1908 1654 ostendendum
1936 1629 2005 1666 per
2023 1618 2098 1654 hoc
2125 1618 2229 1665 quod
2258 1630 2336 1654 non
2361 1630 2494 1655 omnes

1433 1670 1596 1706 rationes
1621 1678 1707 1706 sunt
1730 1670 1935 1706 solvendae
1961 1670 1998 1706 in
2019 1670 2142 1718 aliqua
2162 1670 2326 1716 scientia,
2349 1671 2414 1707 sed
2435 1684 2494 1707 so-

1433 1723 1512 1759 lum
1541 1723 1623 1759 illae
1649 1723 1668 1743 ²³*
1691 1735 1789 1771 quae
1822 1723 2053 1759 concludunt
2086 1723 2239 1771 aliquod
2277 1724 2412 1760 falsum
2452 1736 2494 1760 ex

1431 1776 1624 1824 principiis
1652 1775 1747 1811 illius
1777 1775 1974 1811 scientiae:
2001 1788 2265 1824 quaecumque
2293 1789 2386 1813 vero
2418 1789 2496 1813 non

1434 1830 1665 1865 concludunt
1685 1841 1728 1864 ex
1748 1828 1939 1876 principiis
1965 1828 2158 1874 scientiae,
2188 1829 2256 1865 sed
2285 1841 2330 1865 ex
2351 1837 2496 1866 contra-

1433 1881 1494 1918 riis
1513 1881 1786 1930 principiorum
1806 1881 1843 1928 *,
1865 1893 1942 1917 non
1963 1881 2162 1918 solvuntur
2180 1880 2218 1917 in
2246 1881 2306 1918 illa
2330 1882 2494 1919 scientia.

1433 1935 1482 1970 Et
1513 1935 1587 1970 hoc
1618 1935 1755 1982 probat
1791 1946 1860 1982 per
1889 1934 2105 1982 exemplum
2139 1935 2159 1955 '³‘
2186 1934 2224 1970 in
2258 1935 2495 1982 geometricis

1433 1987 1582 2023 dicens:
1605 1993 1645 2023 ut
1666 1987 1988 2035 tetragonismum,
2010 1987 2105 2023 idest
2133 1988 2403 2036 quadraturam
2429 1989 2495 2025 cir-

1433 2041 1522 2086 culi,
1547 2042 1646 2077 hunc
1673 2041 1820 2087 quidem
1849 2040 1915 2087 qui
1940 2046 1994 2076 est
2014 2052 2086 2087 per
2113 2040 2313 2076 decisiones
2338 2041 2495 2078 circum-

1432 2093 1622 2140 ferentiae,
1644 2093 1851 2130 dissolvere
1876 2092 2037 2141 pertinet
2059 2094 2106 2130 ad
2126 2101 2379 2140 geometram,
2410 2094 2497 2142 quia

1432 2146 1522 2182 nihil
1551 2147 1570 2166 ³¹⁸
1600 2146 1779 2194 supponit
1808 2145 2037 2182 contrarium
2075 2145 2267 2193 principiis
2306 2146 2494 2183 scientiae.

1431 2196 1560 2235 Voluit
1594 2199 1695 2235 enim
1735 2198 1891 2247 quidam
1920 2196 1932 2218 ⁰
1963 2198 2133 2235 invenire
2169 2199 2396 2247 quadratum
2435 2212 2496 2236 ae-

1431 2252 1542 2299 quale
1559 2251 1696 2287 circulo
1718 2251 1924 2288 dividendo
1955 2251 2294 2288 circumferentiam
2316 2252 2440 2288 circuli
2460 2253 2498 2289 in

1432 2304 1568 2340 multas
1600 2311 1736 2352 partes,
1772 2311 1807 2340 et
1834 2303 1986 2351 singulis
2014 2304 2183 2352 partibus
2211 2305 2499 2353 supponendo*

1431 2356 1547 2392 lineas
1585 2365 1719 2392 rectas:
1756 2364 1791 2392 et
1828 2356 1900 2402 sic,
1930 2357 2160 2393 inveniendo
2199 2357 2366 2406 aliquam
2403 2359 2497 2405 figu-

1432 2422 1513 2446 ram
1553 2410 1647 2445 sicut
1675 2409 1905 2445 rectilineam
1943 2410 2141 2458 aequalem
2170 2416 2178 2430 ²
2206 2410 2315 2446 alicui
2349 2411 2496 2447 illarum

1431 2462 1639 2509 figurarum
1663 2474 1761 2511 quae
1782 2461 2020 2498 continentur
2040 2464 2059 2483 '1‘
2079 2475 2100 2498 a
2125 2462 2316 2499 decisione
2338 2463 2495 2500 circum-

1431 2515 1607 2551 ferentiae
1637 2522 1672 2551 et
1700 2514 1825 2561 corda,
1847 2523 1910 2551 aut
1928 2515 2098 2562 pluribus
2127 2523 2190 2551 aut
2218 2516 2413 2563 omnibus,
2435 2529 2495 2552 ae—

1432 2567 1607 2604 stimabat
1635 2580 1675 2603 se
1695 2567 1884 2604 invenisse
1917 2568 2079 2615 figuram
2109 2568 2338 2605 rectilineam
2359 2581 2496 2617 aequa-

1432 2621 1507 2656 lem
1541 2621 1607 2657 toti
1633 2620 1791 2667 circulo,
1827 2621 1886 2656 cui
1910 2621 2017 2656 facile
2051 2628 2129 2658 erat
2150 2622 2169 2642 '¹‘
2199 2621 2368 2658 invenire
2404 2635 2496 2670 qua-

1434 2673 1582 2710 dratum
1611 2674 1766 2721 aequale
1795 2685 1864 2720 per
1890 2673 2073 2721 principia
2100 2674 2350 2721 geometriae:
2381 2682 2417 2710 et
2445 2675 2497 2711 sic
2543 2705 2548 2710 .

1432 2727 1588 2774 putabat
1616 2738 1655 2762 se
1688 2726 1858 2763 invenire
1886 2738 1999 2774 posse
2027 2727 2046 2747 '³‘
2079 2726 2304 2775 quadratum
2339 2728 2496 2775 aequale

1434 2779 1584 2815 circulo.
1623 2779 1700 2815 Sed
1743 2791 1822 2815 non
1865 2779 2095 2816 sufficienter
2134 2780 2493 2827 argumentabatur:

1434 2832 1523 2880 quia
1555 2831 1639 2868 licet
1671 2832 1753 2868 illae
1782 2832 1801 2852 '⁸‘
1829 2831 2040 2868 decisiones
2076 2840 2345 2869 consumerent
2377 2840 2496 2871 totam

1486 2953 1511 2985 ζ)
1532 2954 1674 2978 Deinde...
1689 2954 1750 2978 talis
1769 2957 1815 2978 est.
1832 2967 1850 2972 —
1869 2954 1909 2978 Sic
1928 2955 2002 2979 codd.
2022 2959 2047 2979 et
2065 2955 2115 2979 ab.
2137 2955 2168 2984 P,
2190 2955 2339 2979 Secundam
2365 2956 2497 2981 rationem

1430 2989 1509 3020 ponit
1527 2989 1604 3022 ibi.f.
1624 2989 1700 3018 Quae
1719 2989 1780 3014 talis
1799 2993 1851 3017 est,·
1870 2997 1917 3022 pro
1936 2990 2087 3019 secundam,
2107 2990 2188 3014 aliam
2208 2991 2283 3014 NRZ.

1485 3023 1513 3058 η)
1524 3028 1592 3055 puta
1607 3025 1639 3049 de
1654 3024 1769 3048 anima...
1784 3024 1942 3049 huiusmodi.
1952 3038 1970 3044 ν-
1983 3026 2047 3049 Huic
2062 3025 2163 3049 lectioni
2177 3026 2231 3049 Pab
2245 3025 2361 3057 proxime
2374 3026 2497 3051 accedunt

1433 3059 1715 3090 DFLMNQRSZsEO,
1730 3062 1800 3091 puta
1820 3059 1852 3083 dc
1874 3060 1980 3089 anima,
2002 3064 2092 3085 centro
2112 3060 2148 3092 (et
2166 3064 2257 3085 centro
2276 3061 2387 3092 DLSsE)
2407 3064 2497 3086 terrae

1434 3097 1460 3118 et
1473 3094 1545 3125 polis
1559 3095 1625 3119 caeli
1644 3100 1691 3119 etc.
1710 3095 1782 3126 GpE,
1798 3098 1866 3126 puta
1885 3095 1918 3119 de
1928 3095 2030 3127 formis
2049 3095 2215 3120 naturalibus
2235 3101 2281 3120 etc.
2296 3095 2400 3120 omissis
2419 3096 2496 3120 inter-

1434 3129 1537 3160 positis;
1558 3134 1613 3158 cet.,
1628 3133 1698 3161 puta
1717 3129 1749 3154 de
1769 3133 1842 3154 terra
1860 3133 1886 3154 et
1898 3130 1998 3163 formis
2017 3131 2183 3155 naturalibus
2202 3136 2250 3155 etc.

1487 3162 1512 3197 Θ)
1533 3164 1620 3189 Voluit
1634 3165 1702 3189 enim
1717 3165 1834 3196 quidam.
1848 3178 1867 3183 —
1879 3165 1930 3189 Pro
1944 3165 2034 3194 voluit,
2050 3166 2142 3190 volunt
2155 3166 2263 3197 BKYpC
2278 3162 2320 3198 (cf.
2334 3165 2438 3189 inferius
2452 3173 2495 3190 ae-

1433 3199 1566 3228 stimabat,
1578 3200 1621 3223 ubi
1636 3199 1900 3232 ABKQSTVYpLsR
1913 3201 2096 3229 aestimabant,
2107 3201 2132 3224 M
2146 3200 2295 3229 aestimant,
2310 3200 2331 3224 N
2345 3200 2480 3234 aestimat)
2487 3209 2496 3230 ,-

1434 3242 1480 3266 pro
1500 3234 1577 3262 enim,
1592 3235 1675 3267 igitur
1687 3235 1720 3265 B,
1740 3237 1828 3259 autem
1848 3235 1882 3265 D,
1902 3243 1955 3259 om.
1973 3236 2007 3266 N;
2027 3243 2074 3268 pro
2094 3235 2214 3267 quidam,
2234 3235 2368 3267 quoddam
2388 3235 2495 3260 AGIKO

1436 3268 1631 3303 QTVXY(E?),
1656 3269 1786 3302 quendam
1806 3269 1859 3300 E?;
1879 3270 1898 3294 P
1918 3270 1994 3294 habet
2012 3270 2120 3302 quidam
2139 3271 2241 3303 Bryso,
2268 3270 2314 3294 sed
2333 3270 2422 3302 Bryso
2442 3278 2495 3296 om.

1434 3311 1526 3328 omnes
1546 3305 1620 3329 codd.
1635 3310 1659 3329 et
1678 3312 1694 3329 a
1708 3305 1737 3329 b:
1757 3310 1782 3329 et
1799 3305 1970 3329 omittendum
1990 3312 2048 3329 esse
2067 3313 2119 3329 non
2138 3306 2222 3329 solum
2236 3305 2354 3329 codicum
2366 3310 2392 3329 et
2406 3306 2495 3330 editio-

1435 3347 1497 3363 num
1512 3340 1658 3364 auctoritate
1673 3340 1802 3370 suadetur,
1814 3341 1860 3364 sed
1875 3340 1950 3364 etiam
1966 3340 2086 3364 IPoster.
2101 3340 2158 3364 lect.
2172 3347 2231 3370 xvn,
2247 3349 2271 3365 n.
2287 3347 2310 3370 2,
2330 3340 2373 3364 ubi
2393 3348 2413 3364 s.
2424 3341 2496 3366 Tho-

1436 3382 1491 3399 mas
1510 3375 1619 3407 Brysoni
1639 3376 1717 3399 alium
1736 3375 1950 3406 tetragonismum
1970 3375 2097 3399 adscribit.

1489 3408 1507 3442 ι)
1527 3410 1644 3441 aliquam
1656 3411 1779 3442 figuram
1792 3410 1860 3433 sicut
1874 3409 2035 3434 rectilineam
2059 3410 2203 3442 aequalem.
2216 3423 2234 3430 -·
2247 3411 2272 3434 H
2286 3415 2339 3435 ein.
2353 3411 2434 3439 sicut;
2452 3411 2495 3436 PE

1436 3444 1500 3474 Gab,
1512 3445 1615 3476 aliquas
1621 3445 1729 3476 figuras
1744 3444 1811 3469 sicut
1825 3444 1973 3468 rectilineas
1986 3445 2107 3476 aequales
2123 3445 2255 3477 (aequales
2264 3453 2317 3470 om.
2328 3446 2411 3478 EGa).
2428 3446 2494 3476 Quia

1435 3479 1503 3503 sicut
1525 3480 1549 3503 in
1569 3480 1698 3503 codicibus
1720 3479 1928 3510 frequentissima
1949 3479 2078 3511 corruptio
2102 3486 2141 3504 est
2162 3488 2210 3512 pro
2233 3481 2343 3510 scilicet,
2366 3481 2495 3505 credimus

1436 3514 1588 3538 s.Th0mam
1600 3515 1733 3546 scripsisse
1745 3514 1850 3543 scilicet,
1861 3514 1904 3538 ubi
1918 3522 1986 3538 nunc
1996 3515 2070 3539 codd.
2081 3515 2176 3540 habent
2188 3515 2291 3540 sicut.-
2301 3516 2367 3540 Infra
2377 3524 2424 3548 pro
2438 3519 2494 3545 aut,

1437 3552 1466 3573 ut
1484 3549 1707 3582 PEGNQpHRsO
1728 3553 1752 3573 et
1765 3556 1790 3578 a,
1805 3551 1831 3573 et
1844 3549 1949 3574 cuidam
1969 3553 1998 3574 ut
2017 3550 2057 3575 ed.
2071 3550 2093 3580 b,
2107 3554 2133 3575 ez·
2147 3550 2184 3575 ita
2198 3553 2227 3575 ut
2241 3551 2274 3582 Z;
2288 3551 2330 3583 pO
2346 3552 2393 3576 lac.

2302 3610 2315 3627 2

2518 415 2529 425 *
2546 414 2637 441 positio
2651 420 2733 436 Putre.

2519 572 2530 582 *
2545 571 2608 598 quod
2616 578 2666 593 pro.
2675 572 2732 619 -fifff,

2620 604 2642 619 n.
2654 604 2665 619 2
2711 605 2732 619 e.

2520 598 2572 619 lect.
2582 605 2604 624 v,

2520 625 2529 633 ¹
2543 624 2615 645 mulla
2630 624 2680 645 alia
2699 631 2732 646 ix.

2563 676 2597 698 ad
2624 677 2732 704 philoso-

2516 703 2589 730 phum
2600 703 2733 724 naturalem

2554 946 2675 965 moventur
2696 950 2711 965 a
2721 944 2735 965 b

2521 973 2543 991 et
2557 970 2626 991 codd.
2637 977 2686 991 exc.
2698 977 2720 991 a.

2520 997 2531 1007 '⁶
2546 997 2662 1043 Zuaedam
2677 1003 2734 1018 Paeo

2522 1029 2537 1044 a
2561 1039 2566 1044 .

2522 1309 2533 1319 ³
2548 1308 2617 1329 etiam
2631 1308 2683 1330 rab.

2521 1524 2531 1534 ⁸
2546 1524 2598 1546 Lib.
2612 1524 2646 1550 ΙΙ,
2661 1524 2705 1545 lect
2719 1530 2737 1546 1.

2521 1577 2532 1588 ⁴
2548 1577 2630 1598 ultimo
2645 1582 2698 1604 apo.

2523 1737 2534 1747 ¹*
2553 1736 2611 1757 illae
2632 1742 2679 1757 om.
2696 1742 2739 1757 pm

2524 1895 2535 1905 ⁴*
2546 1894 2672 1921 principiis
2693 1900 2738 1916 nnc

2524 1927 2695 1945 HIKLOQSTVXY.

2523 1948 2534 1958 ⁸
2550 1947 2723 1968 similitudinem

2525 2158 2536 2168 ⁸
2550 2163 2595 2178 non
2611 2164 2648 2178 m.
2660 2169 2669 2173 -
2679 2164 2736 2185 sup-

2521 2184 2620 2211 ponitur
2634 2190 2669 2205 σο.

2526 2316 2535 2324 ·
2549 2321 2682 2342 supponere
2695 2322 2738 2338 rm

2525 2479 2533 2488 '
2548 2478 2679 2500 continetur
2693 2479 2737 2500 rab

2525 2508 2546 2525 et
2569 2505 2637 2526 codd.
2648 2511 2696 2527 exe.
2708 2511 2738 2527 ci>

2524 2537 2606 2552 srflux.

2524 2637 2638 2663 'primum
2644 2636 2737 2663 adden,

2520 2663 2663 2690 principium
2682 2662 2736 2684 add.

2525 2742 2615 2768 *posse
2625 2747 2673 2762 orn.
2683 2747 2738 2762 an.

2524 2826 2534 2836 ³
2549 2825 2602 2846 licet
2616 2824 2672 2846 illae
2689 2830 2737 2846 om.

2525 2858 2578 2873 Εὔα.
