2898 3996
213 843 221 850 ·
233 847 279 869 per
298 841 423 862 diversita-

211 870 255 889 tem
270 868 367 889 sonzab.

211 1052 222 1063 ’
237 1052 307 1074 Num.
322 1059 345 1079 4.

209 1265 218 1273 ·
237 1269 316 1285 eorum
331 1263 396 1285 raab.

212 1791 220 1799 ·
237 1790 307 1812 Num.
322 1797 397 1818 praec.

208 2001 219 2011 ¹³
233 2001 344 2028 tabefiunt
354 2002 422 2024 codd.

213 2034 262 2049 exc.
278 2034 329 2050 neu.

211 2220 219 2227 ·
236 2219 306 2239 etiam
321 2225 342 2245 n,
358 2225 406 2240 om.

209 2251 263 2266 sna.

210 2483 221 2493 ⁸
236 2483 281 2504 duo
294 2483 362 2504 codd.
373 2489 422 2504 exc.

209 2516 354 2535 nronuuqss.

310 2638 324 2671 β

453 294 530 329 214

453 362 614 409 fectum,
648 361 716 398 sed
753 361 873 409 magis
910 361 1082 398 tabidum
1120 369 1157 398 et
1195 369 1426 411 corruptum.
1465 364 1516 400 Et

452 414 564 451 huius
584 426 698 451 causa
717 422 788 461 est,
809 414 898 463 quia
926 426 971 450 ex
999 422 1173 462 tempore
1202 414 1327 463 aliqua
1347 427 1513 453 corrum-

451 475 603 515 puntur,
626 466 739 503 etiam
759 467 789 503 si
809 479 890 504 non
908 474 1087 515 appareat
1115 466 1254 514 aliquid
1274 467 1374 505 aliud
1394 469 1513 506 mani-

452 519 544 556 feste
567 531 835 568 corrumpens:
861 519 964 568 quod
986 531 1030 555 ex
1050 519 1132 568 ipsa
1160 519 1303 556 ratione
1331 521 1514 570 temporis

452 580 620 620 apparet.
651 573 719 608 Est
747 572 849 609 enirn
884 579 1036 620 tempus
1064 571 1246 609 numerus
1278 581 1426 610 motus:
1466 574 1513 612 de

453 626 596 661 ratione
630 632 757 661 autem
790 632 918 661 motus
947 632 1003 662 est
1030 624 1135 673 quod
1169 625 1279 662 faciat
1310 626 1448 664 distare
1476 627 1515 664 id

452 677 557 726 quod
577 685 644 724 est,
673 689 696 714 a
725 677 970 726 dispositione
998 677 1036 714 in
1066 690 1142 726 qua
1168 677 1272 726 prius
1293 686 1381 716 erat.
1403 679 1514 717 Unde

453 742 541 766 cum
569 737 721 778 tempus
751 730 798 767 sit
827 742 1011 767 numerus
1038 730 1152 778 primi
1179 738 1326 778 motus,
1361 744 1408 768 ex
1435 745 1513 781 quo

451 783 490 819 in
517 782 696 819 omnibus
726 790 899 820 causatur
931 783 1170 830 mutabilitas,
1205 783 1374 832 sequitur
1410 786 1515 834 quod

450 843 606 884 propter
643 835 925 873 diuturnitatem
959 838 978 855 ὓ
1010 835 1214 885 temporis,
1253 836 1383 874 omnia
1416 850 1514 886 quae

452 895 538 925 sunt
566 888 604 924 in
632 895 804 937 tempore
826 895 1095 925 removeantur
1114 901 1135 925 a
1157 901 1225 926 sua
1254 889 1512 938 dispositione.

505 941 540 978 6.
557 941 706 978 Deinde
723 954 810 978 cum
831 941 934 978 dicit:
961 942 1087 983 Quare
1105 942 1343 991 manifestum
1359 949 1413 980 est
1430 951 1512 991 ete„

452 994 642 1031 concludit
669 994 906 1043 propositum
936 1006 981 1031 ex
1004 993 1238 1043 praemissis:
1261 1003 1296 1032 et
1322 996 1448 1044 primo
1468 1009 1514 1034 ex

450 1047 576 1095 primo
595 1047 699 1095 prius
718 1048 926 1096 proposit0.
944 1049 963 1067 “²
980 1048 1187 1084 Ostensum
1213 1055 1268 1085 est
1287 1049 1389 1086 enim
1409 1050 1514 1098 quod

451 1111 717 1148 quaecumque
755 1107 840 1137 sunt
872 1100 910 1137 in
942 1107 1135 1149 tempore,
1170 1101 1409 1139 continentur
1442 1104 1512 1140 sub

450 1159 640 1201 ternpore:
668 1165 765 1201 quae
786 1161 913 1190 autem
933 1161 1019 1190 sunt
1037 1165 1200 1202 semper,
1221 1166 1300 1191 non
1321 1155 1513 1193 continen-

450 1212 510 1242 tur
537 1206 607 1242 sub
627 1213 799 1255 tempore
819 1205 927 1256 quasi
956 1207 1175 1252 excedente;
1201 1219 1326 1256 neque
1350 1220 1438 1254 esse,
1459 1209 1513 1246 id·

451 1266 507 1295 est
535 1259 704 1306 duratio,v
724 1259 895 1308 ipsorum
914 1259 934 1280 ³¹²
963 1267 1203 1296 mensuratur
1226 1261 1297 1297 sub
1322 1268 1512 1310 tempore,

452 1323 540 1348 cum
569 1311 608 1348 in
639 1311 829 1349 infinitum
864 1311 1019 1359 durent,
1053 1312 1243 1362 infinitum
1276 1321 1403 1350 autem
1435 1327 1514 1351 non

451 1364 631 1412 contingit
658 1364 884 1402 mensurari:
911 1377 1000 1412 ergo
1028 1365 1091 1401 illa
1116 1378 1214 1414 quae
1244 1373 1330 1402 sunt
1349 1378 1512 1415 semper,

451 1429 530 1454 non
558 1423 644 1454 sunt
671 1418 710 1454 in
738 1426 924 1466 tempore.
947 1417 1024 1455 Sed
1052 1418 1126 1454 hoc
1144 1430 1281 1455 verum
1302 1426 1357 1455 est
1380 1431 1512 1457 secun-

452 1470 546 1507 dum
574 1471 679 1519 quod
707 1479 794 1508 sunt
821 1483 984 1519 semper.
1008 1471 1180 1519 Corpora
1209 1470 1310 1508 enim
1341 1473 1515 1509 caelestia

451 1530 538 1559 sunt
565 1535 717 1571 semper
749 1523 959 1560 secundum
995 1535 1077 1560 esse
1107 1523 1335 1560 substantiae
1366 1537 1512 1572 eorum,

451 1588 530 1612 non
550 1583 677 1612 autem
698 1576 908 1612 secundum
938 1576 1018 1620 ubi;
1040 1583 1076 1612 et
1103 1575 1190 1612 ideo
1211 1576 1357 1613 duratio
1379 1590 1514 1615 eorum

452 1641 531 1665 non
550 1637 788 1665 mensuratur
814 1636 999 1678 tempore,
1021 1629 1088 1665 sed
1107 1637 1236 1666 motus
1263 1630 1391 1667 localis
1415 1631 1514 1680 ipso-

454 1693 540 1718 rum
559 1689 732 1730 tempore
761 1689 1011 1718 mensuratur.

505 1735 682 1771 Secundo
712 1734 780 1771 ibi:
820 1735 979 1784 Signum
1017 1739 1142 1771 autem
1170 1735 1279 1771 huius
1308 1743 1395 1782 etc.,
1424 1749 1512 1785 pro·

450 1788 514 1824 bat
541 1787 645 1824 idem
674 1799 719 1824 ex
747 1788 916 1824 secundo
943 1787 1047 1836 prius
1069 1788 1088 1808 ἧς
1105 1787 1331 1836 positorum.
1353 1790 1401 1825 Et
1429 1789 1517 1827 dicit

449 1840 555 1889 quod
583 1841 733 1888 signum
761 1840 885 1887 huius,
910 1840 1015 1888 quod
1044 1852 1088 1876 ea
1122 1852 1220 1889 quae
1249 1849 1336 1878 sunt
1363 1854 1516 1891 semper

450 1905 528 1930 non
557 1901 644 1930 sunt
671 1894 709 1930 in
737 1901 923 1942 tempore,
945 1901 1012 1939 est,
1032 1893 1244 1942 quodnon
1271 1894 1464 1942 patiuntur
1493 1909 1515 1932 a

450 1953 644 1994 tempore,
675 1946 782 1995 quasi
810 1959 890 1983 non
918 1946 1110 1983 existentia
1143 1945 1182 1982 in
1209 1954 1392 1995 tempore.
1423 1949 1515 1986 Non

451 1999 553 2036 enim
586 2000 783 2036 tabescunt
804 2001 838 2046 *,
865 2011 988 2048 neque
1019 2006 1232 2047 senescunt,
1257 1999 1352 2037 sicut
1371 2001 1514 2039 dictum

451 2060 506 2089 est
534 2053 581 2089 de
609 2052 678 2089 illis
699 2065 795 2101 quae
825 2061 911 2089 sunt
938 2052 975 2089 in
1003 2059 1188 2100 tempore.

503 2117 539 2153 7.
574 2105 722 2143 Deinde
762 2117 850 2142 cum
888 2105 990 2142 dicit:
1034 2105 1220 2147 Quoniam
1258 2111 1383 2142 autem
1425 2113 1513 2144 tem-

443 2169 518 2206 pus
538 2165 620 2206 etc.,
641 2158 730 2206 quia
749 2158 965 2195 ostenderat
997 2157 1102 2206 quod
1121 2170 1166 2194 ea
1186 2170 1283 2207 quae
1309 2167 1396 2195 sunt
1415 2173 1514 2197 sem-

449 2223 518 2260 per
545 2223 624 2248 non
647 2219 733 2248 sunt
759 2211 798 2248 in
825 2218 1011 2260 tempore,
1033 2223 1078 2247 ea
1097 2218 1224 2248 autem
1246 2213 1265 2232 ²²²
1286 2224 1383 2260 quae
1411 2213 1514 2262 quie-

450 2272 569 2312 scunt,
600 2264 738 2301 eodem
758 2264 878 2301 modo
898 2276 938 2300 se
958 2264 1114 2310 habent;
1134 2272 1263 2312 posset
1283 2264 1416 2313 aliquis
1437 2266 1513 2303 cre-

451 2318 539 2356 dere
561 2317 665 2366 quod
681 2317 922 2366 quiescentia,
939 2317 1163 2365 inquantum
1182 2317 1414 2365 huiusmodi,
1436 2332 1514 2356 non

450 2378 757 2407 mensurarentur
792 2377 977 2418 tempore.
1008 2371 1056 2406 Et
1083 2369 1170 2407 ideo
1199 2371 1247 2408 ad
1281 2371 1356 2407 hoc
1390 2373 1514 2409 exclu-

450 2423 631 2470 dendum,
653 2423 816 2460 ostendit
835 2423 940 2472 quod
969 2430 1120 2471 tempus
1148 2430 1204 2460 est
1232 2423 1344 2460 etiarn
1379 2425 1512 2473 quietis

450 2489 640 2513 mensura.
676 2477 725 2513 Et
757 2476 854 2513 circa
886 2476 961 2512 hoc
998 2476 1164 2525 quinque
1199 2478 1218 2498 ²³²
1252 2476 1348 2514 facit.
1383 2478 1513 2514 Primo

451 2530 552 2566 enim
580 2529 760 2578 proponit
787 2529 891 2578 quod
919 2529 1094 2566 intendit:
1119 2537 1156 2565 et
1175 2529 1263 2566 dicit
1290 2530 1395 2578 quod
1423 2531 1512 2579 quia

450 2590 601 2631 tempus
639 2589 694 2619 est
730 2594 909 2619 mensura
936 2589 1064 2618 motus
1091 2594 1160 2630 per
1195 2595 1256 2630 se,
1296 2582 1363 2619 erit
1399 2583 1513 2620 etiam

451 2644 487 2672 et
514 2648 582 2684 per
619 2636 793 2673 accidens
821 2647 999 2671 mensura
1026 2634 1044 2663 β
1072 2634 1225 2683 quietis3
1264 2635 1352 2683 quia
1389 2635 1513 2672 omnis

450 2688 557 2736 quies
587 2696 642 2725 est
668 2689 910 2736 intempore,
932 2687 1027 2724 sicut
1056 2694 1092 2723 et
1119 2687 1244 2724 omnis
1263 2695 1401 2724 motus.

505 2743 539 2778 8.
562 2741 740 2778 Secundo
769 2741 837 2777 ibi:
865 2741 957 2778 Non
987 2740 1086 2776 enim
1113 2740 1210 2776 sicut
1239 2747 1320 2786 etc.,
1351 2740 1513 2777 excludit

452 2793 660 2842 quoddam,
679 2806 748 2843 per
763 2793 868 2841 quod
886 2792 1006 2829 videri
1020 2792 1268 2840 possetquod
1282 2792 1388 2841 quies
1404 2798 1419 2819 ⁷
1433 2805 1512 2830 non

451 2854 691 2883 mensuretur
709 2854 893 2894 tempore.
915 2845 1016 2892 Quia
1036 2845 1136 2881 enim
1156 2852 1306 2894 tempus
1333 2853 1387 2882 est
1405 2858 1512 2884 men-

451 2912 539 2936 sura
572 2907 716 2946 motus,
750 2906 879 2947 posset
911 2898 1042 2946 aliquis
1081 2897 1232 2934 credere
1266 2899 1371 2946 quod
1409 2899 1511 2948 quie-

451 2964 578 2999 scens,
599 2952 687 3000 quia
715 2964 794 2988 non
813 2959 868 2988 est
886 2950 924 2987 in
945 2958 1069 2997 motu,
1099 2963 1177 2987 non
1197 2951 1243 2987 sit
1266 2951 1304 2988 in
1324 2959 1509 3000 tempore.

451 3006 500 3041 Et
519 3005 606 3041 ideo
626 3005 673 3042 ad
695 3004 771 3040 hoc
800 3003 1077 3041 excludendum
1104 3003 1203 3050 dicit,
1223 3004 1330 3052 quod
1350 3017 1428 3041 non
1457 3013 1512 3041 est

451 3069 607 3094 necesse
626 3057 774 3094 moveri
803 3069 918 3094 omne
939 3057 1042 3105 quod
1067 3064 1122 3093 est
1144 3056 1181 3093 in
1201 3064 1390 3105 tempore,
1417 3057 1511 3094 sicut

451 3122 606 3147 necesse
627 3117 681 3146 est
700 3110 848 3147 moveri
877 3121 992 3146 omne
1021 3109 1124 3158 quod
1145 3116 1200 3145 est
1219 3109 1257 3145 in
1276 3116 1401 3146 motu:
1423 3109 1510 3158 quia

451 3171 602 3212 tempus
627 3175 706 3200 non
726 3170 780 3200 est
798 3170 938 3209 motus,
959 3162 1026 3199 sed
1045 3174 1228 3199 numerus
1248 3169 1385 3199 motus.
1408 3163 1508 3199 Con-

506 3297 530 3331 β)
545 3298 596 3324 erit
609 3298 688 3323 etiam
704 3301 729 3323 ct
742 3304 795 3330 per
807 3297 928 3323 accidens
943 3303 1075 3322 mensura.
1088 3310 1106 3317 —-
1119 3297 1173 3328 Pss;
1189 3301 1228 3322 est
1243 3297 1310 3329 (erit
1325 3297 1366 3330 Η)
1379 3297 1447 3322 enim
1459 3305 1510 3330 per

451 3334 573 3359 accidens
589 3340 711 3359 mensura
723 3333 767 3358 ΕΗ
781 3338 807 3358 et
821 3337 848 3357 ut
861 3332 962 3357 videtur
977 3332 1026 3364 pG;
1037 3335 1070 3361 et,
1084 3333 1154 3364 quod
1166 3339 1219 3357 om.
1235 3332 1331 3362 NMsG,
1341 3337 1512 3365 transponunt

452 3374 510 3401 post
529 3369 649 3394 accidens
668 3373 724 3398 cet.;
735 3375 752 3393 a
762 3369 777 3393 b
790 3368 854 3393 hanc
867 3368 1002 3393 lectionem
1017 3372 1041 3392 et
1055 3367 1160 3392 Pinnem
1175 3367 1345 3400 coniungunt:
1360 3368 1412 3393 erit
1430 3368 1510 3393 etiam

452 3406 478 3428 et
493 3411 544 3435 per
562 3404 683 3429 accidens
701 3407 727 3428 et
745 3410 877 3428 mensura.
895 3417 915 3423 -
935 3403 984 3427 Pro
1004 3403 1066 3435 quia
1085 3402 1183 3431 omnis,
1203 3402 1265 3436 quia
1283 3405 1309 3428 et
1327 3403 1412 3428 omnis
1431 3403 1493 3428 Pab.

505 3440 531 3471 γ)
551 3439 636 3464 videri
650 3442 741 3470 posset
763 3439 834 3471 quod
853 3438 932 3470 quies.
950 3451 969 3457 ·—
987 3438 1037 3463 Pro
1052 3441 1157 3470 posset,
1172 3438 1259 3470 possit
1274 3437 1340 3467 Pam
1363 3438 1435 3470 quies
1458 3446 1511 3463 om.

452 3474 527 3497 codd.
542 3481 595 3498 exc.
614 3475 691 3504 sGQ3
705 3475 775 3506 quod
790 3474 906 3502 verbum,
922 3474 1041 3506 quamvis
1057 3481 1108 3498 non
1123 3474 1155 3498 sit
1170 3473 1351 3504 necessarium,
1366 3481 1426 3498 cum
1439 3473 1511 3498 facile

453 3508 665 3539 subintelligatur,
685 3509 824 3533 retinemus
843 3514 929 3533 tamen
949 3508 1068 3533 claritatis
1088 3509 1174 3541 gratia.

507 3541 531 3573 ὃ)
552 3543 603 3567 Hic
621 3546 708 3568 autem
728 3543 839 3569 dicimus
858 3551 912 3569 esse
931 3544 956 3568 in
977 3547 1094 3575 tempore
1112 3543 1222 3576 aliquid.
1240 3558 1260 3563 -·
1278 3543 1323 3574 Pb,-
1342 3544 1400 3569 Hoc
1422 3547 1510 3569 autem

455 3577 566 3602 dicimus
579 3577 682 3610 aliquid
696 3578 721 3602 in
737 3582 854 3610 tempore
872 3579 902 3609 E,
915 3579 974 3604 Hoc
991 3582 1080 3604 autem
1095 3579 1206 3605 dicimus
1225 3578 1251 3604 in
1270 3582 1387 3611 tempore
1409 3579 1512 3612 ailquid

455 3613 494 3636 ed.
515 3619 545 3641 α,
560 3612 618 3637 Hoc
636 3616 722 3637 autem
739 3613 849 3638 dicimus
868 3621 923 3638 esse
936 3614 1038 3645 aliquid
1051 3622 1106 3639 esse
1125 3614 1150 3639 in
1171 3617 1288 3647 tempore
1300 3614 1331 3645 B,
1347 3614 1406 3640 Hoc
1423 3617 1511 3640 autem

1078 283 1424 321 PHYSICORUM
1450 285 1800 322 ARISTOTELIS
1829 286 1923 323 LIB.
1955 287 2006 323 IV

1567 361 1672 410 tingit
1704 369 1832 399 autem
1861 375 1944 400 esse
1973 364 2012 401 in
2043 375 2370 405 numerovmotus
2401 380 2480 406 non
2507 371 2632 409 solum

1569 414 1674 462 quod
1693 423 1880 463 movetur,
1904 416 1972 453 sed
1997 417 2110 454 etiam
2139 419 2247 466 quod
2275 420 2441 468 quiescit.

1622 479 1658 515 9.
1679 467 1809 504 Tertio
1837 468 1910 505 ibi:
1939 469 2031 506 Non
2060 470 2160 507 enim
2190 483 2301 509 omne
2331 473 2520 512 immobile
2548 482 2630 523 etc.,

1567 521 1705 568 probat
1731 521 1983 570 propositum,
2006 522 2146 560 seilicet
2165 525 2270 572 quod
2291 525 2490 574 quiescens
2518 527 2565 565 sit
2591 528 2631 566 in

1568 584 1730 610 numero
1759 581 1902 621 motus,
1924 574 1974 611 ita
1993 576 2099 624 quod
2118 583 2292 625 tempore
2314 587 2562 617 mensuretur.
2583 581 2633 618 Et

1569 625 1617 662 ad
1645 626 1719 662 hoc
1746 627 1991 675 probandum
2019 628 2172 676 inducit,
2193 631 2298 678 quod
2324 639 2398 668 non
2426 644 2538 670 omne
2564 633 2632 670 im-

1569 678 1714 724 mobile,
1740 679 1836 716 idest
1855 692 1934 717 non
1954 693 2069 717 omne
2089 682 2194 730 quod
2217 695 2296 720 non
2314 692 2502 732 movetur,
2527 686 2632 734 quie-

1569 730 1654 777 scit3
1674 731 1742 768 sed
1757 732 1954 780 quiescens
1970 740 2025 770 est
2038 734 2230 782 privatum
2246 743 2366 784 motu,
2385 738 2490 786 quod
2502 745 2633 776 tamen

1569 790 1700 831 aptum
1728 792 1860 822 natum
1889 793 1944 822 est
1972 786 2136 834 moveri;
2162 787 2257 825 sicut
2280 801 2395 838 supra
2415 789 2633 829 dictum-est

1569 832 1607 872 in
1635 836 1741 872 tertio
1763 837 1795 884 *,
1816 838 1922 885 quod
1941 846 2118 877 movetur
2145 840 2238 878 illud
2262 842 2367 879 cuius
2395 843 2633 882 immobilitas

1569 889 1671 936 quies
1698 895 1772 934 est;
1800 890 1907 939 quies
1926 891 2029 928 enim
2057 904 2135 929 non
2164 900 2219 930 est
2237 895 2385 942 negatio
2405 903 2544 944 motus,
2564 898 2632 935 sed

1567 941 1729 990 privatio
1748 942 1865 991 ipsius
1881 944 1912 981 ³⁸.
1933 944 1982 980 Et
1995 944 2049 981 sic
2062 953 2166 994 patet
2184 947 2288 995 quod
2308 959 2390 985 esse
2405 948 2631 997 quiescentis

1570 1002 1625 1031 est
1644 1006 1725 1031 esse
1745 995 1798 1032 rei
1817 996 1979 1034 mobilis.
2005 997 2113 1035 Unde
2135 1011 2222 1036 cum
2244 1012 2326 1037 esse
2345 1001 2398 1038 rei
2417 1002 2567 1040 mobilis
2587 1003 2633 1041 sit

1568 1047 1606 1084 in
1633 1054 1806 1096 tempore
1835 1055 1872 1085 et
1898 1057 2138 1087 mensuretur
2173 1059 2366 1100 tempore,
2397 1066 2479 1091 esse
2517 1055 2630 1093 etiam

1568 1100 1621 1136 rei
1658 1101 1883 1148 quiescentis
1919 1109 2091 1150 tempore
2123 1112 2373 1142 mensuratur.
2403 1106 2475 1143 Hic
2502 1115 2630 1146 autern

1569 1152 1729 1190 dicimus
1750 1166 1830 1191 θεεθ
1851 1154 1889 1190 in
1907 1161 2080 1203 tempore
2101 1155 2243 1205 aliquid
2258 1154 2271 1178 δ
2285 1157 2380 1194 sicut
2398 1158 2437 1195 in
2455 1154 2629 1208 numero,

1568 1206 1658 1253 quia
1686 1213 1741 1243 est
1768 1206 1900 1255 aliquis
1928 1219 2110 1244 numerus
2138 1208 2254 1257 ipsius
2282 1210 2347 1257 rei,
2377 1219 2413 1248 et
2440 1212 2528 1261 quia
2549 1225 2632 1251 esse
2656 1252 2658 1254 ,

1568 1258 1684 1306 ipsius
1721 1266 1961 1296 mensuratur
1988 1272 2151 1297 numero
2188 1263 2380 1311 temporis.
2410 1265 2520 1302 Unde
2550 1278 2631 1304 ma-

1568 1310 1746 1347 nifestum
1780 1319 1835 1348 est
1861 1312 1968 1360 quod
1996 1312 2193 1361 quiescens
2222 1322 2277 1352 est
2303 1314 2342 1352 in
2369 1323 2563 1367 tempore,
2595 1327 2631 1357 et

1569 1370 1809 1400 mensuratur
1829 1364 1848 1384 *
1868 1371 2057 1413 tempore,
2086 1378 2165 1403 non
2192 1366 2416 1415 inquantum
2445 1378 2501 1407 est
2527 1372 2631 1420 quie-

1569 1428 1689 1463 scens,
1711 1416 1779 1453 sed
1806 1416 2030 1466 inquantum
2059 1425 2114 1455 est
2141 1419 2294 1457 mobile.
2312 1422 2365 1458 Et
2381 1430 2535 1472 propter
2557 1425 2632 1462 hoc

1567 1469 1762 1517 praemisit
1777 1470 1796 1491 *
1816 1470 1922 1517 quod
1940 1477 2091 1519 tempus
2121 1479 2176 1509 est
2202 1484 2382 1512 mensura
2408 1483 2536 1514 motus
2563 1488 2633 1527 per

1569 1534 1620 1569 se,
1642 1521 1776 1571 quietis
1804 1529 1932 1560 autern
1959 1535 2029 1572 per
2057 1524 2230 1562 accidens
2249 1531 2271 1563 ⁸.

1628 1587 1685 1612 10.
1708 1575 1854 1622 Quarto
1882 1575 1951 1612 ibi:
1971 1577 2213 1614 Mensurabit
2228 1584 2354 1616 autem
2377 1586 2520 1630 tempus
2547 1589 2630 1631 etc.,

1570 1627 1732 1664 ostendit
1751 1629 1963 1666 secundum
1983 1629 2076 1678 quid
2095 1630 2237 1668 mobile
2257 1639 2294 1668 et
2312 1633 2509 1681 quiescens
2523 1647 2631 1674 men-

1570 1688 1743 1718 surantur
1771 1693 1801 1721 a,
1819 1689 2003 1731 tempore.
2025 1683 2074 1719 Et
2101 1683 2189 1720 dicit
2216 1685 2319 1732 quod
2348 1692 2499 1735 tempus
2526 1699 2633 1729 men-

1570 1742 1672 1770 surat
1690 1733 1782 1771 illud
1801 1736 1906 1783 quod
1923 1742 2104 1773 movetur
2131 1744 2168 1773 et
2186 1737 2354 1786 quiescit,
2373 1751 2453 1777 non
2472 1740 2631 1790 inquan-

1569 1793 1652 1824 tum
1672 1794 1726 1823 est
1744 1787 1838 1836 lapis
1857 1789 1918 1825 vel
1933 1788 2065 1836 homo,
2082 1789 2149 1826 sed
2167 1789 2392 1839 inquantum
2408 1800 2464 1830 est
2481 1801 2632 1832 motum

1570 1847 1607 1876 et
1634 1840 1843 1888 quiescens.
1877 1841 2111 1878 Mensuratio
2151 1842 2253 1879 enim
2288 1845 2442 1893 proprie
2474 1846 2634 1885 debetur

1570 1893 1782 1941 quantitati:
1818 1893 1924 1930 cuius
1967 1906 2054 1942 ergo
2093 1895 2278 1943 quantitas
2315 1903 2488 1946 tempore
2524 1912 2632 1938 men-

1569 1953 1736 1997 suratur,
1765 1946 1856 1983 illud
1891 1947 2044 1995 proprie
2077 1947 2249 1997 tempore
2286 1959 2536 1989 mensuratur.
2572 1953 2631 1990 Ex

1569 1998 1851 2036 mensuratione
1879 2006 2007 2036 autem
2035 2001 2217 2049 temporis
2245 2003 2484 2050 cognoscitur
2510 2017 2629 2054 quan·

1569 2059 1628 2088 tus
1662 2051 1708 2088 sit
1741 2058 1868 2089 motus
1883 2081 1892 2099 ,
1928 2059 1965 2089 et
1992 2061 2131 2101 quanta
2163 2054 2209 2091 sit
2237 2055 2468 2104 quiesynon
2501 2066 2630 2096 autem

1569 2111 1754 2152 quantum
1778 2104 1825 2141 sit
1842 2104 1881 2142 id
1908 2106 2014 2154 quod
2032 2114 2219 2144 movetur.
2240 2108 2350 2145 Unde
2373 2109 2479 2158 quod
2497 2122 2632 2149 move-

1569 2165 1648 2204 tur,
1678 2170 1757 2194 non
1775 2157 1991 2206 simpliciter
2009 2167 2249 2196 mensuratur
2268 2161 2282 2187 ς
2301 2168 2473 2211 tempore
2497 2175 2632 2202 secun-

1549 2210 1660 2247 dum
1688 2211 1884 2259 propriam
1911 2211 2173 2260 quantitatem,
2195 2213 2261 2250 sed
2281 2215 2494 2253 secundum
2512 2228 2631 2266 quan-

1567 2263 1712 2300 titatem
1740 2264 1798 2300 sui
1826 2271 1964 2301 motus.
2000 2266 2057 2301 Ex
2094 2277 2172 2313 quo
2199 2274 2302 2315 patet
2339 2268 2443 2316 quod
2479 2276 2630 2320 tempus

1567 2316 1720 2365 proprie
1749 2316 1795 2353 sit
1821 2329 2000 2354 mensura
2027 2325 2154 2355 motus
2183 2326 2220 2355 et
2247 2319 2396 2368 quietis:
2417 2321 2485 2358 sed
2503 2330 2631 2360 motus

1566 2381 1636 2418 per
1663 2381 1715 2417 se,
1736 2369 1879 2418 quietis
1899 2378 2026 2407 autern
2054 2382 2123 2419 per
2150 2371 2335 2410 accidens.

1628 2434 1684 2459 ιι.
1707 2422 1850 2468 Quinto
1868 2423 1887 2444 ’³⁴
1902 2422 1969 2459 ibi:
1994 2423 2121 2464 Quare
2139 2435 2396 2474 quaecumque
2414 2438 2534 2475 neque
2550 2438 2630 2465 mo·
2654 2436 2664 2447 ⁴

1566 2480 1701 2512 ventur
1720 2483 1803 2522 etc.,
1823 2475 1966 2512 inducit
1983 2476 2180 2525 quoddam
2195 2478 2436 2516 corollarium
2458 2491 2502 2517 ex
2519 2492 2629 2529 prae-

1568 2527 1692 2565 missis
1713 2529 1744 2564 *.
1773 2527 1812 2564 Si
1841 2528 1943 2565 enirn
1971 2528 2062 2566 nihil
2091 2538 2331 2568 mensuratur
2357 2539 2530 2581 tempore
2557 2533 2628 2571 nisi
2655 2546 2667 2558 ⁸

1568 2580 1779 2618 secundum
1794 2581 1900 2629 quod
1915 2589 2092 2619 movetur
2105 2590 2143 2619 et
2161 2583 2327 2632 quiescit,
2343 2585 2511 2633 sequitur
2525 2587 2630 2635 quod

1567 2645 1834 2682 quaecumque
1862 2647 1941 2671 non
1968 2643 2183 2672 moventur·
2200 2649 2326 2686 neque
2355 2638 2562 2686 quiescunt,
2585 2646 2630 2676 ut

1567 2686 1795 2723 substantiae
1824 2695 2029 2736 separatae,
2051 2700 2130 2725 non
2158 2697 2244 2726 sunt
2262 2690 2300 2727 in
2328 2698 2517 2739 tempore:
2538 2692 2629 2741 quia

1566 2739 1641 2775 hoc
1669 2747 1724 2776 est
1752 2752 1834 2776 esse
1852 2740 1891 2777 in
1911 2748 2101 2790 ternpore,
2132 2743 2341 2780 mensurari
2361 2755 2383 2780 a
2403 2745 2423 2766 *
2442 2751 2627 2794 tempore.
2654 2757 2667 2769 ⁸

1566 2791 1734 2840 Tempus
1763 2800 1890 2830 autem
1920 2802 1975 2831 est
2003 2806 2181 2832 mensura
2202 2803 2329 2833 motus
2357 2804 2394 2834 et
2421 2797 2567 2847 quietis,
2586 2805 2629 2836 ut

1567 2857 1612 2881 ex
1641 2845 1746 2882 dictis
1776 2847 1795 2867 ᾗ
1823 2854 1935 2895 patet.
1996 2864 1999 2865 ⁷
2292 2856 2296 2860 “

1625 2910 1681 2935 12.
1702 2898 1851 2936 Deinde
1881 2911 1968 2936 cum
1998 2899 2102 2937 dicit:
2130 2901 2379 2950 Manifestum
2403 2902 2520 2951 igitur
2537 2915 2629 2952 quo-

1566 2951 1668 2987 niam
1698 2958 1787 2998 etc.,
1817 2952 1979 2989 ostendit
2010 2953 2116 3001 quod
2147 2965 2226 2990 non
2259 2954 2388 2990 omnia
2420 2967 2498 2992 non
2528 2956 2627 2994 entia

1565 3010 1651 3040 sunt
1665 3003 1703 3040 in
1722 3011 1906 3053 tempore.
1923 3006 1971 3041 Et
1986 3004 2073 3042 dicit
2091 3006 2333 3044 manifestum
2353 3018 2436 3044 esse
2455 3020 2500 3045 ex
2517 3021 2627 3057 prae-

1565 3055 1687 3092 missis
1705 3057 1734 3102 *,
1756 3057 1860 3105 quod
1889 3069 2012 3106 neque
2042 3058 2155 3095 etiam
2176 3071 2292 3096 omne
2320 3071 2398 3097 non
2419 3072 2485 3098 ens
2505 3069 2561 3099 est
2587 3061 2626 3099 in
2654 3073 2664 3083 ·

1564 3116 1736 3157 ternpore
1748 3137 1757 3155 ,
1778 3109 1873 3146 sicut
1893 3122 1936 3146 ea
1955 3122 2053 3158 quae
2074 3123 2152 3148 non
2171 3112 2350 3160 contingit
2366 3113 2386 3134 *
2406 3113 2512 3151 aliter
2529 3126 2625 3162 esse,

1563 3169 1604 3198 ut
1632 3161 1860 3199 diametrum
1887 3174 1967 3200 esse
1992 3165 2377 3202 commensurabilem
2406 3166 2511 3204 lateri
2534 3179 2626 3216 qua-

1566 3298 1678 3323 dicimus
1701 3298 1804 3331 aliquid
1822 3298 1848 3323 in
1874 3302 1992 3331 tempore
2016 3306 2070 3325 esse
2089 3300 2122 3329 L.
2148 3299 2207 3325 Hoc
2225 3302 2313 3325 autem
2339 3301 2451 3327 de'cimus
2471 3301 2574 3335 aliquid
2599 3302 2624 3328 in

1565 3336 1683 3366 tempore
1701 3338 1748 3358 cet.

1618 3369 1640 3401 ε)
1661 3376 1783 3394 mensura
1797 3373 1883 3394 motus
1893 3377 1945 3402 per
1958 3376 1998 3399 se,
2014 3370 2108 3402 quietis
2126 3373 2214 3395 autem
2223 3378 2275 3403 per
2290 3371 2420 3396 accidens.
2437 3384 2456 3391 ·-
2475 3372 2535 3403 Pan
2554 3379 2626 3398 men-

1565 3411 1629 3428 sura
1652 3407 1738 3429 motus
1752 3411 1804 3436 per
1821 3404 1943 3430 accidens
1962 3412 2068 3430 erronee
2090 3405 2320 3439 ACOTXYleQ,
2336 3413 2459 3432 mensura
2471 3406 2565 3440 quietis
2574 3414 2626 3440 per

1565 3439 1687 3464 accidens
1706 3444 1745 3464 cet
1764 3444 1789 3464 et
1807 3447 1824 3464 a
1835 3440 1858 3464 ⁶.

1619 3474 1644 3508 ζ)
1671 3475 1742 3507 quod
1765 3478 1892 3504 movetur,
1913 3482 1964 3500 non
1988 3475 2143 3508 simpIiciter
2161 3480 2340 3502 mensuratur.
2357 3489 2378 3495 -
2396 3484 2446 3502 non
2466 3484 2518 3502 om.
2537 3476 2620 3510 pGH3

1565 3509 1719 3542 simpliciter
1737 3518 1790 3535 om.
1805 3510 1833 3541 Ἐς
1853 3510 1962 3543 legimus
1982 3518 2040 3535 cum
2060 3516 2108 3535 cet.
2121 3518 2175 3536 exc.
2190 3511 2218 3542 E,
2233 3511 2294 3544 quia
2309 3511 2394 3537 minue
2413 3513 2480 3537 clm
2492 3516 2532 3536 est
2549 3511 2623 3536 lectio

1567 3545 1656 3569 Pssab:
1669 3545 1740 3577 quod
1758 3549 1880 3570 movetur
1897 3545 2052 3578 simpliciter
2076 3552 2127 3570 nou
2155 3550 2336 3578 mensuratum
2355 3551 2440 3579 potest
2463 3546 2532 3571 enim
2550 3553 2623 3579 prae-

1566 3579 1627 3604 bere
1650 3581 1813 3605 occasionem
1833 3580 1960 3605 dividendi
1979 3580 2135 3613 simpliciter
2148 3588 2163 3606 u
2177 3584 2362 3612 mensuratur,
2384 3581 2416 3606 ed
2439 3581 2508 3614 quod
2537 3585 2623 3606 temen

1566 3615 1692 3647 pertinere
1711 3623 1740 3640 ex
1759 3620 1878 3640 contextu
1897 3616 1985 3648 liquet.

2661 855 2670 864 ·
2684 853 2750 877 Leet.
2764 860 2796 882 ιν,
2810 858 2870 885 1¹.st⁴

2659 958 2759 1006 ξιῑὲἷιω
2771 962 2820 980 ⁰⁰⁸
2836 970 2841 975 ’

2657 1385 2670 1397 ⁴
2683 1385 2725 1408 sub
2738 1386 2791 1409 add.
2805 1398 2823 1404 -·
2835 1398 2853 1404 υ

2659 1417 2710 1435 exc.
2723 1418 2748 1436 ι.

2658 1491 2668 1501 '
2682 1490 2754 1514 Num.
2763 1497 2786 1519 7.
