2950 4004
251 1594 260 1604 *
276 1593 344 1614 Num.
360 1599 381 1620 7.

250 1752 260 1762 ⁴*
276 1750 346 1772 Num.
359 1756 380 1778 3.

250 1857 261 1865 ⁴
275 1855 416 1876 rationalem
434 1861 463 1876 mv

250 1888 332 1903 nxnrz.

253 2068 263 2078 ⁴¹
272 2068 334 2089 Lect.
342 2073 464 2095 praec.n.9.

253 2127 260 2134 ·
276 2124 307 2145 ΕΙ
321 2130 368 2145 om.
383 2123 426 2145 rab
443 2127 465 2145 et

253 2150 321 2172 codd.
337 2156 385 2172 exc.
405 2156 465 2171 omn

250 2183 362 2198 Lunousz.

495 243 564 268 112

490 311 535 340 nis
558 311 633 340 dicat
655 312 735 348 quod
750 310 825 339 actio
847 317 874 339 et
894 310 992 347 passio
1008 316 1073 338 sunt
1094 319 1169 337 unus
1184 316 1211 337 et
1232 309 1309 337 idem
1331 315 1437 344 motus,
1452 318 1485 338 ex
1500 309 1557 337 hoc

490 358 617 388 quatuor
637 350 870 379 inconvenientia
893 351 1082 384 deducuntur,
1098 349 1205 377 scilicet
1226 349 1307 386 quod
1321 349 1397 377 idem
1419 348 1455 377 sit
1476 355 1556 377 actus

491 391 670 419 diversorum
688 391 847 419 secundum
862 389 996 426 speciem,
1012 395 1039 417 et
1054 389 1135 425 quod
1149 388 1223 416 actio
1239 395 1267 416 et
1281 388 1377 425 passio
1397 388 1455 416 sint
1469 388 1555 424 idem,

491 437 518 459 et
540 431 620 467 quod
635 439 718 467 agere
741 429 775 457 sit
790 429 866 457 idem
881 438 914 457 ac
928 428 995 465 pati,
1011 434 1039 456 et
1053 428 1134 464 quod
1149 429 1256 456 docens
1275 427 1406 456 addiscat
1425 434 1453 456 et
1466 437 1556 456 omne

490 479 577 506 agens
599 470 731 506 patiatur.
748 486 766 490 —
781 478 807 505 7.
824 468 949 496 Solvitur
963 467 1120 495 dubitatio:
1146 467 1220 496 actio
1236 473 1263 495 et
1280 467 1377 504 passio
1392 473 1459 495 sunt
1479 467 1555 495 idem

491 516 597 544 motus,
613 509 662 546 qui
685 509 843 537 secundum
866 508 945 544 quod
968 514 1010 535 est
1030 508 1066 535 ab
1088 514 1190 543 agente
1215 506 1319 535 dicitur
1339 507 1432 541 actio,
1454 516 1557 535 secun-

490 550 560 576 dum
583 549 663 585 quod
685 555 726 576 est
748 548 777 575 in
799 547 923 583 patiente
950 547 1053 575 dicitur
1069 546 1178 584 passio.
1193 562 1212 567 -
1227 547 1256 575 8.
1277 547 1339 574 Hac
1359 553 1456 574 autem
1477 547 1555 574 solu-

490 588 568 616 tione
590 588 699 624 posita‚
722 597 755 615 ex
777 586 930 623 praedictis
958 585 1228 614 inconvenientibus
1249 586 1378 623 quinque
1397 587 1556 614 'remanent

490 628 636 656 solvenda.
651 645 671 648 -
685 637 711 663 9.
728 627 853 655 Solvitur
874 626 1009 662 primum,
1025 635 1130 662 nempe
1151 626 1232 662 quod
1250 632 1330 654 actus
1350 625 1437 653 unius
1458 625 1511 653 erit
1525 625 1555 653 in

490 668 588 695 altero.
611 668 678 694 Non
708 666 785 695 enim
807 673 849 694 est
877 665 1082 694 inconveniens
1111 666 1191 709 quod
1218 671 1298 693 actus
1326 664 1412 693 unius
1433 664 1469 692 sit
1497 665 1554 693 alio

490 707 574 734 modo
596 706 681 734 etiam
697 713 776 735 actus
791 705 923 741 alterius;
945 705 984 732 ita
1009 713 1039 732 1n
1053 703 1204 741 proposito
1219 704 1296 732 idem
1318 710 1398 732 actus
1412 710 1455 732 est
1468 713 1554 741 agen-

488 745 523 774 tis
546 751 576 774 ut
596 755 614 773 a
635 755 689 783 quo
718 753 745 774 et
765 745 898 782 patientis
927 750 957 772 ut
979 744 1007 771 in
1029 753 1092 780 quo.
1116 761 1134 765 -
1160 752 1203 772 10.
1224 743 1362 772 Solvitur
1369 743 1490 772 alterum
1511 743 1555 771 in-

489 785 673 820 conveniens,
689 786 767 822 quod
789 785 865 813 idem
888 790 962 812 esset
983 790 1062 812 actus
1084 784 1218 811 duorum.
1233 784 1308 811 Nam
1329 782 1401 810 nihil
1422 782 1555 819 prohibet

488 834 580 853 unum
611 831 706 853 actum
733 825 891 853 secundum
920 833 999 858 rem,
1028 832 1090 851 esse
1118 823 1243 851 duorum
1271 823 1430 852 secundum
1462 822 1554 850 diver-

490 874 552 893 sam
584 864 736 893 rationem.
761 881 780 886 -
808 874 850 892 11.
883 864 1084 899 Respondetm-
1109 863 1146 890 ad
1175 861 1309 899 quintum
1337 862 1553 890 inconveniens.

488 904 608 933 Etiamsi
629 914 712 949 agere
734 911 762 932 et
781 904 840 940 pati
861 903 917 932 sint
938 903 1015 931 idem
1036 911 1066 930 re
1088 911 1139 930 seu
1161 902 1299 937 subiecto,
1318 902 1480 930 dummodo
1502 902 1554 930 dif-

488 944 580 972 ferant
608 944 718 972 ratione
740 953 790 972 seu
812 943 914 980 specie,
937 952 998 971 non
1019 941 1148 978 sequitur
1176 942 1257 978 quod
1285 941 1457 979 cuicumque
1485 951 1554 970 con-

488 984 566 1019 venit
579 993 671 1020 agere,
688 983 839 1012 conveniat
853 982 920 1020 pati,
935 991 1030 1019 neque
1044 982 1124 1019 quod
1140 982 1248 1010 docens
1264 981 1423 1010 addiscat.-
1442 989 1485 1009 12.
1501 982 1555 1009 Re-

490 1024 649 1060 spondetur
669 1024 707 1051 ad
729 1029 863 1059 quartum
878 1021 1093 1050 inconveniens.
1110 1021 1205 1049 Etiam
1222 1021 1290 1050 dato
1313 1022 1394 1058 quod
1407 1021 1506 1050 doctio
1528 1028 1556 1049 et

489 1062 620 1091 doctrina
634 1069 728 1091 essent
749 1063 835 1097 idem,
850 1071 912 1090 non
926 1061 1054 1098 sequitur
1069 1061 1150 1098 quod
1171 1061 1276 1090 docere
1291 1068 1319 1089 et
1333 1061 1480 1090 addiscere
1498 1061 1555 1088 sint

490 1102 580 1130 idern:
596 1111 664 1130 nam
679 1102 776 1130 doctio
792 1109 819 1130 et
829 1084 964 1130 ydoctrina
979 1100 1132 1129 dicuntur·
1126 1110 1155 1128 m
1170 1101 1323 1136 abstracto,
1341 1101 1445 1129 docere
1457 1107 1553 1128 autem

489 1148 516 1170 et
544 1142 689 1170 addiscere
711 1141 740 1170 in
769 1148 921 1177 concreto;
943 1147 971 1169 et
995 1141 1061 1169 ideo
1089 1140 1268 1177 applicantur
1288 1141 1325 1169 ad
1346 1140 1417 1168 fines
1444 1140 1489 1167 vel
1516 1141 1553 1168 ad

488 1181 628 1210 terminos
649 1182 807 1210 secundum
830 1190 904 1218 quos
925 1180 1048 1209 sumitur
1068 1179 1179 1208 diversa
1202 1180 1275 1208 ratio
1297 1179 1418 1208 actionis
1439 1185 1467 1207 et
1487 1189 1552 1216 pas-

490 1221 588 1249 sionis.
606 1238 624 1242 —
643 1222 686 1249 13.
701 1221 809 1250 Ultimo
824 1222 861 1250 ad
875 1220 990 1249 tertium
1007 1220 1214 1249 inconveniens
1227 1219 1344 1248 dicitur:
1367 1229 1400 1247 ex
1422 1228 1457 1247 eo
1473 1220 1552 1256 quod

490 1261 564 1289 actio
580 1267 607 1290 et
621 1260 717 1298 passio
734 1261 790 1289 sint
812 1261 888 1289 idem
903 1266 999 1289 motus
1013 1269 1073 1289 non
1088 1260 1217 1297 sequitur
1238 1260 1318 1297 quod
1332 1258 1407 1288 actio
1426 1259 1461 1287 sit
1474 1258 1552 1287 idem

519 1399 527 1408 .
553 1390 557 1398 ι
605 1395 654 1426 ,ψ
643 1382 715 1417 22³»
707 1378 923 1419 „ostquam
948 1369 1204 1418 Philosophus
1224 1375 1240 1390 “
1265 1368 1428 1406 ostendit
1451 1369 1555 1428 quod

550 1423 579 1460 2.
606 1414 677 1477 (j)
706 1424 874 1460 &amotus
901 1431 956 1460 est
980 1430 1084 1460 actus
1113 1422 1263 1460 mobilis
1289 1429 1326 1459 et
1349 1422 1553 1470 moventis,

559 1543 579 1549 κ-
605 1469 736 1572 Ὗέᾫ
747 1488 849 1566 ἓξὲξ
858 1475 1554 1578 Ρὶἶὲξζὸἒῗέῗῖἳῖῗῃοᾞὶἶῗᾟῖἷῗ

491 1580 685 1627 tationem3
703 1582 870 1619 secundo
887 1582 1010 1630 solvit,
1026 1582 1089 1619 ibi:
1105 1582 1158 1619 At
1170 1594 1288 1631 neque
1302 1582 1464 1618 actum*
1481 1589 1550 1619 etc.

492 1634 602 1672 Circa
620 1633 788 1683 primum
815 1635 891 1672 duo
918 1635 1020 1672 facit:
1050 1635 1175 1684 primo
1204 1635 1410 1684 praemittit
1439 1647 1553 1682 quae-

492 1687 580 1724 dam
602 1687 651 1724 ad
671 1687 963 1733 dubitationem;
985 1689 1153 1725 secundo
1175 1687 1448 1725 dubitationem
1468 1700 1554 1736 pro-

491 1740 669 1789 sequitur,
699 1740 772 1777 ibi:
808 1741 994 1782 Quoniam
1023 1741 1139 1790 igitur
1167 1746 1325 1789 utraque
1344 1742 1364 1761 '¹‘
1384 1747 1452 1777 etc.

546 1805 580 1830 2.
611 1793 710 1829 Dicit
738 1805 827 1840 ergo
847 1793 971 1842 primo
1000 1794 1104 1842 quod
1133 1793 1171 1830 id
1200 1793 1303 1842 quod
1328 1793 1470 1830 dictum
1500 1801 1555 1830 est

491 1846 606 1882 habet
623 1846 817 1894 defectum,
830 1846 925 1883 idest
945 1846 1231 1894 dubitationem,
1248 1845 1506 1883 rationabilem
1521 1847 1553 1893 ³¹⁶,

491 1898 587 1935 idest
624 1897 806 1946 logicam:
837 1898 885 1936 ad
912 1906 1113 1947 utramque
1151 1899 1253 1936 enim
1281 1907 1430 1948 partem
1467 1907 1554 1936 sunt

490 1951 707 2000 probabiles
727 1952 900 1988 rationes.
922 1952 983 1989 Ad
1011 1953 1110 1989 hanc
1129 1959 1255 1989 autem
1277 1952 1553 1990 dubitationem

491 2005 565 2041 hoc
598 2004 812 2052 praemittit,
842 2005 945 2053 quod
979 2004 1111 2054 aliquis
1144 2012 1248 2042 actus
1279 2013 1333 2042 est
1365 2005 1488 2053 activi,
1518 2013 1554 2042 et

493 2056 624 2106 aliquis
645 2065 748 2094 actus
778 2065 832 2094 est
856 2058 1010 2106 passivi,
1031 2057 1126 2094 sicut
1153 2070 1267 2107 supra
1286 2060 1307 2080 *¹
1327 2058 1469 2096 dictum
1499 2066 1554 2095 est

492 2109 597 2159 quod
626 2117 662 2146 et
689 2110 879 2147 moventis
905 2118 940 2147 et
959 2110 1052 2147 moti
1082 2118 1138 2148 est
1160 2110 1292 2159 aliquis
1316 2119 1431 2149 actus.
1462 2113 1511 2148 Et
1531 2113 1550 2133 '¹'

493 2170 596 2199 actus
615 2162 771 2211 quidem
791 2163 901 2201 activi
921 2170 1081 2200 vocatur
1100 2163 1208 2210 actio;
1230 2171 1335 2201 actus
1353 2177 1447 2201 vero
1466 2177 1552 2213 pas-

491 2216 562 2254 sivi
575 2223 741 2253 vocatur.
752 2216 890 2265 passio.
907 2217 956 2253 Et
969 2217 1043 2253 hoc
1060 2217 1207 2264 probat,
1228 2217 1318 2265 quia
1336 2217 1428 2253 illud
1447 2217 1552 2265 quod

492 2277 547 2306 est
575 2281 671 2317 opus
701 2276 736 2305 et
763 2269 849 2306 finis
867 2269 1183 2318 uniuscuiusque,
1214 2277 1270 2305 est
1287 2277 1392 2306 actus
1417 2269 1496 2307 eius
1517 2277 1553 2307 et

489 2321 681 2371 perfectio:
702 2321 816 2368 unde,
835 2334 921 2358 curn
943 2334 1039 2370 opus
1060 2329 1096 2358 et
1114 2322 1200 2358 finis
1216 2322 1357 2369 agentiS
1377 2322 1423 2359 sit
1441 2323 1550 2370 actio,

487 2374 660 2424 patientis
680 2382 807 2411 autem
821 2374 968 2423 passiO,
998 2382 1039 2411 ut
1065 2387 1134 2423 per
1153 2387 1193 2411 se
1212 2375 1455 2412 manifestum
1485 2383 1551 2423 est,

489 2427 656 2476 sequitur
692 2427 795 2476 quod
826 2427 967 2464 dictum
1007 2435 1080 2475 est,
1112 2427 1216 2477 quod
1245 2428 1341 2465 actio
1371 2429 1416 2466 sit
1448 2435 1552 2466 actus

489 2479 630 2528 agentis
659 2487 695 2516 et
721 2479 846 2528 passio
874 2480 1059 2529 patientis.

543 2534 576 2570 3.
607 2533 754 2570 Deinde
794 2545 881 2570 cum
920 2533 1026 2570 dicit:
1071 2533 1258 2575 Quoniam
1297 2534 1414 2583 igitur
1451 2540 1551 2571 utra-

487 2598 558 2635 que
587 2593 668 2633 etc.,
702 2585 942 2635 prosequitur
979 2586 1265 2624 dubitationem.
1305 2586 1550 2623 Manifestum

488 2646 543 2676 est
562 2639 664 2675 enim
684 2639 789 2688 quod
808 2646 886 2676 tarn
906 2639 1003 2676 actio
1023 2651 1140 2689 quarn
1159 2638 1285 2688 passio
1306 2646 1392 2676 sunt
1410 2647 1548 2677 motus:

486 2699 691 2741 utrumque
721 2692 822 2729 enim
852 2699 907 2729 est
934 2692 1036 2730 idern
1066 2691 1197 2728 motui.
1219 2693 1295 2728 Aut
1322 2691 1432 2739 igitur
1453 2693 1550 2730 actio

488 2753 524 2782 et
542 2746 667 2794 passio
684 2753 770 2782 sunt
788 2745 891 2782 idem
910 2752 1050 2792 motus,
1066 2753 1131 2782 aut
1149 2751 1235 2781 sunt
1254 2744 1394 2782 diversi
1410 2753 1549 2783 motuS.

489 2798 528 2835 Si
549 2806 634 2835 sunt
653 2798 791 2836 diversi
810 2796 838 2845 β,
859 2810 1014 2836 necesse
1035 2805 1090 2835 est
1109 2797 1213 2847 quod
1231 2805 1389 2846 uterque
1416 2811 1550 2836 eorum

488 2851 533 2888 sit
552 2851 589 2888 in
610 2851 735 2900 aliquo
757 2851 943 2888 subiecto:
964 2858 1028 2888 aut
1045 2851 1156 2899 igitur
1175 2857 1332 2900 uterque
1353 2858 1408 2888 est
1426 2852 1465 2888 in
1482 2864 1549 2900 pa—

487 2904 600 2941 tiente
630 2912 666 2941 et
693 2912 811 2950 moto;
829 2911 893 2941 aut
911 2905 1002 2941 alter
1020 2905 1160 2941 horum
1181 2911 1236 2940 est
1255 2903 1293 2940 in
1317 2911 1461 2952 agente,
1482 2904 1550 2941 sci-

488 2956 572 2994 licet
600 2957 708 3004 actio,
731 2965 766 2994 et
790 2958 881 2994 alter
908 2957 946 2995 in
973 2957 1150 3006 patiente,
1172 2956 1310 2993 scilicet
1337 2956 1475 3006 passio.
1507 2957 1546 2994 Si

488 3018 616 3047 autern
637 3010 769 3060 aliquis
790 3010 888 3048 dicat
916 3023 936 3048 e
957 3022 1143 3047 converso
1164 3009 1268 3058 quod
1297 3009 1335 3047 id
1363 3010 1468 3058 quod
1497 3017 1551 3047 est

488 3062 526 3100 in
555 3071 687 3111 agente
707 3063 753 3101 sit
771 3064 910 3112 passio,
932 3070 967 3100 et
986 3063 1025 3100 id
1044 3062 1148 3112 quod
1178 3069 1232 3099 est
1259 3061 1297 3099 in
1321 3062 1485 3111 patiente
1506 3063 1552 3100 sit

489 3115 597 3164 actio,
631 3117 875 3154 manifestum
905 3124 959 3153 est
987 3116 1092 3165 quod
1120 3115 1330 3164 aequivoce
1367 3115 1549 3164 loquitur.

1118 231 1463 268 PHYSICORUM
1490 231 1838 268 ARISTOTELIS
1868 232 1961 267 LIB.
1993 232 2042 267 111

1608 318 1642 338 ac
1663 309 1773 346 passio:
1796 318 1865 337 nam
1887 309 2046 337 secundum
2069 308 2154 337 aliam
2172 315 2200 337 et
2220 308 2307 337 aliam
2328 308 2470 337 rationem
2485 309 2561 338 idem
2575 316 2673 339 motus

1609 356 1651 377 est
1672 349 1747 377 actio
1769 355 1796 377 et
1816 348 1929 385 passim
1957 355 1999 376 est
2025 348 2100 376 actio
2122 355 2264 385 quatenus
2285 355 2327 376 est
2348 355 2427 377 actus
2455 349 2565 386 agentis
2586 355 2617 378 ut
2637 350 2672 378 ab

1609 389 1680 423 hoc;
1694 395 1737 416 est
1757 388 1853 425 passio
1875 395 2017 425 quatenus
2033 394 2075 416 est
2095 394 2175 416 actus
2196 388 2329 425 patientis
2345 394 2375 416 ut
2396 388 2424 416 in
2446 389 2508 417 hoc.
2525 406 2543 411 -
2557 390 2599 418 Ex
2616 390 2673 418 hoc

1608 434 1727 465 apparet
1748 429 1828 465 quod
1850 435 1963 463 motus,
1986 437 2052 456 cum
2074 428 2218 456 abstrahat
2239 437 2256 456 a
2276 427 2388 456 ratione
2416 427 2537 456 actionis
2558 435 2585 457 et
2606 439 2671 466 pas-

1609 468 1712 503 sionis,
1741 477 1802 496 non
1823 467 1986 496 continetur
2008 467 2036 495 in
2059 467 2187 495 neutrius
2214 467 2458 504 praedicamento.
2480 484 2499 489 —
2518 477 2561 503 14.
2589 469 2672 497 Duae

1609 507 1813 536 dubitationes.
1837 507 1922 536 Actio
1944 514 1971 535 et
1992 507 2097 544 passio,
2126 507 2149 535 si
2171 514 2237 535 sunt
2251 507 2328 535 idem
2350 513 2456 543 motus,
2478 516 2540 536 non
2567 508 2672 536 debent

1608 547 1678 583 poni
1699 548 1759 575 duo
1779 547 2027 584 praedicamenta,
2049 548 2099 575 sed
2120 556 2212 575 unum
2234 553 2354 575 tantum.
2369 563 2388 568 -
2403 548 2511 575 Rursus
2530 546 2554 575 si
2574 554 2672 576 motus

1609 593 1652 614 est
1672 585 1747 615 actio
1768 587 1812 615 vel
1832 587 1946 623 passio,
1972 593 2068 615 motus
2090 596 2151 615 non
2172 586 2225 614 erit
2245 586 2275 615 in
2297 586 2469 622 substantia,
2497 587 2671 623 quantitate,
2719 609 2724 611 .

1609 625 1744 662 qualitate
1766 633 1794 654 et
1814 626 1879 662 ubi,
1902 627 1953 654 sed
1974 626 2068 654 solum
2084 626 2113 654 in
2127 626 2240 654 actione
2262 633 2290 654 et
2309 626 2454 663 passione.
2476 642 2496 648 -
2520 626 2564 654 1⁵.
2579 626 2672 655 Mani-

1608 665 1725 693 festatur
1754 675 1891 694 numerus
1923 666 2239 695 praedicamentorum.
2255 667 2322 694 -16.
2339 666 2464 694 Solvitur
2480 665 2575 702 prima
2588 666 2672 694 dubi-

1608 705 1688 733 tatio.
1718 705 1797 733 Licet
1825 712 1921 733 motus
1949 705 1984 734 sit
2011 715 2102 741 unus,
2131 705 2364 743 praedicamenta
2392 715 2466 742 quae
2493 705 2673 742 accipiuntur

1608 745 1768 773 secundum
1783 751 1896 773 motum
1917 751 1984 773 sunt
1998 746 2066 780 duo,
2082 754 2150 773 nam
2165 745 2221 774 alia
2235 754 2280 774 res
2295 751 2337 774 est
2351 754 2447 783 agens,
2469 754 2487 774 a
2506 754 2566 782 quo
2582 745 2671 773 sumi-

1608 790 1655 811 tur
1684 792 1735 820 per
1761 785 1883 812 modum
1911 784 2156 813 denominationis
2176 785 2443 822 praedicamentum
2464 784 2615 822 passionis,
2644 791 2673 813 et

1608 823 1664 851 alia
1685 832 1730 851 res
1756 830 1798 851 est
1819 824 1949 860 padens',
1971 833 1988 852 a
2009 834 2068 861 quo
2091 825 2296 853 denominatur
2315 833 2413 862 agens.
2433 840 2453 845 —
2479 833 2523 861 17.
2546 824 2673 853 Solvitur

1608 862 1664 891 alia
1678 862 1827 893 dubitatio.
1843 864 1991 898 Quantum
2006 864 2043 892 ad
2058 863 2087 892 id
2102 865 2183 901 quod
2203 865 2240 893 de
2261 871 2343 893 motu
2357 871 2400 893 est
2413 864 2444 893 in
2457 873 2555 893 rerum
2568 870 2672 893 natura

1609 904 1733 939 (nempe
1761 909 1841 931 actus
1867 903 2073 940 imperfectus),
2095 904 2212 940 ponitur
2233 911 2330 933 motus
2349 914 2401 941 per
2421 904 2620 933 reductionem
2641 903 2672 932 in

1608 941 1657 970 illo
1678 951 1782 979 genere
1804 943 1884 980 quod
1904 942 2038 971 terminat
2062 950 2190 979 motum,
2212 943 2285 972 sicut
2305 943 2503 981 imperfectum
2526 944 2673 972 reducitur

1608 982 1645 1010 ad
1666 982 1839 1018 perfectum3
1861 982 1912 1011 sed
1932 982 1962 1010 in
1976 992 2012 1011 eo
2028 983 2108 1020 quod
2128 983 2166 1012 ad
2186 983 2389 1020 complendam
2409 983 2552 1012 rationem
2573 990 2671 1012 motus

1608 1021 1766 1050 intellectus
1787 1022 1976 1058 apprehendit
1990 1021 2065 1051 circa
2079 1022 2173 1060 ipsum
2195 1024 2278 1058 (esse
2299 1031 2404 1059 nempe
2418 1022 2528 1059 aliquid
2542 1023 2671 1051 medium

1608 1060 1682 1089 inter
1701 1061 1861 1098 potentiam
1883 1068 1911 1090 et
1932 1063 2048 1098 actum)
2071 1062 2128 1090 iam
2156 1061 2319 1098 implicatur
2345 1061 2418 1090 ratio
2449 1071 2552 1090 causae
2578 1068 2606 1090 et
2631 1063 2672 1090 ef-

1608 1101 1705 1136 fectus,
1731 1110 1749 1130 a
1769 1101 1874 1138 quibus
1897 1107 2050 1130 sumuntur
2070 1101 2304 1138 praedicamenta
2324 1101 2445 1129 actionis
2468 1107 2496 1129 et
2515 1101 2672 1138 passionis,

1607 1146 1635 1169 et
1655 1141 1815 1169 secundum
1838 1141 1895 1169 hoc
1918 1147 2015 1169 motus
2041 1142 2078 1169 ad
2099 1141 2158 1169 duo
2180 1140 2234 1168 ista
2253 1140 2487 1177 praedicamenta
2507 1140 2638 1178 pertinet.
2655 1157 2673 1163 -

1611 1179 1655 1208 18.
1677 1181 1719 1208 Ex
1740 1180 1907 1208 definitione
1929 1186 2025 1209 motus
2047 1180 2076 1208 in
2097 1180 2222 1218 generali
2250 1180 2434 1208 manifestum
2455 1186 2498 1208 est
2519 1180 2671 1218 quomodo

1608 1219 1761 1248 definiatur
1781 1226 1878 1248 motus
1899 1219 1929 1248 in
1950 1220 2121 1256 particulari.
2137 1236 2156 1241 -
2169 1219 2234 1248 Alia
2261 1219 2390 1248 definitio
2418 1226 2530 1248 motus:
2552 1223 2673 1256 nempe,

1607 1266 1650 1287 est
1670 1265 1750 1288 actus
1767 1259 1913 1297 potentiae
1935 1260 2022 1287 actiui
2043 1265 2070 1288 et
2086 1258 2208 1298 passivi.

1609 1368 1647 1406 id
1672 1368 1773 1406 enim
1800 1368 1905 1418 quod
1934 1375 1990 1406 est
2015 1369 2142 1418 passio
2170 1368 2324 1406 vocabit
2351 1369 2556 1417 actionem,
2587 1377 2624 1406 et
2652 1381 2673 1406 e

1610 1434 1807 1460 convers0.
1819 1421 1979 1459 Videtur
1992 1429 2121 1460 autem
2137 1429 2313 1482 quartum
2329 1422 2550 1463 membrum
2564 1421 2674 1460 omit-

1608 1482 1699 1522 tere,
1721 1474 1860 1512 scilicet
1878 1475 1983 1534 quod
2002 1483 2207 1524 utrumque
2227 1475 2272 1512 sit
2290 1475 2328 1512 in
2348 1483 2493 1524 agente.
2511 1474 2581 1512 sed
2598 1475 2674 1512 hoc

1607 1527 1868 1588 praetermittit
1896 1527 1985 1577 quia
2014 1535 2211 1566 ostensum
2231 1535 2287 1565 est
2306 1529 2326 1550 ²⁸
2355 1528 2460 1577 quod
2480 1535 2608 1565 motus
2628 1527 2675 1565 sit

1607 1580 1646 1618 in
1663 1581 1823 1628 mobili,
1853 1593 1922 1630 per
1951 1582 2056 1630 quod
2091 1581 2300 1618 excluditur
2326 1581 2401 1618 hoc
2434 1580 2671 1641 membrum,

1608 1634 1714 1683 quod
1750 1641 1930 1671 neutrum
1957 1633 2003 1671 sit
2031 1633 2069 1671 in
2096 1634 2273 1683 patiente,
2303 1633 2371 1671 sed
2403 1641 2608 1685 utrumque
2635 1633 2673 1671 in

1608 1694 1752 1734 agente.

1660 1750 1697 1786 4.
1728 1739 1786 1775 Ex
1823 1739 1881 1776 his
1918 1739 2028 1787 igitur
2065 1739 2216 1776 duobus
2250 1739 2433 1777 membris
2462 1751 2560 1788 quae
2592 1746 2673 1776 tan·

1608 1791 1669 1839 git,
1690 1791 1814 1840 primo
1842 1791 2084 1840 prosequitur
2111 1793 2336 1839 secundum,
2364 1792 2416 1830 ibi
2443 1797 2478 1829 ⁷:
2506 1793 2560 1829 At
2582 1803 2674 1829 vero

1606 1845 1641 1880 si
1665 1846 1736 1881 hoc
1763 1850 1818 1881 est
1847 1852 1916 1881 etc.
1948 1844 1987 1882 Si
2017 1844 2118 1881 enim
2155 1845 2288 1893 aliquis
2317 1844 2416 1882 dicat
2441 1845 2547 1894 quod
2575 1844 2673 1883 actio

1609 1904 1664 1934 est
1690 1897 1730 1934 in
1758 1904 1890 1945 agente
1920 1904 1955 1934 et
1981 1896 2108 1946 passio
2136 1897 2175 1935 in
2201 1898 2388 1947 patiente;
2417 1897 2515 1935 actio
2544 1903 2673 1935 aute'm

1609 1957 1664 1987 est
1688 1958 1815 1987 motus
1839 1949 2007 1999 quidam,
2028 1957 2068 1987 ut
2087 1950 2229 1989 dictum
2250 1958 2305 1988 est
2321 1952 2358 1997 ²²3
2379 1950 2547 2000 sequitur
2565 1950 2670 2000 quod

1608 2010 1735 2040 motus
1763 2003 1809 2040 sit
1836 2003 1874 2040 in
1903 2010 2095 2040 movente.
2126 2003 2302 2041 Eandem
2329 2011 2457 2041 autem
2486 2002 2672 2041 rationem

1608 2063 1758 2115 oportet
1778 2068 1858 2092 esse
1888 2063 1925 2092 et
1940 2057 1960 2078 ’Β
1976 2055 2023 2092 de
2052 2064 2233 2094 movente
2262 2064 2299 2093 et
2319 2056 2366 2093 de
2386 2063 2504 2103 moto,
2534 2055 2674 2093 scilicet

1607 2116 1647 2144 ut
1675 2109 1712 2145 in
1741 2120 1987 2157 quocumque
2007 2120 2140 2145 eorum
2169 2109 2215 2145 sit
2241 2116 2380 2156 motus,
2406 2108 2498 2146 illud
2516 2120 2673 2146 movea-

1606 2168 1676 2197 tur.
1707 2161 1776 2197 Vel
1806 2161 1941 2198 eadem
1971 2160 2064 2197 ratio
2103 2168 2158 2198 est
2185 2161 2232 2198 de
2267 2169 2449 2199 movente
2478 2169 2514 2198 et
2547 2168 2671 2209 moto,

1607 2214 1701 2250 sicut
1721 2214 1791 2250 et2'e
1779 2229 1784 2235 ·
1807 2213 1854 2251 de
1874 2213 2038 2262 patiente
2059 2221 2095 2250 et
2109 2222 2254 2262 agente.
2275 2215 2319 2252 In
2339 2226 2584 2264 quocumque
2607 2226 2672 2252 au-

1606 2274 1684 2304 tern
1714 2274 1769 2303 est
1797 2274 1935 2313 motus,
1956 2266 2046 2304 illud
2065 2275 2262 2314 movetur;
2288 2279 2404 2317 quare
2424 2268 2592 2317 sequitur
2609 2269 2672 2305 vel

1606 2319 1710 2369 quod
1740 2331 1855 2356 omne
1875 2330 2039 2357 movens
2067 2327 2278 2367 moveatur,
2306 2321 2369 2357 vel
2397 2321 2504 2369 quod
2532 2320 2672 2370 aliquid

1605 2373 1745 2410 habeat
1763 2378 1922 2409 motum·
1941 2380 1977 2409 et
2004 2384 2082 2409 non
2101 2381 2319 2419 moveatur3
2345 2385 2510 2422 quorum
2528 2381 2672 2412 utrum-

1606 2437 1681 2475 que
1709 2425 1858 2462 videtur
1885 2425 2167 2462 inconveniens.

1663 2479 1695 2515 5.
1725 2477 1874 2515 Deinde
1913 2490 2000 2515 cum
2031 2477 2139 2515 dicit:
2169 2478 2211 2515 Si
2236 2484 2360 2516 autem
2401 2484 2558 2527 utraque
2585 2486 2668 2527 etc.,

1604 2531 1846 2580 prosequitur
1873 2530 1975 2568 aliud
1994 2531 2225 2578 membrum,
2256 2531 2386 2569 dicens
2411 2531 2518 2581 quod
2534 2531 2575 2579 vsi
2605 2532 2669 2569 ali-

1605 2583 1689 2633 quis
1719 2584 1818 2621 dicat
1845 2585 1950 2632 quod
1978 2591 2193 2633 utrumque,
2228 2584 2366 2622 scilicet
2394 2584 2491 2622 actio
2521 2591 2558 2621 et
2584 2597 2669 2634 pas-

1605 2637 1673 2684 sio,
1695 2649 1784 2673 cum
1803 2636 1876 2674 sint
1895 2638 1972 2674 duo
1992 2643 2131 2680 motus,
2152 2645 2238 2674 sunt
2252 2637 2291 2674 in
2309 2637 2474 2687 patiente
2494 2645 2531 2674 et
2549 2634 2675 2684 mot03v

1607 2698 1642 2727 et
1670 2689 1808 2735 docfio,
1829 2702 1926 2739 quae
1956 2697 2011 2727 est
2030 2702 2075 2727 ex
2093 2697 2200 2739 parte
2229 2690 2410 2739 docentis,
2431 2698 2468 2727 et
2487 2690 2668 2738 doctrina,

1606 2755 1703 2793 quae
1724 2743 1809 2780 est*
1821 2755 1867 2780 ex
1884 2751 1991 2792 parte
2011 2742 2250 2791 addiscentis,
2271 2751 2358 2781 sunt
2375 2743 2415 2781 in
2434 2743 2667 2791 addiscente;
2694 2755 2706 2767 ·

1606 2803 1814 2846 sequuntur
1842 2796 1918 2833 duo
1947 2795 2263 2834 inconvenientia.
2295 2797 2472 2844 Quorum
2499 2796 2668 2846 primum

1607 2857 1662 2886 est
1679 2849 1768 2898 quia
1788 2849 1930 2886 dictum
1946 2856 2002 2886 est
2018 2850 2038 2871 *
2059 2849 2166 2898 quod
2185 2849 2282 2887 actio
2303 2857 2359 2887 est
2379 2857 2483 2887 actus
2507 2849 2666 2898 agentis:
2695 2862 2704 2871 ·

1606 2902 1636 2939 si
1664 2902 1773 2950 igitur
1800 2902 1898 2939 actio
1917 2914 1996 2939 non
2024 2909 2080 2939 est
2098 2902 2137 2939 in
2166 2909 2300 2951 agente
2327 2902 2396 2940 sed
2424 2902 2463 2940 in
2486 2902 2667 2952 patiente,

1606 2962 1784 3004 sequetur
1812 2954 1916 3004 quod
1943 2954 2119 3004 proprius
2143 2962 2248 2993 actus
2275 2955 2571 3005 uniuscuiusque
2590 2967 2669 2994 non

1607 3016 1661 3045 est
1676 3007 1719 3030 ’⁸‘
1711 3020 1750 3045 1n
1779 3020 1825 3044 eo
1855 3007 1960 3045 cuius
1989 3015 2045 3045 est
2068 3014 2182 3045 actus.
2209 3009 2348 3046 Postea
2371 3016 2549 3057 sequetur
2567 3009 2706 3047 aliud

1605 3060 1890 3108 inconveniens,
1910 3060 2051 3098 scilicet
2070 3062 2175 3110 quod
2194 3053 2335 3110 aliquid
2354 3074 2476 3100 unum
2506 3070 2542 3100 et
2565 3061 2668 3100 idem

1606 3121 1807 3151 moveatur
1834 3114 2044 3151 secundum
2074 3115 2171 3152 duos
2199 3122 2338 3152 motus.
2368 3116 2478 3153 Actio
2507 3114 2609 3153 enim
2634 3123 2670 3153 et

1175 3219 1977 3239 ‚'-‘———U———'—*—

543 3280 570 3315 α)
591 3281 733 3313 Postquam
754 3280 928 3313 Philosophus
946 3285 994 3305 etc.
1007 3280 1058 3304 -P
1078 3286 1137 3304 cum
1157 3278 1390 3310 ed-Venet.1544
1408 3278 1448 3304 hic
1467 3279 1552 3320 incipit

490 3323 583 3340 novam
603 3317 760 3341 Lectionem.
780 3317 844 3341 Edd.
864 3317 905 3341 ab
921 3321 946 3341 et
960 3315 1061 3340 codices
1081 3314 1162 3340 nostri
1182 3319 1206 3339 et
1224 3321 1317 3339 ornnes
1336 3314 1376 3338 alii
1393 3322 1460 3347 quos
1475 3315 1501 3339 in
1515 3314 1551 3339 di-

490 3350 571 3375 versis
596 3351 760 3377 Bibliothecis
786 3352 944 3384 inspeximus
969 3351 1123 3376 unanimiter
1142 3349 1292 3375 Lectionem
1312 3349 1435 3379 Quartam
1461 3357 1552 3383 prose-

491 3390 608 3417 quentes.
623 3386 656 3410 ita
672 3386 739 3412 hunc
759 3395 895 3412 numerum
915 3386 1046 3420 incipiunt.
1062 3385 1166 3411 Deinde
1179 3392 1238 3410 eum
1258 3384 1338 3410 dicie:
1356 3385 1444 3410 Habet
1461 3388 1550 3410 autem

492 3420 620 3453 desectum
640 3424 695 3450 etc.,
716 3426 801 3447 movet
820 3422 954 3455 quandam
974 3421 1165 3447 dubitationem
1185 3425 1233 3446 etc.

545 3452 570 3488 β)
592 3455 622 3479 Si
635 3460 695 3481 sunt
709 3457 840 3482 diversi.—
851 3457 881 3482 Si
899 3460 960 3482 sunt
980 3456 1078 3482 diversi
1097 3459 1183 3481 motus
1203 3455 1400 3481 DHLMNOs-
1409 3456 1460 3480 Pro
1479 3459 1549 3481 uter-

493 3497 541 3521 que
560 3497 658 3520 eorum,
679 3494 786 3524 uterque
805 3493 921 3524 ipsorum
941 3493 1009 3523 Pab,
1030 3495 1171 3524 utrumque
1190 3498 1280 3516 eorum
1295 3491 1349 3522 LS·
1374 3498 1421 3523 pro
1441 3494 1549 3524 uterque

492 3528 538 3553 est,
559 3527 697 3558 utrumque
715 3531 753 3552 est
767 3527 857 3559 FOpS,
871 3531 1012 3560 utrumque
1030 3534 1120 3552 eorum
1135 3530 1175 3552 est
1189 3526 1279 3557 LNsS,
1298 3534 1344 3559 pro
1358 3526 1428 3552 alter
1445 3526 1548 3556 horum,

492 3559 604 3584 alterum
629 3567 718 3586 eorum
739 3562 850 3591 POSab,
870 3563 983 3588 alterum
1003 3563 1036 3593 L,
1062 3562 1175 3587 alterum
1201 3561 1294 3587 horum
1314 3562 1351 3592 X,
1371 3562 1440 3587 alter
1457 3569 1548 3587 eorum

1606 3279 1718 3311 HMNY;
1743 3287 1790 3312 pro
1809 3283 1835 3305 et
1852 3281 1933 3309 alter,
1961 3283 1987 3305 et
2004 3280 2119 3306 alterum
2139 3280 2248 3309 PLSab.
2273 3280 2344 3305 alter
2361 3283 2450 3306 autem
2469 3280 2530 3312 EG,
2553 3281 2668 3306 alterum

1604 3318 1694 3340 autem
1713 3315 1746 3340 O.
1765 3315 1836 3340 Patet
1855 3316 1994 3348 legendum
2014 3323 2073 3341 esse
2092 3321 2135 3341 aut
2154 3319 2295 3348 utrumque
2313 3321 2339 3341 et
2356 3316 2470 3341 alterum
2490 3323 2550 3341 eum
2567 3317 2600 3346 S,
2625 3320 2669 3342 aut

1606 3354 1714 3383 uterque
1733 3355 1758 3376 et
1776 3351 1845 3376 alter
1869 3359 1928 3376 cum
1954 3351 2044 3376 maiori
2064 3356 2135 3384 parte
2149 3351 2267 3376 codicum
2273 3359 2283 3382 ‚·
2308 3354 2417 3384 uterque
2435 3355 2461 3376 et
2480 3352 2595 3377 alterum
2613 3350 2668 3376 Pa&

1605 3393 1655 3411 non
1675 3386 1741 3411 bene
1760 3387 1909 3418 iunguntur.

1656 3420 1681 3455 γ)
1694 3421 1784 3454 primo
1792 3422 1967 3454 prosequitur
1980 3421 2134 3451 secundum,
2149 3421 2193 3447 ibi.
2203 3434 2222 3440 —

1603 3462 1628 3482 et
1647 3464 1714 3482 vera.
1735 3457 1828 3482 Confer
1847 3462 1945 3482 textum
1969 3462 1994 3483 et
2012 3464 2112 3482 numer.
2134 3457 2332 3489 praecedentem
2354 3459 2403 3482 aut
2420 3455 2490 3482 alter
2507 3462 2597 3482 eorum
2617 3460 2666 3481 etc.

1603 3492 1679 3517 rinna
1699 3493 1766 3517 male
1785 3492 1860 3525 legit:
1880 3492 2000 3525 primum
2020 3491 2196 3524 prosequitur
2218 3492 2332 3517 secundo
2357 3491 2405 3521 fot,
2431 3490 2537 3516 forsitan
2561 3496 2666 3525 pmpter

1607 3535 1740 3552 erroneam
1760 3527 1990 3560 interpunctionem
2010 3527 2150 3552 editionum
2169 3526 2222 3561 αρ,
2249 3534 2315 3560 quae
2334 3526 2446 3552 habent:
2462 3526 2554 3559 primo
2573 3532 2666 3559 prose-

1606 3563 1703 3595 quitur,
1723 3562 1865 3588 secundum
1885 3562 1928 3588 ibi.

2233 3421 2302 3447 Haec
2318 3421 2392 3447 lectio
2407 3421 2524 3447 codicum
2537 3421 2614 3447 obvia
2627 3425 2668 3446 est

2701 1526 2950 1589 aqum-nn.-

2698 1960 2709 1971 “
2722 1958 2794 1982 Num.
2803 1965 2879 1989 praec.

2698 2065 2745 2113 Le!
2757 2070 2807 2088 om.
2817 2070 2913 2088 „mm

2697 2222 2710 2234 ⁶
2723 2224 2760 2244 ent
2772 2227 2810 2251 oz,
2819 2227 2868 2246 om.
2881 2228 2915 2246 ιιι

2697 2254 2783 2272 tour:

2720 3019 2753 3041 sit
2760 3024 2909 3043 ammon.
