2898 3996
220 3242 229 3251 ·
246 3241 307 3262 Lect.
319 3246 367 3268 seq.

447 317 520 352 282

513 390 534 434 ᾖ
567 392 598 423 ἐν
631 403 741 431 τουτῳ
774 391 818 427 εἰς
845 390 860 421 ὃ
885 401 924 443 μ;

513 436 596 468 ὅταν
628 431 664 466 δὲ
696 434 729 474 ἐξ
755 434 792 466 06
825 445 863 476 μ;
851 445 906 464 ,ετ
899 432 1014 473 ’βαλε,
1049 434 1106 463 καὶ
1141 431 1229 464 αὐτὸ
1259 433 1317 463 καὶ
1349 431 1398 464 τοὶ
1421 431 1501 476 μέρη

513 479 630 512 πάντα
657 480 692 510 οὺ
725 476 921 532 μῗταβάλλε
925 489 948 507 ι·
984 477 1024 509 τό
1049 476 1113 528 γσὶρ
1142 474 1306 512 ὡσαύτως
1338 475 1416 531 ἔχον
1444 477 1502 507 καὶ

514 523 602 555 αὐτὸ
626 524 685 553 καὶ
709 522 757 554 τοὶ
773 520 882 574 μέρη
887 522 924 552 οὐ
949 519 1173 563 μεταβάλλει.
1204 518 1373 573 Ἀνάγκη
1379 517 1435 551 ουν
1461 519 1502 551 τὸ

512 580 553 610 μ;
540 567 572 598 -.’ν
597 578 631 598 τι
657 567 689 598 ἐν
717 565 828 605 τούτῳ
853 561 950 604 εἶναι,
979 564 1019 596 τὸ
1044 563 1072 595 δ’
1098 565 1131 595 ἐν
1156 562 1286 606 θατέρῳ
1311 564 1374 595 τοῦ
1398 575 1503 608 μετα-

512 612 714 651 βάλλοντος·
741 609 820 641 οὔτε
852 608 916 654 (dp
943 608 975 639 ὲν
993 606 1202 663 ἀμφοτέροις
1238 607 1309 640 οὔτ’
1339 607 1372 638 ὲν
1404 603 1505 650 μηδε-

513 667 551 686 τε
538 654 604 708 ’ρῳ
619 650 776 686 δυνατόν.
803 651 899 705 Λέγω
925 647 956 683 δ’
977 652 1019 689 εἰς
1040 652 1056 683 ὃ
1073 650 1272 695 μεταβάλλε
1276 663 1286 682 ι
1304 651 1344 683 τὸ
1366 652 1503 706 πρῶτον

511 697 606 730 κατά
630 698 692 734 τήν
719 695 942 752 μεταβολήν,
950 696 1017 727 οἷον
1043 696 1079 728 ἐκ
1105 696 1167 727 τοῦ
1190 695 1310 727 λευκοῦ
1331 695 1373 727 τὸ
1375 694 1502 750 φαιόν,

513 754 550 774 ου
575 741 616 773 τὸ
618 741 760 795 μέλαν·
787 740 825 772 03
819 739 905 794 jd?
926 739 1056 785 ἀναγκη
1076 739 1117 772 τὸ
1134 738 1383 794 μεταβάλλον’
1373 750 1405 770 εν
1425 740 1506 771 ὀπο-

513 798 550 818 τε
537 787 654 838 ρῳοῦν
680 797 706 816 ει
710 797 764 817 ναι
789 785 854 817 τῶν
881 784 999 828 ἄκρων.
1032 785 1121 815 Φανε
1108 783 1180 827 ερὸν
1206 795 1263 815 ουν
1290 783 1343 815 ὅτι
1369 783 1435 814 πᾶν
1462 782 1503 815 τὸ

513 829 730 874 μεταβάλλον
757 829 854 860 ἔσται
879 823 1060 872 διαιρετόν.

929 401 967 420 τε
962 389 1094 429 βαλεν,
1129 387 1245 419 οὐκέτι
1276 386 1499 441 μεταβάλλει·

499 934 648 962 synopsis.
667 949 700 954 —
722 942 745 960 1.
766 933 976 969 Argumentum
998 937 1026 959 et
1047 931 1151 960 divisio
1173 938 1274 959 textus.
1296 948 1316 952 -
1337 930 1372 958 2.‘
1385 930 1504 967 Aliquid

446 973 650 1002 denominatur
677 981 751 1000 nunc
779 971 942 1008 dupliciter:
971 971 1127 999 secundum
1156 971 1296 1004 alterum,
1325 969 1398 998 sicut
1425 976 1503 998 totus

420 1031 422 1033 >
447 1013 506 1041 dies
527 1021 661 1049 praesens
676 1021 735 1040 non
757 1012 915 1039 secundum
931 1010 1065 1046 seipsum,
1081 1010 1131 1038 sed
1145 1010 1305 1038 secundum
1319 1009 1428 1046 aliquid
1443 1009 1503 1046 sui;

445 1053 490 1081 vel
507 1053 605 1090 primo
627 1058 654 1079 et
670 1060 728 1089 per
748 1060 793 1084 se,·
815 1057 843 1078 et
862 1051 919 1078 tale
941 1059 974 1078 ex
987 1049 1155 1078 necessitate
1176 1055 1219 1078 est
1240 1049 1410 1078 indivisibile
1431 1055 1459 1077 et
1472 1049 1503 1077 in

445 1092 527 1120 omni
553 1099 691 1127 tempore.
713 1107 732 1111 —
755 1090 780 1117 3.
804 1089 1007 1124 Praeteritum,
1034 1089 1102 1126 quia
1124 1089 1295 1118 continuum
1315 1089 1445 1124 finitum,
1467 1089 1504 1117 ad

444 1131 554 1168 aliquid
574 1130 741 1158 terminatur
762 1136 840 1157 extra
860 1129 941 1166 quod
961 1127 1032 1156 nihil
1051 1128 1140 1165 ipsius
1162 1135 1205 1157 est
1225 1128 1361 1167 invenire,
1383 1135 1411 1156 et
1431 1128 1505 1156 infra

446 1171 525 1207 quod
540 1170 610 1198 nihil
623 1168 723 1203 futuri;
745 1175 773 1197 et
793 1168 878 1197 simili
892 1169 983 1196 modo
998 1168 1126 1196 futurum
1146 1169 1182 1196 ab
1203 1168 1306 1196 ultimo
1321 1168 1419 1205 aliquo
1440 1167 1503 1195 fini-

444 1216 504 1245 tur3
527 1210 606 1254 quod
626 1209 759 1236 ultimum
781 1214 823 1236 est
843 1207 982 1236 terminus
1003 1207 1151 1245 utriusque
1172 1207 1325 1252 temporis,
1347 1217 1414 1236 cum
1432 1214 1504 1235 tem-

445 1259 499 1286 pus
520 1249 555 1276 sit
576 1248 755 1276 continuum.
779 1248 866 1282 Quod
880 1247 964 1285 igitur
985 1253 1027 1276 est
1047 1247 1104 1276 tale
1118 1257 1169 1284 per
1182 1247 1309 1284 seipsum
1331 1250 1370 1285 (et
1390 1248 1446 1275 hoc
1463 1253 1505 1274 est

446 1298 506 1316 esse
529 1298 602 1316 nunc
623 1297 674 1324 per
692 1286 838 1323 seipsum),
860 1286 1029 1315 indivisibile
1049 1286 1150 1324 procul
1172 1287 1260 1315 dubio
1278 1286 1408 1322 erit.-4.
1432 1287 1504 1314 Sub·

446 1327 547 1356 divisio
569 1334 668 1356 textus.
689 1343 708 1348 -
722 1327 842 1355 Necesse
864 1332 906 1355 est
929 1335 991 1354 esse
1012 1327 1088 1354 idem
1110 1336 1185 1354 nunc
1205 1326 1339 1355 ultimum
1361 1325 1505 1363 praeteriti

446 1374 474 1395 et
494 1367 580 1395 futuri
598 1383 616 1388 -
637 1367 662 1395 5.
682 1367 837 1394 Probatur.
859 1366 890 1394 Si
909 1375 1001 1394 unum
1023 1375 1098 1394 nunc
1119 1365 1154 1394 sit
1174 1365 1346 1403 principium
1367 1365 1455 1394 futuri
1479 1371 1506 1394 et

445 1407 566 1435 alterum
587 1406 651 1434 finis
672 1406 830 1442 praeteriti,
856 1415 947 1433 unum
975 1415 1036 1434 non
1062 1412 1156 1442 potest
1181 1405 1346 1434 immediate
1367 1405 1448 1442 sequi
1469 1405 1507 1432 ad

445 1447 581 1475 alterurn:
597 1446 664 1483 quia
678 1452 843 1482 sequeretur
862 1451 976 1482 tempus
990 1454 1024 1473 ex
1040 1445 1258 1481 impartibilibus
1279 1445 1426 1482 componi.
1448 1446 1506 1472 Nec

445 1487 482 1514 ab
503 1486 625 1514 invicem
639 1485 743 1514 distare
763 1491 899 1522 possuntz
921 1494 990 1513 nam
1010 1491 1080 1513 tunc
1093 1491 1207 1522 tempus
1222 1484 1358 1513 interesse
1379 1485 1505 1519 deberet,

446 1534 512 1554 cum
533 1526 563 1553 in
584 1525 722 1553 continuo
746 1525 817 1560 sint;
838 1525 894 1553 hoc
914 1531 1010 1553 autem
1031 1531 1186 1561 repugnat,
1208 1524 1277 1561 quia
1297 1530 1506 1561 consequenter

446 1574 476 1593 se
491 1564 625 1593 habentia
645 1564 773 1592 medium
787 1564 909 1601 proximi
924 1563 1035 1601 generis
1049 1573 1109 1592 non
1123 1564 1285 1592 admittunt.
1308 1565 1344 1592 Et
1359 1570 1507 1600 praeterea

446 1611 559 1642 tempus
580 1604 649 1632 illud
669 1604 795 1632 medium
818 1604 958 1632 diceretur
977 1613 1066 1632 nunc:
1088 1610 1161 1631 esset
1182 1613 1249 1640 ergo
1271 1612 1346 1631 nunc
1367 1603 1506 1631 divisibile

446 1651 563 1681 propter
576 1643 714 1680 temporis
729 1643 958 1672 divisibilitatem.
973 1659 992 1665 —
1008 1644 1035 1671 6.
1056 1643 1144 1678 Quod
1163 1650 1260 1671 autem
1281 1652 1355 1671 nunc
1376 1643 1412 1671 sit
1432 1643 1507 1671 indi-

446 1683 563 1719 visibile,
585 1684 731 1720 probatur.
754 1685 785 1719 a)
813 1683 888 1718 Quia
910 1682 987 1711 enim
1003 1692 1077 1711 nunc
1092 1689 1134 1711 est
1148 1689 1307 1711 extremum
1321 1689 1349 1710 et
1363 1682 1506 1719 praeteriti

447 1730 474 1752 et
494 1723 592 1758 futuri,
615 1723 644 1750 in
658 1729 781 1760 utroque
802 1723 897 1759 ipsum
918 1731 980 1750 esse
994 1729 1122 1759 oportet;
1144 1723 1195 1750 sed
1217 1721 1240 1750 si
1263 1732 1337 1750 nunc
1356 1722 1506 1757 dividitur,

446 1772 505 1791 una
523 1763 583 1791 eius
598 1771 662 1807 pars
677 1762 729 1790 erit
742 1762 904 1799 praeterita,
926 1762 1014 1790 altera
1033 1762 1142 1797 futura;
1162 1768 1296 1798 sequetur
1317 1770 1385 1798 ergo
1400 1744 1507 1798 aliquid

446 1802 589 1840 praeteriti
604 1802 633 1830 in
648 1802 743 1829 futuro
764 1802 893 1836 inveniri,
909 1808 936 1829 et
951 1811 966 1830 e
987 1810 1136 1829 converso.
1160 1801 1187 1836 b)
1209 1801 1239 1829 Si
1261 1810 1335 1829 nunc
1357 1800 1392 1828 sit
1413 1801 1508 1828 divisi-

447 1842 519 1877 bile,
541 1851 601 1870 non
616 1841 668 1869 erit
686 1850 760 1869 nunc
782 1842 941 1869 secundum
962 1841 1103 1877 seipsum,
1125 1841 1176 1868 sed
1197 1841 1356 1868 secundum
1377 1840 1507 1868 alterum.

448 1883 534 1910 Nunc
555 1881 633 1909 enim
654 1887 696 1908 est
717 1880 818 1909 divisio
841 1880 998 1917 temporis,
1027 1886 1167 1916 quatenus
1186 1879 1325 1908 terminus
1344 1879 1507 1908 communis

447 1920 591 1958 praeteriti
605 1926 633 1948 et
647 1920 748 1948 futuri.
770 1921 881 1948 nullum
896 1926 992 1948 autem
1014 1918 1154 1947 divisibile
1168 1925 1210 1947 est
1224 1928 1276 1947 sua
1291 1918 1402 1947 divisio.
1417 1921 1443 1954 c)
1458 1919 1508 1947 Di-

449 1961 541 1989 cendo
566 1969 654 1994 nunc,
682 1959 790 1996 aliquid
813 1967 906 1988 totum
932 1959 1016 1987 simul
1045 1959 1074 1986 in
1101 1958 1243 1995 praesenti
1268 1958 1464 1995 intelligimus,
1486 1958 1510 1986 si

449 2007 546 2029 autem
562 2008 635 2027 nunc
658 1999 808 2035 dividatur,
828 2008 889 2027 non
910 1999 963 2027 erit
975 2005 1070 2027 totum
1090 1998 1191 2033 simul,
1206 1999 1256 2026 sed
1274 2007 1334 2026 una
1347 2007 1413 2035 pars
1428 2007 1510 2034 prae-

449 2039 531 2068 terita
552 2045 579 2066 et
600 2038 655 2067 alia
674 2038 777 2067 futura.
793 2055 811 2060 —
827 2048 852 2075 7.
876 2037 951 2073 Quia
971 2037 1056 2075 igitur
1069 2037 1246 2066 divisibilitas
1267 2037 1355 2074 ipsius
1377 2047 1451 2066 nunc
1466 2047 1510 2066 se-

450 2079 591 2116 quebatur
605 2078 642 2106 ad
656 2078 712 2106 hoc
726 2079 806 2114 quod
827 2078 973 2106 dicebatur
987 2087 1048 2105 non
1062 2086 1124 2105 esse
1141 2077 1217 2105 idem
1231 2084 1389 2105 extremum
1403 2077 1510 2106 utrius-

450 2128 506 2155 que
526 2117 674 2154 temporis‚
696 2117 780 2145 huius
796 2117 948 2154 positionis
969 2116 1074 2144 falsitas
1089 2116 1275 2145 concluditur.
1285 2134 1304 2138 -
1318 2118 1342 2144 E
1357 2117 1510 2152 contrario,

450 2157 546 2195 posito
562 2157 641 2193 quod
653 2156 728 2185 idern
745 2166 818 2185 nunc
833 2157 869 2185 sit
882 2163 1039 2185 extremum
1053 2156 1197 2192 praeteriti
1218 2162 1246 2184 et
1266 2156 1361 2191 futuri,
1383 2156 1512 2193 sequitur

450 2203 568 2234 propter
582 2197 725 2233 praedicta
739 2199 829 2232 (num.
841 2198 945 2233 praec.)
962 2196 1056 2232 ipsum
1067 2205 1128 2224 esse
1142 2195 1320 2231 indivisibile.
1331 2197 1430 2232 Neque
1443 2205 1510 2233 ergo

451 2244 494 2265 est
508 2235 645 2264 divisibile
667 2237 748 2273 quasi
769 2237 890 2264 alterum
904 2243 931 2264 et
945 2236 1074 2270 alterum,
1096 2244 1189 2272 neque
1210 2242 1241 2263 ut
1262 2235 1338 2263 idern
1354 2235 1511 2263 existens.—

452 2277 479 2304 8.
501 2277 533 2304 ln
555 2284 629 2303 nunc
649 2285 710 2304 non
731 2282 826 2313 potest
839 2285 901 2304 esse
915 2282 1029 2303 motus:
1051 2281 1218 2311 sequeretur
1239 2274 1314 2302 enim
1338 2275 1417 2311 quod
1436 2284 1511 2303 nunc

451 2322 526 2344 esset
546 2315 699 2350 divisibile,
728 2322 828 2344 contra
849 2315 878 2343 id
899 2316 978 2351 quod
1003 2315 1157 2351 probatum
1184 2321 1233 2342 est.
1255 2331 1275 2335 -
1296 2323 1322 2350 9.
1345 2315 1404 2342 Nec
1425 2314 1511 2342 etiam

451 2356 532 2393 quies
546 2361 641 2392 potest
661 2364 723 2383 esse
744 2355 774 2383 in
795 2364 877 2383 nunc.
900 2357 927 2390 a)
949 2354 1026 2382 Nihil
1047 2354 1124 2382 enim
1145 2353 1264 2390 quiescit
1278 2353 1332 2382 nisi
1346 2360 1444 2390 aptum
1459 2362 1511 2381 na-

451 2402 514 2423 tum
535 2394 570 2422 sit
592 2394 716 2429 moveriy
738 2401 765 2423 et
787 2395 903 2431 quando
927 2401 954 2422 et
978 2393 1050 2422 sicut
1077 2393 1187 2421 moveri
1208 2400 1250 2421 est
1270 2400 1386 2430 aptum3
1410 2394 1461 2421 sed
1481 2393 1511 2421 in

451 2435 515 2471 ipso
531 2443 604 2462 nunc
619 2443 679 2462 non
690 2441 731 2462 est
746 2434 880 2470 possibile
896 2433 1018 2469 moveri3
1034 2442 1101 2470 ergo
1115 2442 1210 2470 neque
1224 2433 1378 2470 quiescere.
1394 2433 1422 2468 b)
1432 2434 1511 2461 Idem

453 2483 527 2502 nunc
542 2479 584 2501 est
599 2473 627 2501 in
643 2475 755 2502 duobus
776 2473 962 2510 temporibus,
985 2473 1014 2500 in
1029 2482 1154 2509 quorum
1168 2482 1228 2500 uno
1243 2472 1383 2510 contingit
1402 2472 1511 2501 moveri

451 2523 503 2550 per
516 2519 618 2548 totum,
634 2520 661 2542 et
682 2513 711 2541 in
726 2514 815 2541 altero
829 2522 880 2550 per
894 2519 987 2541 toturn
1002 2512 1160 2549 quiescere:
1183 2512 1206 2540 si
1223 2521 1292 2549 ergo
1307 2512 1337 2540 in
1352 2521 1426 2541 nunc
1447 2521 1510 2540 mo-

451 2553 509 2581 veri
525 2559 552 2581 et
573 2553 717 2590 quiescere
738 2552 885 2589 contingit,
907 2552 936 2580 in
958 2553 1061 2580 eodem
1076 2552 1191 2580 instanti
1213 2551 1320 2589 aliquid
1342 2551 1468 2589 quiescet
1485 2558 1512 2580 et

452 2592 620 2621 movebitur.
643 2595 668 2628 c)
684 2593 753 2620 Illud
769 2592 887 2629 quiescit
901 2593 981 2629 quod
997 2591 1125 2619 similiter
1139 2601 1169 2620 se
1183 2592 1269 2620 habet
1283 2601 1360 2620 nunc
1375 2597 1402 2619 et
1416 2601 1510 2628 prius;

451 2633 502 2660 sed
523 2632 552 2660 in
574 2642 647 2660 nunc
675 2641 735 2660 non
762 2632 904 2660 invenitur
925 2631 1019 2668 prius;
1047 2641 1108 2659 non
1135 2640 1204 2668 ergo
1230 2631 1370 2668 contingit
1397 2631 1427 2659 in
1447 2631 1510 2668 ipso

452 2672 606 2708 quiescere.
628 2689 647 2693 -
668 2672 763 2700 Omne
784 2672 868 2709 igitur
888 2672 967 2708 quod
992 2677 1124 2699 movetur
1143 2671 1188 2699 vel
1208 2670 1343 2708 quiescit,
1365 2670 1511 2707 quiescere

451 2712 495 2739 vel
509 2720 624 2740 movere
645 2711 674 2739 in
694 2719 824 2748 tempore
846 2717 969 2748 oportet.
985 2727 1004 2732 -
1022 2720 1065 2739 10.
1088 2711 1184 2739 Omne
1204 2711 1284 2747 quod
1304 2717 1437 2738 movetur
1450 2719 1511 2738 esse

571 2818 698 2865 ,Ψῷρη
715 2821 891 2861 ostquam
925 2812 1087 2849 ostendit
1117 2811 1370 2861 Philosophus
1406 2811 1511 2861 quod

539 2860 543 2873 ¹
576 2862 628 2903 '³6⁵1‘
669 2865 707 2895 cu:-
716 2866 860 2903 nullum
895 2865 1116 2902 continuum
1146 2876 1191 2901 ex
1222 2865 1510 2903 indivisibilibus

597 2964 604 2971 .
660 2919 669 2934 ³
687 2954 698 2965 s
717 2918 968 2967 componitur,
998 2930 1122 2966 neque
1150 2917 1375 2954 indivisibile
1404 2930 1510 2964 esse,

518 2996 522 2999 »
603 3000 608 3011 χ
648 2965 696 3009 ,ἶν’
717 2983 761 3007 ex
790 2971 924 3019 quibus
953 2978 1107 3020 apparet
1134 2978 1283 3008 motum
1308 2983 1389 3007 esse
1419 2970 1512 3008 divi-

455 3023 619 3070 sibilem;
647 3023 707 3060 hic
736 3023 958 3061 determinat
997 3023 1044 3060 de
1073 3023 1258 3061 divisione
1295 3030 1434 3060 motus.
1464 3023 1513 3059 Et

454 3077 578 3125 primo
606 3076 808 3125 praemittit
835 3077 1023 3125 quaedam
1061 3075 1271 3113 necessaria
1300 3075 1348 3112 ad
1385 3083 1512 3112 motus

456 3129 698 3175 divisionem3
729 3129 895 3166 secundo
917 3129 963 3166 de
992 3129 1072 3178 ipsa
1092 3136 1219 3166 motus
1244 3128 1428 3165 divisione
1449 3128 1512 3165 de-

456 3181 640 3229 terminat,
662 3181 728 3218 ibi:
757 3183 887 3219 Motus
914 3187 1037 3219 autem
1066 3187 1120 3219 est
1145 3181 1334 3219 divisibilis
1361 3181 1513 3229 duplici-

456 3240 510 3271 ter
525 3236 544 3256 ²²
562 3242 630 3272 etc.
652 3234 760 3272 Circa
779 3235 944 3283 primurn
970 3235 1045 3272 duo
1066 3234 1170 3271 facit:
1198 3233 1322 3283 primo
1352 3233 1514 3271 ostendit

457 3288 565 3335 quod*
598 3287 634 3324 in
668 3287 879 3325 indivisibili
908 3287 1088 3336 temporis
1117 3299 1195 3324 non
1224 3284 1403 3334 contingit
1431 3299 1512 3323 esse

458 3348 604 3377 motum
634 3353 756 3390 neque
795 3340 979 3389 quietem;
1009 3339 1177 3377 secundo
1216 3339 1378 3376 ostendit
1409 3339 1513 3388 quod

459 3392 681 3430 indivisibile
709 3406 786 3430 non
814 3401 937 3442 potest
964 3393 1128 3440 moveri,
1158 3391 1224 3429 ibi:
1260 3391 1369 3434 Quod
1394 3397 1513 3429 muta-

514 3558 541 3588 α)
558 3558 633 3583 Circa
646 3558 798 3590 primum.—
808 3559 843 3583 lta
856 3559 964 3591 legimus
976 3567 1033 3584 cum
1050 3560 1086 3584 sl:
1100 3564 1221 3592 putamus
1234 3558 1303 3584 enim
1317 3559 1440 3584 mendum
1455 3567 1514 3584 esse
1567 3560 1693 3592 sequitur,
1708 3567 1755 3593 pro
1767 3560 1889 3590 ostendit,
1905 3560 2034 3593 proponit
2051 3560 2367 3592 PACDIKMOQTXYab,

462 3593 654 3617 amanuensium
674 3594 807 3618 lectionem
827 3599 874 3619 cet.
893 3599 918 3619 et
937 3595 1003 3625 Pub,
1025 3595 1103 3620 Circa
1122 3595 1177 3620 hoc.
1199 3594 1260 3619 Post
1283 3594 1332 3619 hoc
1350 3594 1407 3619 add.
1426 3596 1513 3619 autem

463 3627 695 3658 BEFGMNXZsH;
709 3629 748 3660 ρΗ
765 3629 822 3653 hab.
835 3629 909 3654 lnc.—
924 3629 967 3660 Ibi,
982 3630 1060 3654 tertio
1075 3629 1190 3655 ostendit
1204 3629 1232 3655 id
1244 3628 1315 3662 quod
1328 3629 1364 3654 ad
1378 3629 1441 3655 haec
1453 3636 1514 3655 con—

1072 311 1416 348 PHYSICORUM
1443 311 1790 348 ARISTOTELIS
1820 312 1913 348 LIB.
1942 312 1994 348 Vl

1624 396 1680 428 est,
1705 396 1735 420 et
1758 399 1832 420 cum
1850 389 1980 430 quidem
2003 389 2043 420 sit
2064 389 2097 420 in
2120 389 2182 420 hoc
2205 389 2237 420 in
2260 390 2349 431 quod
2371 396 2532 421 mutatum
2555 396 2616 428 est,

1623 444 1689 464 non
1713 433 1848 473 amplius
1877 440 2035 472 mutatur3
2063 443 2138 464 cum
2167 441 2274 464 autem
2297 440 2343 464 est
2365 434 2398 464 in
2429 443 2467 464 eo
2491 443 2528 464 ex
2551 443 2617 474 quo

1624 484 1783 508 mutatum
1807 484 1862 515 est,
1888 483 1918 508 et
1939 477 2046 518 ipsum
2069 483 2100 508 et
2122 484 2225 517 partes
2249 487 2372 516 ornnes,
2389 487 2455 508 non
2478 484 2619 509 mutatur

1623 519 1731 564 (quod
1746 521 1828 552 enim
1846 521 1986 552 similiter
2001 531 2034 551 se
2051 521 2145 551 habet
2161 527 2191 551 et
2202 521 2309 561 ipsum
2329 527 2359 552 et
2373 528 2475 562 partes
2494 531 2618 560 omnes,
2648 540 2650 542 ·

1622 574 1689 596 non
1705 563 1875 608 mutatur):
1893 575 2017 595 necesse
2040 564 2134 604 igitur
2148 565 2210 596 hoc
2229 565 2360 605 quidem
2373 564 2495 605 aliquid
2509 565 2542 596 in
2557 565 2619 596 hoc

1625 618 1704 647 esse,
1717 609 1801 647 aliud
1817 618 1892 639 vero
1908 609 1940 639 in
1956 610 2054 640 altero
2065 609 2227 647 mutantis;
2239 619 2305 640 non
2321 608 2407 639 enim
2420 608 2454 638 in
2466 609 2618 650 utrisque,

1625 663 1728 693 neque
1742 653 1775 683 in
1790 660 1903 684 neutro
1920 653 2069 693 possibile
2085 659 2131 683 est
2147 660 2251 683 toturn
2271 662 2348 683 esse.
2364 652 2446 683 Dico
2465 659 2572 684 autem
2585 652 2619 684 in

1624 697 1714 737 quod
1736 704 1876 728 mutatur
1903 697 2044 738 primum
2067 697 2243 728 secundum
2273 696 2502 734 mutationem,
2524 703 2561 727 ut
2583 706 2620 727 ex

1625 740 1697 770 albo
1721 739 1754 770 in
1778 741 1914 779 fuscum,
1936 751 2002 771 non
2025 741 2058 771 in
2081 740 2222 781 nigrum:
2238 751 2304 771 non
2328 740 2414 771 enim
2432 749 2558 772 necesse
2574 747 2620 772 est

1626 783 1714 824 quod
1737 791 1877 816 mutatur
1900 785 1933 815 in
1956 795 2162 826 quocumque
2181 795 2247 815 esse
2265 784 2465 815 ultimorum.
2489 783 2620 815 Manife-

1626 834 1711 858 stum
1726 827 1821 868 igitur
1844 835 1890 859 est
1905 829 1994 869 quod
2010 839 2105 860 omne
2121 829 2210 870 quod
2228 835 2369 859 mutatur
2384 828 2441 859 erit
2455 827 2618 860 divisibile.

1557 930 1696 960 divisibile
1717 932 1863 968 probatur.
1886 932 1989 961 Omnis
2003 933 2124 962 mutatio
2146 940 2188 962 est
2207 943 2242 962 ex
2262 934 2391 971 quodam
2411 933 2442 962 in
2463 933 2620 972 quiddam·

1557 971 1607 999 sed
1621 971 1739 1007 quando
1760 971 1868 1008 aliquid
1890 977 1932 1000 est
1952 971 1982 1000 in
2002 972 2127 1001 termino
2147 973 2186 1001 ad
2206 982 2305 1011 quem,
2327 983 2389 1003 non
2405 980 2545 1010 mutatur,
2569 975 2621 1002 sed

1557 1016 1701 1039 mutatum
1722 1017 1779 1046 est;
1809 1017 1837 1039 et
1857 1011 1881 1039 si
1901 1011 1938 1039 sit
1957 1010 1988 1040 in
2008 1011 2132 1040 termino
2160 1021 2178 1040 a
2198 1021 2253 1050 quo
2281 1013 2440 1042 secundum
2464 1022 2498 1042 se
2526 1020 2621 1042 totum

1558 1056 1586 1078 et
1606 1050 1764 1078 secundum
1786 1059 1888 1078 omnes
1909 1060 1975 1079 suas
1994 1057 2103 1088 partes,
2125 1050 2260 1088 quiescit3
2282 1061 2344 1080 esse
2365 1059 2461 1081 autem
2484 1050 2520 1081 'in
2540 1059 2623 1082 utro-

1557 1098 1614 1126 que
1628 1091 1787 1118 secundum
1802 1099 1905 1118 omnes
1919 1099 1986 1119 suas
1999 1097 2094 1127 partes
2109 1097 2151 1119 est
2167 1091 2357 1128 impossibile3
2378 1101 2432 1120 nec
2453 1092 2508 1120 dici
2525 1099 2622 1129 potest

1558 1130 1638 1166 quod
1656 1129 1686 1157 in
1701 1135 1803 1158 neutro
1825 1129 2015 1158 terminorum
2036 1130 2072 1158 sit
2093 1130 2243 1166 (terminus
2264 1130 2342 1159 enim
2356 1132 2394 1159 ad
2407 1140 2490 1169 quem
2512 1132 2558 1160 hic
2578 1132 2622 1160 in-

1558 1168 1691 1206 telligitur
1711 1169 1868 1214 proximus,
1889 1178 1950 1198 non
1979 1169 2117 1205 ultimus):
2138 1169 2308 1207 relinquitur
2329 1180 2398 1208 ergo
2419 1172 2500 1208 quod
2519 1180 2621 1202 secun-

1559 1208 1629 1236 dum
1646 1208 1755 1244 aliquid
1775 1208 1819 1236 sui
1840 1208 1876 1236 sit
1896 1208 1926 1236 in
1946 1218 2022 1244 uno,
2044 1215 2072 1237 et
2090 1209 2249 1238 secundum
2270 1209 2379 1247 aliquid
2399 1210 2444 1239 sui
2464 1210 2495 1239 in
2515 1210 2621 1246 altero;

1558 1256 1592 1276 ac
1613 1247 1734 1284 proinde
1758 1247 1837 1284 quod
1859 1247 1894 1275 sit
1915 1230 2063 1276 divisibile.
2084 1265 2103 1270 -
2135 1258 2180 1277 11.
2201 1249 2320 1278 Dubitat
2345 1250 2565 1279 commentator
2584 1259 2623 1279 an

1559 1286 1751 1323 Philosophus
1779 1286 1825 1315 hic
1846 1286 1975 1315 intendat
1996 1287 2103 1315 mobile
2124 1289 2282 1317 secundum
2305 1295 2418 1319 motum
2442 1290 2558 1327 proprie
2579 1290 2623 1320 di-

1559 1332 1653 1360 ctum;
1681 1326 1748 1363 quia
1769 1325 1855 1354 etiam
1877 1327 1957 1362 quod
1981 1333 2108 1355 mutatur
2129 1328 2286 1356 secundum
2309 1328 2505 1366 substantiam,
2525 1329 2620 1358 divisi—

1560 1365 1615 1394 bile
1642 1365 1792 1394 invenitur.
1816 1365 1844 1393 Si
1863 1371 1959 1395 autem
1974 1366 2110 1403 loquatur
2124 1367 2160 1395 de
2175 1367 2304 1405 mutabili
2319 1377 2503 1406 quocumque
2518 1370 2623 1407 modo,

1559 1411 1591 1433 ut
1605 1413 1639 1432 ex
1653 1403 1714 1432 eius
1735 1404 1828 1433 verbis
1849 1412 1976 1441 apparet,
1998 1415 2059 1441 non
2079 1405 2191 1434 videtur
2210 1406 2270 1435 eius
2291 1407 2500 1437 demonstratio
2519 1409 2623 1444 valere,

1559 1453 1626 1473 cum
1647 1445 1790 1481 quaedam
1811 1444 2066 1474 transmutationes
2087 1445 2144 1474 sint
2170 1445 2363 1475 indivisibiles.
2382 1463 2402 1468 -
2427 1455 2470 1476 12.
2491 1447 2625 1478 Reiicitur

1560 1483 1667 1512 solutio
1687 1483 1842 1512 Alexandri
1856 1484 1985 1521 negantis
2001 1485 2378 1515 mutationesindivisibiles
2391 1493 2419 1515 et
2433 1487 2462 1516 in
2476 1494 2537 1516 non
2549 1493 2625 1516 tem-

1559 1532 1638 1560 pore.
1654 1524 1724 1552 Item
1739 1523 1890 1552 Themistii
1911 1523 2031 1553 dicentis
2044 1524 2229 1554 Aristotelem
2250 1525 2330 1562 loqui
2351 1527 2388 1555 de
2407 1526 2624 1556 transmutatio-

1559 1563 1643 1591 nibus
1658 1572 1732 1600 quae
1746 1563 1895 1591 manifeste
1909 1563 2031 1592 flumin
2045 1570 2184 1601 tempore.
2200 1566 2364 1602 Respondet
2377 1566 2540 1603 Avempace
2559 1566 2626 1595 Ari·

1560 1603 1691 1631 stotelem
1712 1603 1793 1640 loqui
1807 1604 1844 1631 de
1865 1602 2005 1641 divisione
2024 1603 2141 1632 mobilis
2161 1613 2213 1641 per
2232 1605 2391 1634 accidentia
2408 1606 2568 1642 contraria,
2589 1607 2625 1635 de

1561 1652 1686 1679 quorum
1713 1652 1774 1670 uno
1796 1642 1826 1670 in
1846 1642 1967 1670 alterum
1989 1639 2124 1672 mutatur.
2145 1659 2164 1664 —
2190 1645 2233 1672 13.
2255 1644 2346 1673 Solvit
2365 1651 2462 1675 autem
2482 1647 2625 1675 Averroes

1561 1682 1659 1710 dicens
1680 1682 1854 1710 mutationes
1874 1681 2059 1711 indivisibiles
2080 1692 2143 1711 esse
2154 1692 2214 1720 per
2233 1683 2374 1720 accidens,
2396 1691 2538 1722 quatenus
2558 1692 2626 1715 sunt

1559 1721 1675 1750 termini
1700 1728 1834 1750 motuum
1856 1721 2054 1758 divisibilium;
2075 1722 2200 1759 ideoque
2221 1722 2251 1751 in
2272 1724 2519 1753 demonstratione
2542 1733 2626 1762 prae-

1561 1761 1706 1789 termissas
1726 1761 1822 1789 fuisse.
1837 1777 1856 1782 —
1875 1770 1919 1796 14.
1943 1744 2112 1790 Ostenditur
2132 1762 2325 1792 obiectionem
2347 1772 2408 1792 non
2429 1773 2490 1793 esse
2507 1765 2545 1793 ad
2557 1774 2626 1802 pro-

1561 1800 1703 1837 positum:
1725 1810 1786 1828 non
1808 1800 1885 1828 enim
1906 1801 1936 1828 in
1958 1801 2068 1830 ratione
2089 1802 2184 1838 posita
2204 1812 2234 1830 n.
2254 1812 2298 1838 ιο,
2317 1812 2351 1832 ex
2371 1803 2511 1832 divisione
2532 1810 2627 1833 muta—

1561 1839 1648 1868 tionis
1669 1839 1776 1867 mobile
1797 1849 1859 1867 esse
1885 1839 2023 1868 divisibile
2046 1841 2244 1877 concluditur,
2272 1844 2323 1871 sed
2344 1851 2378 1871 ex
2397 1843 2459 1872 aliis
2479 1843 2627 1881 principiis

1562 1888 1614 1924 per
1626 1888 1656 1907 se
1670 1878 1786 1907 notis.—
1801 1879 1968 1907 Declaratur
1982 1880 2074 1916 magis
2090 1880 2238 1918 magisque
2252 1882 2386 1918 probatio
2406 1883 2584 1919 Aristotelis,
2595 1889 2628 1912 et

1563 1919 1640 1947 iuxta
1666 1919 1740 1946 hanc
1767 1918 2031 1955 interpretationem
2067 1919 2243 1956 explicantur
2275 1921 2433 1950 solutiones
2453 1904 2624 1956 Alexandri,

1562 1957 1714 1986 Themistii
1735 1965 1763 1986 et
1787 1958 1931 1986 Averrois.
1953 1975 1972 1980 -
1996 1959 2039 1987 15.
2061 1959 2125 1988 Alia
2146 1959 2286 1988 dubitatio
2311 1970 2346 1989 ex
2372 1968 2453 1998 parte
2480 1961 2626 1992 alternum

1563 1998 1616 2026 nis.
1639 1997 1715 2032 Quia
1739 2004 1833 2025 totum
1861 1997 1947 2026 simul
1971 1998 2121 2034 alteratur,
2148 2008 2210 2027 non
2232 1999 2343 2028 videtur
2369 2010 2469 2029 verum
2480 2002 2572 2046 'quod
2595 2001 2627 2030 id

1564 2037 1643 2074 quod
1664 2037 1798 2066 alteratur
1822 2037 1912 2074 possit
1939 2046 2001 2066 esse
2029 2038 2133 2074 partim
2154 2038 2184 2066 in
2205 2049 2264 2067 uno
2293 2046 2321 2068 et
2347 2040 2451 2076 partim
2478 2040 2509 2069 in
2536 2041 2627 2070 altero

1562 2076 1698 2105 termino.
1721 2094 1741 2098 -
1766 2077 1808 2104 16.
1825 2077 2025 2114 Respondemr
2039 2078 2118 2114 quod
2137 2076 2426 2113 demonstrationes
2419 2089 2450 2108 m
2470 2081 2527 2109 hoc
2547 2086 2627 2109 sexto

1563 2116 1637 2144 libro
1658 2116 1768 2152 positae
1782 2117 1819 2144 ad
1835 2123 1947 2144 motum
1969 2117 2089 2145 localem
2118 2111 2240 2154 perfecte
2261 2119 2413 2154 pertinent,
2434 2120 2472 2148 ad
2490 2119 2562 2148 alios
2575 2129 2628 2148 au·

1563 2162 1622 2184 tem
1637 2162 1779 2192 quatenus
1800 2154 1908 2200 aliquid
1925 2156 2120 2184 continuitatis
2141 2162 2170 2185 et
2187 2157 2374 2194 regularitatis
2394 2157 2574 2204 participant.
2595 2160 2628 2188 ln

1565 2201 1647 2223 motu
1668 2195 1751 2223 locali
1773 2195 1856 2231 igitur
1877 2196 2006 2228 absolute
2027 2205 2126 2224 verum
2148 2202 2190 2224 est
2210 2206 2299 2226 unam
2324 2204 2435 2234 partem
2462 2198 2540 2235 prius
2562 2207 2633 2236 pera

1563 2234 1660 2262 venire
1681 2235 1718 2262 ad
1732 2234 1887 2262 terminum
1909 2235 1947 2262 ad
1967 2244 2050 2272 quem
2073 2245 2159 2273 quam
2181 2236 2280 2272 aliam,
2302 2236 2332 2264 in
2353 2243 2435 2266 motu
2453 2238 2524 2267 alter

1564 2283 1632 2302 vero
1649 2273 1809 2319 aliqualiter
1823 2275 1878 2302 hoc
1898 2274 2054 2310 invenitur;
2077 2282 2218 2312 quatenus
2232 2258 2338 2313 neinpe
2351 2277 2489 2313 alterans,
2510 2282 2579 2306 eum
2593 2278 2630 2307 sit

1564 2313 1661 2342 finitae
1681 2313 1801 2349 virtutis,
1823 2313 1939 2342 nonnisi
1953 2323 2046 2351 usque
2066 2315 2103 2342 ad
2124 2315 2343 2344 determinatam
2361 2316 2550 2361 quantitatem
2563 2326 2628 2347 cor-

1564 2363 1628 2398 pus·
1632 2354 1751 2382 alterare
1766 2359 1881 2390 potest,
1895 2354 2047 2382 alteratum
2067 2363 2137 2383 vero
2157 2354 2236 2383 aliud
2249 2355 2303 2384 sibi
2317 2356 2504 2401 coniunctum
2518 2357 2628 2393 alterat,

1565 2400 1592 2421 et
1606 2393 1646 2421 sic
1660 2393 1735 2426 inde,
1752 2402 1904 2430 quousque
1925 2393 2037 2421 deficiat
2057 2393 2155 2422 virtus.
2178 2395 2328 2423 Praeterea
2349 2395 2379 2423 in
2399 2395 2448 2424 illo
2464 2402 2528 2425 toto
2542 2396 2629 2426 simul

1564 2433 1683 2461 alterato
1699 2439 1741 2460 est
1755 2433 1901 2469 quandam
1923 2433 2135 2462 successionem
2155 2434 2349 2470 considerare,
2370 2441 2512 2472 quatenus
2532 2443 2630 2475 partes

1564 2472 1722 2501 successive
1743 2473 1780 2500 ad
1800 2472 1955 2509 perfectam
1982 2472 2180 2502 alterationem
2201 2474 2379 2510 perveniunt.
2392 2473 2420 2519 Ι-
2445 2484 2488 2512 17.
2509 2476 2639 2505 Extorto*

1564 2511 1705 2549 expositio
1733 2512 1935 2549 quorundam,
1963 2512 2119 2540 dicentium
2144 2521 2178 2541 ea
2201 2521 2276 2550 quae
2303 2513 2350 2542 hic
2376 2513 2511 2542 dicuntur
2537 2524 2584 2544 ma

1563 2551 1723 2580 verificari
1716 2561 1746 2579 m
1760 2557 1842 2580 motu
1856 2551 2031 2580 alterationis
2052 2560 2141 2589 quam
2161 2552 2191 2580 in
2205 2559 2287 2581 motu
2301 2552 2396 2582 locali.
2407 2569 2427 2574 -
2445 2554 2489 2582 18.
2509 2554 2630 2591 Triplici

1564 2597 1735 2629 argumento
1754 2591 1936 2627 reprobatur:
1959 2601 1992 2619 ex
2013 2591 2172 2620 Aristotelis
2193 2591 2300 2628 verbis,
2322 2601 2356 2621 ex
2373 2592 2434 2621 eius
2454 2593 2627 2630 intentione,

1565 2637 1592 2659 et
1613 2639 1646 2659 ex
1673 2630 1851 2667 expositione
1875 2640 1962 2667 quam
1983 2630 2044 2668 ipse
2064 2631 2186 2663 tradit.-,
2200 2641 2244 2668 19.
2266 2632 2392 2660 Solvitur
2405 2633 2527 2661 dubium
2546 2634 2628 2671 quod

1565 2679 1599 2699 ex
1621 2669 1800 2707 expositione
1820 2670 1982 2699 Aristotelis
2003 2671 2102 2706 oritur,
2118 2671 2192 2700 circa
2206 2670 2255 2700 illa
2265 2672 2368 2700 verba:
2384 2672 2415 2700 id
2431 2672 2460 2700 in
2475 2673 2627 2712 quod‘pri-

1566 2720 1644 2738 mum
1665 2715 1802 2738 mutatur.

1565 2817 1627 2848 tur
1653 2817 1778 2848 autem
1807 2824 1917 2849 omne
1937 2813 1957 2833 *
1985 2820 2053 2849 etc.
2086 2812 2194 2850 Circa
2219 2813 2388 2862 primum
2417 2802 2495 2865 duo
2523 2814 2630 2852 facit..

1565 2864 1690 2914 primo
1703 2865 1866 2902 ostendit
1880 2866 1984 2914 quod
1998 2865 2222 2903 indivisibile
2238 2865 2419 2916 temporis
2431 2873 2487 2904 est
2500 2864 2627 2916 ipsum

1566 2930 1687 2963 nunc;
1718 2918 1886 2955 secundo
1915 2919 2020 2967 quod
2046 2918 2085 2955 in
2112 2930 2214 2956 nunc
2241 2918 2332 2957 nihil
2358 2926 2538 2956 movetur
2563 2927 2629 2957 aut

1567 2970 1734 3018 quiescit,
1755 2970 1823 3007 ibi:
1858 2971 1967 3013 Quod
1983 2976 2107 3008 autem
2136 2971 2228 3008 nihil
2253 2972 2393 3020 in‘ipso
2420 2983 2521 3009 nunc
2546 2983 2627 3010 mo-

1565 3029 1674 3059 vetur
1689 3024 1708 3045 ·⁴·‘
1725 3030 1793 3060 etc.
1825 3023 1936 3060 Circa
1954 3023 2118 3072 primum
2140 3030 2157 3045 “
2174 3025 2242 3062 tria
2261 3024 2366 3063 facit:
2395 3024 2520 3073 primo
2540 3037 2627 3074 pro-

1566 3075 1674 3124 ponit
1692 3075 1797 3124 quod
1824 3075 2000 3122 intendit3
2030 3075 2198 3114 secundo
2225 3077 2332 3126 ponit
2351 3089 2396 3114 ea
2420 3089 2466 3114 ex
2490 3077 2628 3127 quibus

1567 3128 1719 3177 probari
1746 3135 1871 3177 potest
1897 3128 2154 3177 propositum,
2176 3129 2247 3167 ibi:
2275 3130 2344 3167 Est
2359 3130 2458 3167 enim
2486 3130 2630 3180 aliquid

1569 3180 1738 3218 ultimum
1758 3181 1836 3218 eius
1853 3182 1871 3201 ⁴·
1887 3189 1970 3227 etc.;
1985 3181 2094 3218 tertio
2110 3182 2273 3220 ostendit
2286 3182 2326 3220 id
2340 3183 2446 3232 quod
2464 3183 2512 3221 ad
2532 3184 2628 3221 haec
2653 3193 2664 3203 ·

1569 3233 1822 3283 consequitur,
1860 3234 1929 3271 ibi:
1958 3235 2120 3271 Necesse
2147 3240 2202 3271 est
2226 3235 2376 3285 igitur*
2393 3243 2461 3273 etc.

1622 3297 1656 3324 2.
1688 3286 1797 3323 Circa
1824 3287 1990 3335 primum
2012 3287 2330 3326 considerandum
2350 3296 2416 3336 est,
2441 3289 2545 3338 quod
2563 3288 2627 3326 ali-

1568 3339 1658 3388 quid
1687 3339 1820 3377 dicitur
1839 3340 1858 3360 '³‘
1879 3351 1978 3377 nunc
1996 3340 2206 3378 seeundum
2226 3341 2397 3390 alterum,
2419 3348 2455 3378 et
2473 3353 2551 3379 non
2570 3353 2627 3379 se-

1569 3392 1737 3430 cundum
1758 3392 1941 3442 seipsum:
1962 3392 2058 3430 sicut
2078 3393 2238 3431 dicimus
2260 3406 2362 3432 nunc
2387 3393 2446 3442 agi
2465 3393 2570 3443 quod
2589 3393 2627 3431 in

1568 3595 1683 3621 ostendit
1697 3596 1730 3627 S;
1745 3603 1793 3628 pro
1807 3595 1836 3620 id
1849 3595 1933 3627 quod.
1946 3595 2080 3628 quoddam
2094 3595 2166 3628 quod
2179 3596 2208 3625 L,
2221 3596 2286 3628 quid
2298 3595 2406 3625 HORZ,
2420 3559 2563 3627 qggzncg}
2573 3559 2626 3626 lp'rg

1567 3630 1643 3660 haec,
1663 3630 1712 3655 hoc
1730 3630 1804 3655 codd.
1819 3635 1844 3655 et
1858 3637 1891 3661 ας
1908 3637 1956 3663 pro
1974 3630 2156 3662 consequitur,
2170 3631 2289 3663 sequitur
2307 3630 2408 3656 CEHR.
2421 3630 2459 3655 ct.
2474 3636 2545 3655 num.
2559 3637 2585 3661 4.

2654 2826 2664 2836 ·
2677 2825 2750 2848 Num.
2764 2831 2798 2848 ιο.

2653 3035 2663 3045 ·
2677 3033 2749 3057 Num.
2764 3034 2786 3057 8.

2678 3191 2750 3215 Nam.
2762 3197 2784 3222 3.

2654 3245 2664 3255 '
2678 3243 2750 3267 Num.
2762 3251 2788 3272 4.

2655 3348 2806 3372 *em-dd.

2654 3380 2764 3398 um·
