2898 3996
6 420 8 422 ⁴
0 303 9 380 {moue-

4 637 20 665 .ἶὲ
32 647 43 657 ’
52 645 126 667 omnis
141 650 188 666 om.
201 650 242 666 co-

33 671 95 694 dices
113 677 162 693 exc.
175 676 242 693 uus

33 703 104 724 qur.

14 811 15 814 =
32 801 243 828 'pertranseuntur

10 832 13 833 ⁷
32 831 48 848 a
67 829 90 848 et
108 825 176 847 codd.
192 831 241 847 exc.

13 1062 23 1080 s
33 1064 42 1073 “
57 1062 126 1085 Num.
141 1069 216 1091 praee.

23 1463 25 1465 ¹
34 1479 44 1490 ‘
58 1467 128 1500 Num.
143 1484 164 1500 2.

8 1791 14 1812 *3
35 1797 46 1806 ·
59 1797 155 1818 atomon
166 1796 202 1818 1²17.

0 1878 1 1883 1
34 1849 45 1860 ⁸
59 1850 135 1870 autem
148 1848 200 1870 rab.

14 2399 18 2410 ›

14 2403 48 2447 '1¹¹
67 2428 180 2451 localibus
199 2435 248 2452 om.

1086 299 1195 335 CAP.
1227 297 1291 344 1v,
1322 297 1471 334 LECT.
1501 299 1586 334 vm

269 376 496 414 mutationes
516 376 695 424 contingit
714 388 794 413 esse
823 388 943 425 aeque
961 376 1125 422 veloces,
1147 382 1322 424 sequetur

269 429 373 478 quod
401 429 445 465 sit
473 429 639 477 aequalis
667 436 790 466 rectus
818 436 854 464 et
881 428 1078 465 circillaris.
1110 428 1226 475 Quod
1251 439 1320 475 po-

267 488 339 518 test
365 481 515 528 intelligi
544 481 755 530 dupliciter:
784 492 862 517 uno
882 481 1000 518 modo
1026 480 1072 517 de
1092 487 1199 516 motu
1219 486 1319 516 recto

269 541 305 570 et
333 533 517 579 circulari;
547 534 618 570 alio
651 534 768 570 modo
803 533 848 570 de
876 533 974 569 linea
1005 539 1105 569 recta
1138 539 1174 568 et
1205 531 1320 568 circu-

267 586 352 631 lari;
383 593 418 623 et
445 587 520 623 hoc
546 586 680 623 melius
701 593 771 632 est,
800 587 874 621 hoc
893 585 995 621 enim
1020 584 1187 632 sequitur
1207 595 1251 620 ex
1274 596 1319 620 eo

268 639 373 686 quod
400 638 604 687 praemisit.
635 638 674 675 Si
694 638 796 674 enim
815 637 939 673 omnis
960 639 980 658 *
999 643 1125 673 motus
1145 644 1266 672 rectus
1287 643 1322 672 et

270 690 456 728 circularis
479 698 565 727 sunt
591 702 711 739 aeque
734 690 902 734 veloces;
933 696 1018 725 sunt
1045 695 1171 725 autem
1201 700 1321 737 aeque

268 743 421 780 veloces
453 750 579 780 motus
595 771 604 789 ,
652 741 804 790 quando
837 741 1012 788 aequales
1046 741 1321 788 magnitudines

268 794 616 844 pertranseunt*in
644 793 789 841 aequali
807 800 996 841 tempore;
1021 794 1189 841 sequitur
1217 794 1322 841 quod

269 847 488 895 magnitudo
508 853 608 883 reeta
637 853 672 882 et
691 845 877 882 circularis
901 845 974 882 sint
997 846 1182 894 aequales.
1205 846 1321 892 Quod

270 899 489 947 relinquitur
514 910 583 946 pro
611 897 902 934 inconvenienti.
1235 940 1237 943 ἱ

326 952 358 988 5.
379 950 525 987 Deinde
554 962 642 986 cum
671 949 773 986 dicit:
808 951 940 987 Utrum
969 961 1061 999 ergo
1089 962 1203 986 causa
1233 958 1319 996 etc.,

268 1002 421 1050 inquirit
448 1003 495 1040 de
528 1013 642 1039 causa
672 1002 1042 1050 incomparabilitatis
1079 1010 1206 1039 motus
1234 1003 1322 1038 recti

269 1062 307 1091 et
321 1055 518 1092 circularis.
540 1054 641 1101 Quia
660 1054 761 1091 enim
781 1055 1014 1091 concluserat
1028 1056 1048 1075 ᾖ
1063 1055 1168 1102 quod
1187 1054 1218 1091 si
1237 1062 1324 1091 sunt

270 1119 390 1155 aeque
417 1108 581 1154 veloces,
602 1107 768 1155 sequitur
796 1107 907 1144 etiam
935 1106 1212 1154 magnitudines
1241 1119 1323 1143 esse

269 1161 458 1208 aequales,
478 1160 582 1208 quod
609 1159 881 1196 inconveniens
907 1159 1072 1205 videtur;
1100 1167 1229 1207 posset
1260 1159 1323 1195 ali-

269 1212 354 1260 quis
382 1212 552 1249 dubitare
588 1219 715 1249 utrum
753 1224 866 1249 causa
901 1212 1012 1248 huius
1046 1211 1323 1261 incomparabi-

269 1264 379 1301 litatis
407 1265 453 1301 sit
489 1277 534 1302 ex
569 1271 674 1313 parte
708 1271 854 1312 motus,
883 1265 945 1301 vel
974 1276 1019 1300 ex
1046 1272 1152 1312 parte
1180 1264 1322 1312 magni-

269 1316 456 1354 tudinum.
486 1318 536 1354 Et
562 1318 636 1354 hoc
659 1324 714 1353 est
737 1317 841 1365 quod
867 1317 1030 1366 quaerit:
1054 1324 1182 1353 utrum
1211 1329 1324 1353 causa

272 1381 388 1418 quare
416 1377 543 1406 motus
571 1377 692 1406 rectus
721 1382 800 1407 non
834 1370 880 1406 sit
911 1381 1031 1417 aeque
1058 1370 1171 1406 velox
1203 1369 1324 1406 motui

271 1421 452 1468 circulari,
472 1422 518 1458 sit
535 1422 625 1470 quia
642 1422 714 1458 loci
733 1422 890 1459 mutatio
911 1429 966 1458 est
989 1433 1106 1469 genus
1126 1422 1322 1458 continens

271 1475 342 1510 sub
370 1487 411 1511 se
431 1474 598 1511 diversas
617 1474 761 1523 species
780 1475 936 1521 (dictum
957 1481 1012 1510 est
1030 1481 1156 1510 autem
1177 1486 1289 1522 supra
1305 1475 1324 1496 *

272 1526 377 1575 quod
405 1539 450 1563 ea
477 1539 574 1575 quae
603 1534 689 1563 sunt
717 1527 865 1564 diversa
892 1527 1102 1564 secundum
1136 1527 1322 1575 speciem,

271 1590 350 1616 non
378 1581 675 1627 comparantur);
706 1587 770 1616 aut
794 1591 906 1616 causa
926 1579 1005 1615 eius
1034 1586 1099 1626 est,
1120 1579 1208 1627 quia
1226 1579 1324 1616 linea

271 1638 327 1668 est
353 1643 471 1679 genus
500 1632 696 1668 continens
725 1633 795 1669 sub
824 1644 863 1668 se
891 1639 1035 1668 rectum
1065 1639 1100 1668 et
1128 1631 1322 1679 circulare,

272 1683 367 1720 sicut
393 1684 561 1721 diversas
589 1684 744 1732 species.
770 1685 827 1721 Ex
854 1692 959 1732 parte
988 1691 1114 1720 autem
1142 1685 1323 1732 temporis

271 1749 350 1773 non
376 1743 500 1785 potest
527 1748 609 1773 esse
646 1749 760 1774 causa
786 1736 896 1773 huius
932 1736 1321 1784 incomparabilitatis,

273 1789 361 1838 quia
379 1801 495 1826 omne
513 1796 663 1838 tempus
683 1797 738 1826 est
756 1794 902 1826 atomus
920 1790 950 1834 ³³,
973 1789 1068 1825 idest
1086 1788 1322 1836 indivisibile,

272 1842 483 1879 secundum
511 1842 835 1890 speciem.-Huic
863 1853 952 1888 ergo
983 1843 1002 1859 ⁹
1031 1841 1240 1889 quaestioni
1269 1854 1323 1878 re-

272 1894 434 1942 spondet
452 1894 564 1942 'quod
590 1901 793 1942 utrumque
822 1893 934 1930 simul
955 1893 1207 1941 coniungitur3
1238 1894 1325 1943 quia

272 1958 318 1984 ex
344 1954 502 1995 utraque
525 1954 629 1995 parte
648 1946 838 1984 invenitur
865 1945 1074 1983 differentia
1101 1946 1255 1995 speciei:
1276 1947 1325 1984 ita

271 2007 399 2036 tamen
426 2000 530 2047 quod
558 1999 752 2036 diversitas
781 1999 919 2047 speciei
947 1998 985 2036 in
1018 1999 1091 2035 loci
1119 1999 1325 2036 mutatione

273 2059 446 2088 causatur
483 2063 528 2087 ex
565 2051 775 2089 diversitate
813 2051 950 2099 speciei
991 2051 1029 2088 in
1067 2052 1326 2099 magnitudine

274 2116 388 2153 super
414 2116 530 2152 quam
560 2112 615 2140 est
649 2111 787 2141 motus.
817 2105 866 2140 Et
892 2104 967 2140 hoc
995 2111 1051 2140 est
1082 2104 1186 2152 quod
1218 2105 1325 2152 dicit,

273 2156 378 2206 quod
397 2157 428 2193 si
450 2157 539 2193 illud
567 2169 679 2205 super
698 2156 803 2205 quod
829 2163 1016 2202 movetur,
1036 2156 1151 2192 habet
1169 2157 1325 2205 species,

274 2209 441 2258 sequitur
467 2209 572 2258 quod
599 2209 671 2246 loci
699 2208 858 2245 mutatio
886 2208 1030 2256 species
1058 2209 1205 2245 habeat.
1258 2215 1262 2222 ·

327 2263 362 2298 6.
379 2261 527 2299 Deinde
538 2274 626 2298 cum
637 2261 734 2298 dicit:
749 2261 962 2309 Aliquando
976 2266 1099 2297 autem
1111 2261 1147 2297 in
1159 2272 1231 2309 quo
1245 2268 1326 2309 etc.,

274 2314 436 2351 excludit
453 2313 649 2363 quoddam
677 2313 782 2362 quod
809 2320 938 2362 posset
963 2313 1086 2350 videri
1106 2325 1187 2349 esse
1206 2314 1327 2362 requi-

275 2367 436 2404 rendum
465 2366 514 2403 ad
541 2366 771 2404 identitatem
799 2365 937 2414 speciei
966 2373 1002 2401 et
1030 2366 1328 2414 comparabilita-

274 2426 352 2456 tem
367 2419 405 2455 in
419 2419 585 2456 motibus
599 2419 779 2455 localibus
793 2419 823 2455 ³⁸.
836 2419 884 2455 Et
899 2418 985 2454 dicit
1000 2418 1103 2466 quod
1123 2419 1324 2467 aliquando

274 2471 347 2508 loci
383 2471 610 2508 mutationes
647 2470 945 2508 diversificantur
985 2471 1195 2507 secundum
1236 2471 1328 2508 illud

276 2525 312 2560 in
341 2536 436 2572 quo,
459 2524 555 2561 idest
580 2536 649 2572 per
675 2524 780 2572 quod
808 2523 902 2560 sicut
936 2535 1005 2571 per
1037 2523 1327 2560 instrumentum

277 2584 332 2613 est
359 2576 432 2613 loci
459 2576 642 2621 mutati03
677 2576 772 2612 sicut
799 2576 829 2612 si
856 2576 973 2624 pedes
1002 2575 1073 2612 sint
1101 2576 1237 2624 quibus
1266 2576 1328 2613 ali-

276 2629 367 2677 quid
394 2636 588 2676 movetur,
617 2628 750 2665 dicitur
782 2628 1009 2674 ambulatio;
1043 2628 1073 2665 si
1102 2636 1227 2665 autem
1256 2629 1328 2665 sint

276 2682 370 2728 alae,
390 2681 524 2718 dicitur
550 2681 703 2718 volatio.
726 2682 802 2718 Sed
820 2682 895 2717 hoc
922 2693 1000 2718 non
1022 2681 1108 2717 facit
1135 2681 1327 2718 diversita-

276 2741 354 2770 tem
381 2733 519 2781 speciei
538 2733 576 2769 in
595 2733 761 2770 motibus
788 2733 980 2780 localibus,
1006 2734 1072 2770 sed
1086 2734 1230 2783 figuris
1257 2734 1331 2770 loci

275 2786 429 2823 mutatio
444 2786 539 2822 alia.-
554 2785 659 2831 idest,
680 2786 749 2822 ista
768 2785 962 2822 diversitas
977 2785 1229 2822 mutationum
1250 2799 1328 2823 non

278 2845 333 2875 est
343 2837 551 2875 secundum
567 2838 746 2886 speciem,
763 2838 830 2874 sed
844 2839 968 2874 solum
984 2838 1194 2874 secundum
1209 2850 1327 2886 quan-

277 2890 367 2928 dam
403 2891 564 2938 figuram
601 2897 748 2936 motus,
776 2898 818 2926 ut
845 2890 1134 2927 Commentator
1166 2891 1326 2939 exponit.

278 2942 355 2980 Sed
382 2943 516 2980 melius
543 2950 666 2991 potest
694 2942 777 2990 dici,
806 2943 910 2991 quod
937 2943 998 2979 hic
1021 2943 1176 2980 intendit
1204 2943 1328 2980 dicere

277 2995 383 3044 quod
409 2995 482 3032 loci
510 2995 666 3031 mutatio
695 2995 819 3043 specie
856 3007 934 3032 non
963 2995 1235 3032 diversificatur
1260 3008 1329 3045 per

277 3047 524 3084 instrumenta
551 3055 687 3094 motus,
709 3047 776 3084 sed
803 3060 872 3095 per
899 3048 1037 3095 figuras
1061 3048 1327 3095 magnitudinis

278 3111 392 3147 super
417 3111 533 3148 quam
561 3100 690 3136 transit
726 3106 872 3136 motus:
901 3100 953 3136 sic
981 3100 1082 3137 enim
1120 3108 1264 3137 rectum
1293 3109 1329 3137 et

280 3151 457 3188 circulare
484 3151 670 3189 differunt.
691 3153 740 3189 Et
767 3152 859 3189 ratio
887 3153 997 3189 huius
1027 3160 1100 3199 est,
1130 3153 1218 3201 quia
1246 3165 1327 3190 mo-

333 3287 357 3322 β)
377 3288 510 3320 quoddam
527 3289 737 3314 consideratione
749 3289 867 3322 dignum,
881 3289 1090 3314 scilicet.-Haec
1103 3290 1123 3314 P
1139 3291 1282 3322 desumpsit
1300 3298 1330 3315 ex

279 3324 368 3348 Vener.
394 3322 473 3353 1551;
497 3323 594 3355 priores
613 3324 737 3348 editiones
757 3329 781 3348 et
800 3324 900 3348 codices
923 3331 975 3348 om.
994 3324 1055 3348 haec
1079 3324 1168 3355 verba,
1194 3332 1260 3356 quae
1279 3333 1330 3349 non

279 3363 340 3383 sunt
357 3358 405 3382 nisi
424 3358 492 3382 nuda
509 3358 626 3390 repetitio
644 3358 783 3382 eorundem
802 3358 828 3382 in
845 3358 968 3391 principio
986 3366 1057 3383 num.
1076 3359 1191 3390 praeced.
1205 3373 1223 3378 -
1241 3360 1269 3384 In
1288 3368 1330 3384 co-

280 3393 335 3417 dice
349 3393 373 3417 G
386 3392 431 3417 fol.
441 3391 473 3416 53
487 3397 565 3421 recto,
575 3393 623 3417 col.
638 3400 646 3416 1
663 3400 752 3424 marg„
763 3393 855 3424 legitur
868 3401 882 3417 a
896 3401 974 3417 manu
988 3394 1136 3417 correctoris
1152 3392 1221 3426 (vide
1235 3394 1316 3419 Praef.

279 3427 342 3452 haec
361 3432 433 3451 nota:
457 3427 516 3451 Non
531 3430 570 3451 est
588 3427 620 3452 de
637 3427 736 3459 scripto
753 3427 800 3451 sed
817 3427 922 3452 addicto
941 3428 1090 3460 anglicana.
1109 3426 1231 3462 (Alinea)
1252 3429 1331 3453 Ponit

280 3463 348 3487 enim
365 3463 458 3495 frater
480 3461 591 3486 Thomas
611 3462 643 3487 de
656 3462 767 3494 aquino,
787 3462 832 3494 qui
854 3465 893 3487 est
910 3465 985 3486 actor
1004 3463 1098 3486 harum
1118 3464 1284 3492 notularum,
1303 3466 1329 3488 et

279 3497 354 3522 cuius
371 3499 433 3522 sunt
450 3497 514 3521 haec
527 3497 614 3526 verba,
629 3497 699 3528 quod
717 3496 743 3521 in
762 3497 835 3521 nulla
853 3503 883 3521 re
900 3497 936 3521 sit
949 3497 1012 3528 plus
1030 3504 1109 3530 quam
1124 3505 1176 3522 una
1188 3498 1281 3531 forma
1287 3505 1296 3526 ‚·
1314 3505 1331 3522 a

281 3539 332 3564 qua
351 3531 456 3564 quidem
467 3532 562 3564 forma
579 3534 619 3556 est
636 3538 678 3556 res
696 3531 819 3564 quicquid
837 3534 876 3556 est
881 3538 893 3565 ,ζ
907 3531 975 3556 sicut
993 3531 1069 3557 homo
1087 3535 1114 3556 et
1130 3532 1232 3557 animal
1249 3535 1288 3558 est
1305 3535 1332 3557 et

281 3567 357 3592 homo
375 3566 408 3591 ab
426 3566 517 3591 eadem
529 3567 631 3599 forma,
645 3569 715 3598 puta
732 3566 765 3591 ab
784 3565 874 3591 anima
892 3566 1030 3596 rationali,
1049 3566 1116 3591 sicut
1134 3567 1175 3592 hic
1193 3567 1258 3592 dicit
1276 3574 1331 3591 ma-

282 3602 382 3635 nifeste.
404 3601 453 3626 Cui
470 3601 573 3633 quidem
588 3601 719 3633 posicioni
737 3601 841 3626 videtur
858 3601 1017 3634 suffragari,
1036 3602 1107 3633 quod
1125 3601 1166 3626 hic
1185 3602 1249 3627 dicit
1270 3602 1331 3627 Ari-

421 3654 489 3686 Opp.
508 3654 539 3678 D.
553 3654 665 3678 Tnonmr:
684 3654 715 3678 T.
730 3654 758 3678 11.

2355 298 2427 334 353

1375 382 1434 411 tus
1462 387 1540 412 non
1568 375 1751 424 recipiunt
1779 374 1945 423 speciem
1975 387 1996 411 a
2024 374 2239 421 mobilibus,
2270 375 2336 411 sed
2363 387 2431 423 po-

1375 427 1447 463 tius
1476 439 1498 463 a
1526 428 1638 463 rebus
1667 428 1878 464 secundum
1903 439 1997 476 quas
2025 427 2180 463 mobilia
2207 434 2431 473 moventur;

1374 479 1622 515 instrumenta
1651 487 1777 516 autem
1797 492 1837 516 se
1865 487 1993 528 tenent
2021 491 2065 516 ex
2085 487 2189 527 parte
2217 478 2429 526 mobilium,

1375 531 1517 579 figurae
1547 539 1673 568 autem
1702 544 1746 568 ex
1773 539 1877 580 parte
1906 532 1958 568 rei
1985 534 2024 568 in
2051 544 2127 580 qua
2156 539 2210 568 est
2238 539 2376 568 motus.

1429 596 1464 631 7.
1485 583 1634 620 Deinde
1663 596 1750 620 cum
1783 584 1888 621 dicit:
1923 585 2049 626 Quare
2085 596 2181 632 quae
2213 584 2249 620 in
2283 583 2434 632 aequali

1375 641 1539 683 tempore
1567 644 1648 682 etc.,
1671 637 1858 673 concludit
1885 636 2135 685 propositum.
2157 637 2206 672 Et
2234 637 2330 673 circa
2358 636 2433 672 hoc

1374 688 1443 724 tria
1470 688 1571 724 facit:
1600 688 1725 736 primo
1747 689 1935 726 concludit
1952 689 2158 737 principale
2176 689 2431 737 propositum;

1375 740 1544 777 secundo
1579 740 1675 776 elicit
1707 741 1903 789 quoddam
1941 741 2240 778 consideratione
2277 741 2432 788 dignum

1377 805 1420 829 ex
1445 793 1687 829 conclusione
1707 793 1926 841 praemissa,
1954 794 2020 830 ibi:
2048 795 2099 830 Et
2123 794 2309 842 significat
2337 794 2432 830 ratio

1375 847 1467 882 haec
1488 847 1507 866 ’²²
1530 853 1615 891 etc.;
1645 845 1752 882 tertio
1781 846 1932 894 inquirit
1960 846 2007 882 de
2036 846 2248 882 diversitate
2278 846 2431 894 speciei,

1375 898 1442 934 ibi:
1467 898 1623 939 Quando
1643 898 1759 947 igitur
1776 898 1894 934 altera
1913 904 1967 934 est
1981 899 2118 946 species
2135 899 2154 918 '¹‘
2168 906 2236 934 etc.

1430 950 1632 986 Concludit
1651 962 1739 997 ergo
1759 951 1896 998 primo,
1918 950 2024 998 quod
2044 963 2089 986 ex
2108 963 2184 998 quo
2210 957 2336 986 motus
2356 962 2433 987 non

1377 1010 1462 1038 sunt
1475 1003 1495 1023 >r-
1510 1003 1785 1051 comparabiles
1805 1003 1874 1039 nisi
1894 1003 1966 1039 sint
1983 1002 2095 1039 unius
2115 1002 2271 1051 speciei;
2298 1010 2333 1039 et
2351 1015 2433 1039 mo-

1377 1061 1435 1090 tus
1463 1054 1601 1090 locales
1629 1067 1708 1091 non
1727 1055 1800 1091 sint
1826 1055 1936 1092 unius
1965 1055 2103 1104 speciei
2127 1055 2196 1091 nisi
2226 1055 2270 1092 sit
2299 1057 2433 1092 eadem

1377 1106 1596 1153 magnitudo
1617 1108 1827 1143 secundum
1847 1107 2030 1156 speciem:
2061 1108 2227 1156 sequitur
2251 1108 2356 1156 quod
2375 1108 2435 1144 illa

1377 1158 1449 1195 sint
1468 1170 1588 1206 aeque
1607 1159 1766 1206 velocia,
1780 1171 1877 1207 quae
1897 1167 2102 1196 moventur
2121 1160 2159 1197 in
2176 1160 2322 1208 aequali
2341 1167 2434 1197 tem-

1376 1223 1470 1259 pore
1503 1210 1715 1247 secundum
1753 1212 2054 1258 magnitudinem
2082 1213 2259 1249 eandem:
2290 1213 2357 1249 sed
2384 1213 2434 1249 ita

1377 1271 1517 1310 tamen,
1539 1263 1644 1312 quod
1672 1263 1768 1300 idem
1798 1263 2000 1312 accipiatur
2019 1264 2123 1312 quod
2144 1272 2198 1300 est
2218 1265 2435 1301 indifferens

1378 1316 1514 1364 specie.
1537 1316 1599 1352 Sic
1618 1316 1721 1352 enim
1742 1323 1777 1352 et
1795 1316 1917 1352 motui
1942 1317 2143 1353 conveniet
2159 1318 2178 1338 ‘¹‘
2192 1318 2297 1365 quod
2317 1317 2362 1354 sit
2380 1317 2435 1354 in—

1379 1369 1556 1406 differens
1585 1368 1721 1416 specie.
1747 1369 1796 1405 Et
1823 1368 1910 1405 ideo
1938 1369 2013 1405 hoc
2040 1369 2244 1418 praecipue
2265 1370 2434 1407 conside-

1378 1422 1539 1458 randum
1559 1421 1666 1458 estin
1685 1421 1968 1470 comparatione
1987 1429 2175 1468 motuum,
2187 1434 2285 1469 quae
2305 1421 2350 1458 sit
2370 1422 2435 1459 dif-

1378 1474 1534 1511 ferentia
1561 1481 1705 1510 motus:
1733 1473 1820 1522 quia
1839 1473 1870 1510 si
1898 1481 1953 1510 est
1972 1474 2180 1510 differentia
2208 1486 2346 1522 genere
2373 1475 2435 1511 vel

1378 1526 1515 1575 specie,
1536 1538 1615 1562 non
1634 1533 1720 1562 sunt
1739 1526 2032 1574 comparabiles;
2057 1526 2087 1562 si
2107 1534 2235 1563 autem
2256 1534 2311 1563 est
2330 1526 2435 1564 diffe-

1378 1579 1496 1616 rentia
1524 1579 1734 1615 secundum
1763 1579 1949 1626 accidens,
1971 1579 2244 1627 comparabiles
2272 1587 2369 1616 sunt.

1433 1633 1467 1668 8.
1483 1631 1631 1668 Deinde
1649 1643 1736 1668 cum
1752 1631 1855 1668 dicit:
1873 1632 1923 1667 Et
1935 1631 2124 1680 significat
2138 1632 2233 1668 ratio
2248 1633 2341 1668 haec
2351 1639 2433 1679 etc.,

1379 1684 1474 1720 elicit
1502 1695 1547 1720 ex
1573 1683 1788 1732 praemissis
1821 1684 2016 1731 quoddam
2055 1684 2353 1721 consideratione
2383 1684 2436 1721 di-

1378 1748 1508 1783 gnum,
1528 1736 1667 1772 scilicet
1681 1735 1698 1764 β
1713 1736 1818 1784 quod
1842 1748 1959 1783 genus
1978 1748 2057 1772 non
2078 1744 2132 1773 est
2155 1737 2295 1786 aliquid
2314 1749 2435 1773 unum

1379 1788 1605 1837 simpliciter,
1627 1788 1772 1836 species
1800 1796 1928 1825 autern
1957 1796 2013 1825 est
2031 1789 2170 1837 aliquid
2197 1802 2318 1826 unum
2348 1790 2437 1826 sim-

1377 1841 1532 1889 pliciter.
1563 1842 1612 1877 Et
1632 1841 1706 1877 hoc
1726 1841 1954 1888 significatur
1977 1853 2022 1877 ex
2046 1842 2187 1878 ratione
2207 1842 2436 1890 praeceden-

1378 1894 1404 1929 ti
1426 1895 1457 1940 ἴῃ,
1483 1906 1558 1942 qua
1578 1901 1772 1930 ostensum
1802 1902 1857 1930 est
1883 1894 1987 1942 quod
2016 1906 2061 1930 ea
2090 1906 2186 1942 quae
2215 1902 2301 1931 sunt
2326 1895 2437 1931 unius

1379 1946 1545 1994 generis,
1571 1958 1649 1982 non
1677 1954 1763 1982 sunt
1791 1946 2075 1994 comparabilia3
2106 1959 2203 1995 quae
2231 1959 2324 1984 vero
2354 1955 2439 1984 sunt

1379 1999 1491 2035 unius
1519 1998 1668 2047 speciei,
1700 1998 1967 2047 comparabilia
1988 2006 2089 2044 sunt;
2111 2012 2199 2036 cum
2222 2007 2350 2036 tamen
2379 2013 2438 2036 su-

1380 2063 1448 2100 pra
1476 2052 1496 2073 ‘¹‘
1521 2051 1662 2088 dictum
1683 2050 1738 2098 sit,
1768 2052 1873 2100 quod
1893 2052 2027 2088 eadem
2052 2059 2183 2088 natura
2205 2053 2439 2101 comparabi-

1381 2104 1503 2140 lium*
1525 2111 1595 2140 est:
1617 2116 1662 2140 ex
1681 2114 1758 2151 quo
1778 2104 1928 2140 videtur
1947 2104 2052 2152 quod
2067 2116 2184 2152 genus
2203 2117 2281 2141 non
2301 2105 2346 2141 sit
2363 2118 2440 2142 una

1382 2163 1525 2203 natura,
1547 2156 1614 2193 sed
1642 2156 1786 2204 species
1806 2156 1851 2192 sit
1878 2169 1953 2193 una
1972 2164 2115 2193 natura.
2146 2158 2195 2193 Et
2217 2157 2327 2194 huius
2347 2158 2438 2195 ratio

1383 2215 1448 2255 est,
1478 2208 1566 2256 quia
1594 2209 1738 2257 species
1775 2208 1935 2245 sumitur
1962 2222 1984 2246 a
2011 2210 2133 2246 forma
2160 2210 2311 2258 ultima,
2342 2223 2440 2259 quae

1383 2260 1599 2309 simpliciter
1617 2273 1693 2297 una
1721 2268 1776 2297 est
1794 2261 1832 2297 in
1852 2273 1977 2298 rerum
1998 2270 2148 2298 natura:
2170 2274 2288 2309 genus
2313 2271 2438 2300 autem

1383 2326 1461 2350 non
1490 2313 1649 2350 sumitur
1676 2326 1698 2349 a
1725 2314 1849 2350 forma
1877 2314 2001 2361 aliqua
2016 2319 2030 2340 ⁷
2046 2327 2143 2362 quae
2168 2315 2212 2351 sit
2230 2327 2307 2352 una
2327 2316 2364 2352 in
2384 2329 2439 2352 re-

1383 2377 1466 2402 rum
1487 2373 1629 2412 natura,
1651 2366 1717 2402 sed
1737 2366 1948 2402 secundum
1968 2366 2152 2403 rationem
2179 2374 2341 2414 tantum;
2362 2381 2441 2405 non

1384 2425 1438 2454 est
1465 2418 1567 2455 enim
1596 2418 1720 2466 aliqua
1748 2419 1870 2455 forma
1891 2431 1935 2454 ex
1963 2431 2038 2468 qua
2066 2420 2184 2456 horno
2214 2420 2260 2456 sit
2287 2421 2439 2469 animal,

1381 2478 1529 2518 praeter
1566 2471 1668 2507 illam
1707 2483 1751 2507 ex
1780 2483 1854 2519 qua
1890 2471 2009 2507 homo
2048 2479 2103 2508 est
2129 2472 2261 2509 horno.
2292 2474 2439 2510 Omnes

1382 2523 1490 2570 igitur
1509 2523 1697 2570 homines,
1718 2523 1782 2571 qui
1802 2531 1887 2560 sunt
1905 2523 2015 2560 unius
2040 2523 2189 2572 speciei,
2211 2526 2441 2563 conveniunt

1382 2576 1420 2612 in
1448 2577 1571 2612 forma
1608 2588 1705 2623 quae
1735 2575 1923 2612 constituit
1951 2576 2137 2624 speciem,
2167 2576 2257 2625 quia
2284 2578 2441 2626 quilibet

1382 2629 1496 2665 habet
1516 2628 1683 2665 animam
1703 2628 1942 2665 rationalem:
1963 2629 2029 2666 secl
2049 2641 2126 2665 non
2147 2637 2201 2666 est
2214 2630 2252 2666 in
2271 2631 2438 2678 homine,

1384 2693 1482 2729 equo
1517 2688 1581 2717 aut
1618 2680 1722 2717 asino
1761 2681 1884 2729 aliqua
1921 2681 2047 2718 anima
2076 2682 2311 2729 communis,
2342 2695 2439 2732 quae

1384 2733 1582 2770 constituat
1601 2734 1750 2780 animal,
1766 2741 1915 2782 praeter
1929 2734 2030 2770 illam
2050 2734 2218 2771 animam
2234 2747 2331 2783 quae
2352 2748 2440 2772 con-

1383 2786 1497 2823 stituit
1522 2786 1720 2823 hominem
1761 2787 1822 2823 vel
1852 2798 1992 2834 equum
2028 2794 2091 2823 aut
2123 2787 2271 2824 asinum
2309 2789 2439 2836 (quod

1383 2839 1414 2875 si
1442 2846 1548 2886 esset,
1569 2846 1658 2875 tunc
1685 2851 1803 2886 genus
1833 2846 1927 2875 esset
1954 2851 2074 2875 unum
2103 2846 2139 2875 et
2171 2841 2438 2888 comparabile,

1383 2891 1477 2927 sicut
1497 2898 1532 2927 et
1551 2891 1730 2939 species);
1757 2891 1822 2928 sed
1851 2891 1888 2928 in
1917 2892 1997 2928 sola
2017 2892 2314 2929 consideratione
2343 2893 2438 2930 acci-

1382 2944 1480 2992 pitur
1508 2944 1630 2980 forma
1653 2944 1809 2991 generis,
1830 2956 1899 2992 per
1917 2944 2206 2981 abstractionem
2234 2945 2439 2983 intellectus

1383 3008 1405 3032 a
1433 2995 1660 3032 differentiis.
1683 2996 1745 3032 Sic
1772 2996 1880 3043 igitur
1904 2997 2047 3045 species
2077 3004 2131 3033 est
2157 3009 2277 3034 unum
2305 2998 2398 3046 quid
2418 3012 2439 3035 a

1383 3048 1504 3085 forma
1530 3061 1608 3085 una
1635 3048 1674 3084 in
1693 3061 1820 3085 rerum
1849 3057 1981 3085 natura
2007 3049 2198 3086 existente:
2228 3062 2346 3097 genus
2375 3063 2439 3087 au-

1382 3109 1459 3137 tem
1487 3113 1566 3137 non
1586 3108 1640 3137 est
1667 3113 1803 3146 unum;
1825 3101 1912 3150 quia
1941 3101 2151 3138 secundum
2172 3101 2337 3138 diversas
2365 3103 2437 3139 for-

1383 3165 1465 3190 mas
1492 3153 1530 3189 in
1558 3165 1686 3190 rerum
1713 3161 1846 3190 natura
1868 3153 2075 3201 existentes,
2097 3154 2266 3191 diversae
2295 3155 2438 3202 species

1383 3291 1495 3321 stawles,
1514 3291 1584 3316 sicut
1602 3292 1656 3323 ipse
1674 3291 1716 3316 hic
1734 3291 1854 3323 exponit.
1874 3291 1905 3315 Si
1923 3298 1987 3323 ergo
2006 3291 2078 3315 dicta
2092 3290 2193 3322 posicio
2213 3298 2263 3315 non
2278 3292 2368 3323 placet
2382 3292 2437 3321 tibi,

1384 3326 1479 3357 quippe
1493 3326 1554 3358 quia
1574 3329 1630 3351 tota
1653 3327 1732 3355 scola,
1752 3329 1807 3350 tam
1832 3326 2024 3357 theologorum,
2045 3332 2123 3357 quam
2141 3325 2358 3357 philosophorum
2383 3334 2437 3351 mo-

1384 3360 1535 3389 dernorum,
1555 3361 1634 3385 aliter
1647 3361 1734 3389 sentit,
1754 3361 1844 3385 videas
1862 3360 1976 3391 qualiter
1993 3359 2159 3384 Aristotelem
2174 3360 2216 3384 hic
2229 3367 2357 3391 exponas.
2376 3361 2436 3386 Nou

1318 3394 1328 3428 )
1384 3398 1423 3420 est
1435 3396 1504 3420 enim
1517 3396 1606 3428 aliqua
1617 3397 1712 3428 forma
1731 3402 1767 3419 ex
1785 3402 1836 3427 qua
1855 3395 1931 3418 homo
1950 3398 1989 3418 est
2007 3394 2107 3418 animal
2119 3397 2230 3426 praeter
2245 3395 2315 3420 illam
2335 3403 2371 3420 ex
2385 3403 2438 3427 qua

1384 3429 1460 3454 homo
1474 3433 1513 3454 est
1527 3430 1613 3455 homo.
1631 3431 1669 3454 De
1683 3430 1723 3453 his
1737 3430 1795 3453 vide
1808 3429 1889 3453 Canu.
1903 3429 2031 3453 ZlomArm
2040 3447 2046 3459 ‚
2066 3429 2104 3453 Da
2114 3430 2206 3453 Max-rr:
2226 3430 2343 3455 CONcan
2356 3431 2437 3455 Vmu-

1384 3471 1490 3494 musam,
1510 3465 1604 3489 Rome
1627 3464 1705 3496 1878,
1725 3469 1796 3496 parte
1811 3464 1853 3492 ΙΙΙ,
1874 3471 1927 3495 cap.
1942 3471 1999 3492 vm,
2018 3471 2055 3494 ix,
2076 3471 2149 3496 pagg.
2169 3463 2295 3497 196-213.

1437 3499 1463 3532 γ)
1482 3496 1507 3523 a‘
1511 3500 1605 3532 forma
1623 3499 1748 3531 aliqua.-
1763 3499 1787 3522 in
1807 3498 1896 3530 aliqua
1913 3499 2008 3531 forma
2026 3499 2060 3528 E,
2079 3498 2112 3522 ab
2123 3500 2218 3531 forma
2237 3500 2326 3531 aliqua
2343 3500 2439 3531 ACKQ

1385 3533 1464 3564 STV,
1483 3533 1515 3558 ab
1534 3534 1623 3566 aliqua
1641 3534 1734 3567 forma
1753 3533 2000 3557 BFGHNORYZ.—
2014 3533 2103 3558 Statim
2122 3541 2188 3565 quae
2210 3534 2245 3558 sit
2268 3542 2353 3560 una...
2367 3535 2436 3559 enim

1385 3568 1474 3600 aliqua
1491 3570 1586 3601 forma
1603 3576 1655 3592 om.
1675 3569 1697 3592 R
1703 3576 1712 3597 ,·
1737 3575 1783 3599 pro
1806 3568 1853 3592 sed
1870 3568 2012 3592 secundum
2036 3569 2166 3593 rationem
2190 3571 2293 3594 tantum
2312 3577 2363 3595 ras.
2382 3570 2436 3602 pG;

1385 3610 1432 3634 pro
1450 3603 1588 3633 rationem,
1609 3603 1724 3627 rationes
1744 3608 1790 3627 cet.
1805 3610 1857 3627 exc.
1872 3603 2037 3632 DEFOQsH.

2226 3655 2258 3687 45

2461 851 2469 859 *¹
2485 850 2554 871 Num.
2570 856 2618 878 seq.

2461 910 2469 917 ·
2485 907 2554 929 Num.
2569 915 2591 935 9.

2462 1014 2470 1022 ¹
2479 1012 2526 1033 sint
2534 1018 2672 1040 AlKQSTYpL.

2464 1322 2472 1330 '
2487 1321 2611 1342 conveniat
2619 1327 2673 1342 Aen<

2463 1353 2580 1374 MQSTVYa,
2591 1354 2620 1368 Lx
2630 1348 2672 1369 lac.

2467 1899 2475 1907 ·
2489 1898 2560 1919 Num.
2573 1898 2677 1925 praeced.

2468 2060 2476 2067 ·
2496 2059 2558 2080 Lect.
2574 2059 2677 2086 praeced.

2467 2091 2488 2125 [Γ
2500 2091 2666 2143 clinnpm-abilis

2469 2142 2535 2164 codd.
2547 2146 2568 2163 et
2583 2148 2596 2163 α
2604 2142 2624 2163 b.
