2898 3996
62 444 73 454 ¹
107 447 203 464 Pae-‘ens
223 446 261 462 om
265 456 271 461 .

63 475 102 491 tc.

23 3194 28 3201 .
53 3160 81 3177 Ψ*
97 3163 159 3187 Lect-
175 3171 184 3187 1
201 3171 264 3193 seqq.

1152 293 1262 329 CAP.
1293 293 1360 338 111,
1390 292 1540 328 LECT.
1569 292 1604 328 v

298 383 376 413 toto
395 369 582 423 praesenti
611 373 670 410 die
699 372 835 420 agitur;
863 379 991 408 tamen
1017 378 1116 407 totus
1146 370 1224 407 dies
1248 382 1355 418 prae-

299 441 385 466 sens
411 429 430 448 ’ῃ
458 439 538 464 non
562 426 695 464 dieitur
722 437 900 474 praesens
929 425 1138 460 secundum
1166 423 1353 471 seipsum,

299 481 367 518 sed
397 480 608 517 secundum
646 478 784 526 aliquid
811 477 879 514 sui.
907 476 1150 513 Manifestum
1179 483 1234 511 est
1253 474 1354 511 enim

300 534 403 582 quod
427 533 540 569 totius
568 531 641 568 diei
668 531 791 579 aliqua
818 542 905 578 pars
932 528 1136 577 praeteriit,
1167 535 1203 564 et
1230 527 1355 574 aliqua

300 586 423 623 futura
442 593 512 622 est:
541 583 645 632 quod
669 590 796 620 autem
816 580 1004 630 praeteriit
1021 581 1081 616 vel
1100 580 1268 616 futurum
1289 586 1354 626 est,

301 651 379 676 non
399 645 455 674 est
476 650 588 674 nunc.
610 636 672 673 Sic
691 647 778 682 ergo
797 641 899 683 patet
917 633 1021 681 quod
1040 640 1138 668 totus
1156 632 1234 668 dies
1248 644 1355 680 prae-

302 703 388 728 sens
415 702 494 727 non
517 697 572 727 est
598 700 700 726 nunc
717 687 842 735 primo
871 693 906 722 et
932 697 1001 733 per
1029 697 1089 731 se,
1119 685 1187 721 sed
1206 697 1274 733 per
1293 684 1356 722 ali-

301 743 393 792 quid
412 743 486 780 sui:
521 749 556 779 et
574 740 740 778 similiter
766 751 838 776 nec
860 739 964 784 hora,
986 749 1057 773 nec
1084 738 1356 786 quodcumque

303 795 403 832 aliud
430 802 578 843 tempus
601 792 629 829 β.
645 791 743 829 Dicit
771 802 858 837 ergo
887 789 993 837 quod
1022 789 1061 826 id
1089 790 1194 838 quod
1223 790 1356 827 dicitur

302 860 403 885 nunc
420 847 544 895 primo
564 853 600 882 et
615 856 684 893 per
702 855 762 888 se,
792 850 829 879 et
847 854 925 879 non
953 843 1164 879 secundum
1185 843 1356 889 alterum,

303 912 348 937 ex
374 898 591 942 necessitate
620 904 675 932 est
705 894 950 941 indivisibile,
990 902 1025 931 et
1055 895 1191 932 iterum
1221 908 1266 932 ex
1293 908 1357 932 ne-

303 951 470 988 cessitate
498 957 552 986 est
579 948 750 986 inomni
778 955 962 996 tempore.

355 1004 389 1039 3.
419 1002 567 1039 Deinde
605 1013 692 1038 cum
730 1000 838 1036 dicit:
866 1001 935 1036 Est
960 1000 1058 1036 enim
1095 1001 1238 1049 aliquid
1265 1007 1355 1047 etc.,

299 1056 435 1104 probat
471 1055 721 1103 propositum.
752 1052 996 1089 Manifestum
1026 1060 1081 1089 est
1117 1054 1218 1090 enim
1253 1053 1358 1102 quod

301 1107 496 1144 cuiuslibet
524 1106 691 1144 continui
717 1105 812 1142 finiti
841 1113 895 1142 est
922 1105 1092 1153 accipere
1122 1105 1276 1154 aliquod
1303 1106 1358 1141 ul-

301 1160 448 1207 timum,
479 1167 581 1197 extra
608 1158 712 1207 quod
740 1158 830 1195 nihil
858 1165 913 1194 est
949 1158 1028 1194 eius
1057 1158 1162 1194 euius
1195 1166 1250 1195 est
1277 1158 1358 1194 ulti-

301 1225 428 1258 mum;
454 1213 548 1250 sicut
575 1212 666 1249 nihil
685 1212 806 1249 lineae
835 1218 890 1248 est
909 1218 1011 1247 extra
1036 1218 1232 1258 punctum,
1254 1211 1358 1259 quod

301 1265 477 1302 terminat
503 1265 653 1302 lineam.
675 1265 848 1313 Tempus
876 1270 1004 1300 autern
1032 1263 1275 1311 praeteritum
1304 1271 1360 1300 est

301 1318 498 1367 quoddam
536 1317 758 1354 continuum
795 1316 944 1353 finitum
982 1316 1030 1352 ad
1066 1328 1256 1364 praesens.
1292 1317 1361 1352 Est

303 1383 392 1418 ergo
421 1370 590 1418 accipere
609 1370 762 1418 aliquod
780 1369 956 1406 ultimum
980 1369 1058 1405 eius
1085 1369 1185 1416 quod
1205 1370 1357 1417 factum

302 1429 365 1469 est,
386 1423 481 1460 idest
498 1422 698 1471 praeteriti,
719 1429 821 1459 extra
840 1421 944 1470 quod
964 1421 1054 1457 nihil
1083 1429 1138 1458 est
1155 1421 1356 1469 praeteriti,

303 1482 339 1512 et
366 1475 461 1512 infra
489 1476 592 1524 quod
611 1475 702 1511 nihil
730 1482 785 1511 est
804 1474 926 1511 futuri.
947 1474 997 1511 Et
1023 1474 1190 1511 similiter
1214 1474 1281 1510 erit
1300 1486 1360 1510 ac-

303 1528 428 1576 cipere
447 1527 600 1576 aliquod
618 1527 797 1563 ultimum
812 1527 936 1574 futuri,
957 1527 1051 1564 infra
1071 1527 1174 1575 quod
1195 1527 1285 1563 nihil
1306 1534 1361 1564 est

301 1580 500 1629 praeteriti.
530 1581 580 1616 Et
606 1579 697 1616 illud
728 1579 904 1616 ultimum
934 1587 989 1617 est
1016 1579 1198 1616 terminus
1224 1579 1359 1616 utrius-

303 1645 389 1681 que,
410 1632 547 1669 scilicet
565 1632 753 1681 praeteriti
774 1640 809 1669 et
828 1632 939 1669 futuri
954 1638 989 1678 γ;
1019 1632 1108 1679 quia
1128 1644 1215 1668 cum
1237 1639 1359 1668 totum

302 1693 453 1733 tempus
481 1685 527 1721 sit
555 1685 788 1731 continuum,
809 1692 958 1732 oportet
985 1684 1089 1732 quod
1115 1684 1360 1732 praeteritum

303 1745 340 1775 et
367 1738 536 1774 futurum
573 1737 622 1774 ad
655 1750 776 1774 unum
813 1738 1017 1774 terminum
1055 1737 1287 1784 copulentur.
1319 1737 1359 1773 Si

302 1790 411 1839 igitur
429 1791 477 1827 de
506 1790 630 1838 aliquo
651 1790 929 1827 demonstretur
955 1790 1060 1837 quod
1079 1789 1203 1837 ipsum
1223 1789 1270 1825 sit
1287 1789 1359 1825 tale

301 1855 371 1892 per
399 1843 578 1891 seipsum,
598 1843 703 1890 quod
732 1849 787 1878 est
806 1854 887 1878 esse
915 1854 1016 1878 nunc
1042 1854 1112 1889 per
1139 1841 1306 1890 seipsum
1326 1849 1361 1878 et

302 1908 382 1932 non
408 1907 477 1944 per
504 1895 643 1943 aliquid
671 1894 740 1940 sui,
761 1894 872 1930 simul
901 1907 990 1931 cum
1017 1894 1092 1930 hoc
1119 1894 1360 1931 manifestum

303 1948 371 1985 erit
398 1947 501 1996 quod
530 1947 575 1984 sit
601 1947 838 1984 indivisibile.

354 2012 392 2047 4.
413 2000 560 2037 Deinde
598 2012 686 2037 cum
715 1999 819 2036 dicit:
848 2000 1010 2037 Necesse
1045 2005 1099 2036 est
1123 2000 1239 2048 igitur
1267 2007 1358 2045 etc.,

303 2053 465 2090 ostendit
484 2053 679 2101 quoddam
700 2065 936 2101 consequens
962 2052 1011 2088 ad
1034 2052 1242 2100 praemissa
1260 2053 1290 2088 ⁵³⁶.
1312 2053 1361 2088 Et

303 2106 400 2142 circa
435 2106 511 2142 hoc
548 2105 624 2142 duo
654 2105 760 2142 facit:
789 2105 913 2153 primo
951 2105 1131 2151 ostendit,
1162 2104 1358 2153 supposito

302 2158 406 2206 quod
436 2170 536 2195 nunc
573 2158 619 2194 sit
644 2157 890 2205 indivisibile,
921 2158 1026 2206 quod
1054 2164 1225 2206 oporteat
1256 2157 1359 2194 idem

301 2223 404 2248 nunc
433 2223 515 2247 esse
544 2210 647 2259 quod
675 2218 731 2246 est
757 2210 940 2247 terminus
962 2209 1149 2258 praeteriti
1179 2217 1214 2246 et
1233 2209 1358 2245 termi⁴=

301 2275 374 2300 nus
410 2263 542 2309 futuri;
571 2262 738 2299 secundo
776 2262 938 2299 ostendit
965 2262 1069 2310 quod
1105 2274 1124 2298 e
1153 2274 1359 2308 converSO,

302 2317 333 2352 si
362 2323 418 2352 est
444 2315 548 2352 idem
574 2323 778 2363 utrumque
806 2328 918 2362 nunc,
949 2322 1097 2363 oportet
1126 2314 1231 2362 quod
1258 2326 1361 2350 nunc

303 2369 348 2405 sit
366 2368 603 2415 indivisibile,
623 2368 692 2404 ibi:
711 2369 763 2404 At
779 2379 868 2405 vero
889 2368 923 2404 si
939 2368 1035 2404 idem
1055 2373 1107 2403 est
1121 2367 1140 2387 ’³‘
1158 2374 1225 2404 etc.
1252 2366 1360 2403 Circa

301 2421 468 2470 primurn
489 2421 565 2458 duo
585 2421 686 2457 facit:
706 2421 830 2469 primo
851 2420 1040 2457 concludit
1054 2432 1099 2456 ex
1119 2419 1236 2465 dictis,
1256 2419 1360 2467 quod

302 2486 458 2511 necesse
487 2481 542 2510 est
578 2485 658 2510 esse
687 2473 788 2510 idem
819 2485 940 2520 nunc,
970 2472 1075 2521 quod
1104 2479 1157 2508 est
1183 2472 1360 2508 ultimum

301 2527 495 2574 utriusque
536 2526 739 2574 temporis,
768 2526 906 2563 scilicet
940 2524 1127 2574 praeteriti
1166 2532 1200 2560 et
1236 2524 1358 2561 futuri.

359 2581 392 2617 5.
423 2580 599 2616 Secundo
627 2578 699 2615 ibi:
729 2579 771 2615 Si
796 2579 894 2615 enim
913 2579 1072 2614 alterum
1092 2583 1146 2613 est
1163 2584 1244 2624 etc.,
1274 2590 1360 2626 pro-

302 2632 367 2668 bat
398 2632 460 2668 tali
493 2632 647 2668 ratione.
685 2631 724 2667 Si
760 2638 814 2667 est
846 2632 1004 2668 alterum
1036 2643 1137 2667 nunc
1169 2630 1273 2678 quod
1308 2637 1362 2666 est

302 2683 528 2732 principium
556 2683 680 2730 futuri,
701 2691 738 2720 et
756 2684 915 2720 alterum
944 2683 1048 2731 quod
1073 2690 1128 2719 est
1149 2682 1235 2719 finis
1254 2695 1361 2731 prae-

303 2736 411 2783 teriti,
431 2740 580 2783 oportet
607 2736 711 2784 quod
733 2737 827 2772 haec
857 2735 932 2772 duo
962 2748 1062 2772 nunc
1083 2735 1145 2772 vel
1174 2735 1246 2771 sint
1273 2748 1361 2772 con-

304 2795 504 2837 sequenter
537 2788 586 2824 ad
612 2787 797 2834 invicem,
826 2788 876 2824 ita
910 2789 1013 2836 quod
1047 2787 1263 2824 immediate
1292 2787 1361 2824 sibi

304 2841 526 2886 succedant;
555 2841 618 2877 vel
646 2847 794 2888 oportet
821 2841 925 2888 quod
960 2852 1082 2876 unum
1116 2839 1161 2875 sit
1189 2852 1360 2876 seorsum

304 2895 352 2931 ab
373 2894 500 2940 altero,
523 2892 662 2929 distans
682 2893 728 2929 ab
750 2904 808 2929 eo.
830 2892 907 2929 Sed
926 2904 1004 2931 non
1022 2899 1146 2940 potest
1165 2892 1237 2929 dici
1257 2892 1361 2940 quod

303 2959 426 2983 unum
455 2952 728 2993 consequenter
756 2958 796 2981 se
824 2945 961 2981 habeat
988 2946 1036 2982 ad
1068 2945 1244 2990 a'lterum3
1273 2944 1362 2993 quia

305 2999 358 3035 sic
386 3005 604 3046 sequeretur
631 3005 781 3046 tempus
810 2997 990 3046 componi
1028 3009 1072 3033 ex
1100 3010 1201 3034 nunc
1233 3009 1360 3045 aggre-

305 3051 409 3098 gatis;
429 3051 534 3098 quod
562 3063 639 3087 non
666 3057 790 3098 potest
817 3062 898 3087 esse
917 3057 1072 3098 propter
1094 3049 1131 3086 id
1156 3050 1260 3098 quod
1280 3050 1361 3086 nul-

305 3104 386 3139 lum
415 3103 635 3139 continuum
664 3102 904 3151 componitur
932 3114 976 3138 ex
1002 3102 1300 3150 impartibilibus,
1320 3109 1361 3138 ut

306 3167 420 3203 supra
435 3156 454 3176 ⁵*
470 3163 663 3192 ostensum
693 3162 758 3192 est.
779 3156 863 3191 Nec
882 3155 996 3191 etiam
1025 3154 1097 3191 dici
1115 3162 1238 3203 potest
1257 3155 1361 3203 quod

305 3219 426 3244 unum
455 3220 554 3244 nunc
573 3208 618 3244 sit
636 3220 807 3244 seorsum
831 3207 879 3243 ab
907 3208 1036 3253 altero,
1058 3207 1197 3244 distans
1225 3208 1272 3243 ab
1294 3219 1360 3253 e0;

307 3259 396 3308 quia
422 3266 511 3296 tunc
538 3267 726 3307 oporteret
753 3259 858 3307 quod
882 3260 976 3296 inter
1003 3259 1064 3295 illa
1079 3259 1155 3296 duo
1185 3272 1285 3295 nunc
1306 3271 1361 3295 es-

308 3319 363 3348 set
390 3318 540 3359 tempus
559 3312 740 3348 medium.
763 3313 868 3348 Haec
887 3319 942 3347 est
961 3311 1062 3347 enirn
1086 3318 1219 3347 natura
1238 3311 1362 3347 omnis

310 3363 486 3411 continui,
507 3364 612 3411 quod
635 3364 731 3400 inter
749 3363 936 3411 quaelibet
964 3363 1039 3399 duo
1059 3363 1298 3400 indivisibilia
1318 3363 1363 3399 sit

362 3491 386 3525 β)
406 3499 452 3518 nec
470 3492 649 3525 quodcumque
667 3491 742 3516 aliud
760 3494 869 3522 tempus.
882 3505 899 3510 -
917 3491 952 3515 Ita
971 3491 1059 3523 legunt
1077 3491 1154 3516 Plana
1170 3496 1195 3515 et
1213 3491 1241 3521 b,·
1259 3492 1359 3516 codices

307 3527 466 3568 habent-trec
484 3527 591 3559 aliquod
609 3527 788 3559 quodcumque
806 3529 906 3558 tempus
912 3534 921 3556 ,·
937 3533 983 3550 nec
1001 3526 1089 3558 aliquo
1104 3526 1283 3558 quodcumque
1297 3529 1360 3551 tem-

303 3563 535 3632 pusY3d1tte1rc3m2us
550 3597 692 3629 utriusque,
707 3596 805 3621 scilicet
818 3595 961 3627 praeteriti
974 3599 1000 3620 et
1010 3595 1110 3629 futuri.
1120 3610 1138 3615 -
1151 3596 1201 3620 Pro
1217 3596 1359 3628 utriusque,

2390 292 2462 328 283

1410 369 1629 406 continuum
1648 369 1834 417 medium,
1856 368 1950 405 sicut
1964 369 2058 405 inter
2078 368 2266 417 quaelibet
2281 369 2355 405 duo
2371 381 2466 417 pun-

1410 429 1477 468 cta,
1504 422 1612 458 linea.
1635 422 1751 468 Quod
1771 429 1898 458 autem
1926 423 2001 457 hoc
2020 421 2064 457 sit
2092 421 2322 470 impossibile
2343 429 2467 458 osten-

1410 475 1462 511 dit
1477 474 1679 522 dupliciter.
1701 474 1830 511 Primo
1875 474 1962 523 quia
1981 474 2010 510 si
2031 474 2182 522 aliquod
2203 481 2300 510 esset
2317 482 2467 523 tempus

1410 527 1580 563 medium
1617 527 1712 563 inter
1747 527 1938 575 praedicta
1975 527 2050 563 duo
2089 539 2211 573 nunc,
2250 534 2468 575 sequeretur

1411 580 1515 628 quod
1543 579 1696 627 aliquod
1721 580 1918 616 univocum
1925 608 1935 625 ,
1966 579 2061 616 idest
2081 581 2099 600 ·÷·
2121 579 2290 616 eiusdem
2310 579 2466 627 generis,

1411 641 1508 669 esset
1527 632 1698 669 medium
1727 632 1822 668 inter
1849 632 1944 669 duos
1972 632 2171 678 terminos;
2192 632 2297 680 quod
2326 640 2380 668 est
2399 632 2467 669 im-

1410 685 1599 734 possibile.
1621 685 1712 721 Non
1741 684 1842 721 enim
1872 693 1927 721 est
1952 685 2132 733 possibile
2161 685 2265 732 quod
2292 685 2388 721 inter
2407 697 2468 721 ex-

1411 746 1532 774 trema
1560 738 1722 774 duarum
1750 737 1933 773 linearum
1963 750 2001 773 se
2030 737 2262 784 tangentium
2290 739 2350 775 vel
2381 750 2469 774 con-

1412 798 1612 840 sequenter
1641 802 1680 826 se
1697 791 1716 810 ³⁵
1732 790 1964 836 habentium,
1985 789 2030 826 sit
2058 790 2182 837 aliqua
2209 790 2307 826 linea
2330 790 2467 827 media.

1413 845 1498 880 Hoc
1528 843 1630 880 enim
1664 850 1760 879 esset
1798 850 1927 879 contra
1955 843 2139 879 rationem
2168 842 2247 878 eius
2280 843 2385 890 quod
2414 850 2468 879 est

1413 904 1703 944 consequenter:
1724 895 1813 943 quia
1837 902 2111 943 consequenter
2130 902 2227 941 sunt,
2247 902 2288 931 ut
2315 908 2429 943 supra
2450 897 2468 916 ’²‘

1413 949 1556 985 dictum
1586 955 1660 995 est,
1690 960 1854 996 quorum
1891 947 1981 984 nihil
2010 955 2064 984 est
2101 947 2271 984 medium
2307 948 2470 995 proximi

1412 1002 1568 1049 generis.
1591 1002 1639 1037 Et
1666 1001 1729 1047 sic,
1752 1013 1838 1036 cum
1867 1007 2017 1048 tempus
2038 1001 2203 1036 futurum
2233 1012 2466 1049 consequen-

1412 1061 1468 1090 ter
1487 1066 1526 1090 se
1546 1054 1683 1090 habeat
1703 1053 1750 1089 ad
1768 1053 2023 1100 praeteritum,
2044 1053 2276 1101 impossibile
2294 1061 2348 1089 est
2367 1053 2470 1101 quod

1412 1106 1508 1143 inter
1535 1105 1738 1142 terminum
1768 1105 1880 1141 futuri
1909 1113 1944 1142 et
1971 1105 2174 1142 terminum
2202 1105 2389 1153 praeteriti
2410 1118 2469 1142 ca-

1414 1159 1478 1195 dat
1496 1158 1648 1207 aliquod
1662 1159 1680 1178 *
1692 1165 1841 1206 tempus
1861 1157 2157 1194 medium-Alio
2174 1158 2291 1195 modo
2309 1159 2472 1195 ostendit

1412 1211 1516 1248 idem
1544 1211 1607 1247 sic.
1630 1210 1826 1257 Quidquid
1846 1218 1900 1246 est
1920 1210 2089 1247 medium
2108 1210 2204 1247 inter
2230 1211 2471 1259 praeteritum

1414 1271 1450 1301 et
1477 1265 1657 1310 futurum,
1679 1263 1812 1299 dicitur
1830 1275 1948 1298 nunc:
1972 1263 2001 1298 si
2021 1262 2130 1310 igitur
2148 1270 2297 1311 tempus
2317 1263 2472 1312 aliquod

1413 1317 1459 1353 sit
1486 1316 1656 1353 medium
1685 1315 1781 1351 inter
1810 1322 1977 1351 extrema
2004 1315 2185 1364 temporis
2219 1316 2407 1364 praeteriti
2435 1325 2471 1353 et

1414 1369 1546 1416 futuri,
1577 1375 1755 1417 sequetur
1783 1367 1887 1416 quod
1914 1375 2036 1403 totum
2064 1368 2153 1404 illud
2186 1368 2330 1405 dicatur
2356 1382 2468 1406 nunc.

1415 1422 1492 1459 Sed
1507 1434 1622 1458 omne
1641 1428 1793 1469 tempus
1814 1427 1868 1456 est
1888 1419 2084 1467 divisibile,
2099 1428 2140 1456 ut
2159 1428 2354 1457 ostensum
2371 1429 2425 1458 est
2437 1424 2468 1459 ³³².

1414 1476 1515 1522 Ergo
1545 1481 1723 1523 sequetur
1742 1473 1846 1522 quod
1873 1472 1998 1521 ipsum
2018 1485 2120 1509 nunc
2148 1473 2194 1509 sit
2222 1473 2416 1511 divisibile.

1468 1528 1504 1564 6.
1534 1528 1583 1563 Et
1609 1526 1784 1574 quamvis
1818 1538 1931 1574 supra
1961 1527 1980 1546 ²²⁶
2007 1525 2176 1574 posuerit
2208 1526 2390 1574 principia
2428 1540 2472 1564 ex

1414 1580 1550 1628 quibus
1578 1579 1730 1628 probari
1757 1585 1882 1627 potest
1905 1578 2009 1626 quod
2037 1590 2138 1614 nunc
2161 1578 2207 1614 sit
2231 1578 2472 1626 indivisibile;

1414 1633 1501 1681 quia
1520 1640 1648 1669 tamen
1668 1631 1950 1667 conclusionem
1979 1643 2057 1667 non
2083 1630 2289 1668 deduxerat
2310 1644 2354 1668 ex
2374 1632 2473 1681 prin-

1415 1685 1539 1733 cipiis,
1573 1685 1634 1721 hic
1663 1691 1937 1731 consequenter
1969 1683 2131 1719 ostendit
2167 1683 2271 1731 quod
2298 1697 2400 1721 nunc
2428 1685 2473 1721 sit

1413 1737 1648 1782 indivisibile,
1670 1736 1737 1772 ibi:
1768 1736 1810 1772 Si
1835 1742 1958 1772 autem
1978 1736 2156 1772 divisibile
2182 1742 2236 1772 est
2254 1743 2321 1773 etc.

1467 1790 1516 1826 Et
1538 1790 1612 1825 hoc
1631 1788 1762 1836 triplici
1781 1788 1935 1825 ratione.
1962 1789 2134 1834 Quarum
2152 1789 2276 1836 prima
2295 1796 2364 1835 est,
2386 1789 2474 1837 quia

1414 1842 1444 1878 si
1472 1854 1573 1878 nunc
1602 1841 1647 1878 sit
1674 1840 1877 1887 divisibile,
1912 1848 2089 1889 sequetur
2121 1841 2225 1888 quod
2258 1842 2396 1890 aliquid
2426 1843 2472 1879 de

1412 1894 1613 1942 praeterito
1635 1893 1679 1930 sit
1698 1893 1736 1930 in
1756 1894 1892 1939 futuro,
1910 1900 1945 1929 et
1960 1893 2099 1941 aliquid
2119 1894 2229 1930 futuri
2250 1894 2295 1930 sit
2313 1895 2350 1931 in
2366 1907 2473 1942 prae-

1413 1946 1532 1983 terito.
1564 1947 1663 1982 Cum
1685 1945 1786 1982 enim
1805 1958 1906 1982 nunc
1934 1945 1979 1982 sit
2002 1953 2210 1982 extremum
2233 1947 2419 1995 praeteriti
2439 1955 2475 1984 et

1415 2006 1624 2036 extremum
1653 1998 1782 2044 futuri3
1816 2010 1931 2034 omne
1960 2005 2086 2034 autem
2116 2006 2324 2036 extremum
2354 2007 2409 2036 est
2435 2000 2475 2037 in

1415 2065 1460 2088 eo
1491 2052 1596 2088 cuius
1625 2059 1680 2088 est
1707 2058 1932 2097 extremum,
1962 2051 2056 2087 sicut
2082 2059 2265 2099 punctum
2292 2052 2330 2088 in
2358 2052 2472 2099 linea;

1414 2117 1567 2141 necesse
1595 2111 1650 2140 est
1677 2103 1781 2152 quod
1817 2110 1938 2139 totum
1974 2116 2074 2140 nunc
2103 2112 2139 2140 et
2166 2104 2211 2140 sit
2238 2105 2276 2141 in
2303 2112 2473 2153 tempore

1413 2157 1612 2206 praeterito
1649 2165 1691 2193 ut
1718 2156 1815 2202 finis,
1842 2163 1877 2192 et
1905 2156 1944 2192 in
1971 2162 2141 2204 tempore
2162 2157 2284 2193 futuro
2312 2165 2352 2193 ut
2374 2158 2474 2206 prin-

1415 2210 1564 2258 cipium.
1596 2209 1673 2246 Sed
1700 2209 1731 2245 si
1758 2221 1859 2245 nunc
1888 2208 2086 2256 dividatur,
2108 2217 2255 2257 oportet
2283 2211 2387 2258 quod
2414 2210 2474 2247 illa

1415 2262 1548 2299 divisio
1578 2261 1799 2298 determinet
1816 2261 2058 2308 praeteritum
2079 2269 2115 2297 et
2133 2262 2308 2299 futurum.
2339 2263 2474 2299 Omnis

1416 2314 1515 2350 enim
1545 2313 1678 2350 divisio
1707 2313 1746 2349 in
1765 2320 1935 2362 tempore
1955 2314 2062 2359 facta,
2084 2314 2272 2362 distinguit
2295 2316 2474 2363 ,praeteri-

1414 2374 1494 2403 tum
1522 2373 1558 2402 et
1581 2366 1763 2411 futurum3
1794 2378 1880 2402 cum
1908 2366 2078 2402 omniurn
2104 2367 2267 2415 partium
2294 2368 2473 2417 temporis

1413 2432 1489 2455 una
1527 2425 1764 2467 comparetur
1795 2418 1844 2454 ad
1877 2418 1988 2454 aliam
2024 2426 2065 2454 ut
2098 2420 2339 2467 praeteritum
2372 2421 2421 2457 ad
2451 2423 2470 2442 -s

1415 2472 1589 2508 futurum.
1624 2472 1808 2519 Sequetur
1836 2482 1924 2517 ergo
1949 2471 2052 2519 quod
2075 2471 2190 2519 ipsius
2211 2485 2312 2508 nunc
2335 2473 2473 2521 aliquid

1415 2525 1460 2560 sit
1485 2523 1743 2572 praeteritum,
1779 2530 1815 2558 et
1848 2523 1987 2571 aliquid
2019 2524 2194 2560 futurum.
2229 2525 2277 2560 Et
2308 2525 2358 2561 ita
2387 2538 2472 2562 cum

1415 2589 1515 2613 nunc
1548 2577 1593 2612 sit
1623 2576 1662 2612 in
1697 2575 1897 2623 praeterito
1927 2573 1940 2596 δ
1968 2582 2004 2611 et
2039 2575 2078 2612 in
2115 2577 2258 2623 futuro,
2297 2585 2473 2625 sequetur

1416 2630 1519 2678 quod
1552 2629 1690 2677 aliquid
1723 2628 1833 2664 futuri
1865 2628 1911 2664 sit
1946 2628 1984 2664 in
2014 2629 2235 2676 praeterito,
2270 2637 2306 2665 et
2333 2629 2472 2678 aliquid

1415 2681 1602 2731 praeteriti
1630 2681 1675 2717 sit
1702 2680 1740 2717 in
1768 2681 1902 2717 futuro.

1470 2734 1685 2771 Secundam
1704 2733 1887 2769 rationem
1906 2732 2012 2781 ponit
2026 2733 2094 2769 ibi:
2116 2734 2235 2770 Simul
2248 2740 2371 2770 autem
2387 2742 2470 2772 etc.:

1416 2787 1505 2835 quia
1541 2787 1572 2824 si
1606 2798 1706 2823 nunc
1744 2786 1788 2822 sit
1826 2785 2029 2833 divisibile,
2067 2798 2146 2822 non
2185 2787 2251 2822 erit
2282 2799 2383 2823 nunc
2415 2800 2471 2823 se-

1417 2839 1583 2876 cundum
1619 2839 1809 2887 seipsum,
1844 2838 1911 2874 sed
1943 2838 2152 2874 secundum
2181 2840 2348 2875 alterum.
2379 2840 2471 2876 Nul-

1415 2892 1493 2928 lum
1509 2891 1609 2928 enim
1628 2891 1810 2928 divisibile
1832 2898 1886 2927 est
1906 2903 1972 2927 sua
1992 2891 2125 2928 divisio
2146 2904 2219 2939 qua
2239 2891 2416 2928 dividitur
2432 2894 2467 2929 ²¹²:

1415 2945 1496 2993 ipsa
1525 2952 1650 2981 autem
1680 2943 1813 2980 divisio
1833 2943 2012 2992 temporis
2032 2951 2087 2980 est
2109 2956 2220 2981 nunc.
2242 2944 2344 2980 Nihil
2372 2945 2472 2982 enirn

1417 3005 1472 3034 est
1490 2996 1591 3033 aliud
1610 2996 1744 3034 divisio
1765 2996 1930 3032 continui
1959 3009 2073 3045 quam
2097 2997 2275 3033 terminus
2305 3009 2471 3034 commu-

1416 3050 1473 3086 nis
1503 3049 1648 3086 duabus
1675 3049 1861 3098 partibus:
1887 3050 1961 3085 hoc
1990 3056 2115 3085 autem
2143 3049 2376 3097 intelligimus
2403 3063 2472 3098 per

1416 3115 1528 3149 nunc,
1549 3102 1652 3150 quod
1681 3109 1736 3138 est
1757 3101 1941 3137 terminus
1979 3102 2189 3138 communis
2220 3102 2407 3150 praeteriti
2437 3110 2471 3138 et

1416 3155 1538 3191 futuri.
1561 3153 1622 3190 Sic
1652 3166 1739 3202 ergo
1758 3154 1997 3190 manifestum
2026 3161 2081 3190 est
2109 3155 2211 3202 quod
2235 3154 2273 3190 id
2293 3154 2396 3201 quod
2416 3161 2470 3190 est

1418 3207 1621 3254 divisibile,
1655 3219 1733 3243 non
1768 3213 1892 3254 potest
1927 3218 2006 3242 esse
2040 3218 2139 3242 nunc
2174 3206 2381 3242 secundum
2413 3218 2469 3242 se-

1416 3260 1551 3307 ipsum.

1478 3311 1646 3348 Tertiam
1687 3310 1869 3347 rationem
1911 3309 2018 3357 ponit
2053 3309 2134 3345 ibi:
2177 3309 2309 3345 Adhuc
2345 3315 2468 3346 autem

1416 3364 1527 3411 ipsius
1556 3375 1654 3400 nunc
1683 3370 1764 3399 etc.:
1785 3374 1880 3410 quae
1908 3361 1989 3397 talis
2019 3369 2082 3397 est.
2105 3362 2273 3409 Semper,
2295 3362 2391 3398 facta
2415 3362 2467 3399 di-

1415 3493 1532 3525 utrisq-ue
1551 3492 1707 3522 CIKLNSY,
1728 3491 1832 3522 utrique
1849 3489 1934 3519 MTV;
1954 3489 2070 3514 similiter
2083 3490 2108 3514 in
2123 3489 2206 3515 dativo
2221 3491 2368 3522 praeterito
2382 3494 2408 3516 et
2418 3493 2468 3525 su-

1414 3530 1475 3552 turo
1495 3528 1551 3552 edd.
1570 3528 1611 3552 ab
1630 3531 1655 3551 et
1673 3526 1746 3550 codd.
1766 3533 1818 3549 exc.
1837 3524 1941 3549 EGHR.

1467 3561 1491 3594 ὃ)
1505 3562 1539 3586 sit
1554 3562 1579 3586 in
1591 3561 1767 3594 praeterito.—
1773 3560 1808 3584 sit
1817 3562 1843 3583 et
1857 3559 1882 3583 ἰη
1893 3560 2042 3590 praeterito
2055 3560 2274 3585 EFGHMVXZ.—
2283 3561 2310 3585 ln
2321 3560 2371 3585 fine
2380 3569 2466 3594 parag.

1415 3597 1504 3629 legunt
1522 3597 1575 3621 NS:
1595 3597 1621 3621 in
1636 3595 1784 3628 praeterito
1803 3597 1828 3619 et
1846 3600 1860 3618 e
1872 3594 2012 3624 converso,-
2026 3596 2099 3620 codd.
2111 3603 2164 3620 om.
2178 3595 2213 3620 sit
2226 3601 2285 3628 post
2298 3597 2449 3628 praeteriti.

2496 482 2504 490 ·
2519 481 2597 502 Primo
2607 487 2655 502 om.
2666 487 2705 503 co-

2495 507 2557 528 dices
2572 511 2594 529 et
2608 514 2623 529 a
2632 508 2652 529 b.

2496 587 2504 595 ·
2510 587 2543 632 bet
2550 591 2650 612 Acxora,
2659 591 2707 607 om.

2495 618 2508 632 P
2525 627 2530 633 .

2497 796 2506 805 '
2527 801 2553 816 se
2572 802 2619 816 om.
2639 795 2709 816 codd.

2498 828 2546 842 exc.
2563 827 2656 849 nrnnps.

2499 901 2507 909 *
2522 900 2573 921 Lib.
2588 900 2616 927 V,
2627 900 2678 921 lect.
2687 906 2709 927 ν,

2498 933 2522 948 n.
2537 926 2560 947 6.

2500 1165 2508 1172 ·
2532 1163 2600 1184 aliud
2617 1162 2687 1184 codd.

2500 1195 2551 1210 exc.
2567 1196 2604 1211 rm.

2500 1426 2508 1435 ·
2524 1425 2586 1446 Lect.
2596 1431 2631 1446 111.

2500 1537 2508 1545 ·
2525 1535 2594 1556 Num.
2609 1541 2629 1563 3.

2502 2427 2535 2447 'et
2540 2427 2711 2453 Acnstxocmcb.

2500 2899 2510 2907 ‘
2530 2898 2652 2920 dividatur
2667 2904 2712 2919 nm

2499 2931 2572 2950 imon.
