2950 4004
38 306 50 317 ⁸
76 309 171 326 causam
200 303 249 324 sive

38 331 91 353 add.
105 336 141 352 tc.

37 357 126 379 ’.Μαι
140 362 189 384 seq.

38 619 50 631 '⁴
62 617 133 640 Num.
148 623 170 645 9.

39 670 51 681 ⁸
64 669 134 691 Num.
149 674 180 690 10.

39 829 51 841 ⁸
65 829 191 850 divisiones
207 834 252 850 nne

40 861 153 877 cumn.

39 881 51 892 ⁸
61 881 188 903 divisiones
195 886 250 902 nux.

39 986 51 997 ’
65 985 135 1007 Num.
151 985 164 1008 8

1124 212 1234 248 CAP.
1265 212 1315 258 V,

276 301 363 342 gnat
378 295 398 316 '¹‘
418 294 602 331 rationem
623 305 758 331 eorum
786 304 883 341 quae
905 291 950 328 de
971 291 1121 328 fortuna
1149 289 1344 336 dicuntur,

276 347 343 383 ibi:
377 348 548 394 Infinitas
585 347 732 394 quidem
766 346 881 395 igitur
913 355 1046 381 causas
1082 343 1102 363 ’¹‘
1137 349 1205 378 etc.
1237 341 1346 377 Circa

275 398 443 448 primum
470 399 538 436 tria
565 399 665 435 facit:
693 399 817 447 primo
841 396 948 445 ponit
976 394 1161 443 quasdam
1194 393 1345 431 divisio-

276 464 344 489 nes
372 452 421 489 ad
449 451 751 499 investigandum
786 449 1043 487 definitionem
1074 447 1262 491 fortunae;
1288 458 1344 482 se-

278 505 403 542 cundo
433 504 596 541 ostendit
622 505 692 540 sub
713 503 848 562 quibus
874 501 1056 538 membris
1084 499 1232 535 illarum
1252 498 1344 536 divi-

278 558 429 595 sionum
467 558 616 594 fortuna
643 556 897 600 contineatur,
924 553 990 590 ibi:
1019 553 1122 590 Sicut
1149 551 1264 600 igitur
1291 552 1344 587 di-

278 616 376 647 ctum
396 615 450 646 est
467 609 487 630 *
507 617 589 655 etc.;
610 608 716 645 tertio
737 583 926 644 concludit
950 604 1210 642 definitionem
1230 603 1344 640 fortu-

278 675 362 709 nae,
378 662 447 698 ibi.
466 662 712 711 Manifestum
730 668 783 696 est
800 670 893 708 ergo
910 659 1018 694 *.etc
1031 659 1080 694 Et
1094 656 1182 704 quia
1197 656 1344 697 fortuna

277 715 430 764 ponitur
449 721 491 750 ut
515 725 627 751 causa
647 713 848 761 quaedam,
869 711 918 748 ad
943 710 1195 768 cognitionem
1216 716 1343 745 autem

279 779 414 804 causae
434 773 582 814 oportet
595 765 690 802 scire
709 776 874 824 quorum
895 764 940 800 sit
955 775 1079 810 causa,
1094 761 1201 811 ponit
1218 761 1342 809 primo

279 818 538 857 divisionem*
553 830 599 854 ex
616 825 722 866 parte
737 817 816 854 eius
841 816 947 853 cuius
966 816 1115 852 fortuna
1139 821 1194 851 est
1213 826 1342 860 causa;

278 870 447 909 secundo
475 871 582 919 ponit
610 870 836 908 divisionem
855 870 874 890 *
902 881 947 905 ex
974 875 1080 917 parte
1109 867 1227 915 ipsius
1257 879 1343 903 cau-

278 935 362 971 sae,
391 923 461 960 ibi:
489 922 722 960 Huiusmodi
753 923 870 972 igitur
896 933 982 959 cum
1010 921 1217 957 secundum
1245 920 1341 956 acci-

277 977 366 1013 dens
393 977 413 998 ⁸³
441 983 508 1013 etc.

332 1041 367 1066 2.
390 1028 499 1065 Circa
522 1028 689 1076 primum
707 1027 815 1076 ponit
833 1034 906 1063 tres
926 1025 1143 1063 divisiones.
1166 1026 1340 1072 Quarum

277 1082 402 1131 prima
422 1088 487 1128 est,
513 1081 619 1128 quod
643 1080 832 1128 quaedam
861 1080 958 1116 fiunt
985 1090 1147 1126 semper,
1168 1086 1210 1115 ut
1237 1085 1340 1114 ortus

279 1134 389 1180 solis;
418 1133 608 1181 quaedam
637 1134 732 1170 sicut
760 1133 993 1180 frequenter,
1019 1138 1061 1167 ut
1088 1131 1193 1178 quod
1220 1131 1340 1167 homo

250 1214 253 1217 «
279 1194 453 1224 nascatur
472 1187 663 1222 oculatus:
684 1193 862 1222 neutrum
889 1191 1018 1221 autem
1041 1183 1180 1220 horum
1209 1184 1341 1221 dicitur

41 1300 51 1309 ·
60 1298 122 1320 idest
127 1304 175 1321 om.
183 1298 251 1320 codd.

41 1329 64 1347 et
77 1325 122 1346 ab.
139 1337 151 1341 -
165 1327 191 1347 ut
203 1331 251 1347 om.

37 1351 176 1375 Anoenzab.

43 2462 54 2471 ·
71 2460 161 2490 aliquid
180 2466 256 2482 tumn

44 2493 86 2509 ιιη
91 2502 96 2508 .

280 1251 363 1276 esse
391 1252 414 1276 a
441 1238 603 1275 fortuna.
626 1238 703 1275 Sed
722 1237 912 1286 quaedam
940 1237 1036 1274 fiunt
1057 1242 1213 1284 praeter
1235 1238 1338 1282 haec,

279 1291 375 1329 idest
388 1293 409 1313 '¹‘
426 1297 467 1327 ut
485 1291 524 1328 in
543 1290 797 1339 paucioribus,
818 1290 912 1327 sicut
939 1289 1044 1337 quod
1070 1289 1189 1326 homo
1210 1301 1340 1326 nasca-

279 1353 340 1382 tur
368 1356 456 1381 cum
481 1356 546 1380 sex
567 1343 688 1391 digitis
715 1344 777 1380 vel
807 1343 886 1380 sine
911 1342 1047 1379 oculis:
1068 1349 1104 1379 et
1132 1354 1267 1378 omnes
1287 1342 1340 1379 di-

281 1404 369 1434 cunt
395 1396 615 1434 huiusmodi
633 1396 716 1433 fieri
744 1408 766 1432 a
785 1396 946 1432 fortuna.
967 1395 1077 1432 Unde
1097 1395 1339 1432 manifestum

282 1457 337 1486 est
364 1449 468 1497 quod
487 1449 636 1486 fortuna
663 1448 804 1496 aliquid
831 1456 901 1493 est;
924 1459 1011 1484 cum
1037 1460 1119 1484 esse
1148 1460 1170 1484 a
1190 1448 1340 1484 fortuna

281 1510 318 1539 et
346 1514 427 1538 esse
455 1509 497 1537 ut
529 1501 568 1538 in
601 1501 843 1550 paucioribus
881 1508 1158 1537 convertantur.
1186 1501 1235 1536 Et
1265 1501 1340 1536 hoc

279 1554 422 1591 inducit
450 1561 580 1590 contra
606 1553 771 1601 primam
800 1553 1033 1601 opinionem,
1062 1565 1160 1601 quae
1188 1553 1340 1600 negavit

279 1608 482 1644 fortunam.

334 1660 368 1696 3.
388 1658 547 1695 Videtur
565 1665 693 1694 autem
722 1657 856 1695 divisio
877 1657 1098 1706 Philosophi
1123 1669 1205 1693 esse
1225 1657 1338 1693 insuf-

279 1712 422 1758 ficiens,
443 1711 533 1759 quia
552 1710 664 1758 etiarn
693 1710 882 1758 quaedam
907 1709 1159 1757 contingentia
1187 1717 1273 1746 sunt
1291 1709 1340 1746 ad

279 1764 510 1802 utrumlibet.
530 1763 728 1800 Avicenna
747 1775 836 1811 ergo
866 1763 956 1800 dixit
974 1763 1079 1811 quod
1107 1762 1145 1799 in
1164 1762 1221 1799 his
1241 1774 1339 1811 quae

282 1824 368 1854 sunt
395 1817 443 1854 ad
470 1816 700 1863 utrumlibet,
731 1816 909 1864 contingit
936 1815 1078 1864 aliquid
1107 1827 1188 1852 esse
1217 1827 1239 1851 a
1266 1815 1340 1851 for-

281 1877 383 1917 tuna,
404 1869 499 1906 sicut
517 1882 563 1906 ea
581 1869 679 1917 quae
703 1876 790 1906 sunt
808 1868 846 1906 in
875 1868 1014 1905 minori
1032 1875 1150 1917 parte.
1170 1869 1254 1904 Nec
1273 1869 1340 1904 ob-

281 1929 352 1959 stat
378 1922 484 1970 quod
511 1934 590 1959 non
619 1921 752 1958 dicitur
781 1934 862 1958 esse
883 1934 905 1958 a
933 1922 1081 1958 fortuna
1110 1921 1213 1969 quod
1232 1927 1249 1942 ‘²‘
1270 1921 1339 1958 So-

282 1981 411 2012 crates,
428 1975 576 2022 sedeat,
612 1986 700 2012 cum
731 1975 807 2011 hoc
835 1974 879 2011 sit
906 1974 955 2011 ad
981 1974 1218 2011 utrumlibet:
1253 1973 1341 2021 quia

281 2027 366 2064 licet
384 2028 459 2064 hoc
478 2028 524 2064 sit
546 2027 595 2064 ad
613 2027 832 2065 utrumlibet
859 2035 1032 2075 respectu
1050 2027 1239 2075 potentiae
1259 2039 1341 2063 mo-

281 2080 392 2127 tivae,
422 2079 500 2118 non
528 2087 656 2117 tamen
685 2087 741 2117 est
768 2081 817 2117 ad
844 2079 1062 2116 utrumlibet
1081 2086 1255 2128 respectu
1273 2091 1341 2127 po-

282 2133 428 2169 tentiae.
451 2132 697 2181 appetitivae,
736 2144 834 2180 quae
869 2132 1114 2169 determinate
1151 2132 1268 2168 tendit
1304 2132 1342 2168 in

282 2197 420 2231 unum3
442 2193 600 2233 ‘praeter
626 2198 742 2233 quam
771 2185 801 2221 si
821 2185 959 2233 aliquid
978 2183 995 2212 ¹³
1023 2185 1220 2231 accideret,
1243 2184 1342 2221 dice—

284 2246 386 2275 retur
413 2250 495 2274 esse
523 2238 728 2274 fortuitum.
764 2237 840 2274 Sed
870 2238 964 2274 sicut
991 2238 1158 2285 potentia
1186 2237 1340 2284 motiva,

284 2303 382 2340 quae
412 2298 467 2327 est
494 2291 542 2327 ad
569 2291 806 2339 utrumlibet,
837 2302 915 2326 non
950 2290 1023 2327 exit
1050 2290 1088 2327 in
1117 2297 1243 2327 actum
1272 2289 1342 2326 nisi

281 2356 352 2392 per
364 2343 572 2392 potentiam
589 2343 833 2392 appetitivam
854 2343 1124 2387 determinetur
1142 2343 1191 2379 ad
1204 2355 1341 2389 unum;

283 2397 339 2433 ita.
352 2396 440 2433 nihil
456 2397 561 2444 quod
582 2403 637 2432 est
664 2396 712 2433 ad
726 2396 944 2432 utrumlibet
973 2396 1046 2432 exit
1069 2396 1107 2432 in
1127 2403 1253 2432 actum
1273 2395 1343 2432 nisi

282 2461 352 2497 per
370 2449 553 2498 aliquod*
573 2449 842 2485 determinetur
856 2449 905 2485 ad
922 2461 1060 2485 unum:
1079 2449 1166 2497 quia
1185 2448 1224 2484 id
1239 2449 1343 2497 quod

284 2509 340 2538 est
368 2502 417 2539 ad
443 2502 662 2539 utrumlibet
690 2509 744 2538 est
777 2501 872 2538 sicut
895 2510 961 2538 ens
989 2501 1028 2538 in
1059 2501 1246 2550 potentia;
1274 2514 1343 2549 po-

284 2555 399 2591 tentia
426 2562 554 2591 autem
583 2566 661 2590 non
690 2561 744 2590 est
770 2554 997 2606 principium
1017 2554 1164 2602 agendi,
1189 2554 1256 2590 sed
1285 2567 1343 2590 so-

285 2608 366 2644 lum
394 2615 509 2643 actus.
545 2606 656 2643 Unde
686 2619 731 2643 ex
760 2619 806 2643 eo
835 2607 939 2654 quod
968 2614 1023 2643 est
1050 2607 1099 2643 ad
1125 2606 1344 2643 utrumlibet

287 2659 377 2696 nihil
405 2659 587 2707 sequitur,
617 2659 687 2695 nisi
714 2672 784 2708 per
811 2658 950 2707 aliquid
971 2659 1071 2695 aliud
1091 2659 1195 2717 quod
1224 2658 1343 2696 deter-

287 2712 406 2748 minat
429 2712 477 2748 ad
503 2723 624 2747 unum
640 2716 665 2758 ⁷,
686 2712 747 2748 vel
776 2711 870 2748 sicut
897 2723 1048 2759 semper
1074 2713 1135 2749 vel
1162 2711 1256 2748 sicut
1274 2707 1343 2748 fre-

288 2771 456 2812 quenter.
477 2765 526 2800 Et
544 2771 699 2812 propter
716 2765 791 2801 hoc
818 2764 855 2800 in
875 2763 917 2800 iis
946 2776 1042 2812 quae
1058 2765 1164 2812 fiunt,
1181 2772 1345 2812 praeter-

288 2816 388 2853 misit
416 2829 460 2853 ea
489 2828 585 2864 quae
615 2824 700 2853 sunt
728 2818 776 2854 ad
803 2817 1031 2853 utrumlibet.
1092 2814 1098 2825 “

340 2880 377 2916 4.
407 2868 613 2922 Sciendum
651 2869 763 2906 etiam
793 2869 896 2917 quod
933 2869 1088 2917 quidam
1122 2869 1347 2906 definierunt

289 2934 371 2958 esse
385 2918 652 2969 necessarium,
669 2922 773 2970 quod
787 2934 865 2958 non
879 2922 994 2958 habet
1012 2922 1345 2976 impedimentum3

343 3073 370 3106 α)
389 3081 444 3099 esse
461 3079 478 3099 a
490 3074 606 3108 fortuna
628 3074 706 3106 quod.
720 3088 739 3092 —
753 3081 808 3099 esse
826 3082 879 3099 om.
892 3075 985 3104 exam
1003 3083 1050 3108 pro
1073 3076 1158 3108 quod,
1183 3076 1245 3108 quia
1264 3077 1298 3107 P,
1318 3079 1348 3101 ut

289 3116 348 3134 cum
367 3109 404 3139 D,
423 3116 482 3134 cum
501 3109 528 3133 Z.
542 3122 561 3129 -
574 3109 636 3141 quia
654 3110 714 3135 licet
732 3109 780 3134 hoc
799 3109 834 3134 sit
851 3110 888 3134 ad
907 3111 1060 3136 utrumlibet
1077 3119 1130 3135 om.
1145 3112 1218 3136 codd.
1234 3119 1287 3136 exc.
1301 3112 1347 3136 BG

289 3144 454 3168 HLMNYsF.

344 3177 369 3211 β)
383 3182 494 3210 praeter
512 3186 590 3210 quam
609 3179 633 3204 εἰ
647 3179 749 3211 aliquid
762 3179 901 3205 accideret.
915 3194 934 3198 —
947 3187 964 3204 a
979 3184 1003 3204 et
1017 3181 1091 3206 codd.
1107 3189 1159 3206 exc.
1173 3181 1193 3205 F
1208 3189 1255 3213 pro
1267 3188 1347 3213 quam

289 3214 379 3245 legunt
396 3214 474 3244 quod,
486 3221 580 3245 nempe
598 3221 741 3245 pronomen
760 3214 874 3246 explicite
893 3214 1006 3239 referunt
1019 3223 1070 3239 non
1086 3216 1120 3240 ad
1139 3216 1286 3247 potentiam,
1302 3216 1347 3240 sed

291 3248 322 3271 ad
341 3247 471 3271 obiectum
489 3248 515 3271 in
533 3248 603 3280 quod
628 3249 684 3279 ipsa
706 3249 871 3273 determinate
890 3249 977 3273 tendit.
996 3250 1115 3274 Attamen
1140 3258 1232 3274 sensus
1262 3256 1348 3275 manet

291 3282 374 3306 idem:
393 3289 453 3305 nam
471 3282 543 3313 quod
566 3282 655 3306 accidit
680 3288 781 3315 praeter
799 3283 860 3307 illud
883 3283 1013 3307 obiectum
1035 3285 1061 3308 in
1086 3285 1156 3316 quod
1182 3286 1348 3309 determinate

290 3316 371 3340 fertur
389 3316 510 3347 potentia,
525 3316 615 3340 accidit
633 3317 708 3341 etiam
727 3322 826 3348 praeter
849 3318 932 3349 ipsam
951 3318 1105 3349 potentiam,
1125 3327 1170 3343 seu
1189 3325 1288 3351 praeter
1306 3327 1347 3344 or-

292 3351 377 3375 dinem
396 3351 525 3383 potentiae
543 3351 709 3375 determinate
727 3351 854 3376 tendentis
873 3352 899 3376 in
917 3359 1007 3377 unum.
1022 3352 1102 3377 Codd.
1121 3361 1173 3378 exc.
1193 3354 1346 3385 DEFGHR,

291 3393 338 3418 pro
357 3385 467 3417 aliquid,
486 3385 568 3410 aliud.

345 3419 372 3453 γ)
393 3420 444 3444 nisi
458 3427 510 3451 per
525 3420 627 3452 aliquid
640 3420 714 3444 aliud
729 3420 800 3452 quod
812 3420 972 3445 determinat
983 3421 1021 3446 ad
1035 3429 1123 3446 unum.
1135 3435 1154 3440 -
1167 3423 1202 3446 Ita
1215 3423 1349 3452 PFGsLb;

293 3455 345 3479 nisi
359 3462 410 3486 per
427 3455 529 3486 aliquid
546 3455 621 3479 aliud
645 3455 834 3480 determinetur
852 3456 888 3480 ad
907 3463 986 3480 unum
1006 3456 1082 3486 BNZ,
1108 3457 1159 3481 nisi
1172 3464 1224 3488 per
1247 3458 1349 3489 aliquid

291 3490 367 3514 aliud
379 3497 432 3521 per
444 3490 515 3522 quod
534 3490 725 3514 determinatur
739 3490 776 3514 ad
790 3498 870 3515 unum
886 3491 918 3520 C;
933 3491 969 3515 ad
984 3498 1063 3515 unum
1077 3499 1128 3515 om.
1140 3492 1199 3515 HM.
1212 3492 1235 3516 Y
1248 3493 1346 3516 omisso

291 3525 365 3557 quod
382 3525 459 3550 habet
473 3525 643 3555 determinat,
662 3525 947 3557 ADIKOQRSTVXpL
965 3530 990 3550 et
1012 3526 1051 3550 ed.
1066 3533 1083 3550 a
1099 3531 1200 3551 servato
1219 3527 1290 3559 quod
1311 3527 1346 3551 le-

1346 212 1496 248 LECT.

1525 212 1612 248 VIII
2406 223 2455 258 79

1400 289 1618 336 contingens
1637 301 1730 326 vero
1759 289 1853 326 sieut
1873 290 2096 338 frequenter,
2118 289 2222 337 quod
2245 296 2369 337 potest
2388 289 2455 325 im-

1398 341 1518 388 pediri
1546 341 1583 377 in
1612 341 1864 389 paucioribus.
1896 343 1972 379 Sed
2000 343 2074 378 hoc
2110 341 2360 378 irrationabile
2389 349 2454 379 est.

1400 393 1668 430 Necessarium
1702 394 1805 437 enim
1838 394 1971 431 dicitur
1988 395 2017 442 ⁷¹⁶,
2039 395 2143 443 quod
2171 394 2209 430 in
2237 394 2295 430 sui
2323 401 2455 430 natura

1398 446 1513 481 habet
1541 446 1644 493 quod
1672 459 1750 483 non
1778 447 1895 495 possit
1923 460 2001 484 non
2021 460 2120 483 esse:
2143 446 2362 494 contingens
2391 459 2454 483 au-

1399 504 1476 533 tem
1503 506 1545 534 ut
1573 498 1810 547 frequenter,
1849 500 1953 547 quod
1986 500 2105 548 possit
2138 512 2216 536 non
2245 511 2338 536 esse.
2369 500 2454 535 Hoc

1399 557 1526 586 autem
1554 551 1660 597 quod
1687 559 1743 587 est
1770 553 1910 588 habere
1943 552 2259 600 impedimentum
2286 553 2348 589 vel
2377 564 2455 588 non

1397 602 1551 648 habere,
1573 610 1629 639 est
1657 604 1887 651 contingens.
1918 605 2062 641 Natura
2083 605 2183 641 enim
2204 606 2223 626 ²³*
2251 617 2330 641 non
2347 612 2454 653 parat

1397 654 1714 702 impedimentum
1748 656 1782 692 ei
1810 657 1913 704 quod
1941 670 2019 694 non
2050 665 2174 705 potest
2210 670 2288 694 non
2314 658 2333 676 ²¹*
2354 669 2451 702 esse;

1398 708 1486 755 quia
1515 715 1612 744 esset
1640 708 1888 756 superfluum.

1455 761 1487 796 5.
1510 761 1727 797 Secundam
1748 761 1972 798 divisionem
1996 762 2102 810 ponit
2129 762 2197 798 ibi:
2217 763 2361 798 Eorum
2387 774 2453 798 au—

1397 818 1469 848 tem
1498 824 1595 860 quae
1601 814 1708 860 fiunt
1735 821 1819 849 etc.:
1842 821 1878 850 et
1897 814 1983 851 dicit
2012 814 2116 862 quod
2142 815 2330 862 quaedam
2358 815 2454 851 fiunt

1396 872 1552 913 propter
1579 866 1709 913 finem,
1731 866 1920 914 quaedam
1947 879 2040 903 vero
2061 879 2150 903 non.
2173 867 2297 903 Habet
2326 874 2453 904 autem

1396 918 1491 953 haec
1520 917 1654 954 divisio
1676 918 1960 966 dubitationem,
1982 919 2069 967 quia
2094 932 2209 956 omne
2238 931 2352 967 agens
2381 920 2454 967 agit

1395 977 1551 1018 propter
1577 971 1711 1018 finem,
1742 971 1821 1007 sive
1842 979 1925 1018 agat
1945 984 1966 1008 a
1985 979 2128 1019 natura,
2150 972 2229 1009 sive
2258 973 2378 1019 agat*
2406 973 2452 1008 ab

1395 1022 1593 1059 intellectu.
1626 1024 1702 1060 Sed
1730 1023 1926 1060 sciendum
1961 1032 2015 1061 est
2052 1024 2156 1072 quod
2189 1036 2232 1061 ea
2262 1025 2348 1061 dicit
2375 1037 2454 1061 non

1394 1082 1549 1123 propter
1577 1075 1717 1124 aliquid
1745 1076 1846 1123 fieri,
1874 1089 1970 1124 quae
1999 1084 2153 1125 propter
2185 1090 2225 1113 se
2253 1077 2368 1124 fiunt,
2398 1077 2451 1114 in-

1395 1135 1580 1175 quantum
1599 1128 1637 1165 in
1657 1129 1787 1176 seipsis
1812 1129 1953 1165 habent
1969 1130 1988 1150 *
2005 1130 2289 1166 delectationem
2303 1130 2365 1167 vel
2384 1131 2452 1166 ho-

1394 1188 1591 1228 nestatem,
1611 1189 1766 1230 propter
1784 1194 1900 1229 quam
1921 1182 2130 1218 secundum
2150 1182 2272 1230 seipsa
2291 1183 2450 1230 placent.

1394 1234 1463 1270 Vel
1491 1234 1579 1271 dicit
1598 1246 1677 1271 non
1703 1242 1859 1283 propter
1877 1235 1995 1270 finem
2020 1235 2113 1282 fieri,
2135 1247 2232 1283 quae
2260 1248 2338 1271 non
2357 1235 2453 1271 fiunt

1393 1293 1549 1335 propter
1575 1287 1694 1323 finem
1723 1287 1989 1333 deliberatum;
2010 1287 2105 1323 sicut
2124 1287 2339 1324 confricatio
2369 1288 2451 1323 bar-

1394 1340 1478 1386 bae,
1493 1340 1555 1376 vel
1575 1339 1715 1387 aliquid
1734 1339 1963 1386 huiusmodi,
1980 1340 2084 1388 quod
2103 1340 2292 1376 interdum
2307 1341 2350 1377 fit
2369 1340 2452 1376 abs-

1395 1403 1467 1440 que
1497 1392 1764 1429 deliberatione
1785 1405 1831 1429 ex
1859 1393 1939 1428 sola
1966 1392 2232 1440 imaginatione
2253 1400 2451 1430 movente:

1392 1445 1494 1481 unde
1522 1445 1666 1481 habent
1693 1445 1811 1481 finem
1830 1445 2089 1493 imaginatum,
2110 1445 2177 1482 sed
2206 1457 2284 1481 non
2313 1445 2451 1482 delibe-

1394 1505 1528 1534 ratum.

1447 1551 1481 1586 6.
1503 1549 1674 1586 Tertiam
1689 1549 1915 1586 divisionem
1934 1550 2041 1598 ponit
2064 1550 2132 1587 ibi:
2152 1551 2307 1587 Horum
2327 1557 2452 1587 autem

1393 1602 1468 1638 alia
1498 1610 1566 1638 etc.
1601 1603 1650 1638 Et
1678 1602 1765 1639 dicit
1788 1603 1892 1650 quod
1912 1615 2047 1639 eorum
2066 1615 2164 1651 quae
2183 1604 2279 1640 fiunt
2297 1611 2453 1652 propter

1393 1655 1524 1701 finem,
1546 1655 1736 1702 quaedam
1764 1655 1860 1691 fiunt
1875 1655 1894 1675 *
1915 1657 2124 1692 secundum
2148 1657 2395 1703 voluntatem,
2417 1663 2453 1692 et

1394 1707 1583 1754 quaedam
1621 1720 1716 1744 non:
1746 1715 1782 1743 et
1810 1708 1924 1743 ambo
1962 1708 2031 1744 ista
2059 1708 2301 1745 inveniuntur
2337 1709 2375 1745 in
2408 1709 2451 1745 iis

1394 1772 1490 1808 quae
1519 1760 1616 1796 fiunt
1651 1767 1806 1809 propter
1834 1760 1982 1807 aliquid.
2023 1762 2114 1797 Non
2148 1762 2271 1798 solum
2311 1762 2411 1798 enirn
2432 1763 2451 1783 '¹‘

1393 1825 1491 1860 quae
1519 1813 1616 1849 fiunt
1644 1825 1665 1848 a
1692 1813 1897 1859 voluntate,
1921 1813 1987 1850 sed
2016 1813 2128 1849 etiam
2159 1826 2203 1850 ea
2230 1826 2328 1862 quae
2357 1815 2453 1851 fiunt

1394 1878 1416 1901 a
1435 1873 1579 1912 natura,
1608 1873 1764 1914 propter
1791 1865 1931 1913 aliquid
1959 1865 2064 1902 fiunt.

1448 1931 1483 1966 7.
1514 1919 1563 1954 Et
1591 1918 1717 2007 quia?
1747 1930 1792 1954 ea
1819 1930 1918 1966 quae
1946 1918 2042 1955 fiunt
2070 1930 2114 1955 ex
2142 1919 2361 1956 necessitate
2389 1920 2452 1956 vel

1394 1971 1488 2008 sicut
1515 1972 1672 2020 frequen
1688 1983 1740 2017 er,
1770 1971 1866 2007 fiunt
1894 1983 1916 2007 a
1943 1979 2077 2008 natura
2104 1972 2165 2009 vel
2194 1985 2216 2008 a
2242 1972 2450 2021 proposito,

1394 2024 1636 2061 manifestum
1665 2031 1720 2060 est
1735 2024 1755 2045 ’²‘
1775 2023 1880 2072 quod
1899 2031 1977 2061 tam
2001 2024 2039 2061 in
2058 2024 2102 2061 iis
2122 2037 2218 2073 quae
2238 2026 2334 2062 fiunt
2354 2037 2452 2061 sem-
2471 2029 2489 2055 ‚⁸

1393 2090 1462 2125 per
1489 2089 1605 2126 quarn
1625 2077 1663 2114 in
1682 2076 1725 2114 iis
1746 2089 1842 2126 quae
1863 2077 1960 2113 fiunt
1978 2078 2202 2125 frequenter,
2224 2085 2309 2115 sunt
2328 2078 2452 2126 aliqua

1395 2142 1493 2178 quae
1512 2131 1608 2167 fiunt
1624 2137 1779 2179 propter
1806 2130 1941 2167 finem:
1963 2143 2050 2167 cum
2079 2138 2157 2167 tam
2176 2138 2308 2167 natura
2335 2143 2451 2179 quam

1394 2183 1631 2231 propositum
1651 2191 1806 2233 propter
1824 2184 1942 2219 finem
1971 2191 2183 2231 operentur.
2205 2185 2254 2220 Et
2281 2184 2334 2220 sic
2352 2191 2454 2232 patet

1396 2236 1500 2284 quod
1527 2236 1618 2272 istae
1646 2244 1721 2272 tres
1742 2235 1946 2272 divisiones
1974 2236 2169 2273 includunt
2197 2249 2237 2273 se
2266 2237 2451 2282 invicem3

1396 2289 1484 2337 quia
1500 2301 1544 2325 ea
1563 2301 1661 2336 quae
1680 2289 1776 2326 fiunt
1796 2301 1818 2325 a
1835 2289 2031 2338 proposito
2045 2291 2107 2326 vel
2127 2302 2149 2326 a
2166 2290 2185 2310 ‘¹‘
2200 2298 2343 2337 natura,
2359 2290 2455 2326 fiunt

1395 2349 1550 2390 propter
1576 2342 1712 2388 finem;
1743 2349 1778 2378 et
1807 2354 1851 2378 ea
1879 2354 1975 2390 quae
2010 2343 2106 2379 fiunt
2132 2350 2287 2391 propter
2313 2343 2452 2390 finem,

1396 2395 1492 2431 fiunt
1520 2407 1672 2442 semper
1691 2402 1755 2431 aut
1782 2395 2007 2443 frequenter.

1451 2449 1485 2484 8.
1515 2447 1662 2484 Deinde
1701 2460 1788 2484 cum
1827 2447 1931 2484 dicit:
1960 2448 2192 2485 Huiusmodi
2219 2449 2334 2498 igitur
2370 2462 2456 2486 cum

1395 2501 1598 2537 secundum
1635 2501 1806 2537 accidens
1843 2508 1933 2548 etc.,
1962 2501 2069 2549 ponit
2106 2501 2331 2541 divisionem
2360 2514 2457 2550 quae

1396 2553 1554 2589 sumitur
1583 2565 1627 2590 ex
1653 2560 1758 2602 parte
1788 2565 1933 2590 causae.
1950 2555 1999 2590 Et
2026 2554 2112 2591 dicit
2140 2555 2244 2603 quod
2267 2567 2364 2591 -cum
2392 2556 2458 2591 hu-

1397 2606 1575 2652 iusmodi,
1606 2618 1703 2654 quae
1733 2606 1871 2643 scilicet
1899 2619 1921 2642 a
1948 2607 2143 2656 proposito
2172 2615 2276 2655 sunt,
2305 2615 2458 2656 propter

1398 2659 1549 2707 aliquid,
1572 2666 1607 2695 et
1636 2659 1673 2695 in
1701 2659 1839 2696 minori
1857 2667 1975 2708 parte,
2004 2661 2100 2697 fiunt
2129 2673 2151 2697 a
2180 2674 2292 2697 causa
2324 2674 2455 2698 secun-

1398 2712 1491 2748 dum
1520 2711 1693 2748 accidens
1713 2709 1738 2759 δ,
1767 2720 1856 2749 tunc
1884 2713 2044 2750 dicimus
2074 2727 2117 2750 ea
2147 2726 2227 2750 esse
2254 2727 2275 2750 a
2296 2715 2454 2751 fortuna.

1400 2765 1503 2801 Sicut
1519 2764 1620 2801 enim
1641 2764 1783 2801 entium
1808 2765 2004 2813 quoddam
2027 2774 2080 2803 est
2098 2779 2166 2815 per
2189 2779 2228 2803 se
2250 2775 2285 2803 et
2299 2768 2318 2788 *
2337 2767 2456 2815 quod-

1400 2818 1488 2854 dam
1516 2829 1584 2866 per
1611 2818 1797 2865 accidens,
1818 2819 1869 2854 ita
1898 2826 1933 2855 et
1953 2832 2171 2864 causarum;
2202 2820 2295 2861 sicut
2321 2832 2390 2868 per
2417 2832 2456 2857 se

1401 2882 1515 2906 causa
1544 2870 1681 2907 domus
1711 2878 1765 2907 est
1793 2883 1852 2907 ars
1872 2871 2127 2909 aedificatoria
2140 2873 2169 2920 ³²,
2189 2885 2257 2921 per
2285 2872 2456 2910 accidens
2483 2877 2494 2888 ⁶

1399 2932 1493 2959 vero
1522 2924 1651 2959 album
1679 2925 1741 2960 vel
1769 2924 1969 2961 musicum.

1399 3081 1464 3109 gunt
1477 3077 1678 3106 determinatur,
1694 3077 1740 3101 sed
1760 3082 1850 3102 neutra
1864 3078 1937 3102 lectio
1951 3078 2018 3102 bona
2037 3082 2088 3109 est;
2106 3078 2126 3102 E
2144 3078 2220 3103 habet
2234 3079 2311 3110 quod,
2327 3085 2352 3104 et
2366 3080 2390 3103 in
2405 3078 2455 3104 fine

1399 3112 1471 3136 verbi
1490 3112 1649 3137 determinat
1672 3112 1762 3137 abrasa
1785 3117 1824 3136 est
1848 3113 1929 3145 prima
1949 3121 2052 3143 manus,
2076 3121 2123 3138 nec
2149 3113 2210 3145 quid
2235 3114 2347 3138 secunda
2365 3114 2456 3138 habeat

1360 3156 1362 3161 ·
1401 3147 1489 3179 liquet.

1453 3181 1476 3216 ὃ)
1496 3189 1555 3206 cum
1574 3182 1766 3207 huiusmodi...
1787 3182 1928 3207 secundum
1953 3182 2081 3207 accidens.
2099 3191 2118 3196 -
2133 3182 2199 3206 RYZ
2223 3190 2282 3207 cum
2305 3183 2456 3208 huiusmodi

1400 3224 1467 3249 quae
1478 3220 1540 3241 sunt
1553 3224 1570 3241 a
1584 3218 1731 3249 proposito,
1751 3217 1848 3242 scilicet
1862 3221 1974 3248 propter
1989 3217 2097 3248 aliquid,
2118 3217 2143 3240 in
2164 3217 2261 3241 minori
2275 3221 2365 3248 parte,
2382 3219 2455 3251 fiunt

1399 3259 1416 3276 a
1429 3258 1509 3276 causa
1522 3253 1665 3276 secundum
1683 3252 1804 3277 accidens
1811 3259 1819 3280 ‚·
1833 3253 1873 3276 LS
1895 3259 1953 3276 cum
1968 3251 2117 3276 huiusmodi
2130 3259 2197 3283 quae
2210 3255 2272 3276 sunt
2288 3259 2305 3276 a
2315 3253 2454 3284 proposito

1399 3290 1426 3311 et
1440 3290 1554 3318 propter
1572 3287 1674 3318 aliquid
1692 3290 1717 3311 et
1736 3287 1761 3311 in
1782 3286 1879 3310 minori
1891 3289 1985 3317 parte,
2001 3286 2075 3318 fiunt
2093 3293 2110 3310 a
2127 3293 2207 3310 causa
2225 3287 2366 3312 secundum
2386 3288 2454 3313 acci-

1401 3321 1464 3346 dens
1471 3329 1479 3350 ;
1497 3321 1523 3345 in
1543 3322 1632 3346 ceteris
1652 3322 1780 3346 codicibus
1806 3328 1897 3352 magna
1922 3321 1994 3344 adest
2012 3321 2143 3351 confusio,
2167 3321 2238 3345 cuius
2258 3326 2335 3354 typus
2354 3323 2455 3347 videtur

1400 3363 1459 3380 esse
1478 3357 1552 3380 lectio
1566 3356 1762 3388 AKTVXpEG:
1782 3363 1839 3380 cum
1859 3355 2009 3379 huiusmodi
2023 3362 2089 3387 quae
2102 3356 2199 3380 scilicet
2217 3363 2234 3380 a
2249 3358 2386 3389 proposito
2405 3359 2454 3383 sci-

1400 3390 1459 3415 licet
1473 3394 1586 3422 propter
1603 3391 1704 3422 aliquid
1717 3398 1734 3414 α
1749 3390 1846 3414 minori
1854 3393 1934 3420 parte
1948 3390 2019 3423 fiunt
2033 3397 2050 3414 a
2063 3397 2143 3415 causa
2157 3391 2299 3416 secundum
2317 3393 2439 3418 accidens
2445 3402 2454 3423 ‚-

1401 3424 1508 3450 sufficiat
1525 3431 1613 3450 notare
1632 3426 1701 3457 quod
1721 3432 1768 3456 pro
1786 3427 1811 3449 et
1826 3424 1851 3448 in
1868 3425 1964 3448 minori
1982 3424 2076 3449 habent
2090 3429 2115 3450 et
2129 3433 2146 3450 a
2165 3426 2263 3451 minori
2281 3426 2413 3457 DFQsGH
2429 3433 2454 3453 et

1400 3459 1449 3488 ab,
1468 3467 1485 3484 a
1505 3460 1602 3484 minori
1620 3459 1782 3490 CMNOle.
1806 3459 1832 3483 in
1852 3459 1948 3483 minori
1966 3460 2046 3490 BsE1;
2061 3463 2086 3484 et
2104 3467 2121 3484 a
2139 3468 2220 3485 causa
2239 3462 2326 3494 legunt
2340 3463 2386 3492 Pb,
2407 3464 2453 3487 sed

1399 3495 1521 3525 particula
1535 3498 1561 3519 et
1574 3495 1622 3519 hoc
1636 3495 1661 3518 in
1681 3495 1737 3518 Ioco
1756 3494 1840 3518 minus
1854 3494 1953 3518 videtur
1966 3502 2107 3527 congruere
2126 3496 2253 3521 contextui
2260 3504 2268 3528 ς,
2286 3504 2304 3521 a
2314 3497 2328 3522 b
2348 3498 2452 3528 addunt,

1399 3533 1459 3561 post
1477 3529 1606 3558 accidens,
1619 3530 1700 3561 fiunt.

2483 395 2598 423 'aliquid
2611 396 2662 417 add.
2679 403 2695 418 Ρ

2483 421 2517 442 ab
2529 426 2550 443 et
2564 422 2631 444 codd.
2643 429 2692 444 exc.

2485 453 2642 470 cuzronumw.

2481 605 2491 615 ⁸
2506 607 2581 626 autem
2595 612 2631 627 en.

2481 653 2490 663 ⁸¹
2506 659 2551 673 non
2571 659 2618 674 om.
2637 660 2652 675 a
2671 658 2693 675 et

2481 679 2548 700 codd.
2564 685 2612 700 exc.
2632 686 2692 707 m-pu

2480 711 2500 725 z.

2481 967 2491 977 *
2506 969 2565 993 agat
2574 973 2620 988 om.
2631 973 2693 989 mim

2481 999 2515 1013 ΒΖ.

2479 1128 2490 1138 ⁴⁵
2506 1128 2541 1148 vel
2554 1128 2605 1149 add.
2619 1134 2691 1150 neri-n

2479 1160 2541 1175 nsvz.

2478 1661 2487 1671 ⁸
2504 1663 2556 1681 sunt
2566 1661 2633 1682 codd.
2642 1666 2691 1682 exc.

2478 1693 2531 1708 rim.

2478 1766 2487 1776 '¹
2504 1772 2532 1786 ea
2547 1766 2599 1787 add.
2614 1772 2690 1787 neuim

2479 1798 2528 1812 ειη.

2479 1923 2489 1934 ⁸
2504 1923 2558 1950 quia
2574 1923 2623 1944 om]
2638 1929 2691 1944 Λεῐκ

2480 1955 2610 1974 Oervxra.

2491 2029 2549 2049 enlm
2557 2027 2689 2049 add.iidem.

2480 2292 2491 2302 ⁸
2514 2298 2528 2312 a
2544 2298 2591 2312 om.
2609 2291 2651 2312 rab
2672 2295 2693 2312 et

2482 2318 2551 2339 codd.
2561 2323 2609 2339 exc.
2620 2323 2693 2339 coeca

2481 2351 2551 2365 MNRz.

2577 2716 2591 2740 δ

2484 2773 2494 2782 ⁸
2518 2774 2539 2792 et
2562 2778 2608 2793 om.
2633 2779 2648 2793 a
2673 2776 2693 2794 et

2483 2798 2551 2819 codd.
2567 2805 2615 2819 cxc.
2631 2805 2656 2824 Q.

2531 2876 2680 2903 αεάιζίίεαίιυα

2484 2903 2680 2930 codd.:aed1'fica-

2484 2931 2522 2950 tor
2537 2920 2571 2950 ed.
2587 2935 2610 2951 α.
