2898 3996
107 754 118 763 ·
132 752 208 774 media
215 758 319 780 νει-σερε

109 781 132 800 et
145 784 160 800 a
169 779 189 800 b.

107 909 166 957 {ad
181 909 249 931 codd.
269 915 318 932 exc.

122 942 145 958 κ.

103 1066 116 1078 '⁸
138 1067 182 1087 aut
197 1066 315 1094 paucissi-

104 1098 164 1114 mum
179 1098 226 1114 om.
247 1092 315 1114 codd.

106 1121 130 1140 et
143 1124 158 1140 a
167 1118 187 1140 b.

102 1222 116 1232 ⁸
121 1222 265 1251 pauci-ssime
271 1229 317 1245 pon

104 1252 127 1271 et
140 1255 156 1270 a
163 1249 184 1271 b.

102 1275 128 1287 *⁴
136 1276 224 1304 tempu
233 1276 316 1297 ruzab.

70 1336 82 1340 s
104 1327 115 1337 '
129 1327 167 1349 rei
178 1327 250 1349 codd.
264 1333 313 1349 exc.

46 2653 84 2671 J·

101 1359 199 1376 Buram.

1210 298 1321 334 CAP.
1352 297 1419 344 111,
1449 298 1597 334 LECT.
1627 299 1662 335 v

348 381 474 411 motus
505 386 548 410 ex
573 375 723 411 duobus
751 375 910 412 attendi:
941 382 977 411 et
1005 387 1049 411 ex
1077 382 1249 423 tempore
1268 375 1306 411 in
1325 387 1402 423 quo

348 434 536 473 movetur,
554 434 590 463 et
609 438 653 463 ex
673 440 711 463 re
731 439 799 475 per
818 440 934 476 quam
958 427 1107 474 transit,
1137 428 1231 464 sicut
1252 435 1306 464 est
1324 439 1404 463 ma-

347 478 504 526 gnitudo
532 479 570 515 in
599 487 707 516 motu
733 480 853 517 locali.
892 481 953 517 Ad
983 481 1058 516 hoc
1085 480 1194 527 igitur
1222 479 1326 527 quod
1360 479 1405 516 sit

347 539 474 569 motus
503 531 718 579 continuus,
752 533 950 580 requiritur
981 533 1086 580 quod
1113 533 1214 569 nulla
1241 532 1404 580 interpo-

346 584 435 620 latio
465 585 511 622 sit
538 585 577 621 in
604 592 794 634 tempore:
827 585 915 634 quia
942 592 1292 633 quantumcumque
1321 597 1403 621 mo-

347 636 475 674 dicum
511 637 799 686 interpolaretur
831 644 957 674 motus
989 637 1197 673 secundum
1231 644 1402 686 tempus,

346 702 425 727 non
454 697 551 727 esset
583 690 792 727 continuus.
823 689 900 726 Sed
928 701 974 725 ex
995 696 1101 737 parte
1138 689 1404 736 magnitudinis

345 755 414 791 per
427 755 543 791 quarn
558 743 686 780 transit
699 750 838 789 motus,
849 748 974 790 potest
988 754 1069 778 esse
1085 742 1208 790 aliqua
1223 742 1374 779 modica
1386 745 1405 764 ²³²

346 795 582 844 interpolatio
602 795 682 831 sine
699 794 931 842 praeiudicio
953 794 1242 831 continuationis
1258 803 1401 842 motus;

346 848 442 884 sicut
467 854 570 896 patet
596 847 634 883 in
662 846 878 883 transitibus
905 846 1072 894 viarum,
1106 847 1144 884 in
1172 847 1308 896 quibus
1336 861 1403 897 po-

346 907 486 937 nuntur
511 899 656 947 lapides
685 898 882 936 modicum
911 900 959 936 ab
980 900 1000 920 *²
1018 899 1184 936 invicem
1213 900 1403 948 distantes,

343 964 414 1000 per
428 963 525 1000 quos
539 952 659 988 homo
674 951 804 988 transit
824 952 870 988 de
889 964 966 988 una
984 960 1090 1000 parte
1105 952 1190 989 viae
1210 953 1257 990 ad
1277 954 1400 1001 aliam,

344 1011 452 1040 motu
467 1003 658 1040 continuo.
676 1005 762 1041 Hoc
782 1012 836 1041 est
855 1016 944 1052 ergo
965 1001 1068 1053 quo'd
1085 1005 1183 1052 dicit,
1195 1006 1298 1053 quod
1315 1019 1403 1043 con-

343 1056 446 1093 tinue
475 1063 653 1094 movetur
679 1056 770 1094 illud
789 1058 890 1106 quod
912 1057 1004 1094 nihil
1020 1063 1087 1094 aut
1097 1058 1366 1105 paucissimum
1383 1060 1402 1080 ’¹‘

343 1109 468 1157 deficit
491 1110 559 1155 rei,
589 1109 684 1146 idest
711 1110 816 1158 quod
835 1122 914 1147 non
933 1111 1048 1147 habet
1074 1110 1402 1158 interpolationem

345 1174 390 1198 ex
407 1170 513 1210 parte
538 1161 591 1198 rei
610 1174 678 1210 per
697 1175 813 1210 quam
841 1163 990 1209 transit;
1021 1170 1084 1200 aut
1103 1162 1133 1199 si
1155 1163 1291 1210 deficit,
1311 1177 1403 1213 pau—

345 1214 570 1252 cissimum*
585 1215 722 1255 deficit.
745 1215 821 1252 Sed
840 1215 1023 1264 temporis
1033 1216 1074 1237 ³¹²*
1094 1228 1172 1252 non
1190 1224 1314 1264 potest
1333 1230 1404 1254 nec

343 1267 615 1316 paucissimum
632 1268 806 1316 deficere,
823 1268 853 1305 si
867 1268 914 1305 sit
927 1276 1054 1305 motus
1069 1268 1279 1306 continuus.
1297 1269 1403 1316 Quo-

344 1320 462 1357 modo
477 1328 604 1358 autem
619 1333 679 1358 res
691 1322 711 1342 ’²‘
724 1320 843 1369 possit
856 1321 1017 1358 deficere
1032 1320 1072 1358 in
1088 1329 1196 1358 motu
1211 1322 1401 1366 continuo,

343 1373 578 1421 manifestat,
612 1374 780 1411 subdens
812 1373 918 1422 quod
945 1373 1035 1410 nihil
1061 1374 1236 1422 prohibet
1264 1375 1403 1424 aliquid

343 1426 492 1463 moveri
522 1426 698 1463 continue
728 1439 815 1463 cum
846 1427 994 1464 defectu
1022 1427 1086 1474 rei,
1108 1427 1175 1463 sed
1203 1439 1281 1464 non
1308 1435 1402 1465 tem—

342 1478 466 1526 p0r1s;
496 1479 592 1516 sicut
610 1479 640 1516 si
665 1479 797 1528 aliquis
818 1479 1048 1526 citharizans,
1078 1479 1199 1516 statim
1229 1488 1316 1528 post
1334 1482 1402 1529 hy-

103 1538 114 1547 ·
135 1537 232 1565 hypatin
246 1537 316 1566 codd·
336 1537 451 1579 paten
468 1533 500 1577 ²⁸,
521 1531 616 1568 idest
634 1532 798 1580 primam
823 1532 1007 1568 chordam
1030 1544 1199 1579 gravem,
1220 1541 1329 1570 sonet
1348 1534 1402 1570 ul—

103 1567 126 1586 et
140 1570 164 1585 a.

100 1642 114 1654 ⁶
128 1647 173 1669 quo
185 1642 253 1664 codd.
265 1648 315 1665 exc.

103 1674 190 1690 rum.

103 1959 114 1969 ·
127 1964 174 1980 non
189 1965 237 1981 om.
251 1965 274 1981 P.

54 2618 57 2619 7
102 2595 115 2607 ““
128 2597 204 2618 autem
218 2596 300 2617 racab.

48 2743 59 2778 '¹5
100 2753 116 2764 ⁴
129 2754 194 2775 recta
215 2759 264 2775 om.
278 2759 293 2774 a
303 2753 315 2774 b

20 2791 21 2795 =
56 2787 64 2794 v
104 2782 127 2801 et
137 2785 192 2807 pao.

203 3165 219 3190 0}

342 1583 473 1620 timam
504 1592 666 1631 acutam,
686 1584 905 1621 intermissis
929 1585 1155 1633 quibusdam
1187 1586 1335 1623 chordis
1363 1586 1401 1623 in

343 1637 484 1673 medio.
503 1637 579 1674 Sed
593 1637 661 1673 iste
681 1637 849 1674 defectus
870 1644 924 1674 est
943 1637 995 1673 rei
1010 1637 1048 1674 in
1063 1650 1138 1686 qua
1154 1639 1173 1659 *
1194 1646 1249 1674 θεῖ
1262 1646 1400 1686 motus,

342 1701 421 1725 non
450 1696 578 1726 autem
606 1689 799 1738 temporis.
817 1711 840 1717 -
858 1691 942 1726 Hoc
970 1698 1099 1726 autem
1128 1692 1232 1738 quod
1260 1691 1402 1728 dictum

343 1749 399 1779 est
426 1743 472 1779 de
502 1742 744 1779 continuitate
773 1750 912 1789 motus,
941 1742 1224 1790 intelligendum
1250 1751 1305 1780 est
1324 1752 1401 1780 tam

342 1794 380 1831 in
408 1802 516 1831 motu
543 1795 664 1842 locali,
694 1807 811 1843 quam
839 1795 877 1831 in
905 1795 985 1832 aliis
1014 1795 1191 1832 motibus.

399 1848 431 1884 5.
463 1847 539 1884 Sed
567 1847 656 1896 quia
684 1860 763 1884 non
791 1855 846 1884 est
867 1848 1110 1885 manifestum
1131 1849 1328 1896 quomodo
1347 1850 1402 1885 ul-

341 1899 478 1936 timum
507 1900 544 1937 in
567 1907 674 1937 motu
702 1900 809 1937 locali
834 1900 880 1937 sit
908 1901 1149 1947 contrarium,
1180 1901 1270 1949 quia
1297 1903 1402 1939 locus

340 1953 454 1990 non*
471 1953 622 1990 videtur
641 1965 722 1990 esse
751 1953 958 1990 contrarius
986 1955 1083 2000 loco,
1104 1953 1192 1991 ideo
1219 1954 1294 1991 hoc
1322 1967 1402 1991 ma—

341 2005 499 2043 nifestat.
516 2007 565 2043 Et
580 2006 668 2043 dicit
686 2006 791 2055 quod
805 2007 1036 2043 contrarium
1056 2007 1258 2043 secundum
1277 2007 1400 2044 locum

342 2066 408 2105 est,
438 2059 543 2107 quod
570 2059 776 2107 plurimum
806 2059 915 2096 distat
942 2060 1152 2096 secundum
1181 2059 1320 2096 lIneam
1345 2073 1401 2097 re-

342 2119 452 2148 ctam.
483 2113 532 2148 Et
558 2111 843 2159 intelligendum
873 2119 928 2148 est
953 2112 1157 2160 plurimam
1187 2112 1400 2150 distantiam

342 2176 424 2200 esse
444 2164 656 2201 secundum
678 2164 1002 2212 comparationem
1027 2165 1075 2202 ad
1095 2171 1244 2202 motum
1264 2173 1299 2201 θῖ
1317 2178 1400 2202 mo-

341 2216 430 2252 bilia
446 2225 481 2252 et
499 2216 715 2253 moventia:
737 2217 830 2253 sicut
849 2217 1014 2254 maxime
1034 2218 1171 2254 distant
1190 2218 1400 2255 secundum

341 2270 469 2306 locum
488 2282 557 2318 per
585 2269 911 2318 comparationem
937 2269 985 2306 ad
1005 2278 1154 2307 motum
1173 2270 1345 2317 gravium
1366 2279 1401 2308 et

341 2321 496 2369 levium,
528 2330 698 2359 centrum
728 2329 764 2358 et
788 2322 1002 2359 extremitas
1032 2323 1123 2359 caeli
1152 2323 1280 2371 quoad
1295 2324 1398 2369 *nos;

342 2375 552 2411 secundum
582 2382 709 2411 autem
738 2383 887 2411 motum
916 2387 1047 2412 meum
1075 2376 1137 2412 vel
1166 2384 1291 2422 tuum,
1321 2389 1400 2413 ma—

340 2427 442 2469 xime
471 2428 582 2464 distat
609 2427 648 2464 id
676 2440 752 2476 quo
781 2427 1011 2464 intendimus
1039 2428 1103 2474 ire,
1134 2429 1180 2464 ab
1211 2441 1257 2464 eo
1278 2441 1299 2465 a
1324 2442 1398 2477 quo

341 2480 552 2529 incepimus
590 2480 749 2517 moveri.
786 2481 887 2527 Quid
917 2488 1044 2517 autem
1077 2480 1147 2517 sibi
1174 2481 1264 2518 velit
1297 2483 1400 2530 quod

342 2533 432 2569 dixit
449 2533 652 2570 secundum
676 2533 941 2579 rectitudinem,
964 2534 1116 2581 exponit
1135 2534 1313 2581 subdens,
1334 2535 1401 2571 mi-

342 2586 445 2622 nima
470 2586 569 2622 enim
588 2587 608 2607 '¹‘
623 2586 739 2634 finita
760 2593 827 2622 etc.
857 2586 918 2622 Ad
939 2586 1044 2622 cuius
1063 2586 1291 2623 intellectum
1313 2600 1400 2624 con-

343 2638 588 2675 siderandum
612 2647 677 2686 est,
699 2638 803 2687 quod
831 2638 990 2675 minima
1019 2639 1192 2676 distantia
1220 2652 1317 2687 quae
1347 2648 1402 2677 est

342 2691 438 2727 inter
465 2703 731 2740 quaecumque
760 2692 835 2728 duo
863 2699 1004 2740 puncta
1033 2692 1192 2739 signata,
1223 2700 1277 2729 est
1304 2692 1402 2729 linea

343 2751 444 2780 recta
472 2743 513 2790 ²¹³,
544 2756 659 2792 quam
689 2743 867 2791 contingit
895 2756 977 2780 esse
1005 2757 1122 2780 unam
1143 2752 1289 2781 tantum
1309 2745 1403 2782 inter

344 2796 421 2832 duo
436 2804 588 2844 puncta.
611 2796 687 2833 Sed
706 2796 822 2833 lineas
852 2809 987 2833 curvas
1017 2797 1195 2846 contingit
1213 2797 1251 2833 in
1279 2797 1402 2834 infini-

343 2856 424 2885 tum
445 2849 682 2898 multiplicari
702 2850 797 2886 inter
812 2849 888 2886 duo
903 2856 1055 2897 puncta,
1072 2850 1282 2886 secundum
1298 2851 1402 2898 quod

345 2902 442 2939 duae
462 2901 584 2938 lineae
605 2914 743 2938 curvae
765 2901 998 2950 accipiuntur
1026 2909 1067 2938 ut
1086 2914 1194 2939 arcus
1213 2902 1402 2939 maiorum

342 2955 405 2991 vel
425 2954 618 2991 minorum
644 2955 882 2991 circulorum.
903 2955 952 2990 Et
971 2954 1059 3002 quia
1079 2955 1204 2991 omnis
1223 2967 1402 2992 mensura

345 3007 458 3044 debet
477 3020 558 3044 θεεθ
574 3008 678 3044 finita
694 3007 797 3054 (alias
817 3019 895 3044 non
912 3014 1041 3055 posset
1061 3008 1264 3044 certificare
1285 3020 1401 3056 quan-

343 3059 505 3107 titatem,
535 3061 640 3108 quod
669 3068 724 3096 θεῖ
749 3060 946 3109 proprium
974 3063 1210 3107 mensurae),
1232 3061 1319 3098 ideo
1350 3061 1402 3098 di-

345 3112 478 3149 stantia
505 3113 671 3149 maxima
708 3125 805 3161 quae
835 3120 890 3149 est
917 3112 1012 3149 inter
1040 3113 1134 3159 duo,
1174 3126 1251 3150 non
1279 3121 1403 3162 potest

345 3165 555 3202 mensurari
570 3163 584 3187 δ
603 3165 814 3202 secundum
841 3165 979 3202 lineam
1001 3178 1170 3212 curvam,
1192 3168 1258 3203 sed
1277 3167 1402 3203 solum

345 3218 555 3254 secundum
582 3218 722 3255 lineam
751 3226 903 3265 rectam,
933 3230 1029 3267 quae
1059 3226 1114 3255 est
1141 3219 1246 3255 finita
1275 3227 1311 3255 θῖ
1339 3219 1402 3255 de-

345 3270 555 3307 terminata.

404 3324 439 3359 6.
480 3322 627 3359 Deinde
670 3335 757 3359 cum
802 3322 916 3360 dicit:
963 3323 1237 3370 Consequenter
1278 3329 1401 3359 autem

399 3434 423 3468 δ)
444 3435 572 3460 distantia
591 3435 712 3459 maxima
735 3442 802 3467 quae
824 3438 863 3460 est
882 3435 950 3460 inter
964 3435 1024 3464 duo,
1039 3442 1090 3459 non
1106 3438 1196 3466 potest
1214 3436 1371 3460 mensurari.
1385 3450 1404 3454 —

346 3471 468 3495 maxima
486 3478 538 3495 om.
552 3469 592 3494 hic
611 3470 685 3495 codd.
701 3475 725 3495 et
742 3477 759 3494 a
770 3470 799 3500 b;
818 3478 864 3502 pro
883 3470 948 3499 duo,
969 3470 1021 3494 duo
1032 3473 1134 3501 puncta
1150 3469 1336 3502 DstCFGH;
1356 3478 1403 3502 pro

347 3506 509 3535 mensurari,
530 3505 647 3530 maxime
666 3505 816 3530 mensurari
833 3505 897 3536 EpG
916 3510 941 3529 et
958 3512 990 3534 a,
1010 3505 1158 3529 mensurari
1176 3505 1293 3529 maxime
1311 3505 1402 3529 FHRZ

346 3542 393 3574 pB,
414 3541 534 3566 maxima
554 3540 703 3566 mensurari
721 3541 760 3565 ed.
780 3541 802 3569 b,
822 3540 971 3565 mensurari
990 3540 1110 3564 maxima
1129 3545 1175 3564 cet.
1188 3547 1242 3564 exc.
1257 3540 1367 3572 stBG.

2436 301 2508 346 245

1457 381 1511 411 est
1534 383 1622 422 etc.,
1654 376 1784 413 definit
1810 377 1884 413 hoc
1917 377 2021 426 quod
2050 385 2105 414 est
2132 383 2394 426 consequenter
2414 379 2445 425 *,
2476 386 2511 415 et

1459 428 1650 475 quandam
1679 429 1844 477 speciem
1875 429 1965 475 eius,
1994 430 2132 467 scilicet
2153 430 2330 467 habitum.
2357 431 2405 466 Et
2425 430 2512 467 dicit

1458 481 1561 528 quod
1581 481 1629 517 ad
1648 482 1721 517 hoc
1736 482 1838 530 quod
1859 482 1997 530 aliquid
2018 482 2161 519 dicatur
2176 495 2256 519 esse
2278 495 2511 531 consequen-

1457 540 1512 568 ter
1539 533 1587 569 ad
1611 534 1781 581 alterum,
1802 534 1878 571 duo
1907 535 2156 582 requiruntur.
2186 536 2361 582 Quorum
2389 548 2509 572 unum

1458 592 1524 631 est,
1545 587 1649 633 quod
1677 586 1721 622 sit
1747 594 1834 634 post
1866 587 2019 635 aliquod
2046 588 2270 636 principium
2294 589 2314 608 *
2341 588 2508 636 quodam

1458 637 1607 683 ordine;
1636 639 1697 675 vel
1730 639 1938 676 secundum
1966 640 2194 688 positionem
2219 642 2250 687 *,
2280 640 2374 677 sicut
2401 641 2438 677 in
2467 641 2509 677 iis

1458 702 1554 738 quae
1582 691 1722 727 habent
1747 692 1766 712 ’¹‘
1795 691 1967 728 ordinem
2004 692 2042 729 in
2075 694 2181 738 loc03
2209 693 2270 729 vel
2298 693 2508 730 secundum

1457 742 1635 791 speciem,
1652 743 1746 779 sicut
1765 744 1920 780 dualitas
1940 752 1995 781 est
2012 752 2098 793 post
2115 745 2316 791 unitatem;
2335 747 2396 782 vel
2416 758 2509 794 quo-

1459 808 1622 844 cumque
1642 796 1714 832 alio
1731 796 1848 833 modo
1869 797 1992 844 aliqua
2012 798 2257 834 determinate
2278 798 2508 846 ordinentur,

1458 848 1552 884 sicut
1579 848 1790 886 secundum
1817 849 2012 896 virtutem,
2042 850 2253 887 secundum
2278 850 2508 898 dignitatem,

1457 901 1667 938 secundum
1683 901 1935 949 cognitionem
1945 903 1975 949 ³¹³,
1989 910 2024 938 et
2037 902 2265 939 huiusmodi.
2278 903 2391 939 Aliud
2406 903 2510 951 quod

1457 953 1656 1002 requiritur
1685 961 1750 1000 est,
1770 954 1875 1002 quod
1893 954 1989 991 inter
2012 955 2051 991 id
2069 956 2174 1002 quod
2194 963 2249 992 est
2276 967 2509 1007 consequen-

1457 1013 1526 1052 ter,
1558 1013 1593 1042 et
1619 1006 1657 1043 id
1686 1006 1745 1042 cui
1774 1015 1828 1043 θεῖ
1856 1015 2149 1055 consequenter,
2178 1020 2256 1044 non
2285 1008 2329 1044 sit
2356 1007 2508 1055 aliquod

1457 1058 1628 1094 medium
1649 1059 1695 1095 de
1715 1071 1874 1095 numero
1895 1072 2028 1096 eorum
2057 1072 2154 1108 quae
2174 1068 2260 1097 sunt
2278 1060 2315 1096 in
2337 1061 2472 1097 eodem
2490 1062 2508 1082 '¹‘

1457 1122 1615 1157 genere:
1654 1111 1748 1147 sieut
1779 1111 1876 1147 linea
1905 1120 2180 1160 consequenter
2207 1126 2247 1150 se
2275 1113 2389 1149 habet
2414 1114 2433 1134 ’⁸
2461 1113 2510 1150 ad

1457 1163 1616 1210 lineam,
1646 1163 1675 1199 si
1704 1164 1806 1199 nulla
1837 1164 1934 1200 linea
1962 1165 2008 1201 sit
2035 1166 2073 1201 in
2101 1165 2249 1211 medio3
2281 1173 2316 1201 et
2343 1164 2510 1202 similiter

1459 1222 1513 1252 est
1541 1216 1588 1252 de
1614 1215 1755 1252 unitate
1784 1217 1831 1253 ad
1850 1217 2050 1264 unitatem,
2081 1226 2118 1254 et
2146 1218 2191 1254 de
2221 1218 2337 1254 domo
2366 1218 2413 1254 ad
2442 1217 2509 1254 do-

1458 1280 1577 1304 mum.
1617 1269 1693 1305 Sed
1721 1268 1812 1305 nihil
1839 1269 2032 1316 prohibet,
2061 1270 2110 1306 ad
2138 1271 2210 1306 hoc
2238 1270 2343 1319 quod
2370 1270 2509 1318 aliquid

1458 1320 1503 1356 sit
1521 1320 1624 1357 alteri
1653 1329 1937 1369 consequenter,
1963 1322 2053 1369 quin
2070 1323 2089 1343 *
2109 1323 2247 1370 aliquid
2275 1323 2321 1359 sit
2339 1323 2509 1359 medium

1456 1373 1551 1409 inter
1579 1386 1624 1410 ea
1652 1373 1801 1410 alterius
1829 1374 1995 1421 generis;
2025 1374 2119 1411 sicut
2142 1375 2172 1411 si
2197 1375 2348 1422 aliquod
2373 1375 2511 1411 animal

1457 1426 1502 1462 sit
1516 1426 1688 1463 medium
1707 1426 1802 1462 inter
1820 1427 1914 1463 duas
1943 1427 2090 1464 domus.
2122 1428 2250 1473 Quare
2269 1435 2396 1464 autem
2412 1427 2510 1464 dixe-

1457 1478 1502 1515 rit
1529 1484 1565 1515 et
1580 1479 1685 1515 cuius
1703 1485 1757 1516 est
1778 1485 2051 1527 consequenter,
2073 1488 2108 1516 et
2127 1480 2227 1528 quod
2243 1486 2296 1516 est
2307 1485 2394 1528 post
2405 1480 2510 1527 prin-

1456 1532 1592 1579 cipium
1613 1533 1649 1577 ³⁵,
1679 1532 1892 1568 manifestat
1918 1532 2100 1578 subdens,
2130 1533 2235 1580 quod
2263 1545 2377 1569 omne
2406 1532 2510 1580 quod

1457 1584 1589 1620 dicitur
1613 1592 1898 1632 consequenter,
1929 1592 1984 1621 est
2012 1586 2320 1634 consequenter*
2339 1593 2510 1633 respectu
2536 1594 2547 1604 ⁸

1456 1637 1632 1683 alicuius,
1668 1644 1702 1673 et
1738 1650 1817 1674 non
1853 1644 2034 1685 tanquam
2069 1637 2192 1686 prius,
2231 1638 2298 1675 sed
2329 1645 2509 1685 tanquam

1455 1690 1652 1737 posterius.
1675 1690 1765 1726 Non
1786 1690 1887 1726 enim
1907 1690 2041 1726 dicitur
2055 1692 2074 1710 ⁴⁶
2095 1692 2196 1738 quod
2215 1702 2335 1727 unum
2355 1690 2400 1726 sit
2420 1702 2510 1727 con-

1457 1749 1657 1790 sequenter
1677 1742 1838 1789 duobus,
1854 1755 1977 1790 neque
1997 1754 2099 1779 nova
2117 1744 2206 1779 luna
2225 1743 2424 1790 secundae,
2441 1743 2508 1779 sed

1458 1807 1477 1830 e
1507 1806 1704 1831 converso.

1509 1847 1657 1883 Deinde
1695 1846 1825 1883 definit
1857 1848 2048 1895 quandam
2086 1847 2251 1895 speciem
2289 1847 2367 1883 eius
2404 1849 2509 1895 quod

1457 1907 1511 1936 est
1540 1907 1824 1947 consequenter,
1846 1911 1943 1948 quae
1972 1899 2104 1936 dicitur
2122 1900 2287 1936 habitum
2307 1905 2329 1936 ⁸.
2351 1901 2399 1936 Et
2423 1900 2510 1936 dicit

1455 1952 1558 2000 quod
1588 1965 1666 1989 non
1694 1964 1810 1989 omne
1838 1952 1943 1999 quod
1972 1959 2026 1988 θεῖ
2054 1959 2337 2001 consequenter,
2363 1959 2417 1988 est
2444 1953 2508 1988 ha-

1455 2005 1596 2051 bitum;
1627 2006 1694 2042 sed
1730 2005 1883 2053 quando
1913 2005 1965 2042 sic
1994 2012 2048 2041 est
2077 2012 2370 2053 consequenter,
2404 2005 2508 2052 quod

1455 2058 1590 2106 tangit3
1619 2058 1669 2094 ita
1697 2058 1801 2106 quod
1821 2052 1928 2094 'nihil
1964 2058 2009 2094 sit
2047 2057 2237 2106 medium,
2269 2070 2348 2094 non
2383 2058 2508 2094 solum

1456 2111 1625 2148 eiusdem
1655 2111 1816 2158 generis,
1847 2110 1913 2147 sed
1941 2123 2012 2147 nec
2039 2110 2199 2148 alterius.

1509 2176 1544 2211 7.
1574 2163 1720 2200 Deinde
1751 2176 1838 2200 cum
1868 2163 1973 2200 dicit:
2016 2163 2200 2205 Quoniam
2234 2168 2358 2200 autem
2390 2163 2510 2199 omnis

1455 2217 1609 2253 mutatio
1636 2223 1717 2263 etc.,
1740 2215 1929 2252 concludit
1948 2228 1992 2252 ex
2010 2215 2226 2264 praemissis
2245 2216 2265 2236 *
2284 2215 2399 2264 quod,
2421 2220 2508 2252 cum

1455 2269 1692 2306 mediumsit
1709 2278 1778 2316 per
1797 2269 1901 2317 quod
1916 2268 2056 2316 aliquid
2079 2275 2245 2305 mutatur
2263 2268 2301 2304 in
2320 2267 2507 2315 ultimum,

1456 2329 1491 2357 et
1510 2321 1634 2358 omnis
1654 2321 1812 2358 mutatio
1833 2321 1878 2357 sit
1896 2321 1990 2357 inter
2014 2321 2199 2369 opposita,
2229 2332 2326 2369 quae
2344 2321 2405 2357 vel
2424 2328 2510 2357 sunt

1456 2374 1639 2410 contraria
1657 2374 1719 2410 vel
1738 2373 2034 2420 contradictoria,
2064 2374 2102 2410 in
2129 2373 2424 2411 contradictoriis
2444 2385 2508 2410 au-

1454 2434 1531 2463 tem
1560 2427 1649 2463 nihil
1679 2434 1734 2462 est
1766 2426 1957 2471 medium;
1996 2426 2215 2475 relinquitur
2251 2426 2356 2473 quod
2394 2438 2508 2462 omne

1455 2479 1626 2516 medium
1655 2479 1699 2515 sit
1726 2479 1822 2515 inter
1851 2479 2035 2515 contraria
2055 2478 2180 2527 aliquo
2201 2479 2330 2515 modo.

1511 2534 1544 2569 8.
1575 2531 1723 2569 Deinde
1762 2544 1847 2567 curn
1887 2531 1992 2568 dicit:
2036 2532 2260 2568 Continuum
2296 2536 2420 2567 autem
2457 2536 2511 2567 est

1455 2586 1601 2635 quidem
1631 2592 1720 2631 etc.,
1754 2584 1967 2621 manifestat
2007 2584 2096 2632 quid
2129 2583 2174 2620 sit
2209 2583 2445 2619 continuum:
2475 2590 2510 2620 et

1456 2638 1543 2675 dicit
1571 2638 1676 2686 quod
1705 2637 1925 2673 continuum
1964 2643 2018 2673 est
2053 2636 2177 2684 aliqua
2208 2635 2352 2684 species
2379 2635 2506 2672 habiti.

1458 2692 1556 2727 Cum
1586 2690 1688 2726 enim
1715 2702 1814 2726 unus
1844 2697 1879 2725 et
1906 2689 2008 2726 idern
2036 2690 2102 2726 fiat
2125 2688 2309 2726 ,terminus
2344 2688 2506 2724 duorum

1456 2756 1553 2792 quae
1574 2755 1614 2780 εθ
1633 2750 1800 2790 tangunt,
1831 2742 1963 2778 dicitur
1991 2754 2071 2778 θεεθ
2101 2741 2332 2778 continuum.
2363 2741 2412 2777 Et
2434 2741 2508 2777 hoc

1457 2796 1569 2833 etiam
1599 2795 1782 2843 significat
1810 2807 1963 2831 nomen.
1994 2795 2095 2830 Nam
2125 2794 2344 2830 continuum
2373 2806 2395 2829 a
2422 2805 2508 2830 con-

1455 2850 1602 2885 tinendo
1624 2848 1777 2886 dicitur:
1807 2847 1960 2896 quando
1985 2847 2092 2894 igitur
2111 2847 2249 2883 multae
2268 2853 2390 2894 partes
2419 2858 2508 2882 con-

1455 2902 1618 2938 tinentur
1645 2901 1683 2937 in
1710 2913 1800 2947 un0,
1831 2908 1867 2936 et
1887 2901 1906 2921 '³⁵
1935 2900 2042 2948 quasi
2071 2899 2181 2936 simul
2204 2912 2243 2936 se
2263 2906 2399 2945 tenent,
2420 2906 2509 2935 tunc

1457 2962 1513 2991 est
1541 2953 1773 2991 continuum.
1814 2953 1891 2990 Sed
1926 2953 2000 2989 hoc
2036 2965 2113 2989 non
2146 2959 2270 3001 potest
2306 2963 2386 2988 θεεθ
2421 2963 2508 2987 cum

1456 3007 1529 3044 sint
1556 3007 1633 3044 duo
1661 3007 1812 3052 ultima,
1842 3006 1909 3043 sed
1937 3004 2063 3042 solum
2093 3017 2180 3041 cum
2210 3012 2265 3041 est
2291 3016 2421 3041 unum.
2452 3005 2510 3040 Ex

1455 3061 1530 3097 hoc
1558 3067 1684 3096 autem
1718 3059 1871 3095 ulterius
1905 3058 2110 3104 concludit,
2145 3057 2248 3106 quod
2282 3056 2507 3094 continuatio

1458 3125 1538 3149 esse
1567 3125 1645 3149 non
1672 3119 1815 3160 potest,
1850 3111 1920 3148 nisi
1958 3111 1995 3147 in
2022 3110 2091 3147 illis
2125 3123 2169 3146 ex
2205 3110 2341 3158 quibus
2378 3117 2508 3145 natum

1457 3173 1512 3202 θεῖ
1538 3177 1659 3202 unum
1687 3165 1768 3201 fieri
1797 3164 2007 3200 secundum
2037 3170 2262 3199 contactum.
2293 3163 2349 3198 Ex
2374 3162 2506 3197 eadem

1458 3218 1558 3254 enim
1596 3217 1738 3254 ratione
1777 3216 1930 3265 aliquod
1966 3223 2087 3252 totum
2126 3223 2180 3251 est
2220 3214 2428 3250 secundum
2466 3225 2505 3248 se

1456 3283 1576 3307 unum
1606 3277 1641 3306 et
1660 3270 1894 3315 continuum,
1925 3281 1969 3304 ex
1997 3280 2071 3315 qua
2100 3279 2144 3302 ex
2166 3266 2289 3302 multis
2317 3266 2359 3302 fit
2384 3277 2506 3301 unum

1457 3322 1691 3368 continuum,
1712 3323 1773 3359 vel
1791 3333 1859 3369 per
1877 3321 2041 3368 aliquam
2063 3318 2385 3355 conclavationem
2400 3317 2424 3364 ζ,
2444 3317 2506 3353 vel

1457 3436 1547 3460 bitum.
1560 3436 1618 3460 -In
1638 3436 1678 3460 ed.
1693 3435 1782 3459 Vener.
1801 3433 1860 3458 1551
1884 3433 1952 3457 istud
1970 3432 2068 3457 scilicet
2081 3438 2126 3464 per
2138 3431 2259 3456 incuriam
2274 3431 2424 3464 typographi
2438 3432 2506 3464 posi-

1456 3476 1512 3495 tum
1531 3475 1571 3495 est
1590 3471 1655 3495 inter
1673 3477 1784 3501 sequens
1810 3468 1925 3493 habitum
1945 3473 1970 3491 et
1987 3467 2034 3492 sed
2052 3466 2165 3498 quando,
2181 3471 2205 3491 et
2218 3466 2251 3491 ibi
2270 3471 2386 3491 servatur
2410 3466 2435 3491 in
2454 3467 2507 3492 edi-

1456 3505 1524 3530 tione
1543 3506 1633 3530 Venet.
1652 3504 1724 3529 1552.
1741 3504 1759 3527 P
1778 3503 1853 3527 habet
1871 3502 1967 3527 scilicet
1985 3507 2095 3534 utroque
2113 3502 2179 3526 loco.

1508 3539 1533 3572 ζ)
1548 3540 1778 3565 conclavatt’onem.
1790 3551 1809 3556 -
1821 3537 2036 3562 combinationem
2056 3537 2092 3566 H,
2111 3535 2327 3561 combinationem
2347 3537 2387 3561 vel
2404 3537 2507 3562 concla-

400 3575 422 3608 ε)
442 3583 508 3608 quae
526 3576 625 3601 dicitur
643 3576 768 3600 habitum.
782 3590 801 3594 -
815 3576 850 3600 Ita
868 3576 942 3599 codd.
957 3583 1010 3600 exc.
1025 3575 1100 3606 pEG;
1119 3582 1186 3607 quae
1205 3575 1302 3599 dicitur
1317 3582 1368 3599 om.
1382 3575 1401 3599 P
1457 3575 1587 3600 vationem
1601 3575 1630 3599 N.
1643 3587 1661 3592 —-
1677 3575 1725 3598 Pro
1745 3573 1944 3601 incollationem,
1963 3571 2128 3596 collationem
2146 3571 2192 3603 pE‚
2206 3571 2399 3605 colligationem
2413 3572 2448 3603 L,
2468 3572 2506 3596 in-

346 3611 410 3643 pEG
429 3616 455 3636 et
472 3612 525 3640 ab,
546 3617 571 3636 et
589 3612 645 3636 loco
664 3612 718 3636 eius
737 3611 790 3635 Pab
810 3615 835 3635 et
851 3610 942 3635 Venet.
965 3609 1028 3641 1545
1050 3610 1146 3634 addunt
1163 3610 1261 3635 scilicet
1278 3615 1337 3642 post
1355 3609 1402 3634 ha-

1455 3610 1620 3635 collationem
1639 3610 1673 3633 al.
1684 3609 1733 3633 I'ra
1752 3607 1944 3639 colligationem
1960 3607 1985 3631 S.

2538 392 2547 401 '
2573 392 2636 419 quod
2663 398 2746 413 conse-

2537 420 2633 465 qgebnter
2644 424 2669 439 se
2678 418 2748 439 habet

2535 595 2547 606 ⁴
2557 596 2657 623 primum
2664 596 2745 617 recab.

2535 649 2546 659 ·
2556 648 2685 674 potentiam
2698 654 2743 669 Αυε

2535 680 2621 727 ξῙΎᾷιιαθ
2638 701 2690 721 sunt
2704 706 2741 720 se-

2535 726 2631 773 cugtdum
2657 732 2743 747 Ρει--θιπι

2535 758 2551 773 a
2574 768 2580 773 .

2535 909 2545 921 ⁸
2563 909 2686 930 secundum
2703 915 2744 930 co-

2535 935 2663 963 gm'tionem
2675 941 2723 957 om.
2731 942 2744 957 ε

2536 967 2575 983 oa.
2759 970 2764 975 ·

2535 1066 2551 1113 ἒ
2560 1072 2644 1112 [forum
2660 1072 2704 1094 xpo
2723 1070 2746 1088 ct

2536 1123 2547 1134 ⁸
2560 1123 2645 1145 habeat
2658 1124 2692 1145 917.

2537 1334 2546 1343 ·
2560 1333 2622 1361 quod
2636 1339 2657 1354 Ρ.

2536 1542 2547 1553 ⁸
2558 1542 2658 1569 primum
2672 1548 2693 1563 Ρ.

2579 1596 2745 1621 consequenter

2537 1626 2584 1641 om.
2595 1626 2667 1648 1²12th
2680 1624 2700 1641 et
2708 1620 2746 1642 ab.

2535 1699 2546 1710 ⁴
2561 1699 2656 1720 dicimus
2675 1699 2744 1720 codd.

2536 1731 2586 1746 exc.
2600 1731 2680 1746 trouu.

2535 2224 2546 2234 ’
2560 2223 2629 2245 Num.
2643 2229 2663 2251 3.

2535 2908 2546 2920 ⁸
2554 2907 2615 2929 idest
2621 2913 2663 2935 ppo
2670 2911 2691 2928 et
2700 2913 2714 2928 a
2724 2907 2744 2928 b.
