2898 3996
12 1971 14 1974 “
33 1964 61 1995 ᾖ*
71 1975 141 2004 ma„
155 1981 219 1998 num.
236 1982 258 2004 7.

43 2133 47 2136 ”
67 2133 92 2156 tu
98 2133 200 2156 secundo
205 2133 259 2156 rab.

10 2275 141 2323 'ffNum.
156 2295 177 2317 5.

0 3001 1 3004 ¹
19 2969 21 2971 '
51 2974 63 2993 ,Ἀ
75 2971 168 3001 Lem-v,
180 2979 203 2995 n.
212 2979 245 2995 10.

1143 251 1254 287 CAP.
1283 250 1334 297 v,
1364 250 1515 286 LECT.
1545 251 1580 286 x

293 332 375 370 quod
394 331 503 368 aliquid
523 337 638 359 moveat
652 330 777 366 seipsum
798 330 854 358 hoc
873 330 962 358 modo
977 329 1052 366 quod
1067 334 1186 365 utraque
1200 337 1274 366 pars
1288 336 1349 355 mo-

293 377 394 400 veatur
407 371 442 399 ab
460 371 527 398 alia.
543 387 562 392 -
577 371 604 398 6.
620 370 770 398 Probatur.
786 371 814 404 a)
830 369 859 397 Si
873 369 961 397 totius
976 367 1117 396 moventis
1131 367 1258 404 seipsum
1271 372 1348 394 utra-

290 419 346 448 que
366 418 432 446 pars
453 416 551 438 movet
571 409 657 438 aliam
678 409 839 445 reciproce,
859 417 921 436 non
948 407 1038 444 magis
1060 413 1156 435 movet
1181 415 1240 434 una
1261 415 1348 442 quam

289 450 359 479 alia:
381 458 449 486 ergo
470 455 572 478 neutra
593 458 692 477 earum
719 448 771 476 erit
797 448 923 484 primum
948 455 1078 475 movens.
1105 447 1170 490 lsloc
1189 451 1286 473 autem
1307 451 1349 472 est

288 489 503 523 inconveniens,
527 488 595 525 quia
614 496 734 516 movens
755 487 881 523 seipsum
902 492 944 514 est
964 485 1090 522 primum
1110 494 1140 512 m
1161 493 1264 521 genere
1285 493 1348 528 mo-

288 527 398 556 bilium.
415 545 434 549 -
449 538 476 565 7.
491 528 518 563 b)
539 529 605 555 Non
625 533 721 563 potest
742 535 803 554 esse
828 525 882 554 nisi
902 535 954 562 per
967 525 1098 553 accidens
1113 523 1193 560 quod
1206 529 1348 550 moventis

289 568 416 604 seipsum
436 576 502 604 pars
523 576 597 604 quae
620 572 732 600 movet,
756 565 900 602 reciproce
922 570 1072 592 moveatur
1094 563 1131 590 ab
1152 562 1254 606 altera:
1280 571 1348 598 ergo

290 606 428 644 contingit
448 603 559 643 partem
581 615 654 643 quae
675 611 771 633 movet
793 614 854 632 non
875 603 994 632 moveri.
1011 604 1150 630 Remanet
1170 608 1255 637 igitur
1269 601 1349 637 quod

289 646 431 675 moventis
452 646 578 682 seipsum
598 654 657 673 una
677 653 743 681 pars
763 650 905 678 movetur,
926 649 954 670 et
973 641 1029 670 alia
1050 646 1147 668 movet
1161 646 1189 668 et
1202 649 1264 668 non
1285 649 1348 668 mo-

289 692 378 715 vetur.
399 701 419 707 -
440 685 467 713 8.
489 687 515 721 c)
537 684 567 712 Si
588 693 708 712 movens
729 692 789 711 non
813 687 911 710 movet
931 680 986 708 nisi
1007 685 1175 715 moveatur,
1199 685 1231 724 'et
1248 686 1348 723 tamen

289 725 400 753 moveri
421 724 495 753 inest
513 723 540 752 ei
562 733 614 760 per
634 722 781 756 accidens,
809 721 882 749 sicut
901 725 1019 757 propter
1045 720 1101 763 hoc
1129 725 1268 755 contingit
1288 728 1348 746 non

290 764 417 799 moveri,
438 763 478 792 ita
498 762 637 799 contingit
655 770 717 790 non
737 769 863 789 movere.
885 760 943 788 Sed
963 764 1134 795 suppomtur
1152 764 1266 786 motum
1287 767 1348 802 esse

291 803 505 840 sempiternum.
519 803 596 838 Ergo
610 810 672 829 non
686 806 728 828 est
747 808 864 828 necesse
877 807 1006 833 movenS,
1018 799 1088 826 dum
1103 804 1207 832 movet,
1224 807 1347 833 mover13

290 843 341 871 sed
362 848 476 880 oportet
495 841 540 869 vel
562 849 623 868 esse
643 838 806 873 immobile,
829 838 874 866 vel
894 838 1006 866 moveri
1025 847 1043 865 a
1063 837 1168 873 seipso.
1193 839 1259 865 Non
1281 846 1348 873 ergo

289 888 411 918 utraque
430 889 497 917 pars
511 877 651 907 moventis
671 877 797 914 seipsum
818 883 950 905 movetur
966 878 1001 905 ab
1017 876 1080 905 alia.
1095 892 1115 896 —
1130 886 1157 912 9.
1174 877 1203 912 d)
1226 876 1256 904 Si
1270 882 1348 904 utra-

290 929 346 957 que
358 929 425 956 pars
438 920 475 947 ab
489 918 578 946 altem
592 923 738 952 movetur,
760 916 888 953 sequitur
909 917 989 953 quod
1009 916 1085 944 idem
1103 917 1263 944 secundum
1278 925 1348 943 eun-

290 960 356 988 dern
370 964 483 986 motum
497 963 594 985 movet
614 963 643 985 et
662 962 812 984 movetur:
834 965 902 984 nam
922 955 1063 984 moventis
1077 955 1202 991 seipsum
1218 961 1260 982 est
1273 964 1349 982 unus

289 1004 395 1033 motus,
410 1003 438 1026 et
451 997 610 1025 secundum
625 996 702 1024 hunc
723 1002 836 1023 motum
850 995 994 1032 oportebit
1015 995 1095 1031 quod
1113 1003 1179 1030 pars
1196 1003 1270 1030 quae
1285 1003 1348 1021 mo-

287 1043 334 1065 vet
354 1042 511 1065 moveatur.
526 1051 545 1056 —
563 1045 606 1063 10.
621 1037 721 1072 Neque
743 1034 829 1063 etiam
849 1040 944 1071 potest
964 1033 1020 1062 dici
1041 1034 1121 1070 quod
1142 1033 1284 1061 moventis
1305 1041 1349 1060 εθ-

257 1076 259 1078 ’
288 1077 384 1113 ipsum
403 1076 507 1113 primo,
532 1083 589 1103 una
605 1083 680 1112 pars
704 1076 771 1110 (aut
802 1073 888 1102 etiarn
909 1073 1022 1110 plures)
1047 1078 1160 1101 moveat
1182 1073 1315 1110 seipsam.
1330 1088 1349 1093 -

433 1186 726 1227 ..spostquam
754 1178 1008 1227 Philosophus
1043 1177 1206 1214 ostendit
1239 1176 1345 1224 quod

420 1259 439 1274 A-
520 1273 522 1278 ,

375 1313 382 1323 ,
410 1280 445 1311 '⁶³
484 1289 505 1313 f·
526 1288 539 1335 ξ
549 1283 766 1333 proceditur
792 1283 830 1320 in
857 1283 1066 1329 infinitum,
1101 1283 1168 1320 sed
1197 1290 1252 1319 est
1281 1282 1344 1318 de-

368 1364 377 1369 .
498 1331 535 1366 52¹¹
549 1336 679 1374 venire
699 1336 747 1373 ad
769 1336 921 1384 aliquod
948 1335 1130 1384 primum,
1160 1335 1264 1383 quod
1283 1335 1345 1371 vel

291 1397 346 1427 est
363 1389 568 1436 immobile,
593 1389 655 1426 vel
676 1396 730 1425 est
757 1389 924 1436 seipsum
944 1385 1122 1433 movens;
1142 1388 1204 1424 hic
1222 1394 1346 1424 osten-

290 1443 342 1480 dit
369 1441 473 1489 quod
510 1441 653 1478 etiamsi
679 1441 922 1489 perveniatur
958 1442 1006 1478 ad
1038 1440 1204 1490 primum
1241 1439 1346 1487 quod

290 1501 345 1531 est
371 1493 538 1541 seipsum
565 1505 747 1540 movenS,
783 1493 888 1541 quod
922 1493 1165 1530 nihilominus
1199 1499 1347 1541 oportet

289 1547 465 1584 devenire
494 1546 542 1582 ad
572 1545 738 1594 primum
767 1546 872 1594 quod
901 1554 956 1583 est
981 1545 1188 1583 immobile.
1219 1546 1268 1582 Et
1293 1545 1346 1581 di-

286 1598 426 1636 viditur
460 1598 499 1635 in
525 1605 651 1647 partes
687 1605 782 1635 tres:
811 1598 850 1636 in
872 1599 1006 1647 ,prima
1043 1598 1205 1635 ostendit
1242 1597 1346 1645 quod

286 1663 450 1688 movens
467 1651 634 1700 seipsum
653 1650 831 1688 dividitur
849 1651 886 1687 in
907 1651 1001 1688 duas
1019 1658 1156 1699 partes,
1186 1662 1346 1698 quarum

286 1716 362 1740 una
390 1711 523 1741 movet
550 1710 586 1740 et
613 1703 684 1740 alia
711 1711 907 1750 movetur3
937 1703 975 1739 in
994 1703 1160 1739 secunda
1184 1703 1347 1739 ostendit

287 1757 483 1804 quomodo
511 1756 731 1793 huiusmodi
757 1763 883 1805 partes
911 1768 951 1792 se
979 1756 1144 1792 habeant
1176 1755 1225 1791 ad
1252 1755 1346 1791 invi-

287 1821 384 1856 cem,
403 1809 476 1846 ibi:
509 1809 695 1850 Quoniam
723 1814 847 1845 autem
875 1814 999 1844 movet
1017 1810 1036 1829 ’³
1057 1815 1144 1853 etc.;
1174 1807 1213 1844 in
1239 1807 1346 1844 tertia

287 1856 475 1899 concludit
503 1873 547 1897 ex
573 1861 789 1909 praemissis
822 1860 928 1908 quod
962 1872 1116 1897 necesse
1150 1867 1205 1896 est
1233 1860 1345 1897 deve-

285 1914 367 1951 nire
390 1913 439 1951 ad
460 1913 614 1961 aliquod
639 1913 809 1962 primum
838 1913 1047 1960 immobile,
1078 1913 1149 1950 ibi:
1178 1913 1345 1961 Manife-

284 1972 381 2003 stum
409 1966 526 2016 igitur
548 1978 597 2002 ex
614 1967 670 2003 his
688 1967 708 1988 ²⁸
727 1973 795 2003 etc.
818 1965 927 2013 Circa
945 1966 1112 2015 primurn
1142 1966 1218 2003 duo
1238 1966 1344 2002 facit:

284 2019 410 2068 primo
434 2018 597 2055 ostendit
623 2019 727 2066 quod
745 2019 784 2055 in
804 2031 850 2055 eo
879 2019 986 2066 quod
1013 2026 1146 2055 movet
1165 2018 1343 2067 seipsum,

285 2083 362 2108 una
387 2071 475 2120 pars
508 2079 640 2108 movet
673 2079 708 2108 et
739 2072 811 2108 alia
839 2078 1031 2118 movetur,
1062 2083 1107 2107 ex
1138 2072 1213 2107 hoc
1240 2071 1346 2119 quod

285 2131 407 2161 totum
431 2136 510 2160 non
527 2131 652 2172 potest
670 2136 710 2160 se
738 2130 859 2160 totum
879 2136 1057 2170 movere;
1078 2123 1116 2160 in
1140 2124 1306 2160 secunda
1325 2125 1345 2144 ⁴*

287 2176 448 2214 excludit
466 2176 558 2212 alios
575 2176 726 2224 modos,
744 2176 882 2224 quibus
902 2176 1036 2224 aliquis
1054 2176 1200 2224 opinari
1218 2184 1349 2224 posset

286 2229 391 2278 quod
420 2236 518 2266 esset
545 2228 684 2276 aliquid
715 2241 878 2266 movens
911 2229 1098 2277 seipsum,
1128 2228 1199 2266 ibi:
1239 2229 1348 2270 Quod

285 2287 410 2319 autem
425 2293 499 2318 non
519 2281 744 2331 contingat*
765 2288 833 2317 etc.
852 2281 960 2318 Circa
974 2281 1141 2329 primum
1156 2281 1225 2318 tria
1244 2281 1345 2318 facit:

284 2334 409 2383 primo
429 2334 607 2382 proponit
634 2334 739 2381 quod
758 2346 921 2371 movens
940 2334 1107 2382 seipsum
1127 2347 1205 2371 non
1223 2341 1345 2371 toturn

286 2394 418 2425 movet
437 2399 476 2423 se
496 2394 637 2432 totum3
667 2386 835 2423 secundo
854 2387 990 2435 probat
1008 2387 1255 2435 propositum,
1276 2387 1344 2424 ibi:

289 2441 423 2477 Totum
442 2439 540 2476 enim
557 2440 710 2487 feretur
728 2440 748 2460 ⁵¹²
769 2446 851 2485 etc.;
873 2439 980 2476 tertio
1001 2439 1191 2476 concludit
1210 2439 1346 2487 princi-

233 2516 239 2523 ·
285 2493 369 2541 pale
389 2492 583 2539 intentum,
600 2491 672 2528 ibi:
692 2493 781 2528 Hoc
801 2492 948 2540 quidem
969 2492 1084 2542 igitur
1102 2498 1225 2529 movet
1240 2493 1259 2513 '²‘
1275 2499 1342 2529 etc.

341 2557 376 2582 2.
398 2544 499 2591 Quia
515 2556 610 2586 vero
634 2551 755 2581 totum
785 2552 821 2581 et
846 2556 933 2593 pars
961 2545 1089 2581 locum
1107 2557 1185 2581 non
1204 2546 1346 2582 habent

286 2597 357 2634 nisi
384 2597 422 2636 in
459 2597 572 2633 rebus
605 2596 874 2644 divisibilibus,
913 2597 999 2634 ideo
1034 2610 1078 2634 ex
1111 2598 1278 2646 probatis
1306 2598 1344 2635 in

286 2657 390 2686 sexto
434 2648 622 2686 concludit
647 2649 794 2698 primo,
824 2650 929 2697 quod
957 2662 1111 2687 necesse
1140 2658 1195 2687 est
1230 2663 1344 2687 omne

287 2701 392 2750 quod
411 2709 588 2738 movetur
615 2713 696 2738 esse
726 2701 909 2738 divisibile
937 2702 975 2739 in
1003 2715 1156 2751 semper
1179 2703 1344 2740 divisibi—

286 2755 349 2791 lia:
370 2754 445 2790 hoe
465 2754 565 2790 enim
582 2760 637 2790 est
656 2754 702 2791 de
722 2754 866 2790 ratione
887 2754 1066 2802 continui,
1087 2767 1202 2792 omne
1217 2763 1344 2792 autem

287 2806 392 2855 quod
410 2813 587 2844 movetur
616 2813 670 2843 est
698 2805 936 2853 continuum,
966 2807 997 2843 si
1013 2819 1083 2855 per
1102 2819 1141 2843 se
1170 2815 1347 2845 movetur

288 2863 379 2908 (per
406 2859 580 2897 accidens
618 2858 719 2895 enim
747 2859 895 2896 moveri
929 2859 1084 2907 aliquod
1120 2859 1345 2897 indivisibile

287 2924 366 2950 non
386 2919 441 2949 est
459 2911 702 2960 impossibile,
730 2919 771 2948 ut
788 2919 972 2960 punctum
1000 2919 1064 2948 aut
1091 2912 1342 2959 albedinem).

288 2965 338 3001 Et
355 2965 430 3001 hoc
448 2972 644 3001 ostensum
661 2971 715 3000 est
732 2963 836 3012 prius
855 2964 893 3001 in
913 2972 1016 3001 sexto
1035 2965 1054 2985 *
1067 2965 1194 3001 huius:
1216 2965 1345 3002 omnia

288 3017 391 3054 enim
419 3029 517 3064 quae
545 3024 631 3054 ante
658 3017 760 3053 hunc
788 3023 968 3054 octavum
997 3017 1101 3065 dixit,
1125 3025 1238 3055 vocat
1266 3019 1354 3062 uni--

287 3069 448 3107 versalia
473 3075 641 3115 naturae,
663 3068 752 3116 quia
779 3069 817 3106 in
845 3070 919 3106 hoc
946 3076 1082 3107 octavo
1103 3082 1148 3107 ea
1167 3082 1265 3118 quae
1285 3083 1345 3107 su-

286 3134 356 3170 pra
376 3121 423 3158 de
442 3129 549 3158 motu
567 3121 606 3158 in
625 3121 817 3158 communi
837 3122 989 3169 dixerat,
1010 3122 1137 3171 incipit
1159 3123 1344 3171 applicare

288 3174 336 3211 ad
364 3186 435 3210 res.
465 3174 527 3210 Sic
555 3186 644 3221 ergo
674 3186 761 3210 cum
789 3174 827 3210 id
855 3174 960 3221 quod
979 3182 1156 3212 movetur
1183 3175 1229 3212 sit
1253 3175 1344 3212 divi-

288 3226 405 3273 sibile,
426 3233 550 3274 potest
575 3226 614 3262 in
642 3226 748 3263 omni
776 3226 880 3273 quod
908 3234 1085 3264 movetur
1111 3227 1271 3264 inveniri
1289 3235 1344 3264 to-

288 3286 370 3316 tum
399 3286 435 3315 et
460 3291 559 3327 pars.
599 3278 638 3315 Si
669 3291 757 3326 ergo
795 3278 840 3315 sit
876 3279 1015 3326 aliquid
1052 3280 1157 3326 quod
1190 3287 1345 3317 moveat

343 3412 370 3447 α)
391 3413 572 3446 inquantum...
586 3412 612 3437 in
633 3415 693 3438 actu
714 3415 840 3437 movetur.
852 3426 871 3431 —
889 3412 963 3441 PTb,·
982 3416 1102 3437 movetur
1121 3418 1220 3445 ponunt
1241 3414 1266 3444 Q
1283 3419 1343 3446 post

285 3448 415 3481 potentia,
428 3448 516 3480 DGpE
531 3453 590 3481 post
602 3447 766 3480 inquantum,
777 3447 899 3472 CLRsFZ
910 3453 967 3472 ante
978 3448 1141 3480 inquantum,
1153 3453 1178 3473 et
1190 3448 1252 3473 haec
1267 3449 1343 3474 lectio

290 3484 425 3515 explicaret
439 3491 518 3516 quare
532 3488 580 3508 cet.
593 3488 618 3507 et
630 3490 647 3507 a
659 3483 778 3507 omittant
792 3485 924 3512 momatur,-
943 3490 1035 3514 nempe
1048 3487 1152 3515 propter
1165 3483 1342 3516 repetitionem

290 3522 410 3544 movetur
428 3522 555 3543 movetur.
570 3518 620 3542 Pro
640 3518 802 3550 inquantum,
818 3518 972 3549 inquantum
992 3518 1143 3543 huiusmodi
1160 3519 1189 3543 Β.

343 3552 368 3587 β)
388 3554 459 3587 quod
482 3553 560 3578 habet
577 3553 687 3585 speciem
712 3553 931 3586 generativam.—
945 3553 1016 3586 quod
1033 3553 1110 3578 habet
1132 3554 1242 3585 speciem
1264 3561 1343 3587 gene-

430 3606 499 3638 Opp.
518 3606 549 3630 D.
568 3605 680 3630 Tamum
699 3605 730 3630 T.
751 3606 779 3630 ll.

2386 264 2458 299 401

1408 336 1451 354 11.
1474 328 1617 355 Probatur
1627 328 1735 364 primo.
1751 327 1780 356 Si
1795 334 1888 356 totum
1904 334 2033 356 movetur
2047 338 2064 356 a
2078 328 2181 365 seipso,
2196 335 2245 357 aut
2262 330 2318 358 hoc
2332 330 2466 358 convenit

1404 365 1430 393 ei
1450 366 1561 394 ratione
1582 366 1670 402 partis
1694 376 1768 404 quae
1789 374 1920 395 movetur
1940 377 1958 396 a
1982 367 2088 404 seipsa,
2115 375 2164 396 aut
2185 368 2295 396 ratione
2315 369 2412 397 totius.
2435 370 2465 397 Si

1403 404 1514 432 ratione
1529 405 1627 441 partis,
1649 415 1717 443 ergo
1738 416 1804 443 pars
1825 413 1853 434 et
1877 416 1938 434 non
1959 413 2052 435 totum
2067 407 2119 435 erit
2133 407 2259 443 primum
2280 417 2399 436 movens
2421 418 2464 436 se—

1403 444 1498 480 ipsum
1507 466 1514 479 ,
1537 451 1637 473 contra
1651 445 1680 472 id
1695 447 1774 482 quod
1790 446 1970 482 supponitur.
1985 446 2015 474 Si
2030 456 2098 475 vero
2113 453 2207 474 totum
2228 453 2325 475 movet
2339 448 2465 484 seipsum

1405 483 1516 511 ratione
1537 483 1640 519 totius,
1669 494 1729 512 non
1751 485 1803 513 erit
1823 485 1877 513 nisi
1899 495 1949 522 per
1970 485 2101 514 accidens
2130 487 2209 522 quod
2236 486 2349 523 aliquae
2370 494 2465 523 partes

1405 529 1541 550 moveant
1556 523 1671 559 seipsas.
1687 525 1743 551 Sed
1759 525 1837 561 quod
1852 531 1894 552 est
1908 534 1959 561 per
1972 525 2114 560 accidens,
2126 535 2185 553 non
2201 532 2242 553 est
2256 527 2463 554 necessarium:

1405 571 1473 598 ergo
1488 571 1522 590 ex
1536 562 1592 590 hoc
1606 562 1668 598 ipso
1684 563 1842 591 excluditur
1855 573 1872 592 a
1886 564 1981 600 primo
2002 571 2136 592 movente
2155 565 2290 601 seipsum,
2306 566 2385 602 quod
2400 575 2464 602 par-

1404 607 1446 628 tes
1468 608 1639 629 moveantur
1652 611 1669 630 a
1684 602 1791 638 seipsis.
1814 603 1887 631 Cum
1910 613 1978 640 ergo
1999 610 2092 632 totum
2114 613 2175 631 non
2193 611 2308 632 moveat
2328 605 2464 641 seipsum,

1404 640 1459 668 nisi
1480 640 1547 677 quia
1567 650 1625 669 una
1645 650 1712 677 pars
1733 642 1794 669 eius
1810 649 1906 670 movet
1927 649 1955 671 et
1975 643 2064 671 altera
2084 650 2216 671 movetur
2231 644 2275 679 (cf.
2288 654 2316 671 n.
2329 651 2346 671 2
2361 646 2464 681 seqq.);

1405 686 1432 707 et
1453 689 1519 707 cum
1539 689 1605 716 pars
1627 690 1700 717 quae
1722 687 1831 716 movet,
1852 691 1912 709 non
1933 689 2082 710 moveatur
2102 692 2196 719 neque
2217 684 2252 710 ab
2274 683 2362 711 altera
2384 690 2464 719 parte

1403 727 1497 755 neque
1512 728 1529 747 a
1543 719 1644 755 seipsa;
1660 727 1788 748 remanet
1810 722 1889 757 quod
1903 721 1990 749 totius
2011 722 2096 758 primi
2111 722 2252 750 moventis
2266 722 2392 758 seipsum
2406 732 2465 751 una

1403 767 1469 794 pars
1483 765 1580 786 movet
1595 767 1661 787 curn
1676 759 1712 787 sit
1725 759 1890 795 immobilis,
1907 767 1934 788 et
1947 761 2002 788 alia
2016 770 2082 797 pars
2096 768 2236 789 movetur.
2253 778 2271 782 -
2287 759 2465 790 Sufficientia

1403 807 1554 834 processus
1582 799 1618 826 ab
1646 798 1799 827 Aristotele
1820 799 1849 827 in
1871 800 1924 828 hac
1944 800 2066 828 lectione
2087 800 2204 828 inducti.
2220 817 2239 821 -
2258 808 2300 828 12.
2323 802 2465 829 Probatur

1404 837 1537 865 secundo.
1553 838 1671 872 Totum,
1686 844 1718 866 ut
1732 838 1839 866 dictum
1854 845 1911 874 est,
1932 849 1993 867 non
2014 846 2111 867 movet
2132 840 2257 876 seipsum
2275 840 2329 867 nisi
2343 850 2394 877 per
2408 841 2465 869 hoc

1404 877 1482 912 quod
1494 886 1552 904 una
1565 886 1631 913 pars
1642 877 1702 905 eius
1717 884 1813 905 movet
1823 885 1850 905 et
1860 879 1947 906 altera
1961 885 2105 907 movetur:
2122 888 2190 916 ergo
2205 879 2229 906 si
2243 888 2308 915 pars
2323 880 2464 908 moventis

1403 915 1538 951 seipsum,
1552 916 1615 952 ipsa
1632 923 1693 944 tota
1707 917 1830 953 seipsam
1845 924 1951 952 movet,
1966 918 2094 954 sequitur
2108 919 2188 955 quod
2202 918 2290 954 ipsius
2310 919 2398 954 partis
2413 919 2466 947 ite-

1403 964 1468 982 rum
1482 964 1541 982 una
1554 965 1620 991 pars
1635 963 1749 984 moveat
1770 963 1797 984 et
1818 957 1905 984 altera
1920 964 2084 992 moveatur3
2106 967 2139 985 ex
2155 967 2214 994 quo
2229 958 2347 986 ulterius
2369 958 2465 995 sequi-

1402 1000 1449 1021 tur
1463 995 1543 1030 quod
1557 994 1634 1022 idem
1649 1002 1798 1023 moveatur
1812 1005 1829 1023 a
1843 997 1966 1031 duobus,
1982 1006 2086 1033 nempe
2100 1006 2118 1024 a
2131 1004 2193 1025 toto
2209 1003 2236 1024 et
2250 1007 2267 1025 a
2280 1004 2368 1033 parte,
2385 998 2465 1034 quod

1404 1039 1446 1060 est
1473 1032 1658 1069 impossibile.
1680 1051 1699 1055 —
1720 1034 1899 1071 Relinquitur
1922 1045 1990 1072 ergo
2016 1037 2096 1073 quod
2117 1046 2182 1072 pars
2204 1045 2323 1065 movens
2344 1037 2374 1064 in
2400 1046 2464 1065 mo-

1402 1078 1486 1100 vente
1507 1072 1633 1108 seipsum
1654 1079 1696 1100 est
1717 1074 1838 1102 omnino
1860 1074 2025 1103 immobilis.

1399 1176 1587 1225 seipsum,
1624 1177 1691 1214 erit
1718 1177 1757 1214 in
1786 1190 1831 1214 eo
1861 1179 2031 1227 accipere
2065 1187 2188 1217 totum
2226 1188 2263 1217 et
2294 1188 2461 1229 partem:

1399 1230 1467 1266 sed
1498 1237 1620 1266 totum
1659 1242 1738 1266 non
1774 1231 1911 1278 poterit
1947 1243 2103 1269 movere
2141 1233 2309 1281 seipsum
2342 1241 2464 1270 totum

1400 1281 1529 1329 (quod
1558 1290 1612 1319 est
1633 1283 1782 1330 penitus
1809 1295 1961 1320 movere
1989 1285 2108 1332 ipsum
2140 1286 2158 1306 ’¹‘
2181 1286 2377 1333 seipsum).

1454 1335 1488 1371 3.
1519 1334 1667 1372 Deinde
1688 1348 1775 1372 cum
1796 1336 1903 1372 dicit:
1938 1338 2070 1373 Totum
2092 1338 2190 1373 enim
2205 1339 2360 1385 feretur
2380 1346 2462 1385 etc.,

1399 1387 1536 1435 probat
1576 1388 1816 1436 propositum
1858 1388 2006 1426 duabus
2043 1389 2272 1427 rationibus:
2302 1403 2464 1439 quarum

1399 1439 1522 1489 prima
1541 1440 1622 1476 talis
1642 1447 1708 1477 est.
1738 1441 1930 1478 Moventis
1959 1441 2126 1490 seipsum
2155 1442 2267 1479 simul
2292 1451 2328 1479 et
2346 1445 2464 1480 semel

1401 1499 1457 1528 est
1474 1505 1572 1529 unus
1594 1500 1720 1530 motus
1748 1506 1930 1530 numero:
1961 1494 1991 1530 si
2019 1494 2128 1542 igitur
2155 1496 2229 1532 hoc
2258 1496 2377 1532 modo
2398 1496 2463 1532 ali-

1401 1544 1492 1592 quid
1511 1553 1666 1582 moveat
1685 1546 1852 1595 seipsum
1880 1547 1984 1594 quod
2004 1555 2125 1584 totum
2146 1555 2302 1585 moveat
2320 1555 2441 1585 totum
2453 1577 2463 1596 ,

1400 1605 1579 1645 sequetur
1598 1599 1703 1645 quod
1721 1611 1841 1635 unum
1872 1606 1908 1635 et
1934 1599 2036 1636 idem
2056 1600 2123 1636 erit
2142 1613 2306 1638 movens
2326 1609 2362 1637 et
2380 1614 2463 1638 mo-

1399 1657 1481 1686 tum
1510 1651 1720 1687 secundum
1747 1663 1868 1688 unum
1905 1659 1940 1688 et
1975 1653 2140 1689 eundern
2174 1661 2343 1701 motum,
2382 1654 2462 1691 sive

1400 1703 1446 1739 sit
1472 1703 1545 1739 loci
1574 1703 1731 1740 mutatio
1761 1705 1840 1741 sive
1870 1705 2048 1742 alteratio.
2079 1706 2128 1742 Et
2146 1706 2220 1742 hoc
2238 1706 2390 1743 videtur
2407 1707 2463 1743 in-

1401 1755 1650 1792 conveniens:
1680 1756 1768 1803 quia
1795 1769 1956 1793 movens
1985 1765 2022 1794 et
2048 1765 2196 1795 motum
2224 1759 2366 1795 habent
2395 1772 2463 1808 op-

1399 1807 1628 1856 positionem
1657 1808 1705 1844 ad
1724 1808 1910 1855 invicem3
1941 1811 2115 1858 opposita
2135 1818 2260 1848 autem
2279 1822 2358 1848 non
2376 1824 2463 1861 pos-

1400 1867 1487 1896 sunt
1513 1860 1635 1897 iness'e
1664 1860 1790 1898 eidem
1818 1863 2028 1899 secundum
2056 1863 2169 1900 idem.
2199 1864 2291 1900 Non
2320 1872 2374 1901 est
2407 1877 2463 1902 er-

1400 1925 1447 1960 go
1467 1913 1645 1961 possibile
1674 1914 1780 1961 quod
1812 1915 2022 1951 secundum
2051 1916 2216 1952 eundem
2249 1924 2398 1954 motum
2419 1918 2464 1954 sit

1400 1965 1670 2013 aliquid‘idem
1699 1978 1861 2003 movens
1890 1974 1926 2003 et
1952 1975 2111 2005 motum.
2142 1969 2242 2005 Cum
2272 1969 2373 2006 enim
2398 1970 2462 2006 ali-

1401 2018 1492 2065 quid
1520 2018 1632 2055 simul
1661 2027 1793 2055 movet
1821 2027 1858 2056 et
1883 2027 2080 2067 movetur,
2119 2021 2211 2058 alius
2250 2029 2305 2058 est
2337 2030 2463 2060 motus

1400 2071 1611 2108 secundum
1639 2083 1755 2119 quem
1774 2080 1916 2119 movet,
1938 2080 1975 2109 et
1993 2074 2086 2110 alius
2115 2074 2326 2111 secundum
2347 2087 2463 2122 quem

1399 2131 1591 2170 movetur3
1612 2124 1707 2160 sicut
1726 2136 1814 2161 cum
1833 2125 1989 2162 baculus
2009 2133 2135 2163 motus
2155 2139 2177 2163 a
2197 2139 2313 2164 manu
2332 2135 2464 2165 movet

1400 2176 1577 2223 lapidem,
1609 2176 1702 2212 alius
1721 2189 1881 2213 numero
1903 2185 1957 2214 est
1974 2186 2101 2215 motus
2121 2180 2245 2216 baculi
2278 2188 2314 2216 et
2337 2188 2463 2217 motus

1399 2228 1543 2276 lapidis.
1575 2228 1637 2265 Sic
1666 2241 1754 2276 ergo
1793 2237 1971 2277 sequetur
1997 2231 2152 2268 ulterius
2189 2232 2295 2279 quod
2329 2233 2463 2281 aliquis

1401 2280 1551 2317 docebit
1585 2288 1620 2317 et
1651 2281 1847 2318 docebitur
1881 2282 1992 2319 simul
2030 2284 2241 2321 secundum
2279 2297 2399 2322 unum
2428 2293 2463 2322 et

1399 2333 1502 2370 idem
1531 2333 1674 2380 scibile;
1696 2341 1732 2370 et
1760 2334 1927 2371 similiter
1955 2336 2060 2383 quod
2088 2337 2221 2384 aliquis
2254 2338 2400 2374 sanabit
2428 2346 2464 2375 et

1400 2386 1592 2423 sanabitur
1627 2387 1838 2423 secundum
1874 2400 1993 2425 unam
2031 2396 2067 2425 et
2101 2390 2263 2426 eandem
2301 2402 2461 2427 numero

1400 2439 1608 2475 sanitatem.

1450 2503 1488 2539 4.
1520 2491 1737 2528 Secundam
1766 2492 1950 2528 rationem
1976 2493 2083 2541 ponit
2106 2493 2179 2530 ibi:
2207 2495 2380 2544 Amplius
2399 2496 2461 2531 de-

1399 2545 1637 2581 terminatum
1657 2550 1711 2580 est
1727 2551 1809 2590 ete.;
1839 2557 1936 2592 quae
1960 2546 2041 2582 talis
2061 2553 2126 2582 est.
2156 2547 2460 2589 Detersninatum

1400 2605 1455 2634 est
1473 2597 1510 2634 in
1534 2597 1641 2634 tertio
1664 2598 1695 2643 ²³,
1717 2597 1822 2645 quod
1841 2597 1879 2634 id
1898 2598 2003 2645 quod
2021 2606 2198 2635 movetur
2226 2607 2282 2636 est
2306 2601 2458 2648 mobile,

1399 2650 1538 2686 scilicet
1565 2650 1603 2686 in
1625 2649 1793 2699 potentia
1821 2650 2003 2687 existens:
2033 2651 2122 2698 quia
2145 2652 2251 2699 quod
2270 2661 2458 2701 movetur,

1398 2702 1624 2750 inquantum
1647 2710 1702 2739 est
1728 2702 1766 2739 in
1793 2703 1960 2751 potentia
1981 2711 2016 2740 et
2043 2716 2121 2740 non
2149 2704 2186 2741 in
2215 2713 2300 2742 actu
2328 2718 2459 2743 move-

1399 2762 1458 2791 tur
1475 2761 1510 2791 ⁸:
1537 2767 1582 2792 ex
1601 2756 1675 2792 hoc
1695 2755 1795 2792 enim
1813 2763 1990 2792 movetur
2009 2756 2160 2804 aliquid,
2182 2758 2286 2805 quod
2307 2770 2394 2794 cum
2415 2759 2460 2795 sit

1398 2807 1437 2843 in
1464 2808 1644 2856 potentia,
1664 2808 1782 2845 tendit
1813 2808 1852 2844 in
1881 2816 2016 2846 actum.
2038 2810 2122 2845 Nec
2150 2817 2276 2847 tamen
2295 2810 2334 2848 id
2354 2811 2458 2858 quod

1399 2868 1595 2909 movetur,
1625 2868 1680 2897 est
1707 2861 1756 2898 ita
1781 2861 1819 2898 in
1836 2862 2005 2909 potentia
2031 2870 2073 2899 ut
2093 2864 2112 2884 ’⁸
2136 2863 2239 2899 nullo
2261 2860 2385 2900 'modo
2414 2864 2460 2901 sit

1400 2912 1439 2949 in
1467 2921 1572 2959 actu;
1602 2914 1691 2961 quia
1718 2913 1797 2963 ipse
1826 2922 1952 2951 motus
1981 2922 2036 2951 est
2064 2915 2219 2963 quidam
2250 2924 2353 2953 actus
2377 2929 2459 2953 mo-

1400 2965 1482 3002 bilis
1510 2966 1734 3014 inquantum
1766 2975 1964 3004 movetur:
1999 2967 2066 3004 sed
2095 2976 2150 3004 est
2182 2976 2284 3005 actus
2322 2969 2458 3017 imper-

1399 3018 1536 3066 fectus,
1566 3019 1655 3066 quia
1684 3026 1739 3055 est
1766 3027 1869 3056 actus
1898 3020 1978 3056 eius
2007 3020 2230 3068 inquantum
2252 3029 2307 3058 est
2335 3022 2459 3059 adhuc

1399 3070 1437 3107 in
1461 3072 1638 3119 potentia.
1666 3072 1743 3109 Sed
1767 3072 1856 3109 illud
1885 3074 1990 3120 quod
2018 3081 2164 3120 movet,
2194 3074 2270 3110 iarn
2298 3082 2353 3110 est
2372 3075 2391 3095 '⁵
2420 3074 2458 3110 in

1400 3130 1503 3160 actu:
1534 3137 1611 3160 non
1640 3125 1741 3161 enim
1779 3125 1966 3161 reducitur
2002 3127 2105 3173 quod
2139 3134 2193 3162 est
2224 3126 2262 3162 in
2290 3126 2457 3175 potentia

1399 3175 1437 3211 in
1456 3183 1593 3223 actum,
1623 3177 1693 3213 nisi
1719 3189 1788 3225 per
1814 3177 1853 3214 id
1881 3178 1986 3225 quod
2015 3185 2070 3214 est
2097 3185 2196 3223 actu;
2226 3179 2300 3214 hoc
2328 3186 2456 3215 autem

1400 3235 1454 3264 est
1481 3241 1662 3266 movens:
1696 3230 1790 3266 sicut
1823 3229 1990 3265 calefacit
2018 3229 2202 3276 calidum,
2238 3238 2273 3266 et
2304 3239 2458 3277 generat

1396 3280 1487 3318 illud
1507 3282 1612 3329 quod
1630 3282 1745 3318 habet
1763 3281 1928 3330 speciem
1952 3282 2208 3329 generativam
2226 3281 2255 3330 β,
2276 3283 2370 3320 sicut
2387 3285 2456 3320 ho-

1398 3415 1452 3440 rati
1470 3415 1499 3446 B,
1513 3416 1585 3448 quod
1601 3416 1677 3441 habet
1694 3416 1804 3448 speciem
1819 3416 1936 3447 DsGOZ,
1951 3416 2021 3448 quod
2039 3416 2117 3441 habet
2134 3417 2243 3451 speciem
2262 3417 2317 3443 sive
2335 3418 2456 3452 sormam

1397 3453 1458 3475 actu
1479 3451 1515 3480 Q,
1534 3451 1605 3483 quod
1623 3451 1699 3476 habet
1719 3449 1778 3484 (cet.
1797 3451 1861 3483 orn.)
1881 3451 1989 3482 speciem
2003 3451 2146 3476 humanam
2165 3452 2269 3484 RVpE;
2288 3454 2397 3486 speciem
2410 3462 2456 3488 ge-

1399 3485 1547 3510 nerativam
1565 3494 1618 3510 om.
1638 3491 1685 3510 cet.
1705 3491 1730 3510 et
1748 3493 1779 3515 a;
1795 3486 1827 3511 cf.
1836 3491 1895 3510 text.
1909 3499 1928 3503 -
1940 3486 1990 3510 Pro
2009 3486 2076 3511 sicut
2094 3487 2224 3512 hominem
2243 3492 2368 3521 generat,
2387 3490 2457 3515 sicut

1397 3519 1474 3545 homo
1492 3524 1604 3553 generat
1628 3521 1656 3545 id
1674 3520 1794 3550 BDNsE,
1816 3521 1884 3545 sicut
1902 3521 1978 3546 homo
2003 3521 2133 3546 hominem
2158 3526 2271 3555 generat
2289 3523 2354 3548 illud
2378 3523 2456 3558 (illud

1396 3562 1448 3580 om.
1468 3555 1508 3589 Q)
1529 3556 1584 3586 LQ,
1599 3555 1670 3580 sicut
1687 3555 1816 3580 hominem
1831 3559 1942 3589 generat
1961 3563 2011 3581 non
2032 3557 2060 3581 id
2074 3557 2106 3588 S;
2122 3557 2150 3582 id
2164 3558 2222 3583 add.
2237 3558 2313 3583 etiam
2329 3559 2455 3585 FGHOZ.

2246 3612 2274 3637 51

2492 1284 2501 1293 ⁶
2516 1284 2589 1311 ipsum
2611 1290 2658 1306 om.
2677 1290 2707 1305 m:

2491 1315 2546 1331 cuv.

2489 2610 2498 2620 ³
2513 2609 2576 2632 Lect.
2587 2616 2611 2638 11,
2622 2617 2645 2632 n.
2653 2617 2675 2639 3.

2584 2772 2600 2788 α

2487 2870 2566 2918 ὲὲἷιὲξί
2572 2871 2648 2898 codd„
2657 2873 2701 2893 aut

2486 3080 2495 3088 *
2510 3081 2545 3099 est
2565 3085 2612 3100 om.
2621 3084 2644 3100 a.
2655 3089 2665 3093 -
2673 3080 2697 3101 in

2486 3111 2532 3126 om.
2541 3105 2609 3126 codd.
2626 3108 2681 3127 eta.
