2898 3996
185 431 194 439 '¹
209 428 278 450 Num.
294 434 342 456 seq.

185 535 193 543 ·
209 533 278 554 Num.
294 532 316 554 6.

191 639 199 647 ·
219 638 354 658 moveantur
367 642 397 658 1³1>

186 669 281 685 rcflxnz.

185 951 192 959 ·
208 949 277 971 Num.
295 954 342 975 seq.

185 1003 193 1010 ·
208 1000 277 1022 Num.
289 1006 308 1027 5.

187 1265 194 1271 ·
215 1262 333 1289 principio
357 1267 395 1283 ,ux

184 1294 222 1310 γα.

184 1531 192 1538 ·
203 1529 316 1550 existente
323 1534 382 1556 epm
388 1543 394 1555 ,

184 1561 212 1576 ex
224 1557 276 1576 ente
285 1558 328 1576 cet.
340 1558 360 1576 ct
371 1560 394 1577 α.

186 1584 193 1590 ·
209 1584 231 1603 et
245 1581 295 1602 rab.

182 1791 341 1838 ‘'zaegdiungitur
350 1797 393 1813 por

183 2425 190 2432 ”
206 2422 275 2444 Num.
290 2427 364 2450 praec.

184 3109 191 3116 ·
203 3107 274 3128 locali
283 3113 330 3129 om.
341 3106 392 3128 rab.

186 3315 193 3322 ·
209 3312 259 3333 Hoc
274 3318 295 3333 o.

426 290 498 336 392

426 367 549 406 modis
578 365 717 414 aliquid
750 363 882 401 dicitur
910 374 992 399 esse
1026 362 1064 398 in
1090 360 1279 410 potentia;
1315 359 1482 396 secundo

425 420 657 465 manifestat,
686 416 758 453 ibi:
790 417 859 452 Est
884 420 1008 451 autem
1030 414 1196 462 potentia
1218 414 1237 434 ἢ*
1258 419 1346 458 etc.;
1375 412 1482 449 tertio

425 472 536 510 solvit
556 483 600 508 ex
618 471 692 507 hoc
720 467 914 516 quandam
943 466 1225 514 quaestionem,
1255 465 1326 502 ibi:
1355 465 1405 501 Et
1430 470 1483 500 ta-

425 537 508 562 men
538 522 730 572 quaeritur
745 522 764 542 ²¹*
781 529 848 557 etc.
879 519 978 556 Dicit
998 531 1085 566 ergo
1105 518 1242 566 primo,
1273 517 1377 565 quod
1396 516 1482 553 ideo

425 589 502 614 non
522 583 577 613 est
595 574 834 611 manifestum
863 585 885 608 a
905 583 981 619 quo
1001 570 1129 619 gravia
1149 577 1185 606 et
1203 569 1301 607 levia
1324 581 1482 605 moven-

423 638 482 667 tur
502 630 521 650 *
541 627 616 665 suis
644 627 809 663 motibus
838 623 1078 670 naturalibus,
1103 630 1144 659 ut
1170 630 1261 670 puta
1284 621 1377 669 ignis
1405 633 1484 657 sur-

424 694 508 718 sum
535 688 571 717 et
597 687 695 716 terra
725 679 915 724 deorsum,
941 675 1029 723 quia
1058 687 1124 712 ens
1147 674 1185 711 in
1208 674 1376 723 potentia
1395 673 1483 710 dici·

423 741 482 770 tur
509 731 770 780 multipliciter.

479 787 514 823 3.
544 783 692 822 Deinde
721 795 808 820 cum
837 780 946 818 dicit:
973 781 1043 816 Est
1059 785 1183 816 autem
1205 779 1372 827 potentia
1392 786 1481 825 etc.,

426 837 659 885 distinguitur
673 847 754 872 esse
770 835 807 871 in
822 832 1004 882 potentia:
1027 839 1063 868 et
1076 832 1200 880 primo
1221 831 1259 868 in
1277 831 1482 876 intellectu;

425 891 592 928 secundo
621 888 659 925 in
688 887 883 936 qualitate,
919 885 986 921 ibi:
1026 884 1202 921 Similiter
1229 889 1353 920 autem
1390 884 1483 920 haec

423 955 463 980 se
479 943 615 980 habent
629 942 648 962 ²³²
669 948 755 985 etc.;
785 938 891 975 tertio
920 937 958 974 in
978 945 1086 974 motu
1105 935 1224 983 locali,
1246 935 1316 972 ibi:
1347 935 1482 972 Simili-

424 1002 480 1032 ter
498 1000 621 1032 autem
640 1005 680 1030 se
706 992 848 1029 habet*
865 997 932 1027 etc.
963 989 1062 1026 Dicit
1091 1001 1179 1036 ergo
1207 988 1343 1037 primo,
1374 988 1481 1036 quod

424 1047 529 1084 aliter
557 1054 611 1083 est
638 1046 676 1082 in
703 1043 871 1094 potentia
898 1042 946 1079 ad
975 1041 1168 1078 scientiam
1202 1041 1261 1078 ille
1291 1040 1355 1089 qui
1376 1040 1481 1078 addi-

424 1100 491 1137 scit
510 1107 546 1136 et
564 1099 734 1135 nondum
753 1097 867 1133 habet
885 1095 1055 1132 habitum
1075 1094 1266 1142 scientiae,
1287 1101 1323 1130 et
1342 1094 1401 1130 ille
1416 1093 1482 1142 qui

423 1153 498 1189 iam
526 1152 639 1188 habet
667 1149 837 1186 habitum
862 1147 1038 1184 scientiae
1067 1146 1135 1184 sed
1162 1159 1240 1183 non
1270 1146 1483 1183 considerat

422 1212 530 1241 utens
553 1203 693 1241 habitu.
724 1203 780 1239 Ex
800 1200 924 1250 prima
952 1207 1078 1237 autern
1096 1199 1265 1248 potentia
1289 1199 1327 1236 in
1346 1211 1479 1236 secun-

424 1257 512 1294 dam
533 1255 720 1293 reducitur
739 1253 892 1302 aliquid,
909 1265 998 1290 cum
1019 1252 1184 1290 activum
1204 1265 1273 1289 suo
1292 1252 1445 1301 passivo
1461 1252 1481 1273 '¹⁴‘

423 1309 677 1356 coniungitur;
712 1315 748 1344 et
775 1314 862 1343 tunc
894 1306 1089 1355 passivum
1122 1317 1190 1354 per
1226 1304 1479 1354 praesentiam

423 1361 532 1399 activi
552 1363 593 1398 fit
612 1361 650 1398 in
669 1360 731 1397 tali
750 1367 846 1405 actu,
867 1358 931 1406 qui
950 1359 1074 1396 adhuc
1094 1365 1148 1395 est
1167 1357 1205 1394 in
1224 1357 1408 1406 potentia;
1433 1357 1479 1394 si-

424 1422 484 1452 cut
503 1414 700 1452 addiscens
727 1425 796 1462 per
816 1411 1002 1448 actionem
1027 1410 1195 1448 docentis
1215 1410 1404 1448 reducitur
1432 1410 1479 1448 de

422 1467 590 1517 potentia
609 1466 647 1503 in
667 1473 805 1511 aetum,
827 1465 885 1501 cui
907 1464 1004 1501 actui
1024 1463 1260 1511 coniungitur
1279 1464 1392 1500 altera
1410 1475 1479 1512 po-

423 1520 548 1557 tentia.
570 1520 618 1556 Et
638 1519 691 1555 sic
706 1518 895 1555 existens*
904 1517 942 1554 in
956 1517 1079 1566 prima
1093 1516 1273 1565 potentia,
1290 1517 1332 1553 fit
1351 1516 1395 1563 in·
1408 1515 1480 1553 alia

422 1572 601 1622 potentia:
613 1571 701 1620 quia
716 1570 792 1607 iam
806 1570 951 1607 habens
966 1569 1174 1617 scientiam,
1186 1570 1283 1607 sed*
1294 1581 1374 1606 non
1389 1581 1479 1606 con-

423 1625 610 1671 siderans,
640 1623 931 1671 quodammodo
958 1630 1012 1659 est
1035 1622 1073 1659 in
1096 1622 1336 1671 potentiaad
1352 1629 1478 1659 actum

422 1677 608 1724 scientiae,
639 1676 706 1713 sed
726 1688 804 1713 non
825 1676 963 1713 eodem
993 1676 1123 1722 modo,
1151 1675 1246 1712 sicut
1273 1683 1478 1722 antequam

421 1730 639 1767 addisceret.
674 1730 775 1776 Ergo
806 1728 853 1765 de
881 1728 1004 1777 prima
1031 1727 1199 1776 potentia
1226 1727 1414 1764 reducitur
1441 1727 1479 1764 in

420 1791 545 1820 actum
575 1782 633 1818 eui
662 1780 1106 1829 coniungitur*secunda
1125 1780 1303 1829 potentia,
1323 1792 1392 1828 per
1416 1779 1480 1816 ali-

421 1836 525 1883 quod
554 1847 680 1883 agens,
710 1834 849 1871 scilicet
875 1846 944 1882 per
973 1833 1187 1870 docentem.
1219 1833 1295 1870 Sed
1324 1832 1478 1880 quando

421 1888 472 1925 sic
501 1901 540 1925 se
568 1888 683 1925 habet
710 1887 815 1935 quod
843 1887 958 1923 habet
981 1886 1154 1922 habitum
1183 1884 1370 1932 scientiae,
1400 1897 1478 1921 non

421 1947 569 1990 oportet
597 1939 702 1988 quod
730 1939 929 1976 reducatur
957 1938 994 1975 in
1023 1938 1233 1975 secundum
1258 1945 1384 1974 actum
1411 1949 1480 1986 per

420 1993 574 2041 aliquod
602 2004 728 2040 agens,
758 1992 826 2028 sed
854 1991 978 2028 statim
1005 2003 1075 2039 per
1102 1990 1268 2039 seipsum
1303 1998 1480 2039 operatur

421 2045 709 2092 considerando,
735 2044 804 2081 nisi
824 2044 869 2081 sit
888 2043 1028 2091 aliquid
1055 2044 1275 2092 prohibens,
1295 2051 1386 2092 puta
1415 2056 1477 2080 oc-

422 2098 569 2147 cupatio
597 2098 659 2134 vel
697 2096 894 2134 infirmitas
930 2104 993 2133 aut
1019 2097 1206 2133 voluntas.
1244 2097 1313 2133 Vel
1342 2095 1372 2132 si
1400 2108 1479 2133 non

420 2150 624 2200 impeditus
644 2162 722 2186 non
741 2157 870 2198 posset
897 2149 1147 2196 considerare,
1168 2156 1256 2185 tunc
1275 2161 1353 2185 non
1383 2156 1479 2185 esset

421 2204 459 2241 in
482 2203 612 2240 habitu
640 2202 829 2249 scientiae,
860 2202 926 2239 sed
945 2202 984 2238 in
1004 2202 1082 2238 eius
1111 2201 1309 2248 contrario,
1340 2201 1479 2238 scilicet

421 2257 459 2294 in
487 2255 707 2304 ignorantia.

473 2321 509 2356 4.
532 2308 680 2345 Deinde
701 2319 788 2344 cum
809 2307 911 2344 dicit:
933 2306 1108 2343 Similiter
1125 2312 1249 2343 autem
1274 2307 1367 2343 haec
1395 2314 1476 2354 etc.,

419 2361 631 2398 manifestat
650 2361 751 2398 idem
767 2359 805 2396 in
825 2359 1074 2407 qualitatibus.
1096 2360 1143 2396 Et
1159 2359 1245 2396 dicit
1264 2359 1369 2407 quod
1385 2359 1480 2396 sicut

420 2414 562 2451 dictum
591 2414 680 2450 est*
701 2414 747 2450 de
775 2412 943 2461 potentia
971 2413 1019 2449 ad
1047 2412 1243 2449 sciendum
1271 2412 1310 2449 in
1339 2411 1477 2460 anima,

420 2467 469 2503 ita
499 2474 553 2504 est
581 2466 694 2503 etiarn
732 2466 769 2502 in
799 2465 1020 2514 corporibus
1056 2465 1298 2502 naturalibus.
1329 2465 1479 2514 Corpus

421 2520 520 2556 enim
541 2531 627 2556 cum
648 2526 702 2555 est
721 2526 806 2555 actu
826 2518 1013 2566 frigidum,
1036 2525 1090 2554 est
1108 2518 1276 2566 potentia
1300 2517 1477 2566 calidum,

419 2572 514 2609 sicut
541 2572 716 2620 ignorans
745 2579 800 2607 est
827 2570 995 2620 potentia
1023 2570 1159 2607 sciens:
1189 2571 1255 2608 sed
1285 2583 1372 2608 cum
1401 2572 1479 2608 fue-

420 2625 463 2662 rit
481 2626 708 2674 productum
729 2636 796 2673 per
813 2624 1167 2661 transmutationem
1186 2631 1227 2660 ut
1249 2624 1388 2660 habeat
1406 2625 1479 2660 for-

419 2690 524 2715 mam
552 2677 664 2725 ignis,
694 2685 783 2714 tunc
819 2677 895 2714 iarn
925 2684 978 2714 est
1006 2677 1100 2725 ignis
1127 2676 1179 2714 in.
1198 2684 1304 2723 actu,
1333 2677 1479 2714 habens

418 2731 594 2767 virtutem
609 2730 808 2779 operandi;
825 2737 861 2766 et
875 2737 1052 2778 operatur
1063 2729 1186 2766 statim
1202 2730 1477 2777 comburendo,

420 2783 489 2820 nisi
518 2783 656 2831 aliquid
685 2783 883 2832 prohibeat
911 2781 949 2819 in
978 2782 1206 2820 contrarium
1236 2783 1396 2830 agendo,
1417 2783 1478 2820 vel

420 2836 743 2884 qualitercumque
768 2835 871 2872 aliter
890 2835 1082 2884 impediat,
1102 2843 1193 2884 puta
1222 2835 1477 2873 subtrahendo

420 2889 698 2934 combustibile3
735 2889 829 2925 sicut
867 2888 1006 2925 dietum
1045 2896 1100 2925 est
1137 2889 1241 2936 quod
1273 2895 1478 2937 postquam

420 2941 551 2988 aliquis
580 2941 809 2978 addiscendo
838 2941 955 2977 factus
985 2949 1038 2978 est
1066 2941 1206 2989 sciens,
1237 2940 1360 2979 statim
1389 2954 1478 2979 con—

420 2993 568 3040 siderat,
589 2993 657 3030 nisi
687 2993 827 3041 aliquid
856 2993 1046 3042 impediat.

477 3047 509 3083 5.
531 3045 677 3083 Deinde
699 3058 786 3082 cum
806 3045 908 3082 dicit:
929 3046 1105 3082 Similiter
1123 3052 1246 3083 autem
1265 3059 1304 3084 se
1322 3048 1480 3084 habetet

419 3099 519 3135 circa
546 3110 668 3148 grave
687 3106 768 3146 etc.,
788 3098 1000 3135 manifestat
1020 3098 1120 3135 idern
1140 3098 1179 3135 in
1198 3107 1305 3136 motu
1329 3101 1437 3137 locali
1459 3101 1479 3122 *

421 3151 591 3200 gravium
613 3159 648 3188 et
668 3151 821 3188 levium.
844 3152 892 3187 Et
912 3151 999 3188 dicit
1018 3151 1122 3199 quod
1142 3151 1306 3189 similiter
1329 3153 1412 3189 leve
1435 3154 1478 3190 fit

423 3217 466 3241 ex
495 3204 611 3252 gravi,
640 3204 734 3241 sicut
763 3203 925 3241 calidum
955 3216 998 3240 ex
1028 3203 1178 3252 frigido;
1204 3212 1245 3241 ut
1271 3211 1362 3253 puta
1391 3217 1477 3243 cum

423 3269 497 3304 aer,
527 3257 591 3305 qui
621 3264 675 3294 est
702 3257 812 3305 levis,
843 3257 886 3293 fit
914 3269 1106 3305 ex.aqua‚
1134 3269 1232 3305 quae
1262 3265 1316 3294 est
1343 3258 1477 3306 gravis.

424 3310 564 3346 Haec*
581 3322 681 3357 ergo,
707 3309 844 3347 scilicet
872 3321 984 3358 aqua,
1013 3309 1137 3358 primo
1167 3317 1221 3347 est
1248 3309 1285 3347 in
1312 3311 1479 3359 potentia

424 3362 527 3408 levis,
549 3370 584 3399 et
606 3363 850 3411 postmodum
874 3363 915 3399 fit
944 3362 1036 3399 levis
1056 3362 1093 3399 in
1121 3370 1222 3409 actu;
1245 3370 1280 3399 et
1299 3370 1387 3400 tunc
1407 3371 1478 3401 sta-

477 3499 501 3532 β)
521 3508 575 3526 esse
594 3502 655 3526 leue.
667 3515 685 3520 -
699 3508 754 3526 esse
772 3501 823 3526 levi
842 3501 900 3526 edit.
921 3502 935 3527 b
955 3507 979 3526 et
997 3501 1089 3526 Vener.
1108 3501 1185 3534 1504.
1208 3501 1287 3533 1545,
1306 3509 1361 3527 esse
1374 3502 1439 3527 Ievis
1458 3503 1476 3527 P

424 3571 589 3638 vxinmmud
608 3605 675 3630 idem
691 3606 761 3637 quod
773 3606 844 3638 facit
863 3606 946 3638 nasum
966 3613 1083 3639 grave.—
1098 3607 1148 3636 ΡΜ
1168 3606 1233 3632 illud
1250 3607 1392 3632 secundum
1408 3607 1478 3640 quod

1031 280 1377 319 PHYSICORUM
1403 279 1750 317 ARISTOTELIS
1781 280 1874 316 LIB.
1903 278 1990 316 VIII

1538 358 1604 396 tim
1631 359 1746 395 habet
1773 358 2032 408 operationem
2062 371 2183 407 suam,
2209 360 2278 397 nisi
2306 360 2447 409 aliquid
2474 361 2600 411 prohi-

1539 412 1636 447 beat.
1672 411 1750 448 Sed
1777 411 1853 448 iarn
1882 410 1976 448 levis
2006 411 2166 449 existens
2202 421 2443 461 comparatur
2470 414 2518 452 ad
2546 414 2600 451 lo-

1540 475 1627 499 cum
1649 464 1668 485 ³²
1688 464 1783 500 sicut
1810 463 1977 513 potentia
1996 463 2045 500 ad
2073 471 2199 502 actum
2229 468 2353 512 (actus
2373 466 2474 504 enim
2493 466 2598 514 levis,

1539 515 1762 563 inquantum
1781 515 2012 564 huiusmodi,
2035 524 2090 553 est
2118 529 2198 554 esse
2223 517 2262 554 in
2285 517 2411 566 aliquo
2431 519 2516 556 loco
2537 519 2600 556 de-

1538 568 1749 616 terminato,
1771 569 1908 606 scilicet
1924 570 1943 590 *ῃ
1959 571 2142 616 sursum):
2164 569 2232 607 sed
2250 571 2470 619 prohibetur
2488 584 2536 608 ne
2556 571 2601 609 sit

2626 476 2743 525 Ltagssqm'd
2759 478 2828 500 codd.

2628 581 2637 590 '
2657 580 2720 602 idest
2738 581 2790 603 edd.
2805 581 2860 603 abu

2574 623 2582 631 ,
2627 609 2649 628 et
2663 607 2733 629 codd.
2743 613 2794 630 exc.
2803 613 2840 630 mv.

1540 633 1700 668 sursum,
1721 633 1790 669 per
1816 622 1891 659 hoc
1915 622 2021 670 quod
2050 629 2104 659 est
2132 622 2171 659 in
2199 622 2384 660 contrario
2414 624 2512 671 loco,
2532 636 2600 661 sci-

1538 673 1652 710 licet*
1663 673 1855 721 deorsum,
1867 674 1956 723 quia
1975 687 2054 712 non
2067 682 2192 723 potest
2211 687 2293 712 esse
2317 675 2430 713 simul
2449 676 2488 713 in
2507 675 2600 714 duo-

1539 726 1609 762 bus
1637 726 1745 764 locis:
1766 726 1867 764 unde
1895 727 1987 765 illud
2006 727 2112 776 quod
2141 727 2281 765 detinet
2299 728 2384 765 leve
2408 728 2600 777 deorsum,

1538 778 1714 826 prohibet
1741 779 1867 828 ipsum
1895 792 1976 817 esse
2005 792 2167 817 sursum.
2189 781 2238 817 Et
2261 780 2356 818 sicut
2384 781 2526 818 dictum
2546 789 2602 819 est

1538 831 1576 868 in
1605 839 1711 868 motu
1739 832 1860 880 locali,
1881 832 1931 869 ita
1961 832 2073 870 etiam
2103 833 2306 871 dicendum
2334 841 2390 870 est
2418 834 2465 872 de
2493 841 2602 871 motu

1539 884 1750 921 secundum
1779 885 2027 933 quantitatem
2054 886 2117 923 vel
2146 886 2375 934 qualitatem.

1592 937 1628 973 6.
1649 936 1797 974 Deinde
1827 949 1914 974 cum
1943 937 2047 975 dicit:
2075 939 2127 975 Et
2151 944 2275 976 tamen
2295 939 2490 987 quaeritur
2517 946 2599 988 etc.,

1538 989 1649 1026 solvit
1676 989 1870 1037 quandam
1896 990 2160 1038 quaestionem
2182 992 2394 1029 secundum
2418 992 2600 1041 praemis-

1538 1054 1579 1078 sa
1589 1043 1618 1078 ’ἦ
1641 1041 1747 1079 Licet
1766 1042 1868 1079 enim
1889 1050 1992 1080 actus
2011 1043 2105 1080 levis
2120 1043 2166 1080 sit
2185 1056 2267 1080 esse
2287 1056 2451 1091 sursum,
2471 1052 2600 1082 tamen

1538 1107 1560 1131 a
1579 1094 1808 1142 quibusdam
1828 1095 2019 1143 quaeritur
2047 1107 2165 1143 quare
2193 1096 2323 1144 gravia
2343 1104 2379 1133 et
2400 1097 2499 1134 levia
2518 1109 2601 1134 mo-

1536 1154 1672 1184 ventur
1698 1147 1737 1184 in
1756 1148 1909 1197 propria
1937 1149 2031 1184 loca.
2055 1147 2132 1185 Sed
2152 1160 2266 1185 causa
2293 1148 2406 1186 huius
2426 1156 2491 1197 est,
2513 1149 2601 1198 quia

1535 1200 1678 1237 habent
1704 1201 1915 1237 naturalem
1940 1200 2188 1249 aptitudinem
2207 1201 2256 1238 ad
2283 1201 2371 1239 talia
2398 1201 2493 1240 loca.
2514 1203 2601 1240 Hoc

1537 1252 1639 1290 enim
1669 1260 1725 1290 est
1754 1248 1835 1290 esse
1864 1253 1947 1290 leve
1966 1252 1995 1300 β,
2015 1253 2157 1290 habere
2185 1253 2434 1303 aptitudinem
2459 1255 2508 1293 ad
2526 1255 2600 1301 hoc

1537 1305 1642 1353 quod
1670 1306 1716 1342 sit
1743 1317 1910 1342 sursum:
1931 1313 1968 1342 et
1994 1306 2090 1343 haec
2118 1313 2174 1343 est
2202 1306 2315 1344 etiam
2343 1307 2437 1344 ratio
2462 1308 2598 1356 gravis,

1535 1358 1674 1395 habere
1711 1358 1959 1408 aptitudinem
1988 1358 2038 1396 ad
2073 1359 2148 1396 hoc
2181 1359 2286 1407 quod
2323 1359 2369 1397 sit
2406 1359 2598 1398 deorsum.

1535 1411 1647 1448 Unde
1674 1411 1766 1448 nihil
1794 1417 1849 1448 est
1877 1411 1979 1448 aliud
2009 1423 2194 1460 quaerere
2228 1424 2344 1460 quare
2373 1424 2488 1461 grave
2516 1425 2599 1450 mo·

1534 1471 1644 1501 vetur
1672 1465 1864 1511 deorsum,
1886 1476 2003 1513 quarn
2033 1476 2215 1513 quaerere
2241 1477 2358 1514 quare
2387 1473 2443 1503 est
2469 1477 2596 1514 grave.

1535 1517 1584 1554 Et
1603 1517 1656 1554 sic
1675 1516 1766 1554 illud
1794 1516 1897 1554 idern
1926 1517 2032 1565 quod
2060 1517 2146 1555 facit
2173 1517 2300 1567 ipsum
2319 1530 2434 1566 grave
2453 1523 2484 1567 ⁷,
2513 1518 2600 1556 facit

1534 1569 1660 1618 ipsum
1689 1569 1838 1607 moveri
1867 1571 2060 1607 deorsum.

1588 1635 1623 1671 7.
1641 1622 1789 1660 Deinde
1806 1635 1894 1659 cum
1910 1623 2014 1660 dicit:
2030 1622 2198 1660 Potentia
2213 1629 2337 1660 autem
2353 1629 2407 1661 est
2418 1623 2499 1662 leve
2513 1630 2596 1672 etc.,

1535 1687 1580 1712 ex
1607 1675 1824 1724 praemissis
1844 1675 2007 1713 ostendit
2035 1675 2128 1724 quid
2147 1683 2302 1713 moveat
2329 1676 2458 1724 gravia
2486 1684 2522 1713 et
2546 1677 2598 1713 le-

1533 1728 1607 1765 via.
1638 1729 1686 1764 Et
1715 1727 1801 1764 dicit
1830 1729 1935 1776 quod
1963 1740 2051 1765 cum
2078 1728 2118 1765 id
2146 1729 2252 1777 quod
2277 1736 2332 1766 est
2358 1729 2397 1767 in
2415 1729 2597 1779 potentia,

1534 1787 1735 1817 moveatur
1763 1780 1811 1817 ab
1841 1793 1886 1817 eo
1916 1781 2021 1828 quod
2050 1789 2105 1818 est
2133 1781 2170 1818 in
2199 1789 2301 1829 actu,
2331 1782 2427 1819 sicut
2455 1781 2598 1820 dictum

1535 1841 1589 1870 est
1603 1834 1635 1880 ⁴⁵,
1653 1832 1973 1870 considerandum
1994 1841 2049 1870 est
2068 1834 2173 1881 quod
2192 1834 2444 1883 multipliciter
2463 1834 2597 1872 dicitur

1533 1885 1674 1934 aliquid
1694 1897 1774 1922 esse
1794 1885 1833 1922 in
1859 1886 2028 1934 potentia
2047 1887 2131 1923 leve
2156 1887 2218 1923 vel
2237 1899 2364 1935 grave.
2385 1887 2474 1924 Uno
2493 1887 2596 1924 enim

1533 1938 1664 1986 modo,
1694 1950 1782 1975 curn
1812 1938 1937 1975 adhuc
1966 1946 2020 1975 est
2049 1951 2168 1988 aqua,
2200 1947 2255 1976 est
2282 1939 2320 1976 in
2351 1939 2520 1988 potentia
2547 1939 2597 1977 ad

1532 1991 1634 2028 leve:
1656 1991 1728 2028 alio
1757 1998 1885 2028 autem
1907 1991 2038 2038 modo,
2060 2003 2147 2028 cum
2171 1991 2247 2028 iam
2277 2004 2322 2029 ex
2350 2004 2450 2040 aqua
2477 1993 2597 2030 factus

1534 2051 1588 2080 est
1607 2056 1683 2090 aer,
1705 2051 1760 2080 est
1778 2051 1907 2081 tamen
1935 2044 2059 2080 adhuc
2086 2044 2125 2081 in
2144 2045 2312 2093 potentia
2330 2045 2380 2082 ad
2398 2053 2526 2082 actum
2545 2045 2596 2082 le-

1531 2096 1601 2143 vis,
1622 2096 1727 2145 quod
1748 2105 1802 2133 est
1825 2109 1907 2133 esse
1927 2109 2088 2143 sursum,
2110 2097 2204 2134 sicut
2223 2098 2368 2134 habens
2386 2098 2560 2135 habitum
2576 2098 2597 2120 '⁸¹

1532 2149 1707 2185 scientiae
1737 2157 1773 2185 et
1801 2161 1879 2186 non
1907 2149 2167 2196 considerans,
2199 2149 2324 2187 adhuc
2353 2149 2487 2187 dicitur
2515 2162 2597 2188 esse

1532 2201 1570 2238 in
1583 2201 1768 2250 potentia;
1790 2202 1968 2250 contingit
1988 2202 2090 2239 enim
2106 2202 2263 2250 quodid
2278 2203 2384 2253 quod
2405 2210 2461 2240 est
2478 2201 2595 2252 leve⁸‚

1531 2254 1759 2303 impediatur
1786 2266 1834 2291 ne
1854 2254 1899 2291 sit
1927 2267 2088 2292 sursum.
2110 2255 2150 2292 Si
2171 2267 2260 2303 ergo
2289 2256 2480 2293 auferatur
2506 2255 2597 2294 illud

1532 2307 1861 2356 impedimentum,
1882 2307 2006 2344 statim
2035 2307 2109 2355 agit
2137 2294 2185 2345 ad
2213 2309 2288 2345 hoc
2311 2309 2415 2357 quod
2445 2309 2492 2346 sit
2517 2321 2598 2347 sur-

1533 2372 1618 2397 sum
1638 2360 1898 2407 ascendendo;
1919 2360 2014 2397 sicut
2043 2361 2155 2397 etiam
2177 2360 2319 2398 dictum
2339 2369 2394 2398 est
2409 2362 2429 2383 *
2449 2361 2487 2399 in
2501 2374 2593 2412 qua-

1532 2413 1643 2460 litate,
1665 2413 1769 2461 quod
1797 2413 1950 2461 quando
1971 2420 2026 2450 est
2053 2413 2164 2462 quale
2193 2413 2231 2459 in
2251 2421 2347 2461 actu,
2369 2414 2493 2452 statim
2517 2422 2596 2452 ten-

1533 2465 1586 2502 dit
1613 2465 1651 2502 in
1680 2478 1788 2502 suam
1827 2466 2036 2512 actionem;
2066 2465 2161 2502 sicut
2188 2466 2247 2503 ille
2276 2466 2342 2514 qui
2370 2473 2425 2504 est
2452 2467 2594 2516 sciens,

1533 2517 1657 2555 statim
1686 2518 1910 2566 considerat,
1931 2518 2001 2555 nisi
2021 2518 2160 2567 aliquid
2186 2519 2396 2567 prohibeat.
2418 2520 2468 2557 Et
2494 2520 2596 2558 simi-

1533 2571 1614 2608 liter
1641 2571 1679 2608 in
1707 2579 1815 2608 motu
1843 2571 2074 2619 quantitatis:
2103 2571 2191 2620 quia
2221 2583 2266 2608 ex
2302 2585 2379 2620 quo
2408 2572 2505 2610 facta
2541 2580 2597 2610 est

1534 2623 1674 2661 additio
1695 2624 1824 2673 quanti
1843 2624 1892 2661 ad
1912 2631 2108 2673 quantum,
2130 2623 2254 2661 statim
2274 2625 2442 2674 sequitur
2470 2632 2596 2663 exten-

1533 2677 1589 2714 sio
1618 2677 1655 2714 in
1685 2689 1844 2726 corpore
1883 2677 2170 2725 augmentabili,
2200 2677 2270 2714 nisi
2298 2677 2437 2726 aliquid
2468 2678 2596 2728 prohi-

1533 2730 1630 2766 beat.
1653 2730 1715 2766 Sic
1736 2742 1825 2777 ergo
1852 2737 1955 2779 patet
1973 2730 2079 2779 quod
2098 2730 2187 2767 illud
2207 2730 2311 2780 quod
2335 2737 2469 2778 movet,
2500 2731 2597 2769 idest

1534 2789 1726 2830 removet,
1755 2784 1830 2819 hoc
1862 2783 1968 2831 quod
1997 2790 2052 2820 est
2078 2783 2286 2832 prohibens
2321 2791 2358 2821 et
2393 2784 2595 2831 sustinens,

1532 2836 1629 2873 idest
1657 2835 1839 2883 detinens,
1861 2835 2151 2885 quodammodo
2185 2844 2318 2873 movet
2346 2843 2383 2873 et
2410 2837 2596 2886 quodam-

1532 2888 1650 2925 modo
1680 2901 1758 2926 non
1786 2896 1936 2926 movet:
1955 2896 2047 2938 puta
2074 2888 2104 2925 si
2131 2889 2307 2926 columna
2335 2889 2515 2927 sustineat
2533 2889 2596 2927 ali-

1531 2941 1635 2990 quod
1654 2953 1781 2989 grave,
1803 2949 1838 2978 et
1857 2941 1909 2978 sic
1928 2941 2110 2991 impediat
2128 2941 2253 2991 ipsum
2273 2941 2514 2990 descendere,
2534 2942 2595 2980 ille

1532 2994 1596 3043 qui
1621 2994 1761 3031 divellit
1789 2995 2021 3042 columnam,
2044 2994 2335 3043 quodammodo
2355 2994 2489 3032 dicitur
2511 3007 2594 3033 rno-

1530 3059 1620 3084 vere
1639 3059 1754 3095 grave
1779 3047 1980 3084 columnae
2006 3047 2288 3096 superpositum
2309 3049 2347 3093 '’;
2373 3054 2408 3085 et
2427 3047 2596 3086 similiter
2623 3055 2632 3065 ·

1531 3100 1589 3137 ille
1618 3103 1682 3149 qui
1712 3107 1884 3137 removet
1909 3099 2075 3148 lapidem
2103 3100 2167 3149 qui
2195 3099 2354 3149 impedit
2382 3113 2522 3150 aquam
2542 3101 2593 3138 ef-

1532 3153 1648 3190 fluere
1665 3165 1686 3190 a
1700 3165 1804 3200 vase,
1817 3152 1951 3190 dicitur
1965 3153 2256 3202 quodammodo
2267 3165 2424 3191 movere
2440 3166 2593 3204 aquarn.

1532 3205 1677 3242 Dicitur
1705 3205 1806 3243 enirn
1844 3217 2000 3243 movere
2029 3217 2098 3255 per
2125 3205 2320 3254 accidens,
2351 3214 2387 3243 et
2415 3219 2493 3244 non
2526 3218 2596 3256 per

1533 3271 1594 3296 se:
1623 3258 1718 3296 sicut
1736 3258 1766 3295 si
1785 3259 1956 3307 sphaera,
1978 3258 2074 3295 idest
2091 3257 2177 3308 pila,
2198 3259 2469 3308 repercutiatur
2487 3272 2594 3309 a-pa·

1534 3311 1642 3360 riete,
1671 3323 1740 3360 per
1768 3311 1943 3348 accidens
1971 3311 2127 3360 quidem
2165 3319 2269 3349 mota
2298 3319 2354 3349 est
2381 3324 2403 3349 a
2430 3312 2592 3362 pariete,

1534 3376 1611 3401 non
1640 3372 1767 3402 autem
1795 3377 1863 3413 per
1891 3376 1952 3411 se;
1982 3364 2048 3402 sed
2077 3373 2099 3401 a
2126 3364 2251 3414 primo
2279 3364 2498 3414 proiiciente
2526 3377 2594 3415 per

1525 3503 1596 3537 facit
1611 3504 1694 3536 ipsum
1713 3511 1797 3537 grave
1815 3503 2074 3534 ACIKMQTVXYa,
2094 3504 2161 3530 illud
2178 3504 2320 3530 secundum
2339 3504 2411 3537 quod
2422 3504 2494 3538 facit
2507 3503 2591 3536 ipsum

424 3541 448 3560 et
467 3536 556 3560 Vener.
580 3536 660 3567 1551,
683 3536 762 3567 1552;
781 3537 817 3561 ad
837 3537 946 3562 talia...
965 3537 1141 3568 aptitudinem
1159 3536 1280 3562 omittunt
1298 3537 1477 3569 ACHIKMQT
1531 3546 1586 3564 esse
1607 3545 1691 3571 grave
1710 3538 1854 3572 HNRZpF,
1874 3539 1941 3564 illud
1959 3539 2030 3572 quod
2041 3539 2114 3573 facit
2133 3539 2217 3572 ipsum
2236 3546 2292 3565 esse

2363 3546 2393 3565 ve
2411 3538 2589 3564 BDGLOSsF.

1584 3573 1609 3608 ὃ)
1629 3574 1700 3606 quod
1718 3577 1757 3599 est
1775 3574 1866 3599 Inte.—
1879 3574 1950 3607 quod
1968 3581 2020 3599 non
2035 3578 2074 3599 est
2092 3575 2147 3599 leve
2165 3574 2311 3607 Alvxvpc
2336 3574 2375 3605 0,
2394 3573 2459 3600 fone
2473 3578 2591 3606 compte

1533 3616 1579 3641 pro
1597 3609 1668 3641 quod
1687 3609 1739 3634 iam
1758 3611 1798 3634 est
1816 3609 1871 3634 leve
1889 3609 1959 3641 quod
1978 3609 2073 3635 habent
2091 3609 2255 3635 HFLNRSZ.

2621 2369 2634 2381 ⁴
2647 2368 2753 2400 Nun-4-

2627 686 2636 694 ·
2652 685 2714 707 idest
2727 691 2748 708 c.

2629 1057 2638 1065 ·
2653 1055 2724 1078 Num.
2737 1060 2814 1084 praec.

2625 1844 2634 1854 ³
2649 1842 2723 1866 Num.
2732 1849 2750 1870 ι,
2759 1849 2781 1866 2.

2624 2103 2633 2112 ·
2647 2101 2840 2124 babdutam

2624 2133 2739 2156 orvxna,
2745 2132 2838 2157 oni-po..
2878 2159 2879 2162 Ἴ
