2840 4004
2425 244 2472 268 VII

297 329 393 370 pag.
418 327 505 362 XXI,
530 314 572 354 in
595 313 741 354 litteris
776 313 855 354 SS.
873 314 927 353 D.
951 313 1003 353 N.
1029 310 1247 351 LEONIS
1280 310 1480 350 PAPAE
1501 311 1638 363 XIII).
1673 311 1836 350 Verum
1861 310 1963 364 quid
1998 311 2138 364 operis
2174 317 2215 351 et
2246 311 2405 352 laboris
2432 311 2474 351 in

299 375 552 417 adornando
576 375 658 415 hoc
692 374 883 415 secundo
917 372 1136 413 volumine
1159 385 1183 411 a
1206 371 1331 411 nobis
1365 378 1611 424 susceptum
1645 372 1708 419 sit,
1733 372 1861 425 paulo
1896 372 2029 412 fusius
2063 372 2224 426 aperire
2253 372 2472 413 debemus.

423 438 545 477 quta
578 436 828 477 methodum
861 439 1073 474 servatam
1107 433 1148 472 in
1183 432 1360 472 edendis
1396 433 1709 473 commentariis
1742 446 1871 486 super
1902 433 2035 473 libros
2068 434 2476 474 Perz'Hermenez'as

302 505 343 540 et
374 499 664 539 Posteriorum
695 496 1039 548 Analytzkorum,
1076 493 1248 534 cuilibet
1279 493 1449 534 lectioni
1483 494 1650 534 titulum
1683 495 1974 548 praefiximus;
2014 508 2063 534 ac
2095 495 2266 535 lectioni
2299 496 2396 550 ipsi,
2432 496 2473 535 in

302 561 523 601 distinctos
557 571 758 600 numeros
791 556 1061 603 distributae,
1094 555 1309 608 synopszm
1341 555 1653 608 praemisimus,
1689 562 1735 595 ut
1767 569 1853 596 uno
1888 556 2018 596 veluti
2051 556 2203 596 intuitu
2236 562 2327 597 tota
2347 557 2473 597 lectio

302 622 359 662 ob
394 622 544 662 oculos
577 624 816 673 poneretur.
850 618 1068 671 Integrum
1097 616 1252 656 deinde
1275 622 1437 656 textum
1462 617 1864 657 commentariorum
1889 617 2078 672 diligenti
2103 618 2287 658 examini
2309 618 2473 659 submi-

301 684 446 730 simus,
479 683 705 734 ipsumque
738 678 890 719 sedulo
925 677 1266 732 comparavimus
1289 683 1380 718 tum
1414 691 1510 717 curn
1545 677 1785 729 codicibus,
1801 684 1891 718 tum
1915 692 2011 718 cum
2034 678 2293 719 editionibus
2316 680 2474 720 Pianae

299 742 601 789 anterioribus,
650 741 794 781 habita
826 740 951 780 simul
985 739 1147 780 ratione
1194 752 1282 779 non
1315 739 1456 780 solum
1503 738 1740 795 doctrinae·
1769 753 1898 793 quam
1938 752 1991 779 ex
2024 740 2255 780 Aristotele
2300 741 2476 795 exponit

298 818 330 844 s.
355 803 547 843 Thomas
581 802 724 856 (quod
758 802 800 842 in
833 814 877 842 re
911 801 964 841 de
998 814 1083 854 qua
1115 800 1265 855 agitur,
1300 813 1470 854 semper
1502 801 1674 840 maximi
1715 801 1920 841 momenti
1955 814 2050 841 esse
2083 802 2360 856 putavimus),
2396 802 2474 843 sed

299 865 424 905 etiam
458 864 590 918 ipsius
623 869 763 904 textus
797 862 1066 910 Aristotelici,
1103 875 1270 902 necnon
1303 862 1502 915 antiquae
1536 862 1746 902 versionis
1779 862 1944 902 latinae.

251 918 253 921 ’
422 927 469 966 In
492 926 574 966 hoc
601 938 718 980 ergo,
742 925 851 965 sicut
872 924 914 964 in
938 924 1065 978 priori
1088 924 1322 971 volumine,
1358 929 1520 963 textum
1542 936 1744 977 graecum
1779 923 1842 963 ed.
1869 923 2005 963 Didot
2029 922 2131 978 (qua
2154 924 2279 964 etiam
2304 925 2346 965 in
2370 926 2471 966 cita-

297 987 486 1028 tionibus
509 987 574 1027 usi
596 986 761 1041 sumus)
783 986 961 1041 singulis
984 985 1237 1026 lectionibus
1259 984 1606 1039 praeposuimus:
1632 984 1697 1024 cui
1727 985 1767 1024 in
1790 985 1882 1025 lect.
1907 987 1987 1025 3-6
2010 985 2080 1025 lib.
2100 985 2180 1024 VII
2203 986 2377 1026 alteram
2407 1001 2473 1028 re-

299 1049 545 1090 censionem
569 1047 851 1096 adiunximus,
871 1050 981 1101 quae
997 1047 1038 1087 in
1055 1047 1168 1087 calce
1184 1047 1436 1101 paginarum
1458 1046 1612 1101 legitur
1633 1046 1675 1086 in
1695 1046 1759 1086 ed.
1774 1047 1915 1086 Prantl
1941 1048 2054 1099 1879
2072 1045 2216 1099 (Lips.‚
2235 1049 2471 1103 Teubner):

297 1110 395 1151 huic
429 1110 542 1151 enim
574 1110 723 1158 textui,
742 1123 829 1150 non
852 1109 1037 1164 longiori
1065 1108 1212 1156 Didot,
1236 1107 1470 1161 respondet
1501 1107 1572 1147 illo
1606 1108 1648 1147 in
1679 1107 1776 1148 loco
1810 1108 1952 1147 versio
1993 1121 2123 1161 quam
2158 1116 2471 1150 commentatus

300 1177 364 1212 est
386 1173 614 1212 s.Doctor.
645 1172 874 1211 Monemus
907 1177 1050 1211 tamen
1087 1175 1133 1210 ut
1171 1183 1258 1209 non
1297 1169 1438 1209 statim
1473 1169 1568 1222 quis
1601 1174 1791 1209 veterem
1825 1169 2096 1223 interpretem
2129 1168 2364 1224 imperitiae
2398 1178 2471 1212 aut

249 1233 251 1236 ’
298 1233 483 1273 incuriae
510 1238 672 1287 arguat,
699 1227 751 1272 ex
775 1246 826 1272 eo
852 1232 971 1285 quod
995 1232 1084 1272 eius
1107 1231 1250 1271 versio
1285 1245 1381 1271 cum
1415 1236 1532 1271 textu
1551 1230 1688 1270 Didot
1720 1236 1792 1270 aut
1825 1231 1967 1271 Prantl
1989 1231 2222 1284 aliquando
2247 1246 2334 1272 non
2368 1247 2471 1273 con-

299 1293 463 1334 cordat:
498 1294 747 1348 saepissime
771 1294 883 1334 enim
916 1293 1155 1334 invenietur
1186 1292 1508 1332 fundamentum
1538 1292 1579 1332 in
1604 1292 1867 1332 variantibus
1902 1292 2099 1332 codicum
2133 1294 2201 1333 vel
2237 1294 2472 1335 editionum

298 1349 469 1396 habere.
503 1356 565 1395 Ita
596 1356 667 1396 lib.
686 1356 715 1403 Ι,
739 1361 839 1396 text.
861 1357 929 1404 28,
952 1356 1087 1396 verba
1116 1354 1253 1394 Didot
1285 1354 1310 1390 'n‘
1340 1356 1374 1391 ἐν
1407 1357 1435 1404 ᾠ
1465 1355 1481 1391 ὁ
1510 1356 1615 1404 λόγος
1645 1354 1795 1404 ὑπάρχει
1826 1356 1854 1403 ᾠ
1885 1354 2137 1403 συμβέβηκεν,
2175 1369 2286 1408 quae
2320 1369 2397 1396 nec
2431 1356 2473 1396 in

299 1417 499 1457 versione
538 1417 748 1457 habentur
780 1430 857 1457 nec
889 1431 915 1456 a
946 1430 978 1456 s.
1003 1416 1173 1456 Thoma
1200 1416 1470 1470 legebantur,
1496 1415 1651 1455 desunt
1683 1415 1725 1455 in
1750 1414 1814 1455 ed.
1850 1415 2084 1455 Tauchnitz
2108 1415 2300 1470 (Lipsiae
2341 1418 2470 1472 1831)

302 1483 343 1518 et
379 1477 421 1517 in
461 1477 584 1518 codd.
609 1478 883 1518 Bekkerianis
906 1478 973 1518 FI.
998 1479 1036 1518 E
1073 1482 1230 1524 contra,
1265 1477 1336 1517 lib.
1375 1477 1466 1525 VII,
1492 1482 1591 1517 text.
1625 1490 1657 1525 1,
1682 1476 1815 1516 verba
1848 1476 1974 1517 aliud
2001 1477 2112 1516 enim
2159 1479 2244 1519 erit
2280 1492 2471 1527 movens,

300 1551 412 1592 quae
444 1538 559 1592 apud
592 1539 729 1579 Didot
761 1552 847 1579 non
882 1544 1118 1585 occurrunt,
1154 1538 1426 1578 inveniuntur
1455 1538 1497 1578 in
1532 1538 1597 1578 ed.
1620 1538 1764 1578 Prantl
1799 1544 1840 1578 et
1872 1538 1913 1577 in
1948 1537 2071 1578 codd.
2098 1539 2173 1581 Bk.
2199 1540 2286 1580 EF.
2317 1541 2364 1580 In
2386 1541 2469 1580 fine

299 1599 426 1640 etiam
458 1600 528 1640 lib.
552 1600 605 1648 V,
641 1600 832 1654 repetitio
867 1612 977 1653 quae
1010 1599 1052 1638 in
1085 1599 1284 1638 versione
1326 1599 1526 1647 occurrit,
1557 1599 1711 1653 legitur
1743 1599 1785 1639 in
1817 1599 1951 1639 tribus
1995 1599 2216 1642 codicibus
2259 1601 2336 1642 Bk.
2369 1602 2470 1642 FHI

301 1659 406 1714 (vid.
431 1674 463 1701 s.
487 1661 566 1701 Th.
591 1661 704 1710 ibid„
730 1667 771 1701 et
794 1665 940 1701 notam
969 1661 1020 1713 θ).
1054 1660 1201 1700 Verba
1233 1673 1387 1714 graeca
1411 1660 1536 1700 etiam
1570 1673 1699 1713 saepe
1733 1661 1958 1708 variantur,
1984 1667 2030 1700 ut
2063 1662 2103 1701 in
2131 1663 2200 1703 lib.
2225 1664 2254 1711 Ι,
2279 1669 2378 1704 text.
2401 1676 2470 1712 20,

298 1722 371 1762 ubl
395 1735 472 1775 pro
497 1729 526 1760 οἱ
547 1723 682 1774 ὕστερῡι
704 1726 774 1761 τῶν
798 1724 972 1774 ἀρχαίων,
997 1721 1186 1762 Tauchn.
1204 1734 1300 1761 cum
1324 1720 1448 1761 codd.
1474 1722 1529 1760 ΡΙ
1553 1727 1582 1758 οἱ
1603 1721 1747 1771 ὕστερον
1768 1723 1927 1771 καθάπερ
1954 1728 1982 1758 εἰ
2005 1723 2160 1773 ἀρχαῖοι;
2194 1730 2235 1764 et
2263 1724 2332 1765 lib.
2356 1725 2469 1772 VIII,

298 1789 397 1824 text.
417 1786 582 1838 62‚pro
607 1789 661 1835 τῷ
682 1784 755 1835 ὅλῳ
779 1785 892 1832 Did..
927 1783 1105 1824 Tauchn
1140 1788 1181 1823 et
1213 1783 1354 1822 Prantl
1390 1786 1443 1833 τῷ
1471 1784 1571 1832 λόγῳ
1597 1782 1770 1830 habent;
1796 1783 1983 1836 itemque
2008 1783 2162 1824 eodem
2185 1785 2255 1825 lib.
2274 1791 2372 1825 text.
2399 1788 2469 1834 83,

287 1861 376 1903 ‚pro
412 1847 493 1896 πρὸς
524 1847 674 1893 ἐκείνου,
706 1848 788 1897 πρὸς
819 1846 927 1884 ἐκεῖνο
961 1845 1109 1899 legunt
1143 1844 1285 1884 Prantl
1325 1850 1366 1884 et
1404 1843 1528 1884 codd.
1560 1843 1696 1884 EHK.
1731 1844 1778 1883 In
1812 1843 1931 1899 siglis
1973 1857 2083 1897 quae
2122 1846 2177 1886 ad
2220 1846 2469 1887 declaratio-

298 1923 397 1950 nem
421 1907 685 1955 adhibentur,
720 1907 878 1947 similes
901 1907 1114 1947 variantes
1148 1911 1390 1946 occurrunt:
1426 1905 1486 1945 sic
1506 1905 1586 1947 lib.
1610 1905 1682 1955 VI,
1708 1911 1806 1945 text.
1836 1906 1906 1954 82,
1941 1918 2019 1958 pro
2055 1910 2154 1958 παρὰ
2185 1910 2309 1947 πάντα
2342 1911 2390 1947 τοὶ
2411 1914 2465 1955 B,

299 1970 423 2012 codd.
447 1969 526 2009 FK
559 1970 659 2019 παρὰ
689 1970 812 2006 πάντα
844 1970 892 2006 τὰ
921 1972 966 2006 Α.
1001 1966 1198 2007 Tandem
1229 1966 1332 2007 illud
1363 1980 1450 2007 non
1482 1966 1916 2020 praetermittendum,
1940 1967 2074 2007 verba
2095 1968 2339 2009 Aristotelis
2372 1983 2467 2010 sae-

298 2032 472 2087 pissime
505 2030 624 2070 aliter
656 2029 822 2083 punctis
841 2029 1059 2083 'distingui
1092 2041 1234 2083 posse,
1258 2042 1388 2082 quam
1411 2028 1452 2068 in
1486 2028 1673 2068 editione
1707 2028 1843 2068 Didot
1866 2028 2062 2068 distincta
2094 2036 2208 2070 sunt:
2237 2044 2324 2084 quo
2358 2031 2468 2072 facto

298 2094 439 2134 versio
475 2091 669 2146 originali
711 2090 787 2130 rite
827 2090 1085 2143 respondere
1120 2089 1448 2144 deprehenditur
1482 2089 1551 2143 (cf.
1575 2089 1645 2130 lib.
1670 2091 1698 2138 I,
1723 2095 1822 2130 text.
1850 2090 1936 2143 12).

420 2153 678 2193 Versionem
710 2151 958 2191 retinuimus
993 2164 1103 2204 quae
1127 2151 1169 2191 in
1191 2151 1325 2191 Piana
1351 2151 1592 2191 exhibetur:
1627 2151 1864 2205 inspicienti
1889 2152 2001 2192 enim
2023 2152 2142 2192 facile
2164 2154 2327 2207 patebit
2350 2154 2468 2207 quod

299 2228 350 2256 ea
372 2215 464 2268 ipsa
496 2213 566 2261 sit,
602 2225 731 2266 quam
764 2212 911 2252 habuit
945 2217 985 2252 et
1018 2218 1328 2252 commentatus
1363 2218 1427 2252 est
1454 2226 1486 2252 s.
1510 2212 1715 2253 Thomas.
1750 2213 1994 2266 Aliqualem
2028 2220 2170 2254 tamen
2205 2215 2469 2255 emendatio-

297 2289 395 2316 nem
427 2275 614 2322 fecimus,
649 2273 896 2313 auctoritate
929 2273 1020 2312 freti
1053 2273 1178 2312 trium
1213 2273 1429 2321 codicum,
1465 2286 1618 2327 nempe
1641 2274 1738 2314 Vat.
1758 2285 1889 2327 2071,
1914 2275 2010 2326 Vat.
2032 2286 2148 2328 2072
2186 2282 2226 2316 et
2249 2277 2352 2317 Urb.
2380 2279 2468 2317 206

298 2336 458 2391 (codex
481 2335 521 2387 Q
545 2334 836 2378 commentarii
869 2347 902 2374 s.
921 2334 1134 2382 Thomae;
1164 2334 1249 2374 vid.
1274 2333 1410 2389 infra);
1445 2347 1754 2388 nonnunquam
1791 2336 1918 2376 etiam
1949 2337 2014 2376 usi
2050 2337 2295 2392 fragmentis
2329 2344 2469 2379 textus

296 2397 558 2444 Aristotelis,
583 2409 694 2450 quae
716 2395 758 2435 in
778 2395 880 2449 ipsis
904 2395 1156 2435 commentis
1180 2402 1415 2436 occurrunt.
1451 2396 1564 2435 Ante
1598 2396 1742 2436 omnia
1769 2397 2030 2438 correximus
2065 2412 2228 2439 errores
2262 2405 2468 2454 typogra-

295 2459 445 2514 phicos
478 2464 520 2499 et
551 2463 717 2512 apertas
752 2457 1043 2510 corruptiones
1077 2470 1187 2510 quae
1209 2457 1366 2496 Pianae
1395 2457 1658 2511 irrepserant.
1692 2458 1861 2498 Talium
1892 2459 2203 2500 correctionum
2226 2461 2468 2515 exemplum

231 2536 233 2538 ·
296 2521 430 2561 habes
462 2520 532 2560 lib.
556 2520 594 2567 I,
629 2524 728 2559 text.
753 2517 792 2567 5,
826 2518 899 2558 ubi
933 2531 1011 2572 pro
1045 2520 1177 2558 totum
1211 2518 1321 2558 enim
1355 2518 1663 2571 quodammodo
1695 2522 1739 2559 et
1766 2519 2005 2560 mdzzctzbzcte
2035 2521 2266 2574 §tgnfflcaa
2303 2523 2461 2563 substi-

298 2582 455 2622 tuimus
489 2584 622 2621 totum
653 2580 765 2620 enim
797 2579 1011 2632 quoddam
1044 2582 1087 2619 et
1114 2579 1352 2620 zbzdzktincte
1382 2580 1648 2633 signficant,·
1682 2586 1723 2620 et
1754 2581 1823 2621 lib.
1852 2582 1964 2630 VIII,
1999 2587 2098 2622 text.
2125 2593 2193 2634 72,
2229 2583 2302 2623 ubi
2335 2584 2469 2624 verba

299 2646 342 2683 et
364 2642 540 2697 factum
572 2644 637 2682 est
655 2641 800 2681 album
822 2646 920 2681 ante
942 2643 985 2681 et
1000 2640 1177 2694 factum
1199 2644 1264 2682 est
1281 2654 1364 2681 non
1388 2641 1533 2681 album
1556 2641 1822 2682 inseruimus.
1846 2643 2015 2683 Deinde
2038 2643 2264 2684 lectionem
2286 2645 2464 2685 Pianam

301 2703 571 2750 mutavimus,
601 2702 675 2742 ubi
699 2702 922 2742 constabat
954 2716 985 2742 s.
1010 2702 1090 2742 Th.
1114 2702 1232 2742 aliter
1263 2703 1430 2757 legisse.
1467 2702 1539 2743 Sic
1562 2703 1631 2742 lib.
1655 2703 1767 2751 VIII,
1790 2709 1908 2744 textu
1934 2715 2002 2757 70,
2038 2705 2219 2758 legimus
2246 2705 2469 2746 distinctus
2496 2734 2511 2744 ⁴

299 2765 411 2805 enim
442 2762 569 2811 slatu,
605 2763 701 2803 loco
736 2762 898 2803 reditus
929 2764 1040 2803 enim
1071 2764 1228 2810 statuz}
1261 2770 1302 2803 et
1334 2770 1450 2804 textu
1487 2775 1555 2817 77,
1581 2765 1892 2812 auto-kanaam,
1929 2766 2026 2806 loco
2060 2766 2261 2820 simplicis
2295 2768 2466 2808 cz'nesz'm

299 2826 467 2866 Pianae.
513 2824 773 2864 Huiusmodi
807 2824 1063 2864 mutationes
1099 2824 1361 2879 quandoque
1395 2825 1569 2879 quidem
1604 2826 1778 2866 minoris
1813 2827 2018 2867 momenti
2051 2834 2170 2876 sunt;
2205 2828 2468 2882 quandoque

297 2899 403 2927 vero
437 2886 616 2926 multum
650 2886 692 2925 in
714 2885 972 2926 intellectum
1006 2886 1297 2926 commentarii
1331 2887 1522 2927 influunt.
1547 2887 1634 2928 Ubi
1656 2887 1798 2928 versio
1823 2889 2128 2929 commentario
2163 2890 2464 2943 respondebat,

298 2948 437 2988 minus
461 2947 701 2988 curavimus
726 2947 779 2988 de
802 2946 1032 2987 concordia
1066 2961 1162 2988 cum
1194 2954 1311 3000 textu
1345 2961 1502 3003 graeco
1546 2949 1820 2997 stabilienda,
1862 2950 2030 2989 attentis
2064 2951 2313 3004 praesertim
2353 2965 2464 3005 quae

298 3022 427 3063 supra
458 3009 703 3049 notavimus
725 3008 778 3048 de
811 3008 1073 3049 variantibus
1106 3009 1239 3062 ipsius
1272 3015 1435 3050 textus:
1459 3010 1619 3063 aliquid
1652 3016 1795 3050 tamen
1817 3011 2143 3064 praestituimus,
2168 3012 2245 3052 sed
2268 3025 2345 3066 pro
2376 3026 2465 3053 ma-

299 3070 413 3110 xima
444 3075 563 3123 parte
596 3070 638 3110 in
672 3069 799 3110 rebus
833 3070 1007 3110 minoris
1042 3071 1259 3111 momenti.
1295 3071 1382 3112 Ubi
1415 3071 1575 3111 litterae
1608 3071 1662 3112 ad
1697 3071 2025 3113 declarationem
2067 3073 2332 3122 inducuntur,
2369 3087 2465 3115 cum

301 3130 580 3184 discrepantia
600 3131 643 3171 in
661 3131 879 3171 codicibus
902 3131 1112 3172 versionis
1137 3132 1299 3180 existat,
1317 3146 1389 3173 eas
1411 3133 1615 3173 lectiones
1638 3133 1770 3174 secuti
1794 3147 1954 3182 sumus,
1972 3147 2083 3187 quae
2105 3134 2310 3188 adoptato
2334 3135 2465 3175 textui

300 3203 333 3231 S.
356 3191 550 3232 Thomae
583 3192 882 3246 respondeant.
918 3193 1130 3241 Ceterum,
1158 3194 1415 3248 regulariter,
1440 3194 1514 3234 ubi
1546 3194 1679 3235 Piana
1711 3195 1907 3235 sustineri
1940 3201 2126 3249 poterat,
2163 3208 2256 3235 eam
2291 3208 2462 3236 conser-

299 3251 515 3300 vavimus,
551 3253 714 3293 etiamsi
749 3253 918 3294 codices
942 3254 1285 3295 emendationem
1317 3255 1504 3309 aliquam
1527 3256 1828 3310 suggerebant.
1853 3258 1987 3297 Porro
2012 3256 2269 3296 mutationes
2297 3263 2468 3297 nostras

300 3325 471 3366 semper
502 3325 556 3352 ex
587 3313 774 3353 fontibus
807 3327 935 3367 supra
955 3315 1154 3360 ,indicatis
1178 3316 1532 3370 deprompsimus.
1557 3318 1604 3357 In
1637 3317 1850 3358 rarissimo
1884 3318 1993 3364 loco,
2029 3317 2176 3370 quales
2210 3318 2284 3358 vix
2317 3317 2466 3358 decem

299 3379 421 3414 erunt
453 3385 528 3427 per
559 3378 696 3414 totum
718 3374 934 3422 volumen,
969 3376 1042 3416 ubi
1077 3376 1200 3417 codd.
1226 3378 1359 3418 nostri
1394 3377 1658 3427 deficiebant,
1685 3374 1852 3431 ¹aliquid
1885 3378 2146 3418 restituimus
2181 3392 2234 3419 ex
2268 3379 2466 3420 conside-

297 3435 460 3475 ratione
493 3435 739 3488 praesertim
774 3436 1075 3476 commentarii.
1121 3437 1219 3478 Hoc
1253 3438 1386 3479 modo
1421 3439 1492 3479 lib.
1516 3440 1636 3487 VIII,
1680 3445 1797 3479 textu
1831 3438 1910 3487 35,
1954 3439 2178 3493 posuimus
2218 3440 2360 3494 {psum
2382 3443 2470 3494 per

297 3496 482 3549 sez‘p5um
522 3509 692 3536 movens
733 3509 844 3544 esse,
880 3497 976 3537 loco
1010 3497 1167 3537 Pianae
1199 3499 1338 3552 ipsum
1386 3501 1572 3554 seipsum
1613 3513 1783 3540 movens
1825 3513 1940 3547 esse:
1972 3500 2019 3541 cf.
2053 3506 2152 3541 text.
2185 3515 2389 3556 graecum
2424 3507 2465 3542 et

254 3587 258 3590 .
299 3569 332 3596 s.
355 3557 434 3597 Th.
459 3557 629 3597 ibidem.
654 3558 748 3597 Hac
770 3558 897 3612 igitur
919 3558 1217 3599 emendatione
1239 3559 1361 3608 facta,
1389 3560 1656 3617 invenientur
1687 3560 1862 3614 quidem
1885 3561 2089 3603 nonnulla
2116 3562 2210 3603 loca
2237 3563 2461 3610 versionis,
