2950 4004
237 2763 245 2771 ·
261 2762 322 2783 Lect.
339 2767 410 2788 praec.

237 2795 259 2809 n.
275 2789 288 2809 6
303 2794 353 2815 sqq.

238 3085 248 3094 ⁸
264 3083 332 3105 Num.
348 3089 394 3109 seq.

242 3244 250 3252 ·
267 3243 309 3263 hoc
323 3249 369 3264 om.
385 3242 434 3263 rab.

243 3342 253 3351 ⁴
269 3343 293 3362 ut
307 3347 353 3362 om.
364 3348 453 3363 ozi-nux

244 3373 311 3389 uuaz.

243 3447 253 3456 ⁸
269 3448 328 3473 agat
341 3452 375 3467 zo.

471 258 519 292 90

1096 238 1439 276 PHYSICORUM
1467 236 1815 274 ARISTOTELIS
1846 237 1940 273 LIB.
1971 238 2002 273 II

1145 453 1444 509 LECTIO
1481 453 1964 508 DUODECIMA

860 609 990 640 RATIO
1010 607 1163 638 EORUM
1188 606 1263 644 QUI
1287 605 1466 636 NEGANT
1485 605 1700 636 NATURAM
1723 605 1868 636 AGERE
1891 592 2091 637 PROPTER
2114 606 2247 636 FINEM

469 740 614 774 Λεκτέον
641 736 683 776 δή
710 740 841 783 πρῶτον
874 738 931 781 μὲν
957 733 1048 767 διότι
1073 737 1093 772 ἡ
1120 735 1213 778 φύσις
1243 736 1309 767 τῶν
1342 733 1441 766 ἕνεκά
1465 746 1524 766 του

536 786 666 824 αἰτίων,
687 784 809 816 ἔπειτα
834 784 906 823 περὶ
924 781 984 813 τοῦ
1012 781 1213 825 ἀναγκαίου,
1233 780 1301 816 πῶς
1319 778 1388 823 ἔχει
1405 779 1438 810 ἐν
1455 782 1525 816 τοῖς

535 833 692 873 φυσικοῖς·
719 828 762 865 εἰς
787 827 850 872 γάρ
877 824 1010 860 ταύτην
1030 823 1093 860 τήν
1118 824 1234 854 αἰτίαν
1254 821 1416 868 ἀνάγουσι
1442 822 1526 854 παν·

536 885 607 914 τες,
635 872 705 912 ὅτι,
733 867 850 906 ἐπειδὴ
876 869 917 901 τό
943 868 1059 912 θερμὸν
1085 862 1211 900 τοιονδὶ
1238 866 1375 911 πέφυκε,
1401 869 1458 899 καὶ
1485 867 1526 898 τὸ

535 917 656 962 ὼυχρόν
682 918 737 947 καὶ
760 914 904 946 ἕκαστον
922 908 964 948 δή
983 913 1049 944 τῶν
1069 911 1248 952 τοιούτων,
1269 907 1351 944 ταδὶ
1368 910 1402 952 ἐξ
1423 911 1528 957 ἀνοίγ-

533 951 591 998 κης
618 962 690 992 ἐστὶ
714 961 771 990 καὶ
795 961 963 1004 γίγνεται·
994 958 1052 988 καὶ
1084 956 1148 1002 γαρ
1180 956 1238 988 ἑοὶν
1273 956 1376 993 ἄλλην
1411 957 1526 989 αἰτίαν

531 1008 687 1046 εἴπωσιν,
723 1003 797 1035 ὅσον
831 1001 995 1045 ἁψάμενοι
1024 1003 1152 1045 χαίρειν
1183 1001 1297 1040 ἐῶσιν,
1329 1002 1345 1032 ὁ
1371 1001 1429 1045 μὲν
1463 1000 1526 1036 τήν

535 1051 644 1093 φιλίαν
668 1050 724 1079 καὶ
752 1047 791 1079 τό
818 1051 935 1086 νεῖκος,
964 1046 979 1077 ὀ
1005 1040 1042 1076 δὲ
1066 1045 1125 1078 τὸν
1151 1045 1239 1077 νοῦν.

461 1131 556 1174 ’Έχει
585 1128 612 1159 δ’
645 1128 711 1160 ἀπο
734 1130 786 1158 ίαν
820 1129 852 1158 τί
881 1125 1003 1156 κωλύει
1038 1125 1102 1161 τήν
1132 1124 1227 1168 φύσιν
1259 1125 1306 1169 μή
1338 1124 1436 1157 ἕνεκά
1468 1135 1528 1157 του

534 1176 639 1204 ποιεῖν
665 1184 708 1216 μη
733 1173 739 1183 ’
764 1169 817 1202 ὅτι
844 1170 998 1210 βέλτιον,
1028 1170 1097 1202 ἀλλ’
1125 1169 1235 1211 ὥσπερ
1262 1169 1310 1201 ὕει
1329 1170 1345 1201 ὀ
1362 1170 1440 1207 Ζευς
1466 1169 1530 1215 οὐχ

535 1216 622 1253 ὅπως
648 1216 706 1249 τὸν
732 1219 826 1248 σῖτον
859 1214 1013 1256 αὐξήσῃ,
1043 1214 1116 1246 ἀλλ’
1147 1213 1180 1254 ἐξ
1208 1213 1371 1259 ἀνάγκης·
1399 1214 1439 1246 τᾶ
1465 1214 1529 1258 γάρ

536 1260 682 1306 ἀναχθὲν
707 1259 873 1305 ψυχθῆναι
899 1255 962 1299 δεῖ,
985 1261 1043 1290 καὶ
1069 1258 1109 1291 τό
1134 1257 1256 1303 ψυχθὲν
1284 1257 1368 1300 ὕδωρ
1393 1258 1531 1304 γενόμε-

534 1317 588 1337 νον
612 1305 801 1337 κατελθεῖν·
829 1303 869 1336 τὸ
894 1299 922 1335 δ’
953 1302 1161 1343 αὐξάνεσθαι
1191 1302 1317 1335 τούτου
1349 1302 1529 1347 γενομένου

535 1350 594 1382 τὸν
613 1353 705 1382 σῖτον
724 1349 909 1393 συμβαίνει.
933 1348 1073 1390 Ὁμοίως
1090 1343 1128 1379 δὲ
1144 1349 1201 1378 καὶ
1224 1347 1253 1378 εἴ
1270 1359 1315 1388 τῳ
1336 1346 1530 1379 ἀπόλλυται

477 1392 484 1402 “
536 1395 551 1426 ὁ
577 1398 668 1431 σῖτος
695 1396 727 1427 ὲν
753 1395 797 1434 τῇ
821 1392 902 1433 ἅλῳ,
923 1392 959 1423 οὗ
986 1391 1112 1424 τούτου
1140 1390 1237 1423 ἕνεκα
1264 1390 1312 1422 ὕει
1335 1390 1423 1429 ὅπως
1446 1390 1532 1424 ἀπό-

533 1441 659 1479 ληται,
695 1438 785 1471 ἀλλά
816 1438 921 1470 τοῦτο
953 1436 1176 1480 συμβέβηκεν.
1208 1434 1311 1468 ‘'QG-rs
1345 1437 1377 1467 τί
1409 1435 1530 1467 κ’ωλύει

535 1482 623 1515 οὕτω
652 1485 709 1515 καὶ
743 1483 790 1515 τοὶ
821 1480 901 1525 μέρη
935 1479 1022 1524 ἔχειν
1056 1482 1088 1513 ἒν
1122 1480 1168 1523 τῇ
1200 1479 1315 1524 φύσεις
1349 1480 1417 1510 οἷον
1450 1479 1529 1517 τούς

536 1526 678 1566 ὀδόντας
705 1526 738 1568 ἐξ
766 1525 913 1572 ἀνάγκης
941 1527 1121 1558 ἀνατεῖλαι
1138 1524 1217 1561 τούς
1236 1524 1294 1567 μὲν
1313 1523 1531 1568 ἐμπροσθίους

536 1570 631 1612 ὀξεῖς,
652 1566 862 1608 ἐπιτηδείους
886 1571 966 1612 πρὸς
986 1570 1027 1602 τό
1044 1565 1196 1613 διαιρεῖν,
1215 1568 1294 1606 τους
1312 1563 1349 1600 δὲ
1371 1571 1530 1615 γομφίους

535 1617 675 1654 πλατεῖς
693 1617 750 1647 καὶ
764 1618 947 1669 χρησίμους
974 1615 1054 1657 προς
1080 1614 1121 1647 τό
1145 1615 1289 1645 λεαίνειν
1308 1612 1371 1649 τήν
1391 1611 1529 1656 τροφήν,

535 1661 607 1691 ἐπεὶ
637 1662 674 1693 οὐ
709 1671 834 1692 τουτου
868 1658 965 1691 ἕνεκα
998 1658 1173 1703 γενέσθαι,
1209 1657 1300 1690 ἀλλά
1335 1661 1528 1701 συμπεσεῖν.

531 1706 668 1747 Ὁμοίως
695 1699 732 1735 δὲ
756 1707 813 1736 καὶ
832 1706 903 1747 περὶ
930 1705 996 1737 τῶν
1020 1703 1129 1735 ἄλλων
1147 1702 1265 1746 μερῶν,
1283 1702 1315 1733 ἐν
1335 1701 1422 1739 ὅσοις
1440 1696 1533 1733 δοκεῖ

535 1748 696 1795 ὑπάρχειν
715 1749 757 1781 τὸ
772 1748 870 1780 ἕνεκα
887 1759 959 1780 του.
975 1747 1083 1779 ’Ὀπου
1101 1747 1159 1791 μὲν
1176 1745 1231 1778 οὖν
1250 1745 1391 1779 ἅπαντα
1409 1745 1529 1786 συνέβη

533 1792 642 1839 ὥσπερ
666 1792 729 1826 κᾶν
747 1794 775 1824 εἱ
801 1792 899 1825 ἕνεκα
924 1805 984 1824 του
1011 1793 1178 1838 ἐγίγνετο,
1197 1791 1314 1823 ταῦτα
1339 1790 1398 1833 μὲν
1424 1789 1529 1827 ἐσώθη

536 1838 604 1870 ἀπὸ
630 1840 692 1872 τοῦ
720 1837 922 1880 αὐτομάτου
955 1836 1134 1869 συστάντα
1165 1829 1376 1872 ἐπιτηδείως·
1405 1834 1469 1867 ὅσα
1494 1830 1531 1866 δὲ

534 1883 579 1921 μή
606 1883 726 1922 οὕτως,
748 1881 908 1914 ἀπώλετο
933 1884 990 1913 καὶ
1012 1880 1221 1921 ἀπόλλυται,
1239 1878 1532 1923 καθάπερἘμπε-

533 1926 656 1965 δοκλῆς
685 1926 776 1971 λέγει
807 1925 854 1959 τοὶ
878 1927 1023 1972 βουγενῆ
1055 1920 1286 1969 ἀνδρόπρωρα.
1320 1925 1356 1954 Ὀ
1381 1924 1439 1967 μὲν
1472 1922 1529 1956 οὖν

533 1971 646 2018 λόγος,
668 1972 690 2013 ᾧ
719 1972 757 2004 ἂν
784 1983 833 2008 τις
862 1970 1074 2015 ἀπορήσειεν,
1097 1969 1207 2010 οὗτος,
1225 1970 1282 2000 καὶ
1308 1970 1338 1999 εἴ
1362 1979 1411 2005 τις
1432 1968 1531 2005 ἄλλος

535 2016 692 2054 τοιοῦτός
717 2017 822 2048 ἐστιν’

521 2114 660 2141 SYNOP51s
676 2129 710 2132 —
732 2121 754 2139 1.
777 2113 858 2139 Duae
880 2109 1076 2147 quaestiones:
1098 2115 1195 2137 utrum
1216 2115 1318 2137 namra
1338 2114 1403 2145 agat
1416 2114 1535 2144 propter

469 2153 566 2188 finem,
579 2159 606 2180 et
615 2159 710 2180 utrum
722 2150 876 2179 necessitas
887 2159 984 2178 rerum
998 2149 1172 2177 naturalium
1187 2157 1300 2185 semper
1312 2146 1347 2176 sit
1358 2157 1391 2175 ex
1402 2147 1530 2182 materia,

468 2193 512 2220 vel
533 2192 618 2220 etiam
640 2201 673 2219 ex
694 2191 756 2219 aliis
771 2190 871 2218 causis.
887 2206 906 2211 -
922 2197 948 2217 2.
964 2190 1071 2217 Textus
1091 2188 1203 2216 divisio.
1219 2205 1238 2209 —
1255 2189 1281 2216 3.
1299 2187 1375 2222 Quia
1395 2194 1530 2215 naturam

469 2241 551 2269 agere
573 2238 689 2268 propter
710 2231 797 2258 finem
819 2229 943 2258 maxime
964 2230 1179 2257 demonstratur
1200 2237 1234 2256 ex
1254 2228 1311 2256 hoc
1330 2227 1410 2264 quod
1430 2233 1533 2254 natura

469 2280 582 2308 semper
602 2271 668 2299 facit
688 2271 717 2298 id
738 2270 817 2307 quod
839 2269 940 2297 melius
962 2275 990 2296 et
1003 2268 1187 2296 commodius
1201 2274 1258 2303 est,
1274 2267 1340 2295 ideo
1362 2272 1462 2294 contra
1475 2267 1532 2294 hoc

472 2312 658 2347 opponebant
672 2309 825 2338 adversarii
840 2309 975 2344 dicentes,
998 2309 1080 2345 quod
1101 2317 1135 2336 ea
1156 2317 1230 2344 quae
1246 2316 1279 2335 ex
1295 2306 1464 2344 operatione
1478 2315 1529 2343 na-

471 2357 551 2379 turae
566 2350 737 2387 proveniunt
758 2356 824 2385 apta
838 2350 875 2377 ad
889 2349 1014 2385 aliquem
1030 2348 1115 2375 finem
1126 2370 1132 2382 ,
1155 2356 1216 2375 non
1231 2353 1297 2375 sunt
1311 2356 1328 2375 a
1342 2353 1445 2374 natura
1462 2355 1531 2382 pro-

470 2397 534 2427 pter
554 2390 719 2417 huiusmodi
741 2389 891 2417 utilitatem
912 2389 1062 2424 producta,
1085 2388 1136 2415 sed
1157 2397 1191 2415 ex
1212 2386 1380 2415 necessitate
1394 2385 1529 2414 materiae

471 2439 539 2458 casu
560 2430 644 2458 talem
667 2430 789 2457 formam
804 2434 958 2456 consecuta
973 2434 1047 2463 sunt,
1063 2436 1096 2455 ex
1111 2436 1169 2464 qua
1189 2426 1318 2463 sequitur
1336 2427 1408 2454 haec
1420 2425 1465 2454 vel
1479 2425 1528 2454 illa

470 2469 584 2498 utilitas.
600 2485 618 2490 —
632 2478 661 2503 4.
677 2469 734 2497 Sed
749 2468 816 2505 quia
831 2474 931 2496 contra
945 2468 1000 2495 hoc
1015 2473 1113 2503 posset
1132 2466 1187 2494 dici
1202 2467 1282 2503 quod
1303 2475 1419 2503 semper
1438 2465 1483 2493 vel
1499 2470 1529 2492 ut

471 2509 499 2536 in
510 2509 646 2547 pluribus
660 2509 729 2536 tales
744 2508 876 2536 utilitates
891 2508 921 2535 in
935 2507 1112 2535 naturalibus
1124 2512 1349 2543 consequuntur;
1364 2506 1420 2533 hoc
1429 2511 1526 2533 autem

675 2710 686 2755 ἦ
706 2745 716 2757 Γ
734 2707 795 2753 sis,
816 2706 876 2742 hic
891 2705 1104 2742 manifestat
1123 2703 1313 2752 quaedam
1328 2715 1426 2751 quae
1443 2715 1530 2751 sup—

667 2757 717 2801 „511'v
734 2766 911 2808 posuerat
931 2759 972 2804 ’ἢ
998 2757 1136 2794 seilicet
1155 2756 1259 2805 quod
1284 2764 1416 2793 natura
1448 2763 1533 2804 agat

472 2820 625 2861 propter
644 2814 774 2859 finem,
792 2820 827 2848 et
846 2811 950 2860 quod
970 2811 1006 2847 in
1026 2809 1255 2859 quibusdam
1275 2809 1531 2846 necessarium

474 2878 550 2902 non
570 2865 614 2902 sit
634 2878 678 2901 ex
699 2865 820 2902 causis
840 2864 1027 2913 prioribus
1051 2863 1090 2900 in
1111 2875 1203 2910 esse,
1225 2875 1322 2910 quae
1345 2871 1431 2899 sunt
1450 2875 1532 2899 mo-

472 2930 567 2955 vens
587 2925 622 2954 et
641 2918 808 2965 materia,
839 2918 904 2955 sed
927 2929 971 2953 ex
992 2916 1112 2953 causis
1131 2915 1414 2965 posterioribus,
1435 2928 1532 2964 quae

475 2978 559 3007 sunt
578 2971 701 3007 forma
721 2979 755 3007 et
774 2970 870 3007 finis.
901 2971 950 3007 Et
969 2969 1066 3006 circa
1084 2970 1159 3006 hoc
1179 2969 1256 3006 duo
1277 2969 1377 3005 facit:
1407 2969 1532 3018 primo

474 3024 652 3071 proponit
670 3024 773 3071 quod
794 3023 969 3069 intendit;
999 3022 1168 3059 secundo
1187 3022 1428 3071 prosequitur
1445 3034 1533 3070 pro-

474 3076 652 3124 positum,
682 3076 747 3112 ibi:
776 3077 906 3113 Habet
930 3082 1054 3112 autem
1083 3075 1348 3123 oppositionem
1380 3076 1399 3096 '⁴‘
1429 3082 1496 3111 etc.

528 3128 626 3165 Dicit
654 3141 741 3176 ergo
771 3129 916 3178 primo,
952 3129 1056 3176 quod
1090 3128 1293 3165 dicendum
1327 3135 1383 3164 est
1408 3128 1534 3176 primo

477 3181 581 3228 quod
595 3189 726 3218 natura
743 3190 796 3218 est
811 3182 858 3218 de
874 3194 1035 3218 numero
1051 3181 1199 3218 illarum
1221 3193 1420 3218 causarum
1436 3193 1535 3229 quae

477 3241 629 3282 propter
648 3234 788 3282 aliquid
808 3242 931 3281 agunt.
963 3235 1010 3270 Et
1029 3235 1102 3270 hoc
1119 3235 1137 3253 ⁴*
1153 3233 1253 3270 valet
1281 3234 1328 3271 ad
1349 3234 1535 3282 quaestio—

479 3297 566 3321 nem
582 3287 628 3322 de
644 3287 889 3334 providentia.
907 3287 964 3323 Ea
979 3286 1081 3324 enirn
1097 3299 1195 3334 quae
1211 3298 1288 3322 non
1305 3294 1537 3334 cognoscunt

480 3337 608 3384 finem,
630 3351 706 3375 non
734 3339 890 3376 tendunt
918 3339 956 3376 in
984 3340 1102 3376 finem
1131 3339 1200 3376 nisi
1223 3346 1264 3375 ut
1284 3339 1303 3360 *
1324 3339 1463 3376 directa
1487 3340 1535 3376 ab

482 3389 605 3436 aliquo
626 3399 884 3438 cognoscente,
902 3393 995 3428 sicut
1015 3393 1144 3440 sagitta
1164 3404 1185 3429 a
1205 3391 1414 3439 sagittante:
1435 3392 1536 3429 unde

483 3441 513 3477 si
542 3449 671 3478 natura
705 3451 878 3490 operetur
897 3445 916 3465 *
937 3453 1090 3493 propter
1122 3446 1260 3492 finem,
1295 3456 1449 3482 necesse
1483 3452 1537 3482 est

484 3493 587 3541 quod
616 3494 662 3529 ab
691 3495 815 3542 aliquo
844 3496 1066 3544 intelligente
1099 3497 1310 3543 ordinetur3
1350 3498 1454 3546 quod
1484 3505 1538 3534 est

484 3545 739 3593 providentiae
769 3559 875 3595 opus.

1579 735 1596 753 ἃ
1613 735 1791 766 Dicendum
1806 736 1936 777 quidem
1954 736 2049 776 igitur
2068 736 2208 777 primum
2226 736 2380 778 quoniam
2399 742 2509 767 natura
2529 746 2642 768 eorum

1648 789 1730 820 quae
1753 787 1827 811 sunt
1849 787 1977 820 propter
2006 781 2068 811 hoc
2096 791 2261 811 causarum
2285 787 2349 811 est:
2378 787 2489 821 postea
2518 781 2557 811 de
2587 791 2642 811 ne-

1647 823 1790 862 cessario,
1814 824 1982 865 quomodo
2006 834 2038 854 se
2053 824 2166 855 habeat
2181 824 2213 855 in
2229 824 2375 866 physicis.
2393 825 2444 855 Ad
2459 825 2541 856 hanc
2557 824 2643 855 enim

1647 878 1775 898 causam
1797 868 1951 899 reducunt
1970 878 2092 908 omnes,
2112 868 2187 909 quia
2203 869 2356 909 quoniam
2380 868 2518 899 calidum
2536 868 2644 899 huius-

1646 912 1735 942 modi
1758 918 1869 952 aptum
1892 919 2003 943 natum
2030 919 2076 943 est
2103 919 2134 943 et
2163 912 2312 953 frigidum
2335 919 2365 943 et
2387 913 2643 954 unumquodque

1647 956 1778 994 talium,
1802 956 1879 987 haec
1903 966 1940 986 ex
1962 956 2143 987 necessitate
2167 963 2240 987 sunt
2263 963 2293 987 et
2315 955 2396 987 fiunt
2419 963 2450 987 et
2472 963 2544 997 apta
2566 963 2641 987 nata

1648 1007 1730 1031 sunt.
1754 1000 1795 1031 Et
1818 1010 1967 1041 namque,
1993 1000 2051 1031 etsi
2072 1001 2166 1031 aliam
2189 1010 2317 1031 causam
2336 1000 2440 1031 dicant
2455 1010 2641 1041 quamcum-

1597 1053 1603 1056 ’
1648 1054 1710 1085 que
1734 1051 1895 1084 tangentes
1918 1045 2054 1084 gaudere
2076 1044 2195 1082 sinant;
2220 1044 2270 1074 hic
2294 1044 2424 1084 quidem
2440 1044 2642 1075 concordiam

1649 1095 1680 1119 et
1703 1087 1902 1127 discordiam,
1926 1088 1978 1118 ille
2001 1098 2076 1118 vero
2099 1087 2303 1118 intellectum.

1582 1131 1600 1149 ὃ*
1624 1132 1727 1162 Habet
1742 1138 1849 1162 autem
1864 1131 2113 1172 oppositionem,
2133 1131 2211 1172 quid
2227 1130 2392 1171 prohibeat
2414 1127 2559 1162 naturam
2575 1141 2642 1162 non

1649 1182 1778 1216 propter
1801 1175 1920 1216 aliquid
1943 1175 2059 1213 facere,
2083 1185 2187 1216 neque
2210 1175 2299 1215 quod
2322 1175 2453 1214 melius;
2481 1174 2536 1206 sed
2562 1174 2643 1206 sicut

1649 1220 1731 1260 pluit
1753 1219 1871 1260 Iupiter
1886 1229 1951 1249 non
1971 1226 2007 1250 ut
2025 1219 2224 1249 frumentum-
2244 1225 2436 1259 augmentet,
2460 1219 2515 1249 sed
2534 1229 2571 1250 ex
2589 1228 2642 1250 ne—

1651 1264 1800 1295 cessitate.
1825 1264 1959 1294 Sursum
1983 1263 2067 1293 enim
2091 1263 2219 1293 ductam
2242 1273 2359 1304 aquam
2374 1262 2530 1303 congelari
2546 1273 2642 1303 opor-

1651 1314 1705 1345 tet,
1729 1314 1759 1338 et
1782 1307 1979 1346 congelatam
2003 1317 2119 1348 aquam
2142 1307 2293 1337 deorsum
2314 1307 2436 1338 venire:
2461 1307 2567 1347 augeri
2586 1317 2642 1338 au-

1650 1358 1726 1389 tem,
1751 1361 1825 1382 cum
1848 1351 1910 1381 hoc
1926 1349 1989 1389 fiat,
2011 1351 2122 1381 accidit
2144 1349 2349 1382 frumentum.
2370 1350 2518 1382 Similiter
2533 1350 2559 1381 si
2574 1360 2643 1391 per-

1652 1395 1735 1426 ditur
1765 1395 1962 1425 frumentum
1985 1394 2016 1425 in
2041 1404 2130 1434 area,
2158 1404 2224 1425 non
2252 1394 2348 1425 huius
2380 1404 2474 1425 causa
2505 1394 2586 1435 pluit
2608 1401 2644 1426 ut

1651 1440 1818 1480 perdatur;
1845 1439 1899 1469 sed
1922 1439 1984 1469 hoc
2007 1438 2126 1470 accidit.
2151 1439 2256 1476 Quare
2280 1438 2358 1479 quid
2380 1437 2526 1479 prohibet
2547 1437 2591 1469 sic
2613 1445 2645 1470 et

1650 1490 1753 1523 partes
1776 1493 1809 1513 se
1832 1482 1946 1513 habere
1973 1482 2006 1513 in
2029 1480 2162 1514 natura?
2191 1489 2227 1513 ut
2259 1482 2366 1513 dentes
2396 1493 2433 1513 ex
2465 1482 2645 1513 necessitate

1651 1527 1740 1565 oriri,
1764 1527 1932 1558 anteriores
1956 1526 2087 1567 quidem
2109 1533 2218 1558 acutos
2241 1533 2332 1567 aptos
2356 1526 2396 1556 ad
2419 1526 2644 1565 dividendum,

1651 1571 1825 1602 maxillares
1848 1578 1954 1602 autem
1970 1571 2051 1602 latos
2067 1577 2098 1602 et
2112 1570 2205 1602 utiles
2219 1571 2259 1601 ad
2275 1571 2503 1601 conterendum
2525 1570 2644 1610 cibum,

1652 1625 1726 1646 curn
1749 1625 1815 1646 non
1839 1622 1967 1656 propter
1990 1615 2052 1646 hoc
2075 1614 2146 1646 facti
2170 1614 2250 1652 sint,
2274 1615 2329 1645 sed
2356 1613 2417 1645 hoc
2445 1612 2574 1645 accidit?
2596 1612 2644 1645 Si-

1651 1659 1765 1690 militer
1788 1666 1895 1690 autem
1911 1666 1957 1690 est
1972 1666 2002 1690 et
2020 1660 2058 1690 de
2075 1659 2143 1689 aliis
2166 1658 2321 1699 partibus,
2341 1658 2373 1689 in
2387 1658 2503 1699 quibus
2521 1658 2645 1689 videtur

1652 1713 1718 1734 esse
1741 1703 1830 1744 quod
1854 1709 1983 1743 propter
2005 1703 2076 1734 hoc.
2101 1703 2303 1744 Ubicumque
2327 1702 2412 1733 enim
2435 1701 2543 1733 omnia
2566 1701 2643 1733 acci-

1653 1748 1732 1778 dunt
1762 1747 1842 1778 sicut
1865 1747 1890 1777 si
1913 1754 2042 1788 propter
2064 1747 2126 1778 hoc
2148 1746 2244 1785 fiant,
2267 1747 2343 1777 haec
2370 1746 2501 1787 quidem
2529 1746 2645 1777 salvata

1652 1798 1742 1830 sunt,
1767 1791 1805 1822 ab
1829 1801 1868 1822 eo
1891 1792 1980 1832 quod
2003 1798 2132 1832 propter
2154 1801 2187 1821 se
2209 1801 2330 1821 vanum
2357 1790 2532 1821 constantia
2555 1797 2643 1831 apte:

1652 1845 1873 1876 quaecumque
1895 1845 1970 1866 vero
1994 1845 2060 1866 non
2083 1835 2137 1873 sic,
2162 1835 2281 1875 perdita
2304 1841 2378 1865 sunt
2400 1841 2431 1865 et
2453 1835 2644 1875 perduntur,

1651 1880 1925 1919 quemadmodum
1948 1879 2158 1920 Empedocles
2182 1878 2256 1909 dixit
2275 1878 2444 1918 bovigenas
2466 1878 2643 1919 viriproras.

1650 1923 1669 1941 '²‘
1684 1923 1776 1954 Ratio
1800 1923 1930 1964 quidem
1953 1923 2047 1963 igitur
2074 1933 2138 1964 qua
2162 1923 2270 1963 utique
2294 1921 2415 1953 deficiet
2438 1923 2549 1964 aliquis
2568 1922 2645 1954 haec

1652 1974 1717 2005 est,
1742 1975 1772 1998 et
1795 1967 1820 1998 si
1844 1967 1948 2008 aliqua
1971 1967 2031 1998 alia
2054 1967 2238 1998 huiusmodi
2262 1973 2315 1997 est.

1587 2108 1765 2136 demonstrat
1779 2109 1859 2143 quod
1873 2117 1934 2136 non
1948 2117 1966 2136 a
1979 2117 2046 2136 casu
2061 2108 2111 2136 sed
2125 2117 2143 2135 a
2156 2113 2258 2136 natura
2275 2112 2414 2143 operante
2427 2113 2545 2143 propter
2558 2106 2647 2135 finem

1587 2147 1766 2183 contingunt3
1782 2147 1847 2176 ideo
1862 2148 1899 2176 ad
1913 2148 1987 2175 hanc
2002 2147 2195 2175 obiectionem
2212 2147 2426 2183 respondebant
2443 2146 2524 2182 quod
2538 2155 2555 2174 a
2567 2145 2647 2183 prin-

1587 2186 1662 2224 cipio
1679 2186 1891 2215 constitutionis
1912 2186 2013 2215 mundi
2034 2187 2123 2215 factae
2145 2193 2211 2215 sunt
2224 2185 2319 2214 variae
2333 2185 2536 2222 dispositiones
2550 2194 2646 2214 rerum

1586 2226 1770 2262 naturalium,
1784 2233 1812 2255 et
1826 2227 1856 2255 in
1870 2226 1923 2255 illis
1938 2235 1986 2262 ea,
2009 2235 2083 2263 quae
2103 2235 2172 2254 casu
2193 2231 2349 2254 evenerunt
2368 2231 2436 2262 apta
2462 2226 2500 2253 ad
2520 2225 2647 2262 aliquam

1586 2266 1746 2302 utilitatem,
1769 2266 1851 2303 quasi
1872 2273 1991 2303 propter
2011 2267 2067 2294 hoc
2088 2272 2183 2294 essent
2203 2266 2285 2300 facta,
2308 2271 2476 2294 conservata
2492 2271 2559 2293 sunt
2579 2264 2649 2302 quia

1586 2306 1748 2334 habuerunt
1769 2305 1988 2343 dispositionem
2003 2312 2100 2342 aptam
2114 2306 2151 2334 ad
2166 2304 2431 2339 conservationem3
2447 2313 2647 2342 quaecumque

1584 2355 1653 2374 vero
1675 2355 1735 2373 non
1755 2346 1917 2374 habuerunt
1937 2346 2023 2373 talem
2045 2344 2264 2381 dispositionem
2285 2350 2352 2372 sunt
2374 2344 2518 2372 destructa
2531 2350 2559 2372 et
2573 2353 2647 2380 quo—

1585 2385 1654 2413 tidie
1675 2386 1868 2413 destruuntur.
1879 2402 1897 2406 -
1909 2385 1934 2413 5.
1950 2385 2122 2421 Exemplum
2137 2385 2173 2412 de
2187 2383 2283 2420 pluvia
2297 2389 2476 2420 assumptum
2490 2382 2520 2411 in
2534 2382 2646 2411 ratione

1582 2425 1728 2461 praedicta
1749 2427 1788 2460 (n.
1807 2425 1834 2460 3)
1855 2424 2061 2453 inconveniens
2082 2430 2132 2452 est.
2155 2424 2347 2460 Comparatur
2367 2422 2444 2450 enim
2463 2423 2499 2450 ab
2513 2423 2647 2451 adversa-

1582 2464 1630 2492 riis
1644 2473 1731 2493 causa
1741 2464 1909 2492 universalis
1922 2473 1989 2492 cum
2003 2463 2106 2492 effectu
2115 2462 2287 2500 particulari,
2297 2469 2325 2491 et
2338 2462 2510 2491 assimilatur
2522 2461 2552 2490 id
2566 2462 2647 2499 quod

1581 2511 1612 2532 ut
1630 2503 1659 2532 in
1680 2503 1808 2540 pluribus
1834 2503 1936 2532 accidit
1956 2504 1992 2532 ad
2014 2503 2043 2531 id
2065 2503 2144 2540 quod
2165 2502 2267 2531 accidit
2287 2509 2319 2530 ut
2339 2502 2369 2530 in
2389 2501 2581 2539 paucioribus.

1638 2596 1730 2633 Post
1762 2596 1837 2632 hoc
1875 2603 2002 2632 autem
2040 2595 2244 2633 dicendum
2282 2602 2338 2632 est
2374 2594 2573 2643 quomodo
2607 2606 2646 2632 se

1585 2649 1700 2685 habet
1737 2649 1991 2686 necessarium
2020 2648 2058 2685 in
2087 2649 2198 2685 rebus
2233 2648 2484 2685 naturalibus:
2520 2655 2648 2684 utrum

1587 2702 1724 2739 scilicet
1758 2701 1959 2739 necessitas
1997 2713 2123 2738 rerum
2157 2701 2383 2738 naturalium
2417 2713 2568 2750 semper
2603 2700 2650 2738 sit

1588 2767 1631 2792 ex
1660 2755 1834 2802 materia,
1863 2755 1924 2791 vel
1959 2754 2162 2802 aliquando
2196 2754 2308 2791 etiam
2344 2766 2389 2791 ex
2416 2753 2574 2791 materia
2612 2761 2650 2792 et

1587 2816 1788 2855 movente,
1823 2808 1886 2845 vel
1923 2807 2126 2856 aliquando
2166 2819 2210 2844 ex
2249 2808 2372 2844 forma
2405 2815 2442 2844 et
2473 2807 2560 2844 fine.
2599 2807 2650 2844 Et

1587 2861 1788 2898 necessitas
1816 2861 2023 2909 quaerendi
2050 2861 2179 2897 haec*
2195 2867 2249 2897 est
2277 2861 2365 2897 ista:
2395 2860 2484 2908 quia
2513 2871 2648 2897 omnes

1588 2914 1730 2962 antiqui
1763 2915 1950 2951 naturales
1985 2913 2169 2951 reducunt
2203 2913 2358 2950 effectus
2394 2913 2582 2949 naturales
2610 2912 2648 2950 in

1587 2968 1685 3004 hanc
1706 2979 1872 3014 causam,
1894 2966 2120 3014 assignando
2140 2966 2326 3003 rationem
2354 2965 2401 3003 de
2427 2965 2490 3013 eis,
2512 2965 2649 3003 scilicet

1588 3020 1692 3069 quod
1713 3033 1868 3057 necesse
1889 3027 1943 3056 est
1959 3031 2003 3056 ea
2017 3019 2069 3056 sic
2090 3019 2241 3056 evenire
2260 3025 2415 3068 propter
2433 3018 2647 3066 materiam;

1588 3081 1719 3122 utpote
1738 3073 1826 3122 quia
1846 3072 2009 3110 calidum
2038 3079 2169 3109 natum
2198 3079 2253 3109 est
2277 3084 2358 3110 esse
2379 3071 2451 3109 tale
2473 3079 2508 3109 et
2526 3071 2648 3109 facere

1589 3127 1702 3163 talem
1731 3126 1930 3173 effectum,
1968 3133 2004 3162 et
2030 3125 2198 3162 similiter
2226 3124 2422 3173 frigidum,
2457 3133 2493 3162 et
2521 3124 2650 3162 omnia

1590 3179 1735 3226 similia,
1765 3191 1921 3216 necesse
1950 3187 2005 3215 est
2028 3178 2109 3215 fieri
2136 3178 2198 3215 vel
2228 3190 2310 3215 esse
2339 3190 2384 3215 ea
2413 3190 2511 3226 quae
2532 3190 2577 3214 ex
2598 3177 2650 3215 eis

1591 3240 1800 3270 causantur.
1840 3233 1889 3269 Et
1926 3231 1956 3268 si
1993 3231 2106 3279 aliqui
2143 3230 2385 3279 antiquorum
2422 3230 2649 3268 naturalium

1591 3286 1756 3334 aliquam
1777 3285 1888 3322 aliam
1918 3297 2071 3322 causam
2100 3284 2284 3332 tetigerint
2311 3296 2427 3333 quam
2451 3284 2649 3322 necessita·

1590 3347 1667 3376 tem
1688 3338 1880 3385 materiae,
1912 3350 1990 3375 non
2017 3345 2145 3374 tamen
2173 3338 2314 3374 habent
2340 3337 2442 3375 unde
2463 3337 2650 3385 gaudeant

1591 3391 1811 3440 gloriantes;
1841 3391 1929 3440 quia
1958 3390 2079 3428 causis
2107 3390 2237 3439 positis
2266 3391 2313 3427 ab
2343 3390 2407 3438 eis,
2437 3389 2573 3427 scilicet
2595 3388 2648 3426 in-

1591 3446 1750 3492 tellectu,
1780 3457 1896 3493 quem
1925 3443 2051 3493 posuit
2078 3445 2334 3491 Anaxagoras,
2365 3450 2401 3480 et
2429 3441 2590 3480 amicitia
2614 3449 2650 3478 et

1592 3498 1664 3546 lite,
1695 3497 1963 3546 quas*posuit
1991 3495 2265 3545 Empedocles,
2294 3508 2372 3533 non
2400 3502 2486 3532 sunt
2503 3493 2560 3532 usi
2580 3493 2649 3531 nisi

1592 3550 1629 3587 in
1657 3549 1892 3598 generalibus
1921 3548 2165 3598 quibusdam,
2200 3548 2294 3585 sicut
2320 3548 2358 3585 in
2387 3546 2648 3585 constitutione

2669 745 2746 799 {SC-p.
2755 752 2804 768 vm.
2812 746 2880 769 Text.

2668 1141 2679 1151 ¹·
2693 1140 2759 1163 Text.
2774 1140 2811 1169 76.

2670 1930 2681 1942 ’¹
2695 1931 2763 1955 Text.
2777 1938 2811 1960 77.

2674 2871 2687 2882 ⁸
2700 2872 2744 2893 hoe
2755 2877 2888 2902 mutuom

2676 3505 2686 3515 ⁸
2702 3510 2762 3532 quae
2775 3511 2888 3538 Αοεριιιο

2677 3537 2740 3552 ετνγ.
2757 3543 2766 3548 -
2786 3538 2822 3554 usn
2841 3539 2888 3555 om.

2676 3564 2846 3585 AeixoquVXY.
