2950 4004
1075 292 1186 328 CAP.
1215 291 1286 336 XI,
1316 291 1465 327 LECT.
1495 292 1598 328 XVII

2343 299 2412 324 201

833 518 1131 572 LECTIO
1169 517 1848 573 DECIMASEPTIMA

664 675 928 707 TEMPORIS
960 675 1244 706 DEFINITIO
1277 677 1558 707 TRADITUR
1589 677 1653 707 ET
1683 677 2013 709 EXPLICATUR

257 811 418 850 Ληπτὲον
442 807 480 844 δέ
505 813 577 844 ἐπεὶ
602 811 768 855 ζητοῦμεν
794 814 827 844 τί
852 809 943 843 ἐστιν
969 812 985 843 ὀ
1009 811 1139 856 χρόνος,
1163 810 1314 844 ἐντεῦθεν

325 855 535 900 ἀρχομένοις,
562 858 595 887 τί
620 856 682 892 τῆς
706 854 864 892 κινήσεώς
891 855 994 887 ἐστιν.
1023 857 1114 900 ‘'Ay-cz
1138 856 1201 902 γαρ
1225 855 1316 892 κινή-

323 911 404 936 σεως
423 898 654 942 αἰσθανόμεθα
677 901 734 930 καὶ
758 898 891 943 χρόνου·
916 901 974 930 καὶ
990 900 1054 944 γοὶρ
1073 900 1129 932 ἑοὶν
1150 898 1173 942 ᾗ
1193 899 1315 937 σκότος

322 944 382 975 καὶ
406 938 510 986 μηδὲν
534 938 594 974 διαὶ
617 943 680 975 vo&
705 941 862 986 σώματος
893 942 1095 988 πάσχωμεν,
1128 947 1252 980 κίνησις
1277 939 1315 975 δέ

324 998 374 1024 τις
400 986 432 1019 ὲν
458 987 503 1029 τῇ
528 985 617 1030 ψυχῇ
643 986 714 1028 ἐνῇ,
734 985 829 1024 εὐθύς
857 985 929 1030 ἅμα
953 987 1046 1018 δοκεῖ
1066 999 1117 1024 τις
1138 987 1314 1033 γεγονέναι

322 1032 381 1062 καὶ
404 1029 533 1076 χρόνος.
566 1030 675 1062 Ἀλλοί
698 1029 763 1073 μήν
787 1031 845 1062 καὶ
863 1028 947 1062 ὅταν
965 1043 1002 1076 γε
1025 1030 1140 1075 χρόνος
1159 1030 1244 1072 δοκῇ
1261 1043 1316 1076 γε-

323 1072 460 1120 γονέναι
485 1085 556 1114 τις,
589 1073 661 1117 ἅμα
692 1076 750 1105 καὶ
773 1075 898 1110 κίνησίς
925 1085 975 1111 τις
999 1076 1157 1126 εραίνεται
1181 1073 1315 1119 γεγονέ-

325 1129 392 1150 ναι.
423 1117 526 1150 ’Ὥστε
552 1117 631 1154 ἤτοι
653 1119 778 1155 κίνησις
804 1116 825 1154 ἦ
851 1118 913 1154 τῆς
937 1118 1097 1155 κινησεώς
1122 1129 1155 1150 τι
1181 1119 1271 1150 ἐστὶν
1298 1119 1314 1149 ὁ

323 1161 453 1206 χρόνος.
481 1160 576 1193 Ἐπεὶ
602 1159 658 1194 οὖν
685 1162 723 1193 οὗ
747 1165 886 1202 κίνησις,
913 1160 1043 1208 ἀνάγκη
1069 1162 1131 1198 τῆς
1156 1160 1315 1198 κινήσεώς

326 1217 360 1237 τι
385 1203 471 1238 εἶναι
496 1205 616 1238 αὐτόν.

251 1250 350 1283 Ἐπεὶ
374 1244 412 1282 δὲ
436 1249 479 1282 τό
502 1248 693 1293 κινούμενον
717 1253 862 1282 κινεῖται
887 1249 924 1280 ἔκ
939 1260 1030 1287 τινος
1048 1251 1092 1286 εἵς
1115 1260 1149 1280 τι
1173 1250 1231 1280 καὶ
1249 1249 1316 1280 πᾶν

352 1292 366 1325 ε’
391 1292 462 1331 εθος
489 1293 645 1337 συνεχές,
680 1291 858 1326 ἀκολουθεῖ
888 1293 935 1334 τῷ
968 1291 1100 1338 μεγέθει
1128 1293 1148 1329 ἢ
1177 1294 1314 1330 κίνησις·

324 1304 388 1369 §ui
406 1338 470 1383 γοίρ
495 1337 537 1370 τό
562 1337 603 1368 τό
628 1335 668 1381 μέ
694 1336 765 1375 εθος
791 1334 875 1369 εἶναι
899 1337 1032 1382 συνεχὲς
1061 1337 1118 1368 καὶ
1145 1337 1167 1372 η’
1193 1338 1317 1373 κίνησίς

326 1379 400 1415 ἐστι
424 1378 580 1426 συνεχής,
599 1376 658 1412 διαὶ
671 1348 718 1414 ⁸8&
743 1381 806 1417 τήν
831 1383 956 1417 κίνησιν
981 1382 1039 1412 καὶ
1066 1381 1081 1412 ό
1105 1379 1235 1425 χρόνος·
1257 1379 1316 1416 ὅση

324 1426 390 1471 γάρ
415 1425 435 1462 ἧ
460 1427 598 1466 κίνησις,
617 1426 783 1462 τοσοῦτος
806 1426 864 1456 καὶ
891 1425 907 1456 ὁ
931 1423 1048 1469 χρόνος
1077 1424 1126 1456 ἀεὶ
1151 1419 1244 1456 δοκεῖ
1265 1436 1319 1469 γε-

350 1469 473 1502 ονέναι.

261 1514 306 1547 Τό
331 1513 334 1516 ’
356 1514 371 1545 ὲ
393 1508 436 1550 δή
462 1511 622 1557 πρότερον
646 1515 704 1545 καὶ
730 1511 868 1556 ὕστερον
893 1511 926 1545 ἐν
943 1510 1038 1552 τόπῳ
1060 1511 1193 1556 πρῶτόν
1213 1512 1316 1543 ἐστιν·

328 1555 480 1591 ἐνταῦθα
515 1555 630 1600 μέντοι
661 1557 708 1599 τῇ
741 1555 842 1588 θέσει·
875 1553 946 1587 ἐπεὶ
978 1550 1008 1586 δ’
1037 1553 1070 1587 ἐν
1104 1557 1150 1596 τῷ
1187 1554 1319 1601 μεγέθει

327 1601 400 1634 ἐστὶ
426 1599 466 1632 τό
492 1599 653 1644 πρότερον
685 1601 743 1632 καὶ
773 1598 930 1642 ὕστερον,
963 1597 1092 1644 ἀνάγκη
1125 1602 1182 1631 καὶ
1209 1597 1241 1630 ἐν
1271 1610 1320 1629 κι-

327 1644 419 1682 νήσει
443 1640 529 1675 εἶναι
553 1643 596 1676 τό
621 1643 782 1688 πρότερον
806 1645 865 1675 καὶ
886 1643 1037 1687 ὕστερον,
1058 1641 1225 1689 ἀνάλογον
1247 1646 1318 1679 τοῖς

326 1689 406 1721 ἐκεῖ.
442 1686 550 1719 ’Anat
604 1688 645 1725 ἣν
677 1689 736 1720 καὶ
770 1688 803 1720 ὲν
833 1686 940 1732 χρόνῳ
974 1685 1047 1719 ἐστὶ
1081 1686 1123 1718 τὸ
1158 1686 1318 1728 πότερον

325 1734 384 1786 καὶ
409 1731 547 1776 ὕστερον
593 1732 630 1764 ιοὶ
653 1732 696 1764 τὸ
723 1731 916 1764 ἀκολουθεῖν
944 1729 993 1763 olel.
1018 1730 1147 1776 θατέρῳ
1177 1699 1319 1772 θάτερον

329 1787 454 1809 αυτων.

255 1821 355 1854 Ἔστι
379 1815 416 1852 δὲ
441 1819 482 1852 τὸ
508 1818 670 1864 πρότερον
694 1820 752 1850 καὶ
770 1818 906 1862 ὕστερον
933 1819 1045 1851 αὐτῶν
1066 1817 1096 1850 ἐν
1117 1819 1160 1861 τῇ
1178 1817 1320 1858 κινήσει,

329 1865 345 1896 ὃ
369 1863 428 1908 μέν
453 1874 539 1895 ποτε
566 1861 599 1894 ὂν
629 1865 754 1900 κίνησίς
787 1861 872 1895 ἐστι·
901 1861 941 1894 τό
966 1861 1082 1906 μέντοι
1107 1859 1192 1893 εἶναι
1226 1862 1320 1903 αὐτῷ’

329 1907 442 1952 ἕτερον
465 1908 524 1938 καὶ
551 1907 587 1938 οὖ
610 1909 750 1944 κίνησις.

257 1952 365 1985 ’And
389 1950 454 1996 μήν
477 1952 535 1982 καὶ
560 1949 620 1982 τόν
644 1950 763 1996 χρόνον
787 1963 825 1996 γε
850 1950 1069 1995 γνωρίζομεν,
1097 1949 1181 1981 ὅταν
1209 1950 1323 1993 ὁρίσω-

327 2006 386 2040 μεν
410 1994 474 2031 τὴν
498 1996 639 2035 κίνησιν,
658 1994 699 2027 τό
720 1993 882 2038 πρότερον
906 1996 963 2024 καὶ
986 1992 1121 2037 ὕστερον
1141 1994 1319 2037 ὁρίζοντες·

327 2041 386 2071 καὶ
411 2037 493 2071 τότε
518 2038 625 2082 φαμεν
649 2037 826 2084 γεγονέναι
849 2037 982 2082 χρόνον,
1003 2036 1087 2070 ὅταν
1112 2039 1175 2069 τοῦ
1202 2037 1324 2081 προτέ-

327 2095 383 2128 ρου
406 2084 465 2115 καὶ
491 2083 630 2126 ὑστέρου
657 2094 690 2114 εν
715 2083 761 2124 τῇ
785 2082 913 2117 κινήσει
938 2080 1088 2118 αἴσθησιν
1112 2080 1207 2121 λάβω
1226 2093 1282 2113 ,em

260 2128 430 2172 Ὀρίζομεν
461 2120 497 2157 δὲ
529 2127 577 2167 τῷ
605 2125 687 2158 ἄλλο
718 2127 776 2157 καὶ
802 2125 884 2157 α”λλο
911 2125 1092 2165 ὑπολαβεῖν
1123 2126 1233 2165 αὐτα,
1263 2126 1322 2155 καὶ

330 2168 460 2215 μεταξύ
485 2181 519 2202 τι
543 2169 657 2201 αὐτῶν
682 2169 809 2213 ἕτερον·
838 2167 922 2200 ὅταν
947 2168 1010 2213 γοὶρ
1037 2168 1137 2212 ἕτερα
1163 2168 1210 2200 τοὶ
1236 2168 1322 2212 ἄκρα

329 2215 392 2247 τοῦ
417 2212 518 2257 μέσου
543 2215 730 2257 νοήσωμεν,
755 2215 812 2245 καὶ
836 2208 897 2244 δύο
923 2214 1000 2255 εἴπῃ
1026 2214 1046 2248 ἢ
1073 2211 1161 2257 ψυχή
1186 2211 1234 2244 τοὶ
1250 2213 1337 2252 νῦν,’

331 2258 371 2291 τό
396 2257 454 2301 μὲν
481 2255 640 2301 πρότερον
667 2258 707 2289 τὸ
732 2252 760 2288 δ’
783 2256 934 2301 ὕστερον,
951 2256 1034 2288 τότε
1058 2258 1115 2287 καὶ
1135 2257 1241 2287 τοῦτο
1259 2266 1322 2298 φα-

330 2303 391 2344 μὲν
416 2298 500 2332 εἶναι
524 2300 657 2345 χρόνον·
684 2301 725 2333 τὸ
749 2301 813 2347 γοὶρ
840 2299 1028 2343 ὁριζόμενον
1054 2301 1100 2340 τῷ
1122 2300 1178 2330 νῦν
1204 2299 1320 2344 χρόνος

330 2343 416 2377 εἶναι
448 2340 559 2385 δοκεῖ,
591 2346 650 2376 καὶ
683 2343 880 2377 ὑποκείσθω.
910 2343 1017 2376 ’Ὀταν
1048 2345 1106 2388 μέν
1138 2342 1192 2375 οὖν
1223 2345 1264 2380 ὠς
1290 2344 1322 2374 ἓν

330 2389 372 2422 τό
396 2389 452 2420 νῦν
478 2387 728 2432 αἰσθανώμεθα,
755 2390 813 2420 καὶ
837 2389 885 2432 μή
911 2386 988 2424 ἦτοι
1013 2388 1054 2425 ὠς
1080 2386 1240 2430 πρότερον
1265 2389 1322 2418 καὶ

331 2432 468 2476 ὕστερον
496 2433 530 2464 ἐν
555 2433 601 2474 τῇ
625 2431 753 2468 κινήσει
777 2431 798 2468 ἦ
824 2433 864 2469 ὠς
890 2431 931 2464 τό
957 2432 1044 2463 αὐτὸ
1067 2432 1138 2476 μέν,
1160 2430 1322 2483 προτέρου

332 2472 371 2509 δὲ
395 2477 453 2508 καὶ
478 2475 619 2518 ὑστέρου
644 2475 746 2517 τινός,
768 2477 804 2508 οὐ
830 2472 922 2507 δοκεῖ
969 2475 1060 2519 ρόνος
1077 2486 1251 2522 γεγονεναι
1271 2473 1323 2506 οὐ-

330 2520 417 2562 θείς,
453 2519 507 2552 ὅτι
532 2515 612 2552 οὐδὲ
634 2522 771 2557 κίνησις.
800 2519 908 2552 Ὅταν
940 2488 976 2552 ἔὲ
1003 2521 1043 2551 τό
1074 2520 1233 2564 πρότερον
1266 2521 1322 2550 καὶ

332 2564 487 2609 ὕστερον,
521 2563 604 2597 τότε
627 2563 780 2610 λέγομενΥ
802 2563 934 2608 χρόνον·
965 2565 1070 2596 τοῦτο
1099 2563 1163 2609 γοίρ
1190 2561 1280 2594 ἐστιν
1307 2563 1323 2593 ὁ

357 2607 474 2651 ρόνος,
510 2606 645 2652 ἀριθμὸς
676 2607 834 2646 κινήσεως
869 2609 963 2640 κατα
996 2607 1036 2641 τὸ
1068 2608 1230 2652 πρότερον
1265 2607 1324 2637 καὶ

332 2663 484 2696 υστερον.
508 2651 576 2683 Οὐκ
603 2652 667 2694 ἄρα
691 2653 816 2690 κίνησις
843 2652 858 2683 ὁ
882 2651 1013 2697 χρόνος,
1042 2649 1116 2684 ἀλλ’
1139 2651 1159 2693 ᾖ
1187 2649 1324 2694 ἀριθμόν

333 2697 404 2742 ἔχει
427 2696 449 2732 ’ἦ
474 2696 612 2732 κίνῆσις.

267 2741 407 2784 Σημεῖον
437 2734 488 2770 δέ·
516 2739 557 2771 τό
582 2739 641 2782 μὲν
669 2739 734 2784 γοίρ
764 2741 877 2771 πλεῖον
908 2741 965 2771 καὶ
996 2739 1143 2771 ἔλαττον
1174 2741 1324 2782 κρίνομεν

335 2781 474 2828 ἀριθμῷ,
492 2785 618 2820 κίνησιν
637 2777 675 2814 δὲ
691 2784 794 2815 πλείω
815 2784 874 2814 καὶ
891 2781 1028 2814 ἐλάττω
1049 2781 1325 2827 χρόνῳ-,ἀριθμός

334 2826 401 2873 ἄρα
428 2838 478 2864 τις
505 2827 520 2858 ό
545 2825 675 2871 χρόνος.

260 2869 356 2904 Ἐπεὶ
381 2866 411 2902 δ’
441 2869 575 2915 ἀριθμός
602 2868 674 2902 ἐστι
698 2864 798 2914 διχῶς
827 2870 902 2912 (καὶ
926 2870 990 2915 γοὶρ
1016 2869 1056 2901 τό
1087 2869 1324 2912 ἀριθμοῦμενον

333 2917 391 2947 καὶ
417 2914 457 2947 τό
486 2911 668 2958 ἀριθμητὸν
696 2912 833 2958 ἀριθμόν
856 2912 1017 2959 λέγομεν,
1039 2915 1095 2944 καὶ
1123 2913 1145 2954 ᾦ
1173 2911 1326 2957 ἀριθμοῦ-

333 2960 425 3003 μεν),
454 2959 469 2990 ὁ
494 2954 537 2994 δὴ
562 2957 679 3003 χρόνος
706 2957 780 2990 ἐστὶ
805 2957 846 2989 τό
874 2956 1110 3001 ἀριθμούμενον
1135 2958 1193 2988 καὶ
1219 2957 1281 3002 οὐχ
1302 2955 1325 2996 ᾤ

336 3001 552 3048 ἀριθμοῦμεν.
601 3003 700 3034 Ἔστι
728 2997 756 3033 δ’
787 3000 898 3045 ἕτερον
925 3001 947 3043 ᾧ
975 2999 1173 3045 ἀριθμοῦμεν
1203 3003 1260 3032 καὶ
1285 2999 1326 3032 τό

336 3045 590 3091 ἀριθμούμενον.

319 3159 468 3186 Smoms.
485 3174 520 3180 —
543 3168 567 3186 1.
589 3159 799 3195 Argumentum
821 3164 848 3186 et
869 3157 970 3186 divisio
991 3164 1091 3186 textuS.
1112 3174 1132 3179 -
1146 3165 1172 3185 2.
1194 3158 1324 3194 Tempus

267 3204 309 3226 est
330 3197 437 3234 aliquid
458 3204 564 3226 motus.
586 3198 740 3226 Probatur.
770 3197 859 3226 Simul
881 3206 947 3225 cum
968 3204 1049 3225 motu
1077 3197 1209 3232 sentitur;
1231 3197 1322 3233 perci-

267 3237 374 3274 piendo
395 3237 473 3265 enim
494 3246 707 3274 quemcumque
727 3243 849 3271 motum,
867 3237 925 3264 sive
947 3236 1109 3265 sensibilem
1131 3236 1188 3264 sive
1209 3235 1239 3263 in
1260 3235 1323 3264 ani-

267 3286 330 3311 ma,
352 3283 466 3312 tempus
485 3275 672 3313 percipimus,
694 3282 722 3304 et
742 3285 758 3304 e
779 3285 926 3303 converso.
941 3291 959 3296 —
984 3276 1009 3303 3.
1026 3275 1181 3302 Dubitatio.
1203 3275 1323 3302 Videtur

266 3325 299 3343 ex
316 3315 479 3352 praemissis
494 3315 588 3352 sequi,
605 3315 649 3343 vel
664 3315 743 3351 quod
757 3321 869 3350 ternpus
884 3323 944 3342 non
958 3314 1129 3350 percipiatur
1143 3313 1197 3341 nisi
1211 3313 1322 3342 ratione

267 3361 364 3383 motus
385 3354 534 3389 sensibilis,
556 3354 600 3382 vel
621 3354 701 3390 quod
722 3353 757 3381 sit
772 3353 884 3381 animae
899 3353 1024 3386 intentio,
1040 3353 1084 3380 vel
1101 3353 1180 3389 quod
1201 3359 1245 3380 tot
1266 3352 1322 3380 sint

267 3401 399 3430 tempora
419 3399 491 3430 quot
511 3399 617 3421 motus.
639 3409 658 3414 —-
678 3402 707 3427 4.
729 3393 928 3428 Respondemr
949 3393 1028 3428 quod
1049 3391 1098 3428 qui
1118 3391 1236 3427 percipit
1257 3401 1321 3420 rno-

267 3440 329 3461 tum
343 3442 553 3470 quemcunque,
568 3431 687 3468 percipit
700 3438 822 3467 tempus,
837 3431 901 3458 licet
915 3432 971 3458 hoc
984 3430 1100 3458 nonnisi
1114 3430 1239 3466 primum
1258 3439 1321 3458 rno-

267 3479 330 3501 tum
344 3478 545 3508 consequatur;
556 3481 572 3499 a
587 3471 681 3507 primo
696 3470 772 3498 enim
790 3476 872 3498 motu
886 3470 932 3498 alii
947 3476 1098 3497 causantur
1112 3476 1139 3496 et
1154 3478 1322 3497 mensuran-

267 3519 322 3540 tur.
334 3529 353 3533 -
365 3512 389 3539 5.
406 3510 567 3539 Subdivisio
582 3517 681 3538 textus.
693 3510 747 3537 -6.
759 3508 939 3537 Continuitas
954 3508 1034 3536 estin
1049 3515 1226 3546 tempore'ex
1240 3514 1321 3536 motu

270 3557 298 3579 et
319 3550 528 3588 magnitudine:
551 3549 748 3586 investigando
763 3548 839 3576 enim
861 3549 896 3576 de
917 3554 1045 3584 tempore
1061 3553 1174 3584 oportet
1193 3547 1320 3583 accipere

269 3597 382 3618 motum
397 3591 527 3625 localem,
543 3588 591 3626 qui
606 3595 648 3617 est
661 3588 771 3625 primus
786 3587 929 3623 omnium;
944 3587 989 3615 hic
1000 3593 1095 3615 autem
1110 3585 1321 3626 est-continuus,

411 3648 478 3680 Opp.
498 3648 528 3672 Ι).
547 3647 660 3671 Τι-ιωιΑε
679 3646 709 3671 T.
730 3646 757 3670 Il.

1369 815 1387 833 θ
1406 815 1636 856 Accipiendum
1659 824 1782 855 autem,
1807 817 1958 857 quoniam
1982 817 2161 857 quaerimus
2185 817 2261 857 quid
2284 816 2322 847 sit
2345 823 2421 847 tem·
2449 825 2457 836 ⁸

1436 869 1513 899 pus,
1537 860 1609 890 hinc
1634 860 1868 900 incipientibus,
1893 861 1970 901 quid
1992 861 2090 900 ipsius
2114 867 2219 890 motus
2243 867 2296 891 est.
2321 860 2422 890 Simul

1437 903 1522 932 enim
1545 910 1671 934 motum
1699 904 1849 934 sentimus
1873 911 1903 935 et
1925 911 2060 944 tempus.
2091 905 2131 934 Et
2155 914 2290 944 namque
2313 904 2337 933 si
2361 903 2423 934 sint

1436 947 1597 984 tenebrae,
1621 954 1651 977 et
1673 948 1752 977 nihil
1774 957 1830 987 per
1853 957 1966 987 corpus
1993 947 2164 987 patiamur,
2188 954 2293 977 motus
2317 953 2422 977 autem

1436 989 1548 1029 aliquis
1565 990 1598 1020 in
1613 991 1717 1020 anima
1732 990 1795 1029 fiat,
1813 991 1916 1021 subito
1936 991 2030 1020 simul
2045 991 2166 1021 videtur
2180 990 2245 1020 fieri
2261 990 2423 1031 quoddam

1436 1039 1572 1072 tempus.
1597 1036 1639 1064 At
1657 1044 1730 1064 vero
1751 1041 1781 1064 et
1797 1045 1870 1064 cum
1889 1041 2013 1074 tempus
2031 1035 2153 1064 videtur
2169 1034 2262 1064 fuisse
2282 1034 2422 1074 aliquod,

1437 1076 1531 1106 simul
1548 1083 1578 1106 et
1594 1084 1700 1107 motus
1724 1077 1835 1117 aliquis
1855 1077 1949 1108 fuisse
1967 1078 2097 1108 videtur.
2122 1078 2226 1115 Quare
2245 1084 2298 1107 aut
2316 1084 2423 1107 motus

1437 1126 1491 1149 aut
1509 1119 1628 1159 aliquid
1651 1127 1758 1150 motus
1774 1128 1820 1151 est
1834 1128 1969 1161 tempus.
1990 1121 2151 1158 Quoniam
2167 1128 2273 1151 autem
2294 1131 2360 1151 non
2377 1127 2424 1151 est

1437 1169 1555 1201 motus,
1581 1173 1705 1193 necesse
1729 1170 1774 1194 est
1797 1171 1904 1194 motus
1923 1165 2039 1205 aliquid
2063 1175 2128 1195 esse
2147 1165 2261 1205 ipsum.

1370 1254 1388 1272 θ
1409 1255 1572 1292 Quoniam
1594 1262 1700 1286 autem
1724 1255 1812 1296 quod
1835 1263 1990 1294 movetur,
2004 1263 2148 1287 movetur
2171 1267 2207 1286 ex
2230 1257 2369 1296 quodam
2391 1256 2424 1286 in

1439 1299 1601 1339 quiddam,
1615 1306 1646 1329 et
1661 1300 1765 1329 omnis
1778 1300 1962 1339 magnitudo
1979 1300 2128 1330 continua
2140 1307 2196 1338 est,
2209 1300 2348 1340 sequitur
2359 1310 2424 1330 ma-

1439 1342 1637 1382 gnitudinem
1661 1351 1777 1374 motus.
1802 1344 1933 1383 Propter
1955 1343 1987 1373 id
2018 1344 2102 1373 enim
2132 1344 2219 1384 quod
2241 1343 2424 1383 magnitudo

1439 1386 1588 1416 continua
1608 1393 1667 1425 est,
1693 1394 1723 1417 et
1746 1394 1852 1417 motus
1877 1387 2044 1417 continuus
2069 1386 2140 1416 erit:
2165 1387 2239 1427 quia
2259 1397 2333 1416 vero
2357 1397 2424 1417 mo-

1440 1436 1501 1468 tus,
1515 1436 1546 1460 et
1557 1436 1692 1470 ternpus.
1710 1431 1855 1467 Quantus
1871 1430 1955 1460 enim
1970 1437 2076 1460 motus
2096 1436 2150 1468 est,
2163 1437 2285 1461 tantum
2301 1437 2331 1461 et
2348 1437 2426 1461 tem-

1440 1484 1500 1513 pus
1515 1474 1637 1504 videtur
1659 1474 1734 1504 fieri.

1373 1517 1463 1548 PrIus
1482 1524 1588 1548 autem
1607 1524 1637 1548 et
1655 1517 1809 1558 posterius
1833 1518 1866 1548 in
1888 1518 1960 1548 loco
1980 1517 2119 1558 primum
2135 1525 2224 1554 sunt;
2248 1517 2298 1547 hic
2321 1524 2427 1548 autern

1441 1561 1597 1601 positione
1612 1569 1694 1592 sunt.
1717 1562 1879 1599 Quoniam
1895 1568 2000 1591 autem
2015 1561 2048 1591 in
2064 1561 2278 1601 magnitudine
2293 1561 2377 1601 prius
2397 1569 2427 1591 et

1440 1605 1596 1645 posterius
1620 1612 1682 1644 est,
1714 1615 1837 1636 necesse
1862 1612 1907 1636 est
1929 1605 1962 1635 in
1985 1611 2076 1635 motu
2099 1605 2185 1645 prius
2213 1611 2243 1635 et
2272 1605 2427 1644 posterius

1442 1658 1508 1679 esse
1532 1649 1807 1689 proportionaliter
1834 1649 1871 1678 iis
1899 1659 1979 1689 quae
2003 1656 2075 1679 sunt
2097 1649 2148 1679 ibi.
2180 1651 2224 1678 At
2244 1658 2318 1678 vero
2343 1655 2372 1679 et
2394 1647 2426 1678 in

1441 1698 1583 1732 ternpore
1600 1700 1645 1723 est
1659 1693 1745 1732 prius
1770 1700 1800 1723 et
1821 1693 1987 1732 posterius,
2003 1699 2130 1732 propter
2145 1692 2178 1722 id
2198 1691 2271 1732 quia
2288 1692 2428 1732 sequitur

1442 1746 1565 1776 semper
1588 1737 1720 1766 alterum
1743 1737 1875 1766 alterum
1897 1737 2049 1776 ipsorum.

1376 1821 1432 1852 Est
1450 1828 1555 1851 autem
1575 1821 1661 1861 prius
1685 1827 1714 1851 et
1736 1821 1890 1861 posterius
1909 1820 2050 1861 ipsorum
2074 1821 2106 1850 in
2124 1827 2230 1858 motu,
2249 1820 2281 1849 id
2299 1820 2428 1860 quidem

1443 1865 1531 1905 quod
1555 1871 1610 1902 est,
1634 1871 1740 1895 motus
1765 1871 1825 1902 est;
1849 1871 1954 1895 tamen
1968 1875 2033 1894 esse
2051 1864 2149 1904 ipsius
2169 1865 2301 1894 alterum
2324 1870 2378 1901 est,
2399 1870 2429 1894 et

1443 1918 1509 1939 non
1532 1915 1578 1939 est
1596 1914 1713 1938 motus.

1376 1950 1394 1969 ὓ
1410 1954 1453 1983 At
1474 1963 1548 1982 vero
1573 1959 1603 1982 et
1625 1959 1750 1992 tempus
1767 1952 1987 1991 cognoscimus
2007 1962 2080 1982 cum
2104 1950 2269 1981 definimus
2293 1957 2428 1987 motum,

1443 1996 1529 2036 prius
1553 2002 1584 2026 et
1606 1996 1760 2035 posterius
1784 1995 2038 2026 determinantes:
2063 2002 2093 2026 et
2116 2002 2190 2025 tunc
2210 1994 2341 2025 dicimus
2364 1993 2430 2024 fieri

1444 2047 1587 2079 tempuS,
1611 2040 1740 2079 quando
1764 2039 1875 2079 prioris
1894 2046 1924 2070 et
1942 2039 2121 2079 posterioris
2145 2039 2177 2068 in
2193 2046 2284 2069 motu
2303 2047 2431 2069 sensum

1443 2083 1644 2124 percipimus.
1960 2110 1962 2113 ,

1377 2127 1631 2158 Determinamus
1656 2134 1762 2157 autem
1785 2127 1817 2157 in
1841 2127 2021 2166 accipiendo
2041 2126 2126 2156 aliud
2150 2133 2179 2156 et
2206 2126 2290 2156 aliud
2313 2126 2430 2165 ipsum,

1445 2177 1475 2201 et
1497 2171 1639 2200 medium
1655 2171 1799 2210 ipsorum
1815 2171 1956 2201 alterum.
1975 2171 2059 2201 Cum
2076 2170 2160 2200 enim
2183 2170 2277 2200 altera
2297 2176 2431 2199 extrema

1444 2214 1539 2244 medii
1563 2214 1776 2253 intelligimus,
1797 2221 1827 2244 et
1849 2214 1914 2244 duo
1939 2214 2019 2245 dicat
2037 2214 2140 2244 anima
2159 2214 2227 2253 ipsa
2245 2223 2345 2250 nunc,
2369 2212 2431 2242 hoc

1445 2258 1574 2298 quidem
1593 2258 1690 2297 prius,
1709 2258 1787 2288 illud
1805 2267 1879 2288 vero
1896 2258 2068 2297 posterius,
2085 2264 2160 2287 tunc
2177 2264 2207 2287 et
2221 2257 2282 2287 hoc
2299 2256 2430 2287 dicimus

1445 2311 1510 2331 esse
1524 2308 1659 2341 tempus.
1677 2301 1927 2332 Determinatum
1944 2301 2029 2340 enim
2042 2302 2111 2341 ipso
2128 2311 2212 2331 nunc
2224 2308 2348 2340 tempus
2365 2310 2430 2330 esse

1444 2345 1568 2375 videtur
1587 2351 1617 2375 et
1632 2351 1838 2384 supponatur.
1854 2344 1872 2362 θ’
1889 2345 2025 2382 Quando
2045 2345 2139 2384 igitur
2154 2351 2304 2385 tanquam
2329 2354 2431 2374 unum

1443 2389 1550 2428 ipsum
1568 2398 1652 2418 nunc
1676 2388 1838 2426 sentimus,
1856 2396 1886 2419 et
1904 2398 1969 2418 non
1993 2395 2098 2419 autem
2122 2388 2202 2418 sicut
2224 2388 2309 2428 prius
2329 2394 2359 2418 et
2374 2397 2430 2428 po-

1445 2432 1554 2462 sterius
1577 2431 1609 2461 in
1629 2438 1735 2470 motu;
1760 2439 1814 2462 aut
1836 2438 1871 2462 ut
1889 2431 1973 2462 idem
1994 2432 2133 2472 quidem,
2153 2431 2264 2471 prioris
2281 2438 2385 2462 autem
2402 2437 2431 2461 et

1444 2475 1624 2515 posterioris
1653 2474 1798 2512 alicuius;
1827 2485 1892 2505 non
1921 2475 2044 2506 videtur
2073 2482 2197 2515 tempus
2223 2474 2288 2505 fieri
2317 2475 2429 2513 ullum,

1445 2519 1519 2559 quia
1538 2529 1595 2549 nec
1614 2526 1730 2549 motus.
1749 2519 1834 2549 Cum
1851 2525 1956 2549 autem
1968 2519 2054 2558 prius
2069 2525 2099 2549 et
2113 2518 2267 2558 posterius
2284 2525 2338 2556 est,
2355 2525 2430 2549 tunc

1446 2563 1578 2593 dicimus
1601 2569 1742 2602 tempus:
1765 2563 1826 2593 hoc
1845 2563 1929 2592 enim
1945 2569 1991 2593 est
2006 2569 2141 2602 tempus,
2158 2571 2307 2595 numerus
2323 2569 2430 2592 motus

1445 2606 1620 2636 secundum
1643 2606 1728 2646 prius
1752 2614 1782 2636 et
1804 2606 1968 2646 posterius.
1992 2607 2066 2636 Non
2090 2616 2163 2646 ergo
2180 2612 2286 2636 motus
2305 2612 2430 2646 tempus

1446 2657 1505 2689 est,
1530 2651 1583 2680 sed
1607 2650 1780 2680 secundum
1803 2651 1891 2690 quod
1914 2659 2083 2680 numerum
2105 2649 2197 2679 habet
2224 2655 2340 2679 motus

1379 2738 1397 2756 '²‘
1407 2738 1540 2778 Signum
1556 2744 1602 2768 est
1614 2743 1727 2767 autem.
1741 2736 1816 2766 Plus
1833 2736 1917 2766 enim
1932 2743 1962 2766 et
1975 2735 2079 2766 minus
2091 2735 2265 2765 iudicamus
2281 2742 2430 2774 numero;

1446 2788 1572 2812 motum
1591 2788 1696 2811 autem
1719 2780 1842 2820 plurem
1866 2786 1896 2810 et
1919 2780 2074 2810 minorem
2097 2786 2247 2818 tempore.
2272 2779 2430 2809 Numerus

1446 2825 1550 2865 itaque
1573 2825 1704 2865 quidam
1728 2831 1853 2864 tempus
1877 2830 1931 2854 est.

1381 2869 1544 2906 Quoniam
1566 2875 1673 2899 autem
1696 2877 1846 2898 numerus
1869 2874 1915 2897 est
1937 2866 2100 2906 dupliciter
2121 2864 2166 2908 (et
2188 2863 2323 2906 namque
2342 2866 2430 2906 quod

1402 2932 1412 2940 χ
1447 2918 1629 2943 numeratur
1661 2918 1691 2942 et
1723 2911 1914 2941 numerabile
1945 2920 2114 2940 numerum
2141 2909 2287 2947 dicimus,
2312 2917 2342 2939 et
2364 2920 2430 2950 quo

1447 2954 1691 2997 numeramus),
1716 2962 1841 2994 tempus
1865 2961 1970 2985 autem
1994 2960 2039 2984 est
2069 2954 2156 2994 quod
2181 2960 2376 2991 numeratur,
2402 2960 2431 2983 et

1447 3010 1513 3030 non
1536 3009 1601 3040 quo
1625 3008 1837 3029 numeramus.
1853 2998 1909 3028 Est
1932 3004 2037 3028 autem
2057 2998 2187 3028 alterum
2203 3007 2268 3038 quo
2288 3007 2431 3027 numera-

1447 3054 1530 3082 muS,
1555 3050 1586 3073 et
1608 3043 1695 3083 quod
1718 3049 1908 3072 numeratur.

1377 3156 1444 3194 quia
1458 3162 1501 3184 est
1521 3156 1679 3184 secundum
1701 3155 1936 3192 magnitudinem,
1948 3163 2020 3191 quae
2035 3160 2077 3181 est
2092 3153 2242 3187 continua;
2257 3152 2379 3188 ideoque
2399 3158 2428 3179 et

1376 3203 1488 3232 tempus
1510 3195 1678 3224 continuum
1700 3201 1750 3229 est,
1766 3204 1831 3222 cum
1852 3201 1963 3221 tantum
1985 3193 2027 3227 sit,
2050 3199 2172 3228 quantus
2193 3198 2288 3219 motus
2308 3190 2429 3226 primus.

1375 3235 1446 3263 Aliis
1461 3241 1555 3262 autem
1571 3235 1696 3263 motibus
1711 3243 1727 3262 a
1742 3233 1836 3270 primo
1851 3242 1910 3261 non
1926 3238 2104 3260 mensuratur
2124 3238 2245 3266 tempus,
2260 3236 2291 3257 ut
2304 3236 2380 3265 patet
2394 3238 2428 3257 ex

1376 3274 1466 3302 veloci
1481 3281 1508 3302 et
1522 3275 1614 3302 tardo.
1624 3291 1642 3294 -
1654 3283 1679 3310 7.
1693 3274 1769 3300 Idem
1781 3273 1854 3300 ordo
1869 3271 2063 3299 consideratur
2076 3270 2105 3297 in
2119 3269 2206 3305 priori
2221 3275 2248 3296 et
2261 3267 2425 3304 posteriori:

1375 3313 1453 3350 prius
1468 3313 1544 3340 enim
1560 3320 1587 3341 et
1601 3312 1741 3349 posterius
1763 3317 1827 3338 sunt
1841 3320 1892 3346 per
1905 3310 1982 3346 prius
1997 3309 2025 3336 in
2036 3307 2230 3345 magnitudine
2244 3313 2359 3343 propter
2373 3316 2426 3343 po-

1375 3352 1518 3387 sitionem,
1534 3353 1568 3380 de
1584 3352 1663 3380 cuius
1678 3351 1787 3378 ratione
1802 3356 1881 3377 sunt:
1902 3355 1929 3376 et
1944 3348 2010 3384 quia
2024 3353 2089 3374 sunt
2103 3347 2131 3374 in
2147 3346 2348 3382 magnitudine,
2361 3352 2426 3374 sunt

1376 3392 1405 3419 in
1425 3398 1516 3426 motu,
1538 3398 1565 3419 et
1586 3400 1636 3427 per
1657 3398 1834 3425 consequens
1856 3388 1884 3415 in
1906 3394 2042 3422 tempore.
2058 3401 2075 3406 —
2091 3387 2119 3413 8.
2135 3385 2216 3413 Prius
2238 3391 2273 3412 et..
2286 3385 2427 3421 posterius

1375 3437 1441 3458 sunt
1460 3430 1536 3458 idem
1550 3430 1676 3458 subiecto
1692 3438 1755 3456 cum
1772 3434 1861 3461 motu,
1876 3427 1925 3453 sed
1941 3426 2075 3463 differunt
2088 3425 2210 3452 ratione:
2233 3430 2327 3452 motus
2348 3425 2425 3452 enim

1375 3469 1448 3497 ratio
1470 3476 1511 3497 est
1532 3470 1611 3507 quod
1632 3468 1667 3496 sit
1687 3474 1765 3495 actus
1780 3465 1920 3493 existentis
1935 3465 1964 3492 in
1978 3463 2121 3500 potentia3
2143 3464 2193 3491 sed
2207 3464 2286 3500 quod
2300 3463 2329 3491 in
2344 3470 2426 3491 motu

1375 3508 1411 3536 sit
1430 3508 1509 3545 prius
1531 3515 1557 3536 et
1577 3506 1726 3544 posterius,
1742 3504 1879 3540 contingit
1900 3503 1925 3531 ei
1947 3513 1979 3531 ex
2001 3502 2101 3531 ordine
2115 3502 2238 3539 partium
2253 3502 2425 3540 magnitudi-

1375 3547 1428 3575 nis.
1448 3563 1467 3568 -
1486 3557 1513 3583 9.
1536 3547 1613 3575 Sicut
1634 3544 1791 3573 ostenditur
1811 3550 1923 3579 tempus
1951 3542 2031 3579 sequi
2053 3548 2164 3570 motum
2185 3542 2252 3579 quia
2272 3548 2425 3578 utrumque

1375 3586 1460 3614 simul
1481 3585 1688 3623 cognoscimus,
1704 3583 1742 3611 ita
1757 3584 1894 3619 probatur
1914 3589 2026 3618 tempus
2047 3581 2184 3618 consequi
2198 3588 2310 3609 motum
2325 3591 2424 3609 secun-

2217 3637 2247 3662 26

2481 825 2534 852 Seq.
2551 830 2576 846 ca
2596 834 2603 846 ,ν
2621 830 2645 846 xi

2449 855 2471 873 et
2485 855 2539 873 text.
2553 857 2567 878 9
2584 866 2590 872 .

2451 1261 2460 1271 “
2474 1259 2540 1281 Text.
2555 1265 2593 1287 99.

2456 1956 2466 1966 ⁵
2480 1954 2546 1976 Text.
2562 1960 2611 1975 100.

2457 2348 2468 2358 ¹*
2482 2346 2548 2368 Text.
2564 2353 2608 2368 101.

2457 2740 2467 2751 ’⁸
2481 2739 2547 2761 Text.
2564 2745 2609 2761 102.
