2982 4022
242 973 253 983 ⁸
267 973 329 994 Lect.
340 979 388 1000 seq.
400 979 422 994 n.
431 979 453 1001 9.

242 999 262 1008 ··
277 1000 368 1021 scilicet
380 1000 433 1021 add.
442 1006 455 1020 F

227 1059 230 1062 ·
241 1031 392 1079 2ssdiligenter
402 1057 453 1073 unz.

242 1089 252 1094 —
268 1078 424 1099 considerare
441 1084 454 1099 r·

241 1110 284 1126 un.

341 1141 351 1157 Ε

242 1188 254 1199 ⁸
268 1188 385 1215 contingit
398 1194 455 1209 nst-*n

242 1220 279 1240 τι,
290 1220 304 1235 o
318 1214 361 1235 lac.

242 1399 253 1410 ⁸
267 1398 408 1427 manifestat
427 1405 455 1419 nr·-

242 1431 335 1446 ennzss.
345 1425 380 1446 Cf.
387 1425 453 1446 infra.

245 1559 254 1566 ·
263 1562 316 1577 esse
327 1562 375 1578 om.
385 1562 428 1578 rizo

241 1583 296 1604 rab.

342 1658 356 1687 ζ

243 2197 254 2207 ⁸
270 2198 293 2217 el
311 2196 363 2217 edd.
381 2196 417 2218 ab
434 2200 455 2218 et

245 2223 315 2254 codd.
326 2229 375 2244 exe.
386 2230 434 2244 Ass.
444 2235 454 2239 -

242 2256 269 2270 tn
285 2256 332 2270 om.
348 2256 401 2270 Fun.

244 2517 255 2527 ⁸
264 2516 302 2537 sui
315 2523 368 2543 ῐ-ἸιΝ,
381 2523 426 2537 una
434 2523 455 2538 Α.

485 303 535 349 34

482 443 576 482 tum,
597 434 665 471 sed
694 441 749 470 est
777 433 955 470 devenire
976 438 989 459 ²*
1009 434 1057 470 ad
1085 434 1210 483 aliqua
1235 434 1421 471 contraria
1448 447 1546 484 quae

482 502 561 526 non
590 494 791 525 causantur
818 499 864 523 ex
892 486 971 523 aliis
1000 487 1213 534 contrariis,
1245 494 1280 524 et
1311 487 1407 524 haec
1434 496 1548 526 vocat

481 541 606 590 prima
635 539 831 577 contraria.
843 560 867 567 -
884 540 953 576 His
981 538 1090 587 igitur
1107 539 1239 589 primis
1260 541 1453 578 contrariis
1472 549 1546 579 tres

482 594 696 643 praedictae
726 593 962 630 conditiones
996 592 1229 630 conveniunt
1259 593 1545 643 principiorum.

483 649 542 684 Ex
570 660 616 684 eo
646 646 748 683 enim
777 643 793 696 δι
820 646 927 694 quod
952 645 1076 694 prima
1103 653 1200 694 sunt,
1221 646 1463 684 manifestum
1493 655 1548 684 est

484 701 588 750 quod
608 712 686 736 non
706 706 792 736 sunt
811 711 857 736 ex
876 699 973 745 aliis;
995 711 1039 735 ex
1055 711 1102 735 eo
1121 711 1215 736 vero
1236 699 1341 748 quod
1361 701 1547 737 contraria

483 761 581 801 sunt,
602 752 845 790 manifestum
865 759 922 789 est
945 751 1051 800 quod
1075 764 1154 789 non
1174 759 1261 789 sunt
1280 765 1326 789 ex
1345 754 1546 791 alterutris:

483 806 659 856 quamvis
680 806 781 843 enim
807 804 982 853 frigidum
1002 806 1068 842 fiat
1096 817 1141 842 ex
1170 805 1291 843 calido
1320 805 1546 854 inquantum

482 861 520 897 id
557 859 664 909 quod
696 858 800 908 prius
833 866 888 895 est
921 858 1085 895 calidum
1108 866 1242 906 postea
1269 859 1313 895 fit
1344 859 1545 906 frigidum,

482 921 611 950 tamen
638 913 719 962 ipsa
738 911 916 959 frigiditas
944 923 1143 960 nunquam
1162 911 1205 948 fit
1229 923 1274 948 ex
1295 911 1490 959 caliditate,
1506 920 1547 949 ut

481 974 615 1015 postea
628 967 648 987 '¹‘
672 965 826 1002 dicetur.
857 964 1030 1001 Tertium
1047 976 1154 1012 vero,
1172 965 1215 986 ³¹²*
1231 964 1389 1013 qualiter
1417 965 1547 1002 omnia

482 1020 575 1056 fiant
594 1031 639 1056 ex
656 1017 859 1064 contrariis,
886 1024 1035 1066 oportet
1050 1017 1261 1066 diligentius
1275 1019 1295 1039 '¹‘
1308 1017 1545 1066 investigare.

535 1084 572 1119 4.
585 1072 646 1109 Ad
660 1073 735 1109 hoc
749 1071 859 1119 igitur
874 1070 1154 1108 ostendendum
1169 1076 1191 1118 ¹,
1202 1071 1407 1120 praemittit
1419 1071 1544 1120 primo

483 1125 588 1174 quod
625 1137 750 1173 neque
779 1123 876 1161 actio
907 1136 1031 1173 neque
1063 1123 1191 1172 passio
1218 1131 1343 1173 potest
1373 1125 1546 1162 accidere

482 1179 577 1215 inter
596 1178 861 1227 contingentia,
878 1177 974 1214 idest
992 1177 1088 1214 inter
1107 1189 1152 1214 ea
1172 1189 1270 1226 quae
1290 1177 1511 1226 contingunt
1526 1180 1546 1200 ²³¹·

483 1231 594 1268 simul
615 1244 713 1268 esse:
729 1231 791 1267 vel
806 1230 901 1267 inter
920 1230 1185 1280 contingentia,
1201 1230 1297 1267 idest
1314 1230 1411 1267 inter
1430 1243 1545 1280 quae—

484 1297 648 1333 cumque
685 1283 986 1322 indeterminata.
1016 1284 1155 1332 Neque
1193 1283 1388 1332 quodlibet
1419 1284 1463 1321 fit
1499 1297 1545 1321 ex

483 1339 668 1386 quolibet,
691 1337 786 1374 sicut
804 1339 1049 1385 Anaxagoras
1070 1336 1174 1383 dixit,
1198 1336 1267 1373 nisi
1296 1337 1392 1373 forte
1411 1349 1545 1374 secun—

483 1391 576 1427 dum
592 1391 779 1428 accidens.
797 1391 846 1427 Et
859 1390 934 1426 hoc
949 1389 1208 1427 manifestatur
1223 1391 1242 1411 *
1257 1389 1383 1438 primo
1399 1390 1437 1427 in
1457 1390 1545 1427 sim-

482 1444 653 1492 plicibus.
675 1444 818 1480 Album
839 1443 940 1480 enim
960 1455 1038 1479 non
1066 1443 1109 1480 fit
1128 1455 1174 1479 ex
1192 1442 1339 1479 musico
1360 1442 1430 1479 nisi
1451 1443 1545 1480 forte

483 1497 695 1534 secundum
733 1496 934 1542 accidens,
964 1495 1189 1545 inquantum
1227 1495 1374 1532 musico
1412 1496 1547 1533 accidit

484 1562 565 1587 esse
587 1552 606 1572 ’ὅ
627 1551 757 1587 album
776 1550 838 1586 vel
858 1549 1028 1596 nigrum3
1050 1548 1117 1585 sed
1137 1549 1267 1585 album
1291 1548 1334 1584 fit
1350 1560 1421 1596 per
1439 1561 1480 1585 se
1501 1562 1547 1586 ex

483 1616 561 1640 non
590 1604 689 1649 albo,
721 1611 756 1640 et
784 1615 862 1639 non
891 1615 935 1638 ex
963 1613 1209 1650 quocumque
1239 1613 1317 1637 non
1347 1601 1449 1647 albo,
1479 1602 1547 1640 sed

484 1668 529 1693 ex
557 1669 635 1692 non
663 1657 749 1692 albo
771 1657 875 1704 quod
895 1662 950 1691 est
969 1655 1118 1702 nigrum
1137 1655 1199 1691 vel
1218 1653 1368 1690 medius
1388 1655 1493 1691 color
1512 1654 1526 1681 ζ
1538 1669 1546 1692 :

484 1716 519 1745 et
539 1709 707 1745 similiter
733 1708 924 1745 musicum
954 1719 998 1744 ex
1027 1720 1106 1744 non
1135 1707 1300 1753 musico;
1331 1714 1367 1743 et
1395 1720 1474 1744 non
1503 1720 1548 1744 ex

483 1774 728 1810 quocumque
762 1774 841 1798 non
870 1760 1017 1797 musico
1053 1761 1120 1797 sed
1141 1772 1186 1796 ex
1214 1759 1408 1808 opposito,
1443 1761 1548 1808 quod

484 1814 617 1852 dicitur
636 1814 894 1860 immusicum,
915 1813 1011 1850 idest
1039 1814 1143 1861 quod
1173 1820 1228 1849 est
1255 1820 1387 1849 natum
1406 1813 1547 1850 habere

483 1868 670 1905 musicam
691 1875 728 1904 et
746 1880 824 1904 non
843 1867 968 1913 habet,
988 1866 1051 1902 vel
1080 1878 1126 1902 ex
1154 1878 1399 1914 quocumque
1419 1866 1548 1903 medio

482 1921 578 1957 inter
602 1934 657 1958 ea.
688 1921 737 1957 Et
756 1920 891 1957 eadem
921 1919 1064 1955 ratione
1094 1931 1172 1955 non
1202 1918 1457 1967 corrumpitur
1484 1919 1547 1956 ali-

484 1974 574 2022 quid
593 1973 718 2023 primo
736 1981 771 2010 et
785 1985 852 2021 per
871 1985 910 2008 se
931 1972 968 2008 in
989 1971 1261 2020 quodcumque
1282 1971 1501 2019 contingens
1516 1977 1546 2008 ²⁰:

483 2028 578 2064 sicut
605 2028 734 2064 album
773 2038 851 2063 non
887 2024 1140 2074 corrumpitur
1175 2025 1214 2061 in
1250 2025 1440 2061 musicum
1478 2025 1548 2062 nisi

482 2093 551 2129 per
579 2079 764 2126 accidens,
786 2078 854 2116 sed
883 2077 1136 2126 corrumpitur
1162 2090 1231 2127 per
1259 2091 1300 2114 se
1328 2077 1367 2114 in
1394 2090 1473 2114 non
1496 2079 1547 2114 al-

483 2134 598 2178 bum;
629 2140 665 2169 et
692 2145 770 2169 non
798 2132 837 2168 in
865 2132 1136 2180 quodcumque
1156 2143 1234 2167 non
1260 2131 1402 2178 album,
1423 2131 1490 2167 sed
1509 2131 1548 2167 in

484 2187 635 2234 nigrum
655 2193 719 2222 aut
737 2186 756 2206 ³¹⁶
777 2184 814 2221 in
847 2184 1019 2221 medium
1049 2184 1230 2220 colorem.
1260 2185 1310 2220 Et
1336 2183 1439 2220 idem
1461 2183 1548 2221 dicit

485 2240 531 2277 de
562 2238 804 2287 corruptione
839 2237 973 2274 musici
1011 2244 1046 2273 et
1074 2236 1120 2273 de
1159 2237 1237 2273 aliis
1273 2236 1469 2273 similibus.
1500 2238 1549 2273 Et

484 2292 596 2329 huius
625 2292 717 2328 ratio
748 2298 814 2338 est,
844 2290 932 2339 quia
961 2302 1075 2326 omne
1111 2290 1215 2338 quod
1244 2290 1286 2326 fit
1315 2297 1350 2326 et
1379 2302 1547 2326 corrum—

483 2347 595 2394 pitur,
617 2358 694 2382 non
724 2352 778 2381 est
805 2351 1010 2392 antequam
1045 2343 1127 2390 fiat,
1158 2355 1229 2379 nec
1257 2350 1311 2379 est
1342 2350 1546 2391 postquam

485 2398 756 2448 corrumpitur:
785 2396 887 2433 unde
918 2403 1066 2445 oportet
1086 2396 1190 2444 quod
1218 2395 1256 2432 id
1284 2395 1388 2444 quod
1414 2408 1484 2444 per
1508 2408 1547 2432 se

485 2451 626 2500 aliquid
655 2452 708 2498 fit,
730 2457 765 2486 et
784 2450 822 2486 in
842 2449 945 2498 quod
974 2461 1042 2497 per
1061 2461 1099 2485 se
1121 2448 1260 2497 aliquid
1281 2448 1546 2498 corrumpitur,

483 2506 556 2541 tale
581 2505 626 2541 sit
650 2503 755 2553 quod
783 2503 820 2539 in
849 2515 918 2539 sua
943 2503 963 2523 ³²
983 2501 1127 2538 ratione
1156 2501 1322 2538 includat
1354 2514 1432 2538 non
1466 2515 1547 2539 esse

486 2558 565 2594 eius
586 2558 689 2606 quod
709 2557 751 2593 fit
769 2556 830 2593 vel
850 2555 1115 2603 corrumpitur.
1132 2576 1155 2582 -
1172 2556 1221 2591 Et
1242 2554 1410 2591 similiter
1429 2555 1548 2591 mani-

483 2612 592 2648 festat
619 2611 693 2647 hoc
721 2609 759 2646 in
797 2608 1027 2657 compositis.
1058 2609 1107 2645 Et
1135 2607 1222 2644 dicit
1249 2608 1354 2656 quod
1381 2607 1549 2644 similiter

485 2677 525 2701 se
553 2664 668 2700 habet
694 2662 732 2699 in
761 2661 980 2710 compositis
1013 2661 1108 2698 sicut
1136 2661 1174 2697 in
1202 2660 1452 2709 simplicibus;
1481 2661 1549 2697 sed

486 2717 604 2764 magis
633 2718 719 2753 latet
742 2715 780 2752 in
809 2713 1040 2764 compositis,
1063 2714 1152 2762 quia
1180 2714 1354 2762 opposita
1392 2725 1548 2762 compo-

486 2770 644 2806 sitorum
673 2781 750 2805 non
779 2775 866 2804 sunt
893 2767 1106 2813 nominata,
1134 2766 1229 2803 sicut
1257 2766 1548 2815 opposita'sim-

485 2823 661 2871 plicium;
692 2821 911 2870 oppositum
942 2820 1042 2857 enim
1073 2819 1212 2856 domus
1237 2831 1316 2856 non
1345 2827 1399 2856 est
1426 2819 1549 2856 nomi-

486 2884 638 2922 natum,
665 2875 760 2912 sicut
796 2873 1015 2923 oppositum
1048 2872 1143 2910 albi:
1173 2872 1276 2909 unde
1307 2872 1337 2909 si
1366 2873 1547 2910 reducan-

1128 303 1473 341 PHYSICORUM
1499 278 1850 343 ARISTOTELIS
1879 307 1973 344 LIB.
2004 308 2018 344 I

456 390 458 392 ’
483 389 519 418 et
547 381 700 429 frigido:
721 381 774 418 sic
794 388 921 417 autem
941 393 1020 417 non
1048 388 1104 418 est
1125 382 1332 429 procedere
1356 381 1396 419 in
1423 382 1562 421 infini-‚

1601 391 1661 421 tur
1681 385 1700 406 ’³‘
1721 385 1769 422 acl
1797 385 1923 434 aliqua
1950 386 2158 434 nominata,
2185 387 2254 424 erit
2276 388 2533 428 manifestum.
2559 392 2664 429 Nam

1602 449 1718 474 omne
1739 438 1995 487 compositum
2025 439 2192 476 consistit
2218 440 2257 477 in
2276 441 2402 490 aliqua
2417 443 2436 463 ‘³²
2457 455 2664 482 consonan—

1601 490 1674 535 tia‚·
1703 503 1918 528 consonans
1946 498 2075 529 autem
2103 493 2146 529 fit
2171 505 2216 530 ex
2235 493 2516 544 inconsonanti,
2545 504 2582 534 et
2609 497 2664 534 in-

1602 555 1816 581 consonans
1836 556 1881 581 ex
1901 545 2142 592 consonanti;
2169 553 2204 582 et
2222 546 2243 567 '¹‘
2262 546 2430 584 similiter
2449 560 2664 587 consonans

1602 596 1855 645 corrumpitur
1881 597 1920 634 in
1947 597 2276 635 inconsonantiam
2299 600 2334 647 ³⁸,
2360 612 2437 637 non
2465 600 2503 637 in
2531 614 2664 650 quam-

1602 660 1778 697 cumque,
1808 650 1875 687 sed
1900 650 1939 686 in
1959 651 2187 700 oppositam.
2218 652 2511 690 Inconsonantia
2536 661 2664 693 autem

1599 708 1724 749 potest
1752 702 1824 739 dici
1857 703 1920 740 vel
1948 704 2160 741 secundum
2196 705 2370 742 ordinem
2403 713 2567 754 tantum,
2601 708 2664 745 vel

1600 754 1813 792 secundum
1835 757 1854 777 '¹‘
1875 756 2204 805 compositionem.
2225 757 2392 807 Aliquod
2421 758 2522 796 enim
2541 766 2665 797 totum

1601 806 1768 844 consistit
1803 807 1842 844 in
1870 809 2116 846 consonantia
2145 810 2307 859 ordinis,
2336 811 2432 848 sicut
2460 812 2664 861 exercitus,

1600 859 1754 908 aliquod
1771 873 1866 897 vero
1894 861 1933 898 in
1962 863 2209 900 consonantia
2237 864 2541 913 compositionis,
2571 865 2667 903 sicut

1601 912 1757 960 domus;
1784 921 1819 949 et
1847 914 1984 951 eadem
2008 915 2100 952 ratio
2122 923 2177 953 est
2201 916 2247 953 de
2271 924 2445 966 utroque.
2472 918 2522 954 Et
2544 918 2664 955 mani-

1599 965 1737 1002 festum
1760 973 1815 1003 est
1842 967 1947 1015 quod
1975 967 2106 1004 omnia
2135 969 2346 1018 composita
2373 970 2470 1007 fiunt
2497 970 2666 1008 similiter

1600 1030 1645 1055 ex
1664 1018 1936 1068 incompositis,
1957 1020 2052 1057 sicut
2071 1021 2210 1059 domus
2229 1022 2272 1059 fit
2291 1034 2335 1059 ex
2354 1022 2614 1072 incompositis
2630 1025 2663 1072 *,

1600 1079 1636 1108 et
1668 1072 1872 1119 figuratum
1907 1085 1952 1109 ex
1984 1073 2216 1121 infiguratis;
2256 1082 2293 1111 et
2325 1075 2364 1112 in
2396 1076 2575 1114 omnibus
2606 1077 2665 1114 his

1599 1124 1691 1162 nihil
1710 1125 1912 1162 attenditur
1938 1125 2008 1162 nisi
2032 1126 2127 1163 ordo
2154 1133 2190 1163 et
2209 1127 2448 1175 compositio,
2475 1129 2538 1165 Sic
2555 1129 2666 1178 igitur

1599 1177 1708 1225 quasi
1743 1189 1812 1226 per
1843 1177 2103 1216 inductionem
2142 1179 2386 1217 manifestum
2417 1181 2437 1202 *
2465 1189 2521 1225 est
2559 1183 2665 1230 quod
2689 1184 2700 1195 '

1599 1230 1730 1267 omnia
1750 1242 1848 1279 quae
1868 1231 1964 1267 fiunt
1981 1232 2044 1268 vel
2065 1239 2371 1280 corrumpuntur,
2391 1233 2488 1270 fiunt
2512 1246 2557 1271 ex
2576 1247 2666 1272 con-

1598 1283 1718 1320 trariis
1742 1284 1804 1320 vel
1823 1283 1971 1331 mediis,
1990 1285 2053 1320 vel
2082 1293 2376 1333 corrumpuntur
2393 1285 2432 1323 in
2452 1298 2508 1324 ea.
2535 1287 2666 1325 Media

1598 1343 1727 1373 autern
1752 1336 1849 1373 fiunt
1877 1347 1922 1372 ex
1950 1336 2156 1384 contrariis,
2182 1336 2277 1374 sicut
2305 1339 2451 1376 colores
2475 1340 2592 1381 medii
2621 1353 2666 1378 ex

1599 1390 1686 1425 albo
1707 1396 1743 1425 et
1771 1388 1895 1436 nigro:
1927 1389 2030 1426 unde
2059 1390 2248 1427 concludit
2275 1391 2381 1439 quod
2409 1392 2539 1430 omnia
2567 1405 2666 1442 quae

1599 1442 1696 1479 fiunt
1718 1442 1931 1478 secundum
1955 1448 2142 1489 naturam,
2162 1443 2223 1480 vel
2251 1443 2333 1492 ipsa
2353 1452 2439 1481 sunt
2467 1446 2666 1494 contraria,

1599 1495 1695 1531 sicut
1713 1495 1843 1531 album
1859 1501 1895 1531 et
1914 1494 2074 1542 nigrum,
2094 1496 2157 1532 vel
2171 1496 2268 1533 fiunt
2288 1508 2332 1534 ex
2349 1498 2554 1546 contrariis,
2572 1499 2668 1536 sicut

1600 1547 1740 1584 media.
1761 1548 1811 1584 Et
1829 1547 1904 1584 hoc
1919 1555 1974 1584 est
1991 1547 2198 1598 principale
2217 1549 2403 1586 intentum
2422 1551 2528 1599 quod
2547 1551 2667 1589 inten-

1601 1600 1655 1637 dit
1680 1600 1917 1647 concludere,
1934 1600 2073 1638 scilicet
2092 1602 2196 1650 quod
2216 1602 2346 1639 omnia
2364 1603 2461 1640 fiunt
2475 1604 2495 1625 *
2510 1616 2555 1641 ex
2577 1617 2666 1643 con-

1600 1653 1737 1700 trariis,
1767 1653 1872 1701 quod
1893 1661 1971 1690 erat
1989 1653 2096 1690 tertia
2125 1654 2290 1692 conditio
2318 1655 2605 1705 principiorum.

1659 1707 1691 1743 5.
1712 1706 1862 1743 Deinde
1878 1718 1967 1743 cum
1983 1706 2088 1743 dicit:
2108 1704 2121 1727 0
2146 1708 2270 1756 Usque
2283 1708 2431 1756 quidem
2447 1709 2565 1759 igitur
2580 1717 2663 1757 etc„

1601 1758 1765 1795 ostendit
1784 1759 1846 1795 hic
1866 1759 2121 1808 Philosophus
2141 1760 2340 1808 quomodo
2361 1773 2402 1798 se
2420 1762 2666 1801 habuerunt*

1600 1811 1818 1861 philosophi
1855 1811 1894 1848 in
1920 1813 2102 1861 ponendo
2130 1813 2314 1862 principia
2346 1826 2427 1851 esse
2457 1816 2665 1854 contraria:

1603 1872 1639 1901 et
1665 1865 1791 1914 primo
1818 1864 2017 1913 quomodo
2051 1878 2092 1902 se
2124 1866 2378 1903 habuerunt*
2398 1876 2583 1916 quantum
2616 1869 2666 1906 ad

1601 1918 1792 1955 motivum
1824 1917 2042 1966 positionis;
2078 1919 2248 1956 secundo
2286 1921 2486 1967 quomodo
2525 1934 2566 1958 se
2598 1922 2666 1959 ha—

1602 1972 1764 2007 buerunt
1781 1971 1799 1992 *
1814 1978 2000 2019 quantum
2020 1971 2069 2009 ad
2088 1971 2210 2020 ipsam
2229 1972 2471 2021 positionem,
2493 1974 2560 2012 ibi:
2580 1975 2666 2025 Dif-

1590 2025 1729 2073 ferunt
1754 2029 1878 2060 autem
1912 2025 1960 2061 ab
1988 2024 2147 2061 invicem
2168 2026 2188 2046 ’¹‘
2208 2032 2277 2062 etc.

1654 2077 1754 2114 Dicit
1781 2089 1869 2125 ergo
1899 2076 2022 2125 primo
2052 2077 2178 2125 quod,
2214 2077 2309 2115 sicut
2337 2091 2450 2128 supra
2474 2079 2494 2099 ³*
2523 2079 2666 2118 dictum

1602 2138 1674 2177 est,
1704 2130 1810 2166 multi
1838 2130 2157 2178 philosophorum
2194 2130 2311 2167 secuti
2348 2139 2435 2168 sunt
2466 2132 2666 2170 veritatem

1601 2195 1723 2230 usque
1752 2183 1800 2219 ad
1827 2183 1914 2229 hoe,
1935 2182 2041 2230 quod
2067 2191 2254 2231 ponerent
2271 2183 2455 2233 principia
2475 2197 2557 2221 esse
2577 2197 2666 2222 con-

1601 2235 1722 2272 traria.
1754 2235 1871 2282 Quod
1899 2235 2054 2283 quidem
2082 2235 2167 2272 licet
2194 2248 2284 2272 vere
2304 2237 2324 2258 ²¹²
2347 2245 2554 2286 ponerent,
2588 2250 2668 2276 non

1601 2296 1731 2325 tamen
1764 2288 1872 2336 quasi
1900 2289 1948 2324 ab
1977 2287 2103 2336 aliqua
2136 2288 2280 2325 ratione
2315 2289 2410 2326 moti
2437 2290 2512 2327 hoc
2548 2289 2667 2339 poness

1601 2342 1712 2389 bant,
1752 2341 1819 2378 sed
1848 2341 1943 2377 sicut
1971 2341 2019 2377 ab
2056 2341 2138 2389 ipsa
2164 2342 2322 2380 veritate
2351 2342 2482 2381 coacti.
2520 2344 2667 2382 Verum

1602 2394 1704 2431 enim
1734 2401 1789 2431 est
1816 2394 1963 2431 bonum
1989 2393 2215 2441 intellectus,
2244 2395 2293 2432 ad
2322 2395 2427 2443 quod
2451 2396 2668 2434 naturaliter

1601 2447 1816 2484 ordinatur:
1845 2446 1948 2483 unde
1985 2446 2080 2483 sicut
2112 2459 2172 2483 res
2207 2447 2419 2494 cognitione
2457 2456 2626 2486 carentes
2646 2451 2666 2471 *

1601 2507 1807 2538 moventur
1826 2500 1875 2536 ad
1893 2511 1983 2536 suos
2007 2499 2103 2535 fines
2131 2499 2275 2547 absque
2295 2500 2452 2548 ratione,
2478 2500 2528 2538 ita
2555 2501 2667 2540 inter-

1603 2554 1695 2591 dum
1716 2553 1962 2590 *intellectus
1989 2551 2156 2589 hominis
2180 2552 2346 2601 quadam
2375 2554 2534 2591 naturali
2562 2554 2666 2592 incli-
2693 2566 2701 2575 ·

1602 2606 1754 2644 natione
1782 2605 1901 2642 tendit
1928 2604 1966 2641 in
1993 2605 2209 2652 veritatem,
2238 2605 2325 2642 licet
2352 2605 2539 2644 rationem
2566 2608 2666 2646 veri-

1602 2659 1685 2696 tatis
1714 2671 1793 2696 non
1820 2657 2012 2707 percipiat.
2292 2677 2296 2681 -

1657 2714 1692 2749 6.
1722 2711 1872 2749 Deinde
1906 2723 1995 2747 cum
2029 2710 2139 2748 dicit:
2172 2711 2368 2760 Differunt
2393 2718 2518 2749 autem
2542 2714 2591 2750 ab
2610 2713 2665 2751 in-

1602 2766 1721 2802 vicem
1739 2772 1821 2811 ete„
1843 2763 2007 2801 ostendit
2028 2764 2227 2812 quomodo
2247 2764 2430 2813 praedicti
2449 2765 2668 2816 philosophi

1603 2831 1643 2855 se
1663 2819 1855 2855 habebant
1874 2817 1912 2854 in
1931 2817 2013 2865 ipsa
2033 2818 2053 2838 '¹‘
2071 2817 2270 2865 positione.
2292 2818 2341 2854 Et
2369 2818 2467 2855 circa
2494 2819 2570 2856 hoc
2588 2820 2665 2857 duo
2692 2829 2702 2838 ·

1603 2871 1704 2908 facit:
1724 2871 1849 2920 primo
1866 2869 2030 2907 ostendit
2049 2870 2247 2919 quomodo
2268 2870 2494 2908 differebant
2507 2871 2546 2908 in
2561 2873 2581 2894 *
2595 2885 2664 2921 po-

540 3040 566 3072 γ)
586 3039 632 3064 sed
651 3042 690 3064 est
709 3038 912 3063 deveniren-ltzi
938 3037 1074 3062 PDGHab.
1094 3037 1115 3062 N
1137 3040 1241 3069 oportet
1259 3040 1346 3062 autem
1367 3036 1504 3066 devenire,
1525 3036 1548 3061 T

488 3078 591 3106 oportet
609 3074 678 3099 enim
697 3074 832 3101 devenire;
851 3073 927 3098 ceteri
946 3076 1051 3104 oportet
1074 3073 1157 3105 igitur
1177 3073 1310 3102 devenire,
1333 3080 1399 3104 quae
1418 3077 1457 3096 est
1480 3073 1548 3097 bona

488 3110 562 3134 lectio
581 3114 606 3134 ct
624 3110 690 3134 forte
702 3109 1000 3142 pracferenda.-Altera
1015 3108 1081 3132 linea
1100 3116 1148 3140 pro
1161 3111 1314 3137 causantur,
1330 3107 1425 3132 FMNO
1439 3114 1547 3132 causen-

489 3148 541 3174 tur,
561 3145 603 3169 ΚΖ
623 3147 716 3169 essent.

542 3179 566 3213 ὃ)
590 3180 635 3204 Ex
653 3187 682 3204 eo
701 3179 877 3207 enim—Pub,
894 3179 940 3203 Ex
953 3185 983 3203 eo
997 3185 1069 3211 ergo,
1086 3179 1132 3203 sed
1152 3186 1202 3202 non
1217 3178 1297 3202 bene:
1317 3186 1376 3202 nam
1396 3186 1418 3204 s.
1431 3177 1548 3202 Thomas

490 3215 602 3247 assignat
616 3215 655 3239 hic
669 3222 727 3239 cum
746 3215 883 3239 Aristotele
897 3214 1023 3238 rationem
1038 3221 1118 3246 quare
1129 3214 1225 3245 primis
1239 3213 1382 3238 contrariis
1397 3213 1550 3238 conveniant

489 3255 541 3275 tres
556 3258 633 3282 supra
648 3250 728 3275 dictae
742 3250 901 3275 conditiones
917 3249 1108 3281 principiorum.
1128 3249 1214 3273 Codex
1225 3249 1245 3273 E
1260 3254 1397 3280 utramque
1412 3248 1548 3273 lectionem

491 3285 598 3316 exhibet,
611 3286 656 3310 Ex
665 3292 695 3310 eo
711 3285 794 3318 igitur
803 3285 996 3310 enim-Altera
1006 3283 1072 3308 linea
1083 3292 1129 3316 pro
1140 3291 1191 3308 non
1202 3287 1271 3313 sunt,
1282 3292 1350 3308 unus
1362 3284 1382 3308 L
1393 3284 1550 3316 norisium.-

491 3321 556 3345 lnfra
575 3321 632 3344 loco
646 3328 697 3345 non
714 3324 775 3345 sunt
789 3328 826 3345 ex
839 3320 984 3348 alterutris,
1000 3320 1069 3352 quod
1084 3319 1178 3344 habent
1192 3319 1370 3347 PABFMNab,
1386 3319 1461 3343 ceteri
1481 3319 1549 3343 codi-

492 3362 534 3379 ces
549 3355 679 3387 nonflunt
694 3363 730 3380 ex
744 3356 919 3380 alterutris.—
929 3358 1023 3387 postea
1038 3360 1095 3379 ante
1102 3355 1140 3387 fit
1154 3354 1271 3379 addimus
1285 3362 1315 3379 ex
1330 3354 1404 3379 codd.
1415 3354 1549 3386 exc.GpE.

545 3391 566 3421 ε)
578 3390 619 3414 Ad
633 3390 680 3415 hoc
693 3391 777 3422 igitur
791 3391 989 3415 ostendendum.
998 3404 1017 3409 -
1026 3390 1097 3419 EGa,
1108 3390 1152 3415 Ad
1165 3390 1355 3415 ostendendum
1369 3389 1424 3418 hoe,
1436 3397 1489 3414 om.
1500 3389 1550 3422 igi-

494 3427 538 3447 tur
557 3433 615 3448 cum
635 3426 1061 3455 ABCl)HlK()QTVXY.-Altera
1083 3426 1148 3450 linea
1167 3426 1224 3450 loco
1250 3432 1332 3457 neque
1346 3424 1437 3456 passio
1456 3424 1550 3449 habent

494 3462 519 3482 et
535 3460 624 3489 passio
643 3461 715 3484 codd.
729 3469 781 3485 cxc.
797 3462 867 3486 EGO
887 3467 912 3486 et
926 3462 956 3491 D,
972 3461 1015 3494 qui
1030 3461 1123 3485 omittit
1142 3461 1192 3485 duo
1211 3460 1258 3485 ista
1270 3460 1358 3485 verba.
1378 3460 1470 3490 Quoad
1485 3459 1550 3485 hunc

495 3493 628 3518 lectionem
649 3496 721 3519 codd.
735 3497 883 3527 ponentium
904 3497 1053 3529 particulam
1072 3499 1098 3521 et
1116 3504 1164 3528 pro
1183 3503 1272 3528 neque,
1293 3495 1325 3520 cf.
1338 3500 1444 3520 textum.

547 3527 572 3557 ζ)
591 3536 627 3553 ex
646 3537 696 3554 non
716 3531 788 3558 albo,
808 3534 833 3555 et
853 3539 902 3556 non
923 3539 959 3556 ex
978 3538 1182 3564 quocumque...
1195 3531 1307 3556 color.-
1320 3531 1366 3555 Est
1385 3530 1459 3555 lectio
1477 3529 1550 3555 codd.

496 3562 659 3591 FLMNRSZ.
671 3565 717 3588 nisi
733 3566 801 3596 quod
812 3566 942 3598 FMNRpZ
952 3575 1004 3591 om.
1013 3575 1063 3591 non
1079 3567 1137 3591 albo
1153 3571 1212 3599 post
1226 3572 1395 3599 quocumque,
1407 3571 1430 3590 et
1442 3565 1484 3590 Rz
1497 3573 1551 3590 om.

496 3603 533 3620 ex
552 3603 608 3628 post
627 3599 774 3629 particulam
794 3601 847 3624 sed.
862 3602 882 3624 C
901 3609 937 3625 ex
956 3609 1006 3626 non
1025 3602 1092 3632 albo,
1107 3605 1134 3627 et
1152 3609 1203 3627 non
1223 3609 1260 3626 ex
1279 3601 1393 3634 quolibet
1411 3608 1462 3625 non
1482 3600 1549 3630 albo,

497 3631 543 3655 sed
561 3639 597 3656 ex
616 3633 693 3665 nigro
716 3635 756 3658 vel
777 3635 863 3659 colore
888 3636 981 3661 medio.
1002 3637 1054 3662 Pab
1074 3642 1099 3662 et
1118 3637 1193 3662 ceteri
1220 3637 1335 3667 codices,
1360 3644 1397 3662 ex
1420 3643 1471 3661 non
1491 3635 1551 3662 albo

1600 3037 1670 3069 quod
1688 3040 1727 3061 est
1741 3037 1848 3070 nigrum
1869 3037 1909 3061 vel
1928 3036 2029 3062 medius
2043 3036 2130 3066 eolor‚·
2150 3036 2195 3060 sed
2214 3036 2322 3061 omissio
2340 3037 2366 3060 in
2379 3035 2419 3060 his
2434 3036 2508 3061 codd.
2523 3041 2548 3061 et
2567 3037 2593 3061 in
2611 3037 2664 3062 edi-

1599 3073 1631 3097 tis
1651 3072 1767 3104 explicari
1792 3077 1878 3104 potest
1895 3079 1942 3104 per
1963 3079 2097 3096 recursum
2121 3071 2237 3095 eiusdem
2258 3070 2394 3096 locutionis
2417 3078 2469 3096 non
2489 3071 2557 3096 albo.
2576 3071 2664 3097 Lectio

1601 3112 1687 3132 autem
1707 3115 1721 3132 a
1739 3107 1813 3131 nobis
1833 3107 1950 3139 adoptata
1969 3106 2108 3138 respondet
2125 3107 2211 3136 textui,
2226 3103 2251 3136 ἐξ
2270 3103 2302 3131 οὗ
2319 3105 2414 3131 λευκοῦ
2432 3103 2475 3131 καὶ
2497 3105 2592 3131 τούτου
2617 3104 2665 3132 οὐκ

1602 3140 1628 3167 ἐκ
1647 3140 1758 3174 παντός,
1780 3136 1841 3166 ἀλλ’
1863 3139 1890 3166 ἐκ
1910 3140 2019 3175 μέλανος
2038 3138 2052 3173 ἢ
2073 3142 2122 3166 τῶν
2142 3139 2251 3175 μεταξύ,
2271 3147 2296 3166 et
2314 3146 2354 3166 est
2377 3141 2516 3166 conformis
2542 3142 2572 3166 iis
2598 3150 2665 3175 quae

1601 3178 1748 3202 immediate
1762 3182 1904 3209 sequuntur
1919 3178 1944 3201 in
1959 3177 2116 3208 expositione
2130 3176 2285 3201 s.Thomae.
2295 3177 2318 3201 A
2327 3184 2380 3201 om.
2390 3177 2462 3209 quod
2475 3180 2546 3202 est...
2555 3177 2637 3202 color.
2646 3191 2666 3197 -

1601 3213 1688 3237 Altera
1707 3213 1786 3241 linea,
1807 3212 1930 3237 similiter
1948 3212 2062 3237 musicus
2080 3211 2255 3242 PCDEGZab,
2270 3217 2295 3236 et
2313 3212 2411 3236 addunt
2421 3213 2460 3245 fit
2477 3219 2570 3237 ornnes
2589 3213 2665 3241 codd,

1603 3256 1655 3272 exc.
1670 3247 1829 3272 ACEGlKT.
2475 3245 2479 3249 '

1654 3282 1681 3316 η)
1702 3283 1727 3307 in
1747 3283 1928 3315 quodcumque
1946 3282 2109 3315 contingens.
2129 3282 2198 3307 Haec
2217 3282 2292 3307 lectio
2311 3282 2413 3307 Pt-:Gab
2432 3283 2566 3315 perspicua
2585 3288 2625 3308 est
2638 3287 2664 3308 et

1602 3318 1742 3344 conformis
1761 3318 1845 3343 textui.
1865 3317 1949 3343 Ceteri
1968 3318 2068 3342 codices
2088 3325 2174 3350 neque
2195 3317 2350 3342 conveniunt
2367 3326 2459 3343 omnes
2478 3318 2544 3343 inter
2562 3326 2600 3349 se,
2618 3325 2664 3343 ne-

1603 3361 1654 3386 que
1673 3358 1768 3378 rectam
1787 3352 1920 3386 proferunt
1939 3353 2083 3378 lectionem.
2106 3352 2301 3382 AKOQTVXY
2320 3350 2399 3388 (pl?)
2419 3356 2445 3378 et
2463 3353 2489 3378 in
2510 3359 2664 3386 unoquoque

1602 3389 1739 3421 contingat
1758 3389 1900 3422 (contingit
1919 3387 1967 3422 A);
1986 3388 2073 3413 BLSsI
2090 3388 2272 3420 quodcumque
2289 3388 2443 3421 contingat,-
2461 3388 2484 3413 D
2500 3388 2526 3413 in
2541 3395 2662 3421 quocum-

1603 3431 1652 3456 que
1662 3424 1843 3457 contingente5
1856 3424 1876 3448 C
1890 3424 1914 3448 in
1927 3430 2109 3456 unum-quoque
2122 3423 2345 3456 contingentium,·
2359 3423 2454 3448 FHMN
2465 3424 2491 3449 in
2502 3429 2663 3456 quocumque

1603 3460 1754 3492 contingam
1773 3459 1815 3484 RZ
1830 3459 1855 3484 in
1871 3459 2051 3492 quodcumque
2068 3459 2207 3492 contingat
2225 3461 2251 3483 et
2265 3461 2361 3491 patent
2374 3459 2498 3491 exempla
2517 3456 2577 3492 (cet.
2595 3457 2660 3492 om.)

1605 3495 1639 3519 Et
1658 3495 1734 3519 huius
1754 3495 1824 3519 ratio
1843 3498 1890 3519 est.

1657 3528 1681 3562 0)
1696 3530 1799 3555 Deinde
1817 3537 1875 3555 cum
1891 3530 1963 3555 dicit.
1975 3543 1994 3548 -
2007 3529 2077 3554 Haec
2090 3529 2169 3554 verba
2181 3537 2235 3554 om.
2244 3529 2301 3560 DH,
2315 3529 2390 3562 quasi
2404 3529 2552 3562 incipientes
2567 3534 2661 3552 novam

1604 3565 1777 3590 lectionem·
1788 3565 1830 3590 hic
1848 3573 1902 3590 om.
1920 3565 1995 3590 codd.
2014 3572 2068 3589 exc.
2084 3564 2304 3594 DEGHLMNSZ,
2323 3563 2496 3596 Philosophus
2514 3570 2567 3588 om.
2586 3562 2661 3587 codd.

1604 3609 1658 3625 exc.
1673 3601 1730 3625 MN.
1749 3600 1912 3625 Manifestum
1937 3605 1977 3625 est
1995 3599 2065 3632 quod
2089 3603 2144 3624 tum
2162 3599 2204 3625 hic
2226 3604 2281 3624 tum
2301 3599 2474 3631 philosophus
2496 3602 2583 3631 potest
2605 3597 2662 3623 sine

1585 3636 1658 3661 ‘ullo
1678 3635 1862 3661 inconvenienti
1881 3635 1931 3660 hoc
1950 3636 2007 3660 loco
2025 3634 2115 3660 omitti.

2690 402 2700 414 ⁸
2711 401 2839 424 reducatur
2848 403 2902 425 edd.

2691 434 2707 449 a
2717 427 2730 449 b
2744 431 2766 449 et
2776 429 2845 451 codd.
2853 435 2903 452 exc.

2692 460 2776 480 nroqs.

2692 482 2701 490 ·
2716 481 2819 508 quadam
2833 481 2903 504 codd.

2691 513 2742 528 exc.
2756 513 2796 528 uc.

2691 535 2700 543 “
2716 535 2740 555 et
2752 539 2801 556 om.
2811 539 2834 556 Ρ.

2691 608 2700 617 ·
2711 612 2757 628 non
2767 613 2903 630 contonan-

2691 633 2749 655 tfam
2762 639 2800 656 η.

2691 768 2840 816 *effandum
2854 775 2904 792 om.
2923 794 2931 801 ·

2691 801 2705 816 Ε
2739 810 2746 817 ·

2689 1026 2701 1038 ⁸
2715 1025 2801 1048 sieut...
2815 1026 2905 1049 tacom-

2687 1053 2775 1080 positis
2789 1058 2839 1075 om.
2851 1058 2905 1076 nm

2690 1084 2828 1104 xoqrvxvz.

2727 1183 2905 1213 manifestatum

2691 1215 2739 1231 mm
2756 1217 2777 1232 r.
2784 1221 2794 1227 -
2805 1211 2850 1232 Pro
2860 1212 2903 1238 eet,

2691 1216 2779 1264 ac'cussn't
2784 1236 2904 1259 codd.exc.

2691 1268 2759 1285 omn.

2691 1618 2703 1628 ⁸
2708 1617 2773 1644 fiant
2783 1618 2884 1641 mab.

2693 1773 2700 1782 ·
2723 1771 2850 1794 habuerint
2867 1778 2906 1795 m

2691 1804 2767 1824 ιαπ.
2903 1805 2905 1807 ’

2691 1881 2703 1894 ⁸
2718 1881 2843 1904 habaet-tut
2854 1888 2871 1904 1.

2692 1983 2702 1994 '
2717 1982 2844 2005 habuerint
2855 1989 2872 2006 ι.

2693 2040 2704 2052 ⁸
2717 2039 2789 2062 Num.
2800 2046 2851 2069 neq.

2692 2093 2702 2102 '
2717 2092 2789 2115 Num.
2798 2099 2820 2116 2.

2692 2251 2702 2263 ⁸
2717 2250 2774 2273 bene
2793 2251 2892 2278 mab,

2693 2283 2741 2298 non
2760 2283 2776 2299 n
2799 2283 2893 2304 errem}

2693 2309 2770 2326 oni-1.

2692 2461 2906 2510 Lem&

2691 2564 2832 2613 zotaterdun
2851 2571 2902 2588 om.

2745 2829 2838 2851 aedit-u
2848 2828 2902 2852 nb.

2724 2871 2730 2877 .
2744 2861 2767 2877 n.
2778 2861 2854 2883 praec.

2690 2889 2703 2901 ⁸
2716 2889 2742 2911 t'n
2756 2895 2804 2912 om.
2818 2895 2856 2912 ια.
