2982 4022
1203 278 1548 315 PHYSICORUM
1576 279 1921 316 ARISTOTELIS
1951 281 2044 317 LIB.
2075 282 2106 317 ΙΙ

1306 556 1606 614 LEcT10
1644 558 1981 636 QUARTA

889 729 948 759 AD
978 729 1195 760 PHYSICAM
1226 730 1441 761 PERTINET
1471 731 1770 764 CONSIDERARE
1799 733 1890 764 NON
1920 733 2065 765 SOLUM
2095 735 2152 765 DE
2182 735 2394 774 MATERIA,

1017 791 1094 822 SED
1119 791 1176 822 ET
1200 792 1256 822 DE
1280 792 1555 830 QUACUMQUE
1579 793 1728 825 FORMA
1753 794 1795 824 IN
1818 795 2012 826 MATERIA
2035 796 2274 828 EXISTENTE

551 939 649 973 Ἐπεὶ
674 935 701 970 δ’
732 941 752 975 ἡ
778 939 870 992 φύσις
895 934 1007 984 διχῶς,
1036 939 1076 972 τό
1102 951 1139 971 τε
1165 936 1250 978 εἶδος
1275 943 1332 972 καὶ
1358 942 1378 977 η’
1406 940 1480 982 ὕλη,
1507 943 1548 979 ὠς
1578 941 1616 975 οἲν
1671 944 1688 964 *
1704 945 1866 982 Quoniam
1882 953 1988 978 autern
2006 954 2116 979 natura
2139 947 2302 988 dupliciter
2318 948 2445 987 dicitur,
2468 949 2586 990 species
2609 956 2640 981 et
2662 959 2727 981 ma·
2755 961 2764 970 ·
2779 960 2963 990 seme-242:

625 985 654 1015 εἰ
679 986 751 1027 περὶ
777 995 961 1026 σιμοτητος
983 987 1164 1026 σκοποῖμεν
1190 987 1223 1017 τί
1249 982 1356 1025 ἐστιν,
1384 985 1472 1017 οὕτω
1497 985 1617 1030 θεωρη-

627 1027 715 1060 τέον.
744 1025 835 1060 Ὥστ’
865 1028 931 1059 οὔτ’
962 1026 1038 1059 ἀνευ
1065 1027 1143 1065 ὕλης
1169 1028 1216 1060 τά
1240 1030 1389 1061 τοιαῦτα
1421 1029 1498 1061 οὔτε
1523 1031 1618 1062 κατά

626 1071 690 1107 τήν
716 1070 808 1108 ὕλην.

558 1118 622 1148 Καὶ
647 1115 711 1161 γάρ
737 1111 779 1151 8⁷3
804 1118 862 1147 καὶ
888 1117 962 1159 περὶ
988 1114 1114 1147 τούτου
1139 1110 1238 1160 διχῶς
1266 1115 1465 1160 ἀπορήσειεν
1493 1117 1530 1149 ἄν
1550 1129 1614 1158 τις,

625 1157 697 1191 ἐπεὶ
728 1154 788 1190 δύο
820 1161 854 1191 αἰ
883 1159 1007 1202 φύσεις,
1039 1161 1111 1202 περὶ
1144 1158 1291 1204 ποτέρας
1324 1161 1386 1192 τοῦ
1411 1162 1568 1203 φυσικοῦ,
1596 1161 1616 1198 ἦ

625 1205 698 1245 περὶ
723 1203 785 1235 τοῦ
811 1203 846 1244 ἐξ
873 1204 1008 1246 ἀμφοῖν·
1037 1204 1105 1236 ἀλλ’
1126 1203 1154 1234 εἰ
1171 1206 1244 1246 περὶ
1266 1205 1328 1235 τοῦ
1347 1204 1381 1244 ἐξ
1405 1205 1540 1247 ἀμφοῖν,
1558 1208 1616 1238 καὶ

625 1249 698 1291 περὶ
725 1247 900 1290 ἑκατέρας.
928 1247 1071 1292 Πότερον
1098 1245 1154 1279 οὖν
1173 1249 1234 1285 τῆς
1253 1248 1361 1286 αὐτῆς
1380 1247 1399 1285 ἦ
1420 1248 1522 1286 ἄλλης
1541 1250 1616 1281 ε’κα-

626 1290 727 1334 τέραν
752 1292 941 1336 γνωρίζειν;

558 1336 602 1372 εἰς
628 1334 686 1378 μὲν
711 1337 775 1380 γάρ
793 1335 872 1372 τούς
894 1332 1052 1379 ἀρχαίους
1073 1334 1308 1378 ἀποβλέψαντι
1325 1330 1451 1377 δόξειεν
1472 1334 1509 1367 ἀν
1531 1333 1615 1368 εἶναι

627 1379 743 1416 ἄλλης·
764 1377 819 1411 ἐπὶ
837 1379 950 1423 μικρόν
968 1378 1031 1424 γάρ
1058 1390 1090 1411 τι
1115 1378 1211 1422 μέρος
1228 1375 1463 1434 Ἐμπεδοκλῆς
1479 1382 1538 1411 καὶ
1555 1381 1617 1417 Δη-

653 1422 782 1466 όκριτος
808 1424 871 1455 τοῦ
897 1419 1002 1460 εἴδους
1027 1424 1084 1453 καὶ
1110 1424 1172 1454 τοῦ
1197 1426 1230 1454 τί
1257 1435 1296 1460 ην
1321 1421 1405 1454 εἶναι
1431 1422 1576 1466 ἥψαντο.

558 1435 656 1500 Εἰὲὲ
680 1468 701 1503 η’
729 1468 832 1511 τέχνη
857 1471 1011 1510 μιμεῖται
1038 1466 1100 1502 την
1125 1466 1238 1509 φύσιν,
1266 1468 1328 1504 τῆς
1353 1462 1390 1499 δὲ
1412 1467 1519 1504 αὐτῆς
1546 1466 1617 1500 ἐπι-

624 1511 756 1555 στήμης
790 1507 915 1543 εἰδέναι
945 1511 986 1543 τὸ
1010 1506 1096 1547 εἶδος
1127 1512 1185 1541 καὶ
1217 1511 1280 1547 τήν
1312 1511 1391 1547 ὕλην
1425 1511 1521 1554 μέχρι
1554 1523 1614 1543 του

623 1556 711 1598 (οἷον
735 1555 855 1599 ἰατροῦ
881 1556 1009 1599 ὑγίειαν
1033 1557 1089 1585 καὶ
1115 1554 1221 1597 χολήν
1246 1558 1303 1586 καὶ
1329 1554 1481 1600 φλέγμα,
1509 1553 1541 1586 ἑν
1568 1556 1613 1593 οἷς

625 1601 645 1636 ἡ
672 1601 793 1644 ὑγίεια·
823 1597 940 1642 ὁμοίως
966 1593 1003 1629 δὲ
1027 1599 1084 1628 καὶ
1110 1593 1288 1642 οἰκοδόμου
1315 1598 1355 1630 τό
1381 1611 1418 1631 τε
1443 1596 1528 1636 εἶδος
1553 1601 1614 1637 τῆς

624 1644 728 1679 οἰκίας
753 1645 811 1673 καὶ
837 1642 900 1678 τήν
924 1641 1017 1679 ὕλην,
1039 1641 1091 1673 ὅτι
1110 1641 1240 1674 πλίνθοι
1258 1644 1316 1674 καὶ
1334 1642 1432 1683 ξύλα·
1452 1643 1613 1682 ὡσαύτως

622 1683 659 1719 δὲ
683 1688 741 1718 καὶ
766 1686 821 1719 ἐπὶ
848 1687 913 1717 τῶν
941 1685 1084 1727 ἄλλων),
1109 1688 1166 1717 καὶ
1193 1687 1255 1724 τῆς
1280 1688 1416 1731 φυσικῆς
1444 1687 1482 1720 ἄν
1503 1689 1553 1725 εἴη
1573 1689 1614 1720 *ro*

622 1730 789 1778 γνωρίζειν
817 1729 1009 1774 ἀμφοτέρας
1035 1730 1097 1766 τοὶς
1123 1730 1247 1774 φύσεις.

549 1777 625 1808 Ἔτι
651 1775 691 1808 τὸ
718 1774 754 1806 οὗ
781 1774 879 1806 ἕνεκα
902 1777 960 1806 καὶ
977 1773 1018 1806 τὸ
1042 1773 1138 1810 τέλος
1157 1774 1217 1812 τῆς
1237 1772 1361 1814 αὸτῆς,
1378 1777 1436 1805 καὶ
1456 1774 1519 1807 ὅσα
1537 1776 1616 1808 τού-

623 1831 689 1852 των
715 1818 824 1851 ἓνεκα.
848 1820 890 1850 Ἠ
913 1814 951 1850 δὲ
975 1817 1068 1860 φύσις
1093 1817 1190 1856 τέλος
1214 1821 1272 1850 καὶ
1298 1818 1335 1850 οὖ
1358 1817 1468 1850 ἕνεκα·
1487 1819 1529 1850 ὧν
1550 1821 1613 1866 γάρ

621 1864 779 1908 συνεχοῦς
805 1863 867 1900 τῆς
890 1861 1049 1898 κινήσεως
1075 1862 1175 1899 οὔσης
1200 1862 1272 1895 ἔστι
1298 1875 1330 1894 τι
1357 1862 1453 1900 τέλος
1480 1864 1542 1901 τῆς
1565 1876 1612 1896 κι-

621 1907 766 1946 νήσεως,
793 1908 898 1939 τοῦτο
924 1906 1071 1950 ἔσχατον
1095 1908 1154 1937 καὶ
1179 1906 1219 1938 τὸ
1246 1906 1282 1938 οὗ
1309 1906 1418 1938 ἕνεκα·
1437 1902 1569 1951 διὸικαὶ
1597 1910 1612 1940 ὁ

624 1950 770 1988 ποιητής
794 1953 930 1996 γελοίως
956 1948 1109 1994 προήχθη
1135 1950 1258 1991 εἰπεῖν,

681 1995 775 2040 Ἔχει
801 1994 983 2034 τελευτήν,
1010 1994 1115 2038 ἧσπερ
1142 1993 1245 2026 οὕνεκ’
1270 1993 1419 2039 ἐγένετο·

622 2038 785 2079 βούλεται
810 2039 874 2085 γάρ
901 2037 937 2070 οὗ
963 2039 1030 2070 πᾶν
1055 2036 1139 2070 εἶναι
1162 2039 1204 2070 τὸ
1225 2039 1372 2082 ἔσχατον
1392 2037 1503 2079 τέλος,
1524 2037 1614 2071 ἀλλά

623 2084 664 2115 τὸ
690 2082 883 2123 βέλτιστον.
905 2081 1000 2115 Ἐπεὶ
1018 2078 1056 2114 δὲ
1074 2083 1225 2114 ποιοῦσιν
1245 2085 1278 2114 αἱ
1298 2082 1417 2126 τέχναι
1435 2083 1499 2118 τήν
1518 2082 1611 2124 ὕλην,

623 2130 657 2159 αἰ
683 2127 740 2171 μὲν
768 2129 897 2168 ἀπλῶς,
917 2129 950 2158 αἱ
968 2122 1006 2158 δὲ
1023 2126 1172 2172 εὐεργόν,
1198 2129 1255 2158 καὶ
1280 2126 1436 2171 χρώμεθα
1460 2127 1503 2164 ὠς
1521 2128 1612 2170 ἡμῶν

622 2171 719 2203 ἕνεκα
738 2172 876 2204 πάντων
895 2171 1118 2216 ὑπαρχόντων
1137 2171 1253 2214 (ἐσμέν
1274 2171 1339 2216 γοίρ
1357 2183 1425 2208 πως
1443 2172 1501 2202 καὶ
1519 2172 1612 2215 ἡμεῖς

623 2216 731 2252 τέλος·
758 2211 858 2260 διχῶς
887 2216 951 2261 γάρ
978 2215 1018 2247 τό
1045 2215 1082 2247 οὗ
1112 2215 1221 2248 ἕνεκα·
1249 2217 1379 2259 εἴρηται
1410 2211 1447 2246 δέ
1476 2215 1509 2247 ὲν
1540 2220 1611 2253 τοϊς

623 2262 696 2303 περὶ
722 2260 948 2304 φιλοσοφίας),
974 2255 1034 2291 δύο
1059 2255 1103 2294 δή
1129 2263 1163 2292 αἱ
1190 2260 1354 2303 ἄρχουσαι
1380 2260 1442 2296 τῆς
1460 2258 1538 2296 ὕλης
1556 2262 1613 2292 καὶ

623 2306 657 2335 αἱ
682 2306 900 2348 γνωρίζουσαι
926 2303 1059 2349 τέχναι,
1077 2303 1098 2340 ἥ
1125 2317 1162 2336 τε
1187 2304 1339 2348 χρωμένη
1365 2305 1422 2335 καὶ
1439 2304 1500 2340 τῆς
1518 2315 1614 2341 ποιη-

622 2349 718 2385 τικῆς
749 2350 769 2384 ἢ
793 2347 1072 2393 ῖάρχιτεκτονική.
1112 2349 1167 2380 Διὸ
1198 2349 1256 2379 καὶ
1286 2349 1306 2384 ἧ
1337 2347 1489 2392 χρωμένη
1521 2347 1614 2393 ἀρχι-

622 2393 803 2429 τεκτονική
829 2404 910 2430 πως·
930 2387 1078 2436 διαφέρει
1098 2388 1136 2424 δὲ
1155 2391 1175 2434 ᾗ
1194 2393 1214 2428 ἡ
1233 2392 1292 2435 μέν
1318 2393 1380 2425 τοῦ
1406 2387 1511 2429 εἴδους
1529 2404 1612 2437 γνω-

621 2437 768 2478 ριστική,
796 2438 816 2473 ἠ
841 2432 880 2468 δὲ
906 2434 1163 2481 ἀρχιτεκτονικὴ
1189 2437 1229 2473 ὠς
1255 2436 1418 2474 ποιητικὴ
1436 2437 1499 2474 τῆς
1518 2437 1608 2474 ὕλης.

617 2482 654 2511 Ὀ
677 2482 736 2524 μέν
761 2482 825 2527 γάρ
850 2481 1055 2524 κυβερνήτης
1081 2481 1177 2514 ποιόν
1203 2493 1237 2512 τι
1258 2482 1298 2513 τὸ
1316 2476 1402 2518 εἶδος
1421 2481 1483 2512 τοῦ
1502 2476 1613 2518 πηδα-

619 2526 692 2556 λίου
716 2526 865 2571 γνωρίζει
896 2527 954 2557 καὶ
987 2523 1190 2564 ἐπιτάττει,
1219 2526 1234 2556 ὁ
1260 2521 1288 2556 δ’
1318 2526 1354 2557 ἐκ
1385 2527 1482 2557 ποίου
1512 2524 1612 2565 ξύλου

620 2570 678 2600 καὶ
703 2572 806 2602 ποίων
835 2569 995 2605 κινήσεων
1025 2570 1138 2603 ἔσται.
1170 2570 1226 2600 Ἐν
1252 2570 1310 2614 μὲν
1338 2567 1393 2601 οὖν
1420 2572 1489 2606 τοῖς
1518 2569 1613 2601 κατὰ

621 2612 659 2645 τέ
687 2626 744 2651 νην
769 2615 862 2656 ἡμεῖς
889 2615 1048 2657 ποιοῦμεν
1074 2615 1137 2650 τήν
1164 2613 1243 2649 ὕλην
1270 2614 1332 2646 τοῦ
1365 2612 1460 2658 ἔργου
1491 2611 1610 2652 ἕνεκα,

622 2625 717 2691 ἑνχῧὲ
743 2662 813 2696 τοῖς
838 2661 983 2702 φυσικοῖς
1009 2658 1152 2703 ύποίρχει
1179 2656 1275 2689 οὖσα.

547 2739 624 2770 Ἔτι
649 2741 714 2771 τῶν
742 2738 822 2783 πρός
848 2751 880 2771 τι
907 2740 927 2774 ’ἡ
954 2737 1029 2774 ὕλη·
1058 2738 1146 2779 ἄλλῳ
1170 2737 1234 2782 γάρ
1260 2732 1338 2767 εἴδει
1365 2735 1449 2772 ἄλλη
1477 2735 1549 2772 ὕλη.

555 2826 660 2871 Μέχρι
684 2822 728 2862 δή
754 2825 859 2858 πόσου
886 2826 944 2857 τὸν
971 2825 1105 2868 φυσικὸν
1130 2820 1183 2855 δεῖ
1211 2819 1334 2856 εἰδέναι
1366 2823 1406 2856 τό
1438 2818 1523 2861 εἶδος
1555 2826 1611 2855 καὶ

623 2870 663 2903 τὸ
689 2873 721 2902 τί
748 2868 858 2907 ἑστιν;
886 2868 906 2906 ἦ
931 2868 1039 2912 ὥσπερ
1056 2869 1172 2912 ἰατρὸν
1199 2869 1324 2910 νεῦρον,
1343 2866 1512 2912 ἦχαλκέα
1529 2869 1612 2912 χαλ-

621 2913 694 2954 κόν,
720 2913 816 2967 μέχρι
842 2925 915 2945 του.
942 2912 1035 2950 Τινός
1060 2913 1124 2957 γάρ
1149 2911 1246 2944 ἕνεκα
1272 2911 1430 2950 ἕκαστον,
1456 2913 1514 2943 καὶ
1539 2915 1611 2954 περὶ

624 2958 741 2990 ταῦτα
767 2959 789 2989 ἀ
814 2956 886 2988 ἐστι
910 2956 1063 3000 χωρισταὶ
1087 2957 1145 2998 μὲν
1171 2951 1264 2996 εἴδει,
1285 2956 1317 2988 ἐν
1336 2955 1399 2998 ὕλῃ
1416 2952 1466 2987 δέ·
1493 2955 1612 2998 ἀνθρω-

622 3012 682 3038 πος
707 3001 771 3046 γάρ
795 3000 965 3044 ἄνθρωπον
986 3002 1100 3045 γεννᾷ,
1118 3002 1175 3031 καὶ
1193 2999 1285 3037 ἥλιος
1299 3002 1326 3014 “
1349 3001 1416 3037 Πῶς
1433 2995 1463 3031 δ’
1484 2999 1553 3044 ἔχει
1572 3000 1612 3031 τὸ

622 3045 786 3090 χωριστὸν
810 3047 867 3076 καὶ
894 3047 926 3076 τί
954 3044 1046 3085 ἐστι,
1072 3046 1266 3087 φιλοσοφίας
1296 3044 1359 3081 τῆς
1384 3043 1516 3088 πρώτης
1546 3038 1613 3074 διο-

622 3091 711 3133 ρίσαι
736 3089 842 3134 ἔργον.

609 3210 758 3239 SYNOPsls.
775 3225 809 3231 —-
831 3218 854 3237 1.
876 3209 1085 3245 Argumentum
1107 3214 1135 3236 et
1156 3207 1256 3235 divisio
1277 3213 1407 3235 textus.-
1422 3214 1448 3234 2.
1472 3207 1513 3234 Ex
1527 3214 1608 3243 prae-

556 3249 721 3278 cedentibus
742 3248 885 3286 sequitur,
907 3249 985 3285 quod
1007 3247 1035 3275 in
1057 3247 1175 3276 scientia
1197 3247 1323 3275 naturali
1344 3255 1433 3283 neque
1454 3252 1496 3274 est
1517 3247 1608 3275 consi-

555 3289 668 3318 deratio
695 3289 756 3317 sine
784 3287 906 3316 materia
934 3287 1077 3320 sensibili,
1107 3295 1196 3324 neque
1224 3286 1308 3314 etiam
1334 3286 1427 3314 solum
1453 3286 1608 3314 secundum

556 3329 724 3362 materiam,
745 3328 796 3356 sed
817 3327 902 3356 etiam
923 3326 1079 3355 secundum
1093 3327 1238 3364 sormam.
1266 3325 1376 3361 Duplex
1400 3325 1609 3362 argumentatio

556 3367 725 3396 Aristotelis.
736 3384 754 3389 -
771 3368 796 3395 3.
811 3367 922 3404 Duplex
936 3365 1086 3394 dubitatio.
1097 3375 1154 3400 -4.
1169 3365 1286 3402 Antiqui
1308 3364 1402 3392 solum
1417 3364 1565 3393 materiam
1580 3364 1609 3392 in

557 3406 673 3435 scientia
687 3406 807 3435 naturali
828 3412 1051 3435 tractaverunt.-
1061 3406 1086 3433 5.
1100 3404 1261 3441 Tripliciter
1274 3405 1412 3441 probatur
1426 3403 1521 3438 thesis,
1530 3404 1610 3440 quod

557 3445 685 3474 eiusdem
699 3445 832 3474 scientiae
846 3445 982 3474 naturalis
996 3445 1031 3473 sit
1047 3444 1227 3473 considerare
1242 3450 1300 3472 tam
1315 3444 1351 3472 de
1365 3443 1457 3471 forma
1471 3452 1558 3480 quam
1574 3444 1609 3471 de

558 3484 684 3513 materia.
713 3487 741 3520 a)
762 3486 817 3513 Ars
845 3485 970 3513 imitatur
997 3490 1138 3513 naturam.
1159 3485 1197 3512 At
1225 3482 1358 3512 scientiae
1385 3482 1538 3511 artificialis
1565 3489 1607 3511 est

558 3531 730 3560 cognoscere
757 3530 784 3552 et
812 3524 958 3553 materiam
987 3530 1014 3552 et
1035 3524 1166 3552 formam.
1181 3539 1200 3545 -
1214 3523 1241 3551 6.
1270 3522 1352 3551 Ratio
1379 3522 1440 3551 eius
1461 3523 1540 3559 quod
1561 3531 1611 3550 ars

559 3562 687 3590 imitatur
715 3568 856 3591 naturam.
879 3579 897 3585 -
919 3573 945 3599 7.
975 3563 1003 3598 b)
1031 3562 1166 3591 Eiusdem
1195 3561 1328 3591 scientiae
1355 3568 1397 3590 est
1430 3561 1610 3590 considerare

559 3600 645 3630 finem
667 3606 694 3629 et
708 3609 742 3630 ea
762 3611 835 3638 quae
856 3602 971 3631 suntad
992 3602 1087 3631 finem.
1104 3603 1160 3631 Sed
1182 3601 1245 3630 finis
1260 3601 1393 3630 materiae
1414 3608 1456 3630 est
1476 3601 1577 3630 forma.
1593 3617 1611 3623 -

1738 989 1830 1028 teria,
1854 990 1934 1021 sicut
1957 991 1995 1021 de
2019 991 2099 1022 simo
2123 991 2200 1032 quid
2223 992 2262 1023 sit
2284 992 2492 1031 intendimus,
2515 993 2558 1023 sic
2586 993 2727 1024 conside-

1738 1034 1872 1064 randum
1896 1041 1951 1065 est.
1976 1035 2081 1072 Quare
2105 1045 2207 1076 neque
2230 1036 2297 1066 sine
2320 1037 2448 1067 materia
2463 1036 2658 1076 huiusmodi,
2673 1047 2727 1069 ne-

1738 1086 1800 1117 que
1823 1078 1998 1108 secundum
2021 1078 2192 1109 materiam.

1672 1120 1797 1151 Etenim
1827 1121 1891 1151 iam
1914 1129 1944 1152 et
1967 1122 2005 1152 de
2032 1122 2093 1152 hoc
2121 1122 2274 1153 dubitabit
2301 1121 2414 1163 aliquis
2445 1123 2624 1163 dupliciter,
2651 1124 2727 1165 quia

1738 1165 1818 1195 duae
1842 1171 1970 1196 naturae
1990 1173 2074 1203 sunt,
2099 1165 2138 1196 de
2153 1175 2216 1206 qua
2239 1172 2285 1196 est
2300 1165 2439 1206 physica,
2456 1173 2510 1197 aut
2525 1167 2564 1197 de
2579 1177 2618 1198 eo
2634 1168 2726 1208 quod

1739 1218 1774 1238 ex
1798 1209 1947 1249 utrisque.
1972 1209 2032 1239 Sed
2057 1209 2081 1239 si
2098 1209 2136 1239 de
2152 1218 2190 1239 eo
2204 1209 2293 1250 quod
2309 1216 2355 1240 est
2377 1219 2414 1240 ex
2437 1210 2576 1251 utrisque
2600 1217 2631 1242 et
2646 1211 2727 1242 circa

1738 1259 1888 1292 utraque:
1904 1252 1921 1272 *
1936 1259 2044 1283 utrum
2059 1252 2153 1292 igitur
2168 1253 2310 1283 eiusdem
2323 1259 2378 1284 aut
2393 1253 2472 1285 alius
2488 1260 2659 1296 utrumque
2674 1265 2726 1286 co-

1737 1294 1905 1336 gnoscere?

1672 1339 1706 1369 In
1730 1339 1877 1379 antiquos
1901 1339 2030 1380 quidem
2053 1338 2138 1369 enim
2161 1338 2320 1379 aspicienti
2339 1340 2493 1372 videbitur
2521 1341 2630 1382 utique
2660 1351 2726 1372 esse

1738 1383 1893 1413 materiei:
1914 1393 1950 1413 ex
1973 1392 2067 1423 parva
2090 1382 2175 1413 enim
2198 1389 2285 1423 parte
2308 1384 2446 1423 quadam
2468 1384 2675 1425 Empedocles
2696 1392 2727 1416 et

1737 1426 1937 1457 Democritus
1960 1425 2098 1466 speciem
2121 1433 2150 1457 et
2173 1426 2262 1467 quod
2279 1427 2358 1467 quid
2376 1434 2440 1459 erat
2458 1437 2524 1458 esse
2548 1428 2725 1468 tetigerunt.

1671 1470 1703 1501 Si
1727 1477 1833 1500 autem
1856 1480 1904 1500 ars
1927 1470 2066 1501 imitatur
2093 1476 2256 1509 naturam,
2280 1471 2421 1503 eiusdem
2437 1478 2555 1511 ,autem
2581 1472 2727 1504 scientiae

1737 1521 1783 1544 est
1806 1523 1994 1554 cognoscere
2017 1513 2154 1544 formam
2177 1521 2208 1545 et
2230 1515 2393 1546 materiam
2415 1524 2516 1556 usque
2535 1515 2575 1546 ad
2592 1515 2656 1546 hoc
2678 1514 2728 1558 (ut

1738 1558 1851 1589 medici
1883 1558 2066 1596 sanitatem,
2090 1564 2120 1588 et
2148 1558 2307 1589 choleram
2329 1566 2360 1590 et
2378 1558 2526 1599 phlegma
2555 1559 2587 1590 in
2610 1559 2727 1600 quibus

1737 1609 1783 1632 est
1806 1602 1935 1640 sanitas;
1959 1601 2099 1632 similiter
2121 1607 2227 1632 autem
2250 1609 2281 1634 et
2303 1602 2508 1634 aedificatoris
2527 1609 2573 1634 est
2589 1602 2726 1634 formam

1737 1645 1852 1676 domus
1875 1652 1906 1676 et
1927 1645 2101 1684 materiam,
2124 1645 2277 1686 quoniam
2299 1647 2408 1678 lateres
2427 1653 2457 1678 et
2474 1646 2558 1686 ligna
2577 1653 2666 1685 sunt;
2685 1645 2727 1677 si-

1736 1689 1850 1720 militer
1863 1695 1970 1720 autem
1985 1689 2018 1719 in
2030 1687 2122 1731 aliis);
2138 1696 2168 1720 et
2183 1689 2330 1730 physicae
2344 1689 2453 1731 utique
2468 1690 2524 1721 erit
2538 1699 2727 1730 cognoscere

1736 1740 1883 1773 utrasque
1907 1739 2042 1764 naturas.

1668 1776 1685 1795 *
1700 1777 1832 1815 Adhuc,
1856 1777 1944 1817 quod
1960 1776 2050 1807 cuius
2064 1786 2157 1807 causa
2181 1776 2216 1808 fit
2241 1783 2271 1808 et
2292 1776 2389 1808 finem
2413 1776 2554 1808 eiusdem
2579 1783 2610 1808 et
2629 1786 2727 1818 quae-

1735 1830 1872 1861 cumque
1896 1827 1970 1851 sunt
1995 1828 2124 1860 propter
2150 1820 2222 1852 hoc.
2246 1821 2365 1852 Natura
2394 1827 2500 1852 autem
2527 1820 2598 1852 finis
2621 1827 2667 1852 est
2694 1827 2726 1852 et

1735 1864 1824 1895 cuius
1847 1874 1940 1895 causa
1954 1863 2000 1895 fit.
2019 1864 2167 1902 Quorum
2185 1863 2270 1895 enim
2293 1864 2445 1896 continuo
2468 1871 2559 1895 motu
2578 1865 2726 1896 existente

1735 1915 1781 1939 est
1795 1908 1908 1948 aliquis
1923 1907 1994 1938 finis
2018 1908 2116 1949 ipsius
2132 1914 2251 1946 motus,
2276 1907 2338 1939 hoc
2354 1908 2504 1939 ultimum
2526 1915 2573 1940 est
2588 1915 2619 1940 et
2634 1908 2724 1939 cuins

1735 1962 1827 1983 causa
1850 1951 1898 1982 fit:
1925 1952 2008 1982 unde
2027 1959 2058 1983 et
2071 1959 2164 1991 poeta
2182 1952 2329 1983 derisorie
2349 1952 2498 1992 apposuit
2520 1951 2621 1983 dicere
2639 1952 2726 1983 hunc

1734 1995 1842 2034 finem,
1866 1996 1955 2026 cuius
1977 1995 2106 2036 quidem
2129 2005 2222 2027 causa
2245 1995 2371 2027 effectus
2393 2002 2454 2034 est;
2473 1996 2541 2027 vult
2558 1996 2644 2027 enim
2659 2005 2725 2028 non

1735 2049 1830 2070 omne
1856 2049 1922 2070 esse
1947 2039 2095 2070 ultimum
2120 2038 2236 2078 finem,
2261 2040 2315 2070 sed
2340 2039 2509 2080 optimum.
2523 2039 2542 2059 *
2562 2040 2725 2077 Quoniam

1734 2091 1841 2114 autem
1861 2083 1978 2114 faciunt
1997 2090 2076 2114 artes
2094 2083 2274 2121 materiam,
2298 2083 2375 2114 aliae
2393 2083 2523 2124 quidem
2545 2084 2726 2124 simpliciter

1735 2127 1811 2157 aliae
1838 2137 1913 2157 vero
1941 2137 2094 2168 operose,
2123 2134 2153 2158 et
2182 2127 2302 2158 utimur
2327 2134 2479 2168 tanquam
2508 2134 2636 2168 propter
2665 2138 2724 2160 nos

1735 2171 1883 2201 omnibus
1906 2180 1987 2211 quae
2011 2178 2084 2201 sunt
2105 2169 2234 2213 (sumus
2260 2170 2345 2201 enim
2365 2171 2606 2212 quodammodo
2620 2178 2652 2202 et
2666 2181 2725 2203 nos

1734 2213 1821 2245 finis:
1853 2213 2018 2254 dupliciter
2048 2214 2132 2245 enim
2159 2221 2206 2245 est
2234 2213 2267 2244 id
2289 2214 2378 2245 cuius
2408 2224 2501 2246 causa
2522 2214 2574 2246 fit:
2605 2214 2724 2247 dictum

1735 2265 1780 2289 est
1802 2265 1908 2289 autem
1940 2258 1979 2288 de
2011 2258 2059 2288 his
2089 2258 2121 2288 in
2151 2257 2199 2289 his
2228 2267 2309 2299 quae
2333 2258 2371 2289 de
2398 2258 2500 2299 prima
2522 2258 2726 2300 philosophia

1735 2300 1838 2344 sunt):
1858 2301 1875 2321 *
1890 2302 1971 2332 duae
1989 2302 2083 2342 igitur
2105 2308 2179 2333 sunt
2201 2302 2409 2342 principantes
2432 2302 2595 2333 materiam
2617 2309 2648 2334 et
2670 2313 2724 2334 co-

1733 2353 1918 2386 gnoscentes
1951 2352 2047 2384 artes,
2078 2355 2159 2386 quae
2183 2345 2281 2376 utitur
2303 2352 2334 2376 et
2358 2345 2489 2384 factiva,
2517 2355 2599 2386 quae
2625 2347 2723 2378 archi-

1733 2389 1903 2427 tectonica;
1926 2390 2010 2419 unde
2034 2395 2064 2420 et
2087 2388 2204 2420 usualis
2218 2389 2457 2420 architectonica
2479 2390 2721 2430 quodammodo

1678 2447 1685 2453 ·
1734 2439 1788 2463 est.
1813 2432 1968 2463 Differunt
1986 2439 2092 2463 autem
2115 2433 2290 2463 secundum
2312 2433 2401 2473 quod
2422 2433 2500 2464 haec
2517 2433 2638 2464 formae
2653 2433 2722 2475 qui·

1734 2477 1806 2507 dem
1830 2476 2040 2516 cognoscitiva
2064 2482 2110 2507 est
2132 2475 2390 2515 architectonica,
2414 2476 2474 2507 alia
2496 2483 2602 2507 autem
2624 2483 2660 2508 ut
2677 2475 2722 2508 fa·

1733 2520 1813 2551 ctiva
1828 2520 1991 2550 materiae:
2015 2520 2204 2559 gubernator
2220 2520 2305 2550 enim
2323 2519 2425 2560 qualis
2443 2519 2483 2550 sit
2499 2519 2602 2551 forma
2617 2520 2722 2562 aliqua

1733 2563 1869 2594 temonis
1888 2563 2049 2602 cognoscit
2065 2569 2095 2594 et
2117 2563 2261 2602 instituit,
2277 2563 2356 2593 alius
2372 2570 2478 2594 autem
2499 2574 2535 2594 ex
2550 2573 2616 2604 quo
2631 2564 2719 2604 ligno

1733 2614 1763 2638 et
1785 2607 1930 2647 qualibus
1957 2607 2018 2637 illis
2040 2607 2106 2638 erit.
2134 2607 2168 2637 In
2197 2607 2244 2637 his
2267 2607 2397 2648 quidem
2419 2607 2513 2647 igitur
2543 2617 2625 2648 quae
2648 2614 2722 2639 sunt

1733 2650 1907 2681 secundum
1930 2657 2038 2688 anem,
2055 2660 2114 2680 nos
2129 2650 2261 2681 facimus
2285 2650 2447 2682 materiam
2469 2659 2598 2692 propter
2621 2659 2718 2692 opus:

1733 2695 1786 2724 sed
1809 2694 1842 2724 in
1865 2694 2001 2735 physicis
2020 2694 2109 2724 inest.
2511 2715 2515 2719 -

1665 2738 1681 2756 *
1696 2738 1855 2778 Amplius,
1879 2747 1990 2768 eorum
2007 2747 2087 2778 quae
2103 2745 2176 2768 sunt
2192 2738 2231 2768 ad
2247 2737 2367 2779 aliquid
2381 2738 2508 2769 materia
2527 2745 2589 2769 est:
2609 2738 2643 2768 in
2661 2738 2722 2769 alia

1732 2781 1817 2811 enim
1840 2781 1942 2812 forma
1965 2781 2024 2811 alia
2047 2781 2184 2812 materia.

1667 2825 1774 2865 Usque
1789 2825 1828 2855 ad
1844 2832 1999 2865 quantum
2023 2834 2096 2864 ergo
2116 2825 2284 2866 physicum
2299 2831 2424 2865 oportet
2444 2835 2632 2866 cognoscere
2651 2836 2720 2867 spe-

1732 2869 1812 2899 ciem
1835 2876 1864 2899 et
1883 2869 1970 2909 quod
1993 2869 2070 2909 quid
2093 2867 2159 2900 est?
2181 2871 2247 2900 Aut
2269 2869 2542 2910 quemadmodum
2565 2870 2604 2900 ad
2620 2870 2719 2900 medi-

2755 985 2823 1009 Text.
2837 992 2868 1010 at.

2752 1265 2764 1277 ⁸
2777 1265 2843 1288 Text.
2858 1271 2895 1288 2².

2751 1787 2763 1799 ⁸
2776 1787 2844 1811 Text.
2859 1793 2895 1816 23.

2750 2048 2763 2060 ⁸
2775 2049 2843 2074 Text.
2857 2057 2895 2079 24»

2750 2315 2843 2339 *Text-
2857 2320 2892 2344 ²5-

2746 2752 2758 2764 ·
2771 2751 2840 2774 Text.
2853 2751 2896 2775 οὗ-

1732 2922 1806 2943 cum
1820 2922 1952 2942 nervum
1971 2919 2001 2943 et
2017 2912 2141 2943 fabrum
2157 2922 2208 2943 aes
2223 2919 2403 2954 usquequo:
2421 2912 2510 2944 cuius
2526 2912 2611 2943 enim
2626 2922 2720 2944 causa
2768 2925 2781 2935 -’

1733 2956 1996 2996 unumquodque.
2021 2956 2061 2987 Et
2084 2956 2163 2987 circa
2185 2955 2261 2986 haec
2284 2965 2365 2997 quae
2383 2962 2457 2987 sunt
2471 2963 2629 2996 separatae
2647 2956 2718 2997 qui-

1732 3000 1805 3030 dem
1819 2999 1936 3039 species
1950 2999 1983 3030 in
1994 2999 2136 3030 materia:
2153 2999 2253 3030 homo
2269 2999 2353 3030 enim
2369 2999 2532 3030 hominem
2547 3006 2719 3040 generatex

1732 3043 1859 3074 materia
1876 3050 1905 3074 et
1921 3043 1979 3074 sol.
2003 3043 2179 3080 Quomodo
2203 3050 2309 3074 autem
2331 3053 2364 3074 se
2388 3043 2499 3074 habeat
2520 3042 2582 3074 hoc
2597 3053 2718 3084 separa-

1733 3086 1804 3125 bile,
1828 3093 1858 3117 et
1881 3086 1958 3127 quid
1981 3086 2031 3126 sit,
2054 3086 2273 3127 philosophiae
2296 3086 2415 3127 primae
2438 3093 2484 3118 est
2502 3086 2717 3118 determinare.

1663 3206 1689 3234 8.
1708 3207 1848 3234 Probatur
1862 3206 1942 3243 quod
1955 3207 2061 3244 forma
2081 3205 2116 3234 sit
2121 3205 2197 3244 finis
2217 3206 2365 3234 materiae.
2382 3206 2500 3234 Materia
2521 3206 2561 3234 sic
2582 3214 2612 3234 se
2632 3206 2719 3235 habet

1662 3245 1690 3273 in
1712 3245 1886 3274 naturalibus
1907 3246 1943 3273 ad
1964 3245 2097 3280 formam,
2116 3244 2187 3273 sicut
2208 3244 2237 3273 in
2257 3245 2449 3274 artificialibus
2469 3254 2500 3274 se
2521 3246 2606 3274 habet
2625 3245 2719 3274 forma

1662 3285 1698 3313 ad
1719 3294 1812 3313 usum.
1834 3285 1891 3313 Sed
1910 3285 1940 3312 in
1966 3284 2159 3313 artificialibus
2183 3294 2252 3313 usus
2279 3291 2321 3313 est
2348 3284 2412 3313 finis
2439 3284 2535 3322 operis
2563 3283 2718 3313 artificiosi.

1662 3325 1738 3361 Ergo
1764 3331 1791 3352 et
1819 3323 1848 3352 in
1875 3324 2052 3353 naturalibus
2080 3323 2199 3352 materia
2223 3324 2309 3353 talem
2336 3324 2422 3353 habet
2448 3324 2580 3352 ordinem
2600 3324 2638 3352 ad
2660 3323 2717 3352 for-

1663 3373 1758 3392 mam:
1790 3363 1894 3392 scilicet
1916 3370 1958 3391 est
1984 3370 2101 3400 propter
2122 3363 2254 3392 formam.
2280 3380 2298 3385 —
2324 3373 2351 3400 9.
2373 3365 2399 3399 c)
2421 3364 2530 3392 Eorum
2557 3371 2631 3400 quae
2651 3368 2718 3391 sunt

1662 3404 1700 3431 ad
1723 3402 1849 3440 aliquid,
1871 3410 1912 3431 est
1932 3412 1990 3431 una
2010 3403 2136 3432 scientia.
2159 3403 2216 3431 Sed
2237 3403 2355 3432 materia
2375 3409 2417 3431 est
2440 3403 2478 3431 ad
2504 3403 2637 3431 formam.
2652 3417 2671 3423 —
2685 3402 2716 3430 ln

1663 3451 1721 3479 quo
1749 3451 1834 3471 sensu
1862 3443 1918 3471 hoc
1945 3442 2063 3471 dicatur.
2085 3459 2104 3465 -
2130 3451 2172 3471 ιο.
2195 3441 2394 3471 Consideratio
2422 3441 2555 3471 scientiae
2581 3439 2716 3469 namralis

1663 3482 1737 3511 circa
1758 3482 1890 3517 formam,
1905 3491 1935 3510 se
1956 3481 2080 3510 extendit
2100 3490 2190 3519 usque
2211 3482 2247 3510 ad
2269 3482 2330 3510 illas
2350 3482 2466 3516 formas,
2487 3479 2640 3518 quaelicet
2660 3479 2716 3507 sint

1663 3521 1760 3559 aliquo
1788 3522 1878 3550 modo
1906 3527 2069 3558 separatae,
2091 3527 2187 3550 tamen
2214 3529 2276 3550 esse
2305 3521 2411 3550 habent
2435 3520 2464 3549 in
2491 3518 2617 3548 materia.
2639 3519 2715 3555 Ergo

1663 3570 1754 3598 usque
1775 3562 1812 3590 ad
1833 3560 1959 3589 animam
1981 3560 2164 3589 rationalem:
2186 3569 2246 3588 non
2266 3566 2362 3589 tamen
2383 3559 2553 3597 inquantum
2571 3564 2613 3586 est
2634 3566 2716 3595 sepa-

1664 3600 1758 3629 rabilis
1779 3607 1806 3629 et
1827 3600 1887 3629 sine
1909 3609 2030 3637 corpore
2050 3599 2167 3628 existere
2188 3606 2300 3636 potens.
