2950 4004
234 852 244 862 ⁸
252 851 303 873 Lib.
313 852 356 873 vn
367 852 417 873 lect.
429 856 444 872 1.

236 957 244 963 ·
259 955 319 976 libro
334 961 381 976 om.
400 960 444 976 υεο

232 987 333 1002 numos.

233 1008 244 1018 ⁸
258 1007 308 1029 Lib.
324 1007 345 1028 V
360 1008 411 1029 lect.
427 1013 444 1029 1.

230 1113 242 1124 ¹·
248 1113 394 1140 propositum
404 1113 444 1134 ad-

233 1139 288 1160 dunt
295 1145 355 1165 izi-*³1⁴5
364 1145 394 1160 mi
401 1140 443 1160 lac.

232 1165 255 1176 '⁸
272 1166 343 1187 Num.
357 1171 377 1193 5.

231 1271 241 1281 '
255 1269 324 1291 Num.
340 1276 359 1297 3.

230 1434 238 1442 ·
255 1431 319 1453 Lect.
334 1438 349 1458 ι,
365 1438 387 1453 n.
402 1437 421 1458 5.

328 1489 344 1505 α

230 1515 240 1525 ·
256 1514 317 1536 Lect.
332 1520 352 1541 2,
368 1520 416 1541 seq.

231 2177 240 2185 ·
255 2171 314 2193 enim
329 2176 376 2191 om.
391 2175 428 2191 to.

232 2224 242 2233 ιι

256 2225 282 2243 ut
297 2228 441 2243 heronimus.

230 2250 252 2260 ⁸*
266 2249 328 2270 Lect.
344 2255 375 2270 vi.

230 2277 239 2285 ¹
257 2275 335 2302 primo
350 2275 403 2296 add.
418 2281 440 2296 D.

258 2591 321 2618 quod
339 2593 375 2612 est
392 2597 439 2612 om.

231 2624 295 2639 nem.

230 2699 239 2707 ⁸
261 2697 312 2718 Did.
334 2702 385 2723 cap.
408 2702 439 2723 iv,

229 2730 250 2751 7.

730 334 754 358 ,’.
779 326 987 367 flostquam
1016 317 1270 366 Philosophus
1305 317 1528 354 determina-

774 372 777 383 '
811 372 866 408 vit
881 371 927 408 de
941 369 1132 419 principiis
1148 381 1274 406 rerum
1289 370 1527 416 naturalium,

746 417 799 474 Q
813 432 848 460 et
875 425 922 461 de
955 422 1145 472 principiis
1181 421 1293 459 huius
1331 422 1527 469 scientiae,

682 509 693 515 -
743 472 780 524 ⁸5,
811 476 872 512 hic
900 475 1028 524 incipit
1054 474 1234 524 prosequi
1269 487 1378 511 suam
1411 475 1529 511 inten-

702 523 766 573 Hs·
782 522 953 565 ttionem
983 526 1270 564 determinando
1297 527 1344 564 de
1368 527 1529 564 subiecto

680 578 682 581 ’
706 577 721 600 Ῥ
748 597 751 599 >
779 569 921 618 “huius
941 579 1133 626 scientiae,
1154 579 1259 627 quod
1279 587 1334 616 est
1358 591 1423 616 ens
1447 592 1529 616 mo-

473 635 545 671 bile
566 634 790 683 simpliciter.
820 632 1009 670 Dividitur
1029 644 1117 679 ergo
1143 632 1180 668 in
1199 640 1324 680 partes
1353 631 1462 668 duas:
1492 632 1530 669 in

471 687 595 736 prima
610 687 833 724 determinat
853 685 899 722 de
915 692 1022 721 motu
1039 684 1250 721 secundum
1267 697 1324 730 se;
1345 685 1384 720 in
1399 696 1530 721 secun-

474 739 522 776 da
542 739 587 776 de
612 747 719 776 motu
746 752 814 788 per
842 737 1166 786 comparationem
1195 737 1244 773 ad
1272 736 1467 774 moventia
1495 745 1531 774 et

472 792 643 838 mobilia,
672 792 710 829 in
738 791 898 840 septimo
923 790 1030 835 libro,
1052 788 1117 825 ibi:
1143 789 1262 825 Omne
1284 789 1385 837 quod
1406 800 1530 826 move-

472 851 532 881 tur
547 845 566 864 ⁴‘
583 852 651 881 etc.
674 844 801 881 Prima
821 843 998 881 dividitur
1017 842 1055 878 in
1077 841 1190 878 duas:
1211 841 1249 878 in
1267 842 1392 890 prima
1411 841 1530 878 deter-

472 897 590 934 minat
610 897 655 933 de
674 898 757 946 ipso
778 904 901 942 motu;
931 895 969 931 in
997 893 1163 931 secunda
1182 894 1228 930 de
1247 894 1416 942 partibus
1437 894 1528 942 eius,

471 950 510 986 in
535 949 665 998 quinto
694 949 788 986 libro
809 950 840 995 ⁴¹,
862 948 932 984 ibi:
966 949 1002 984 T
998 953 1254 984 ransmutatur
1278 953 1402 984 autem
1418 948 1439 968 ²³²
1457 956 1527 985 etc.

473 1002 582 1039 Circa
600 1002 766 1050 primum
787 1003 862 1038 duo
892 999 997 1037 facit:
1026 999 1151 1047 primo
1181 999 1269 1036 dicit
1297 1001 1344 1037 de
1373 1011 1450 1047 quo
1475 1007 1530 1037 est

471 1054 648 1100 intentio;
683 1053 850 1091 secundo
886 1052 1081 1100 exequitur
1109 1052 1147 1099 *,
1177 1052 1248 1089 ibi:
1281 1054 1351 1089 Est
1381 1053 1528 1100 quidem

471 1108 587 1156 igitur
602 1108 644 1128 *³²
665 1114 732 1143 etc.
755 1106 863 1142 Circa
881 1105 1050 1154 primum
1071 1104 1148 1141 duo
1168 1105 1274 1142 facit:
1294 1105 1419 1154 primo
1441 1104 1528 1142 dicit

472 1161 519 1196 de
538 1172 615 1207 quo
639 1159 890 1208 principaliter
908 1157 1082 1204 intendit;
1103 1158 1271 1195 secundo
1290 1158 1397 1206 ponit
1416 1169 1529 1206 quae-

472 1211 560 1249 dam
577 1212 609 1248 ei
630 1212 816 1259 adiuncta,
832 1223 930 1260 quae
951 1222 995 1247 ex
1012 1210 1256 1258 consequenti
1271 1210 1527 1258 intenduntur,

470 1265 537 1302 ibi:
567 1264 908 1302 Determinantibus
936 1269 1059 1300 autem
1089 1263 1108 1283 ’³‘
1138 1271 1206 1300 etc.

526 1330 559 1354 2.
591 1317 700 1354 Circa
736 1317 904 1366 primum
941 1316 1055 1352 utitur
1088 1316 1150 1352 tali
1188 1315 1344 1353 ratione.
1383 1317 1529 1353 Natura

471 1378 525 1408 est
551 1370 778 1419 principium
807 1376 934 1406 motus
954 1376 990 1405 et
1017 1368 1248 1415 mutationis,
1267 1375 1309 1404 ut
1329 1381 1373 1405 ex
1397 1369 1528 1405 defini-

469 1424 572 1460 tione
600 1424 638 1460 in
658 1422 824 1459 secundo
847 1423 866 1443 ’¹‘
885 1421 1009 1470 posita
1026 1428 1128 1469 patet
1148 1421 1369 1470 (quomodo
1399 1429 1527 1458 autern

471 1477 645 1514 differant
655 1482 671 1497 ⁹·
682 1483 808 1512 motus
825 1483 859 1511 et
874 1474 1044 1520 mutatio,
1057 1473 1094 1510 in
1105 1474 1235 1524 quinto
1244 1474 1263 1494 '⁸
1275 1473 1526 1520 ostendetur):

471 1537 507 1566 et
525 1529 576 1565 sic
595 1536 696 1577 patet
715 1528 819 1577 quod
842 1528 1011 1575 ignorato
1031 1534 1150 1573 motu,
1171 1526 1363 1574 ignoratur
1382 1534 1525 1573 natura,

470 1594 557 1619 cum
586 1582 623 1618 in
653 1581 732 1618 eius
762 1580 980 1617 definitione
1009 1587 1182 1628 ponatur.
1210 1581 1310 1616 Cum
1339 1591 1428 1627 ergo
1457 1592 1527 1616 nos

469 1634 709 1671 intendamus
737 1634 884 1671 tradere
917 1632 1111 1669 scientiam
1133 1631 1179 1668 de
1208 1640 1355 1681 natura,
1373 1643 1526 1669 necesse

470 1694 524 1724 est
551 1687 745 1724 notificare
774 1694 934 1723 motum.
1224 1711 1230 1724 .

524 1741 558 1777 3.
574 1739 723 1776 Deinde
735 1751 822 1776 cum
838 1738 939 1776 dicit:
955 1737 1297 1774 Determinantibus
1307 1743 1431 1773 autem
1444 1743 1524 1783 etc.‚

469 1792 636 1839 adiungit
673 1791 861 1839 quaedam
895 1802 993 1838 quae
1028 1789 1329 1826 concomitantur
1356 1797 1525 1826 motum:

469 1852 506 1881 et
532 1845 646 1881 utitur
674 1844 820 1881 duabus
853 1842 1080 1888 rationibus,
1106 1854 1267 1890 quarum
1295 1841 1419 1890 prima
1445 1842 1526 1878 talis

470 1905 535 1934 est.
570 1896 813 1944 Quicumque
851 1894 1074 1933 determinat
1112 1895 1159 1932 de
1194 1894 1339 1943 aliquo,
1379 1902 1528 1943 oportet

470 1950 574 1998 quod
602 1949 827 1986 determinet
858 1961 902 1985 ea
934 1960 1032 1995 quae
1066 1954 1348 1995 consequuntur
1379 1947 1525 1996 ipsum:

469 2002 681 2039 subiectum
701 2002 803 2038 enim
824 2009 860 2037 et
878 1999 1085 2037 accidentia
1113 2001 1151 2037 in
1169 2013 1245 2037 una
1264 2000 1418 2037 scientia
1436 2013 1526 2052 con-

470 2055 690 2092 siderantur.

523 2107 600 2144 Sed
637 2114 785 2143 motum
824 2105 1065 2153 consequitur
1101 2105 1289 2142 infinitum
1327 2105 1494 2141 intranee
1516 2134 1524 2151 ,

470 2160 573 2208 quod
598 2159 650 2196 sic
664 2166 775 2208 patet.
793 2159 921 2195 Motus
941 2157 1042 2194 enim
1058 2158 1078 2179 ’¹‘
1093 2165 1148 2194 est
1167 2158 1214 2195 de
1228 2169 1388 2194 numero
1411 2158 1525 2194 conti-

469 2225 645 2259 nuorum,
662 2211 767 2261 quod
783 2213 803 2232 ’³‘
817 2211 911 2248 infra
924 2209 1066 2259 patebit
1084 2210 1122 2247 in
1137 2218 1240 2247 sexto
1262 2211 1316 2247 ’μὴ
1338 2210 1525 2247 infinitum

469 2273 595 2302 autem
617 2266 636 2287 '³‘
657 2264 754 2302 cadit
778 2264 815 2300 in
837 2263 1055 2301 definitione
1075 2263 1251 2300 continui.
1270 2264 1317 2299 Et
1336 2263 1439 2300 addit
1446 2263 1526 2311 pri-

469 2331 543 2364 mo,
564 2318 651 2366 quia
670 2317 858 2354 infinitum
887 2317 991 2364 quod
1020 2323 1075 2352 est
1094 2316 1131 2352 in
1150 2315 1339 2352 additione
1358 2315 1524 2362 numeri,

470 2379 642 2408 causatur
662 2383 706 2407 ex
726 2369 870 2406 infinito
890 2369 993 2417 quod
1010 2376 1064 2405 est
1083 2369 1120 2405 in
1140 2368 1325 2405 divisione
1346 2369 1524 2406 continui.

468 2425 517 2461 Et
544 2425 648 2472 quod
678 2422 865 2460 infinitum
895 2421 1003 2458 cadat
1030 2421 1068 2458 in
1096 2421 1314 2458 definitione
1343 2421 1524 2468 continui,

469 2477 631 2514 ostendit
675 2475 763 2524 quia
799 2474 988 2511 multoties
1034 2474 1256 2511 definientes
1304 2474 1524 2511 continuum

467 2537 622 2567 utuntur
655 2529 821 2573 infinito;
855 2535 983 2576 utpote
1018 2540 1105 2564 cum
1140 2527 1268 2564 dicunt
1299 2527 1404 2576 quod
1437 2539 1525 2563 con-

467 2583 614 2619 tinuum
634 2589 688 2618 est
712 2581 815 2630 quod
844 2588 899 2617 est
928 2582 947 2601 '²
977 2580 1161 2617 divisibile
1188 2580 1227 2617 in
1255 2579 1456 2616 infinitum.
1478 2580 1526 2615 Et

468 2635 554 2673 dicit
582 2635 774 2680 multoties,
804 2633 891 2682 quia
918 2633 1107 2670 invenitur
1135 2632 1246 2669 etiam
1267 2632 1337 2668 alia
1357 2631 1525 2668 definitio

468 2687 643 2735 continui,
665 2700 761 2736 quae
790 2685 942 2735 ponitur
969 2686 1006 2722 in
1025 2685 1362 2722 Praedicamentis:
1388 2684 1407 2704 ²⁸
1438 2696 1526 2720 con-

466 2741 614 2778 tinuum
636 2748 691 2777 est
710 2739 815 2776 cuius
842 2746 966 2787 partes
990 2738 1039 2774 ad
1058 2750 1178 2774 unum
1198 2737 1401 2774 terminum
1423 2749 1526 2773 com-

467 2806 624 2831 munem
645 2793 877 2841 copulantur.
899 2791 1087 2828 Differunt
1106 2797 1233 2827 autem
1252 2790 1324 2826 hae
1345 2789 1441 2826 duae
1463 2789 1525 2826 de-

467 2847 667 2883 finitiones.
705 2845 939 2882 Continuum
973 2843 1094 2888 enim,
1132 2855 1219 2879 curn
1254 2842 1299 2878 sit
1330 2842 1525 2891 quoddam

466 2907 600 2945 totum,
630 2911 698 2947 per
716 2905 840 2947 partes
869 2909 955 2933 suas
985 2895 1132 2933 definiri
1152 2895 1286 2932 habet:
1315 2903 1441 2943 partes
1461 2907 1525 2931 au-

467 2960 543 2988 tern
583 2951 778 2999 dupliciter
815 2956 1083 2998 comparantur
1120 2948 1167 2985 ad
1203 2955 1325 2984 totum
1342 2976 1351 2994 ,
1389 2947 1527 2984 scilicet

468 3005 677 3041 secundum
706 3002 1036 3051 compositionem,
1066 3008 1179 3049 prout
1208 3012 1252 3037 ex
1279 2999 1447 3048 partibus
1472 3007 1527 3036 to-

467 3065 548 3094 tum
565 3056 821 3105 componitur3
838 3063 874 3092 et
888 3054 1098 3091 secundum
1119 3053 1399 3099 resolutionem,
1416 3060 1527 3100 prout

468 3118 589 3146 totum
619 3109 796 3146 dividitur
828 3109 866 3145 in
897 3114 1032 3156 partes.
1074 3107 1178 3143 Haec
1211 3105 1320 3153 igitur
1357 3105 1526 3142 definitio

469 3162 633 3199 continui
649 3161 734 3198 data
751 3170 804 3199 est
819 3160 1029 3198 secundum
1044 3159 1147 3196 viam
1165 3157 1414 3203 resolutionis,
1430 3169 1527 3205 quae

469 3223 595 3252 autem
618 3214 770 3263 ponitur
789 3214 827 3251 in
842 3211 1169 3263 praedicamentis,
1193 3210 1403 3248 secundum
1423 3210 1527 3247 viam

471 3266 765 3315 compositionis.
788 3267 850 3304 Sic
870 3266 979 3314 igitur
994 3273 1096 3314 patet
1110 3264 1213 3313 quod
1234 3263 1421 3300 infinitum
1438 3275 1527 3300 con-

471 3320 636 3367 sequitur
663 3328 810 3356 motum
840 3319 1017 3356 intranee.

525 3372 722 3417 Quaedam
756 3380 882 3409 autem
913 3377 1196 3419 consequuntur
1223 3376 1371 3406 motum
1393 3368 1527 3405 extrin-

473 3436 569 3469 sece,
590 3424 684 3460 sicut
704 3425 903 3461 exteriores
923 3424 1113 3472 quaedam
1134 3434 1346 3469 mensurae,
1363 3429 1404 3458 ut
1423 3422 1527 3458 locus

527 3538 553 3561 α)
572 3534 702 3565 quomodo
724 3538 811 3559 autem
832 3535 965 3568 differant.
985 3549 1003 3554 -
1017 3535 1056 3560 Sic
1076 3517 1163 3567 legunt
1182 3535 1241 3559 PsG
1260 3540 1285 3559 et
1304 3534 1332 3563 b,·
1351 3534 1413 3566 quia
1438 3538 1526 3558 autem

474 3567 599 3600 differant
618 3569 656 3592 cd.
676 3575 700 3598 α,
721 3569 785 3600 quid
803 3573 890 3594 autem
915 3570 1022 3603 differat
1047 3569 1327 3598 ACIKMNOSTVXZ,
1350 3569 1420 3601 quod
1438 3572 1525 3594 autem

1096 238 1441 275 PHYSICORUM
1468 237 1814 275 ARISTOTELIS
1845 238 1938 274 LIB.
1969 237 2018 273 III

1583 323 1618 352 et
1646 317 1666 336 '³‘
1698 327 1864 352 vacuum
1895 323 1931 352 et
1957 323 2119 364 tempus.
2150 317 2254 354 Nam
2281 325 2431 367 tempus
2460 326 2514 356 est
2537 331 2643 356 men-

1582 380 1669 404 sura
1687 367 1804 416 ipsius
1823 375 1968 405 motus:
1989 368 2140 405 mobilis
2158 381 2252 406 vero
2267 382 2446 408 mensura
2465 379 2520 408 est
2538 372 2643 409 locus

1583 420 1738 468 quidem
1765 421 1975 458 secundum
2003 421 2215 469 veritatem,
2234 434 2401 459 vacuum
2430 430 2557 472 autem
2586 437 2643 461 se-

1584 473 1752 509 cundum
1773 473 1995 522 opinionem
2015 475 2273 522 quorundam:
2295 482 2330 511 et
2348 475 2434 512 ideo
2455 476 2644 524 subiungit

1584 526 1688 574 quod
1707 533 1834 562 motus
1862 539 1940 563 non
1967 534 2093 574 potest
2121 538 2202 563 esse
2230 526 2310 570 sine
2336 528 2434 575 loco,
2453 541 2578 565 vacuo
2606 537 2643 566 et

1583 585 1767 626 tempore.
1802 579 1886 615 Nec
1917 578 2075 627 impedit
2107 579 2212 627 quod
2246 592 2324 616 non
2362 580 2486 617 omnis
2518 588 2643 618 motus

1585 637 1639 666 est
1657 630 1785 667 localis
1815 632 1852 677 *;
1881 631 1971 679 quia
1997 631 2088 668 nihil
2115 639 2293 669 movetur
2315 632 2385 669 nisi
2405 632 2443 669 in
2462 633 2548 670 loco
2569 633 2643 670 exi·
2670 642 2681 653 ⁸

1584 690 1705 718 stens:
1735 695 1852 719 omne
1882 683 1983 720 enim
2013 696 2151 732 corpus
2179 684 2354 721 sensibile
2390 693 2445 721 est
2473 685 2511 722 in
2539 686 2642 734 loco,

1585 742 1620 770 et
1638 734 1750 771 huius
1779 735 1893 772 solius
1914 737 1934 757 ³³²
1955 744 2009 773 est
2037 737 2197 774 moveri.
2218 737 2348 774 Motus
2373 737 2485 774 etiarn
2514 738 2643 775 localis

1585 794 1640 823 est
1657 786 1802 835 primus
1822 795 2009 835 motuum,
2025 801 2102 836 quo
2129 797 2278 826 remoto
2305 797 2550 827 removentur
2569 790 2642 838 alii,

1583 847 1624 875 ut
1656 839 1750 876 infra
1767 840 1909 888 patebit
1927 841 1965 878 in
1994 849 2130 879 octavo
2150 842 2181 878 *.
2204 842 2265 879 Sic
2284 843 2394 890 igitur
2416 850 2519 891 patet
2537 844 2644 891 quod

1582 892 1772 940 praedicta
1810 900 1971 941 quatuor
2008 903 2291 942 consequuntur
2328 902 2502 942 motum,
2541 897 2644 933 unde

1581 944 1770 993 pertinent
1796 945 1844 982 ad
1865 945 2204 983 considerationem
2224 948 2440 996 philosophi
2467 948 2644 986 naturalis

1582 1005 1738 1045 propter
1764 997 1950 1035 rationem
1978 998 2223 1046 praedictam.

1635 1061 1672 1096 4.
1694 1051 1743 1086 Et
1771 1050 1883 1087 etiam
1905 1058 2061 1099 propter
2085 1051 2196 1087 aliam
2226 1063 2343 1098 quam
2370 1060 2645 1100 consequenter

1583 1102 1783 1150 subiungit,
1803 1103 1892 1151 quia
1910 1103 2102 1151 praedicta
2120 1110 2207 1140 sunt
2227 1103 2447 1140 communia
2465 1105 2644 1142 omnibus

1583 1155 1697 1191 rebus
1714 1156 1733 1176 '¹‘
1750 1155 1992 1192 naturalibus.
2013 1155 2123 1192 Unde
2145 1168 2233 1192 cum
2253 1155 2583 1194 determinandum
2599 1157 2645 1195 sit

1583 1206 1621 1244 in
1641 1207 1794 1243 scientia
1813 1208 1971 1244 naturali
2001 1208 2048 1245 de
2068 1207 2248 1244 omnibus
2267 1206 2379 1245 rebus
2399 1209 2642 1258 naturalibus,

2671 328 2682 339 ⁸¹
2697 329 2720 349 et
2733 334 2781 350 om.
2796 329 2864 352 codd.

2704 643 2728 664 in
2751 643 2804 665 loco
2827 643 2880 666 edd.

2670 674 2685 690 α
2694 668 2714 690 b.
2723 672 2745 699 et
2755 669 2823 691 codd.
2832 676 2882 692 exc.

2671 700 2773 722 margine
2786 702 2808 718 ιι.

2671 747 2682 758 ⁸
2696 747 2771 769 solum
2782 753 2884 775 Actum

2671 779 2740 795 *rvxv-

2671 852 2682 863 ·
2697 851 2760 873 Lect.
2775 857 2823 874 xxv.

2673 1166 2681 1175 ·
2695 1165 2766 1187 rebus
2782 1171 2831 1188 on·
2845 1171 2884 1189 ιο.

1582 1259 2006 1307 praedeterminandum
2027 1267 2082 1296 est
2101 1260 2148 1296 de
2169 1260 2337 1308 quolibet
2357 1262 2533 1299 istorum:
2554 1263 2643 1311 quia
2663 1260 2676 1273 ’

1583 1311 1789 1360 speculatio
1818 1324 1915 1360 quae
1945 1319 2000 1349 est
2028 1312 2074 1349 de
2102 1311 2275 1361 propriis,
2305 1321 2362 1350 est
2387 1314 2576 1362 posterior
2599 1327 2643 1352 ea

1582 1376 1680 1412 quae
1701 1371 1757 1400 est
1781 1364 1828 1401 de
1853 1365 2133 1413 communibus,
2154 1372 2195 1402 ut
2209 1365 2247 1402 in
2265 1366 2450 1415 principio
2466 1368 2486 1388 *
2501 1366 2642 1405 dictum

1583 1423 1648 1453 est.
1679 1417 1756 1453 Sed
1784 1417 1879 1454 inter
1906 1417 2002 1454 haec
2030 1418 2249 1455 communia
2267 1419 2371 1467 prius
2392 1418 2642 1458 determinan-

1582 1469 1675 1506 dum
1705 1477 1759 1506 est
1796 1471 1844 1507 de
1872 1478 2001 1516 motu;
2038 1470 2128 1518 quia
2165 1470 2237 1514 alia
2274 1479 2558 1520 consequuntur
2593 1473 2643 1511 ad

1581 1521 1722 1571 ipsum,
1751 1529 1792 1559 ut
1820 1522 1962 1560 dictum
1991 1530 2046 1560 est
2061 1524 2106 1560 ’*.

1638 1575 1670 1612 5.
1701 1575 1850 1612 Deinde
1885 1587 1973 1612 cum
2006 1575 2113 1613 dicit:
2146 1577 2215 1613 Est
2245 1577 2392 1625 quidem
2426 1577 2543 1626 igitur
2575 1579 2657 1615 ali:

1579 1627 1671 1675 quid
1697 1635 1778 1674 etc.‚
1809 1627 2005 1676 exequitur
2031 1628 2282 1678 propositum.
2313 1630 2361 1665 Et
2378 1629 2502 1678 primo
2524 1630 2642 1668 deter-

1581 1679 1700 1716 minat
1719 1679 1767 1717 de
1787 1688 1895 1717 motu
1915 1688 1951 1717 et
1969 1680 2128 1728 infinito,
2144 1681 2248 1730 quod
2269 1682 2288 1703 *
2303 1681 2472 1719 intranee
2491 1690 2641 1720 motum

1581 1732 1821 1780 consequitur
1840 1734 1872 1778 ⁴‘;
1893 1734 2060 1770 secundo
2082 1733 2128 1771 de
2148 1734 2228 1771 aliis
2247 1734 2375 1781 tribus,
2393 1747 2490 1783 quae
2511 1748 2642 1773 conse-

1581 1793 1748 1832 quuntur
1760 1785 1887 1833 ipsum
1903 1786 2119 1834 extrinsece,
2131 1787 2169 1823 in
2183 1795 2317 1836 quarto
2333 1787 2438 1834 libro,
2451 1787 2514 1825 ibi:
2533 1789 2643 1826 Simi-

1580 1838 1663 1874 liter
1680 1844 1805 1874 autem
1825 1850 1971 1875 necesse
1988 1839 2008 1860 *
2028 1846 2096 1876 etc.
2114 1839 2241 1882 Prima
2264 1840 2445 1876 dividitur
2469 1841 2507 1878 in
2529 1841 2642 1878 duas:

1580 1890 1618 1927 in
1636 1891 1760 1939 prima
1789 1891 2012 1928 determinat
2040 1892 2086 1929 de
2116 1900 2239 1938 motu;
2270 1892 2308 1929 in
2333 1894 2500 1930 secunda
2520 1894 2567 1930 de
2587 1893 2642 1931 in-

1581 1943 1699 1990 finito,
1720 1943 1791 1981 ibi:
1818 1944 2004 1986 Quoniam
2027 1950 2152 1981 autem
2177 1945 2222 1981 de
2249 1951 2385 1982 natura
2406 1946 2426 1967 ²¹⁵
2442 1953 2510 1983 etc.
2533 1945 2644 1984 Circa

1562 1996 1747 2045 >primum
1768 1997 1844 2033 duo
1873 1997 1980 2034 facit:
2007 1997 2132 2045 primo
2155 1998 2358 2046 praemittit
2385 1998 2575 2046 quaedam
2594 1999 2644 2036 ad

1582 2049 1883 2097 investigandum
1913 2049 2176 2087 definitionem
2204 2058 2352 2097 motus3
2382 2051 2551 2088 secundo
2578 2051 2642 2088 de-

1581 2102 1664 2138 finit
1683 2110 1843 2149 motum,
1873 2102 1944 2138 ibi:
1973 2102 2104 2139 Diviso
2129 2109 2253 2139 autem
2282 2104 2486 2140 secundum
2510 2116 2643 2141 unum-

1581 2155 1781 2203 quodque*
1794 2162 1862 2191 etc.
1876 2155 1986 2191 Circa
1999 2155 2168 2203 primum
2184 2155 2260 2192 duo
2276 2155 2378 2193 facit:
2398 2156 2523 2205 primo
2541 2157 2643 2193 enim
2671 2168 2682 2179 ·

1579 2207 1783 2256 praemittit
1811 2208 1997 2255 quasdam
2026 2207 2252 2245 divisiones:
2282 2208 2370 2256 quia
2388 2209 2451 2246 via
2470 2209 2518 2246 ad
2537 2209 2641 2249 inve-

1581 2260 1764 2297 niendum
1784 2260 2021 2297 definitiones
2042 2261 2401 2298 convenientissima
2426 2269 2480 2298 est
2503 2273 2573 2311 per
2589 2261 2642 2299 di-

1579 2313 1746 2350 visiones
1761 2315 1792 2360 ³»,
1804 2320 1845 2350 ut
1857 2321 1960 2361 patet
1972 2325 2040 2361 per
2054 2313 2331 2362 Philosophum
2347 2314 2384 2350 in
2401 2315 2432 2350 II
2447 2315 2587 2351 Poster.
2601 2315 2642 2336 *²*

1581 2374 1616 2403 et
1635 2367 1674 2403 in
1692 2367 1760 2403 VII
1782 2366 1996 2413 Metaphys.
2019 2366 2050 2411 *;
2071 2367 2238 2403 secundo
2259 2366 2422 2403 ostendit
2435 2367 2540 2415 quod
2558 2379 2641 2404 mo-

1580 2426 1639 2455 tus
1662 2419 1700 2455 in
1718 2418 1927 2467 praedictas
1948 2418 2151 2456 divisiones
2172 2419 2281 2465 cadit,
2302 2418 2372 2455 ibi:
2392 2419 2483 2456 Non
2503 2425 2558 2456 est
2573 2430 2640 2457 au-

1581 2477 1652 2508 tem
1682 2477 1802 2508 motus
1832 2471 1851 2492 *
1881 2478 1949 2508 etc.

1634 2525 1670 2560 6.
1693 2524 1802 2560 Circa
1829 2523 1995 2572 primum
2014 2523 2122 2572 ponit
2140 2531 2213 2560 tres
2234 2523 2457 2560 divisiones:
2478 2536 2639 2573 quarum

1579 2577 1703 2626 prima
1733 2583 1787 2613 est
1823 2576 1927 2624 quod
1956 2588 2022 2613 ens
2061 2576 2237 2613 dividitur
2264 2588 2333 2624 per
2367 2577 2575 2625 potentiam
2607 2585 2643 2614 et

1581 2636 1717 2666 actum.
1740 2630 1788 2666 Et
1806 2629 1900 2665 haec
1920 2629 2074 2677 quidem
2104 2629 2342 2672 divisionon
2372 2629 2642 2678 distinguit'ge-

1581 2694 1670 2719 nera
1699 2682 1860 2718 entium:
1886 2694 1976 2718 narn
2004 2682 2173 2730 potentia
2201 2690 2237 2718 et
2265 2690 2370 2719 actus
2399 2682 2644 2720 inveniuntur

2670 1371 2682 1383 ⁸
2695 1371 2748 1394 ub.
2761 1371 2780 1399 1.
2799 1372 2852 1394 lect.
2865 1378 2886 1400 ι,

2670 1403 2694 1420 n.
2709 1397 2724 1420 6
2737 1404 2788 1427 sqq.

2671 1529 2680 1539 ⁶
2695 1528 2766 1551 Num.
2780 1535 2855 1557 praec.

2670 1692 2681 1703 ⁸
2695 1697 2758 1720 quae
2769 1698 2792 1714 r.

2670 1745 2681 1756 ⁸
2686 1746 2857 1773 consequimur
2861 1751 2886 1768 ν.

2670 1855 2681 1867 ”
2692 1855 2744 1878 Lib.
2751 1855 2792 1883 IV,
2802 1856 2856 1878 leet.
2866 1861 2888 1878 ¹.v
2942 1833 2950 1862 ³

2671 1961 2682 1972 ⁸
2696 1960 2760 1983 Lect.
2774 1966 2805 1982 vr.

2669 2320 2680 2331 ·
2694 2319 2832 2342 atumem·
2843 2325 2887 2342 m.
2934 2310 2938 2313 ’

2668 2346 2691 2358 ’“
2697 2346 2759 2368 Lect-
2766 2351 2814 2373 nv,
2819 2352 2887 2375 aeq.-

2668 2372 2721 2394 Did.
2730 2378 2781 2400 cap.
2789 2378 2862 2400 xum.
2869 2379 2883 2402 7
2935 2399 2937 2402 Α

2666 2404 2764 2447 ΞΞὟἸἮ.
2771 2424 2823 2447 lect.
2828 2430 2882 2447 m.-

2668 2450 2814 2479 mmnuvz
2821 2456 2843 2473 c.
2850 2457 2891 2478 u„
2928 2448 2934 2457 ²

2669 2483 2692 2499 n.
2706 2483 2715 2499 ι
2729 2482 2794 2506 seqq.

2668 2508 2679 2519 ⁸
2693 2507 2764 2530 Num.
2779 2513 2800 2535 7.

1581 2735 1618 2772 in
1646 2735 1814 2783 quolibet
1832 2747 1980 2782 genere.
2003 2735 2178 2772 Secunda
2198 2735 2333 2772 divisio
2363 2743 2418 2772 est
2435 2743 2549 2784 prout
2577 2747 2644 2772 eus
2699 2761 2702 2764 ⁴

1581 2788 1758 2825 dividitur
1777 2787 1988 2824 secundum
2009 2787 2142 2824 decem
2163 2799 2316 2835 genera:
2337 2800 2502 2836 quorum
2521 2799 2642 2825 unum

1581 2848 1637 2877 est
1663 2842 1734 2877 hoc
1770 2841 1922 2888 aliquid,
1951 2840 2047 2877 idest
2074 2841 2302 2888 substantia,
2333 2841 2434 2878 aliud
2461 2846 2642 2889 quantum

1580 2894 1641 2930 vel
1663 2894 1682 2915 ⁹¹*
1711 2893 1830 2941 quale,
1853 2900 1917 2929 aut
1945 2893 2098 2941 aliquod
2127 2893 2288 2930 aliorum
2315 2893 2641 2942 praedicamento-

1581 2958 1678 2983 rum.
1700 2945 1829 2982 Tertia
1849 2945 1983 2982 divisio
2004 2953 2060 2982 est
2086 2946 2197 2982 unius
2222 2946 2368 2994 generis
2396 2945 2552 2993 entium,
2573 2946 2641 2982 sci-

1581 2999 1666 3035 licet
1685 2998 1764 3035 eius
1793 2999 1898 3046 quod
1918 3005 1973 3035 est
1995 2998 2047 3035 ad
2062 2998 2214 3047 aliquid.
2236 2999 2339 3036 Nam
2359 3006 2486 3036 motus
2515 2998 2640 3048 aliquo

1582 3051 1699 3088 modo
1720 3052 1767 3088 ad
1796 3051 1870 3087 hoc
1889 3063 2006 3098 genus
2029 3051 2216 3099 pertinere
2235 3050 2395 3099 videtur,
2416 3051 2642 3100 inquantum

1582 3116 1744 3141 movens
1773 3104 1928 3140 refertur
1956 3105 2004 3140 ad
2032 3104 2187 3140 mobile.

1634 3157 1694 3193 Ad
1722 3156 1832 3193 huius
1861 3156 1970 3204 igitur
2003 3156 2132 3193 tertiae
2162 3156 2356 3193 divisionis
2390 3157 2640 3204 intellectum,

1583 3209 1900 3246 considerandum
1929 3217 1985 3245 est
2013 3209 2128 3257 quod,
2151 3221 2238 3246 curn
2267 3209 2394 3246 relatio
2414 3210 2552 3246 habeat
2577 3209 2642 3246 de—

1581 3262 1805 3299 bilissimum
1827 3274 1921 3309 esse,
1938 3261 2027 3310 quia
2049 3261 2215 3299 consistit
2229 3269 2374 3299 tanturn
2395 3261 2433 3299 in
2447 3262 2522 3299 hoc
2536 3260 2642 3311 quod

1582 3322 1636 3351 est
1663 3316 1711 3352 ad
1739 3314 1839 3351 aliud
1867 3327 1907 3351 se
1935 3315 2087 3361 habere,
2118 3322 2267 3363 oportet
2299 3314 2405 3362 quod
2433 3327 2548 3364 super
2575 3313 2640 3351 ali·

1581 3368 1685 3417 quod
1722 3367 1822 3405 aliud
1857 3367 2030 3405 accidens
2068 3367 2265 3413 fundetur;
2295 3367 2383 3415 quia
2415 3366 2640 3416 perfectiora

1581 3420 1787 3458 accidentia
1825 3428 1910 3457 sunt
1946 3420 2219 3469 propinquiora
2248 3419 2497 3466 substantiae,
2523 3426 2558 3456 et
2586 3417 2639 3455 eis

1580 3533 1705 3567 differant
1724 3534 1802 3563 DFQ.
1830 3533 1901 3566 quod
1918 3536 2006 3558 autem
2027 3533 2134 3567 differat
2162 3532 2232 3565 EpL,
2251 3532 2316 3566 quid
2339 3534 2429 3557 autem
2453 3530 2578 3564 differant
2596 3530 2619 3555 H
2631 3526 2638 3538 ⁸

1580 3569 1693 3601 qualiter
1711 3571 1797 3593 autem
1817 3567 1924 3602 differat
1944 3567 2038 3593 RYaL.

2669 2902 2680 2913 ⁸
2693 2901 2768 2924 alind.
2781 2907 2808 2924 r„
