2950 4004
51 1118 59 1131 ὴ
99 1133 150 1156 loco
169 1140 218 1156 om.

31 1283 130 1329 gssNum·
143 1296 163 1319 3-

47 1341 127 1367 Num.
139 1348 164 1370 4.

85 1448 183 1471 seq
173 1448 245 1464 -con-

124 1469 178 1491 bus
186 1475 245 1490 nero

24 1534 40 1568 7²
49 1547 139 1569 ,cilicet
151 1554 200 1570 orn.
209 1554 224 1570 a
232 1548 244 1569 b

29 1580 33 1593 ³
68 1573 136 1596 codd.
142 1580 199 1596 -exc.
207 1581 244 1596 ιιι.

42 2207 46 2211 Α
56 2178 90 2201 tta
104 2184 152 2200 om.
166 2184 217 2201 xro.

46 2453 47 2456 =
57 2441 179 2490 {uaedam
199 2448 244 2464 ιὀιι

43 2729 52 2734 ..
66 2709 187 2757 (ἔτ-αὕη·
194 2715 243 2732 om

46 2967 57 2972 μ
95 2989 105 2994 0
123 2986 128 2995 ¹
147 2982 195 2999 om.
206 2982 247 2998 CO-

57 3004 171 3025 eta.

51 3037 58 3043 ⁴
98 3035 244 3055 .m.n2,

53 3053 153 3084 'raeqqff
166 3046 191 3077 s.
201 3046 246 3077 ιιιῖ

1135 299 1244 335 CAP.
1275 299 1342 346 IV,

273 375 328 404 loci
349 375 480 411 mutatio,
501 382 528 403 et
542 376 614 404 alius
635 385 668 404 ex
688 376 884 413 consequenti,
907 376 1012 405 scilicet
1033 383 1220 414 augmentum
1241 382 1269 404 et
1283 376 1332 404 de-

273 421 490 443 crementum.-
507 416 534 443 6.
557 416 584 451 b)
606 415 723 452 Aliquid
745 423 876 444 movetur
896 425 947 452 per
968 426 997 444 se
1019 416 1048 444 in
1070 422 1143 450 actu,
1166 415 1243 443 aliud
1264 424 1332 443 vero

272 462 324 490 per
344 454 494 490 accidens;
516 460 544 482 et
560 455 616 483 hoc
637 455 794 492 dupliciter,
817 464 920 491 nempe
935 456 979 483 vel
1000 455 1039 483 ita
1059 461 1091 482 ut
1111 454 1202 491 possit
1223 454 1332 482 moveri

272 501 324 529 per
344 502 383 528 se,
399 494 471 522 sicut
491 500 586 530 partes
601 495 739 531 corporis,
754 501 803 522 aut
823 504 884 522 non
898 494 997 531 possit,
1012 495 1063 522 sed
1083 502 1199 529 semper
1217 502 1332 521 movea-

271 539 318 560 tur
338 541 390 569 per
410 533 550 569 accidens,
566 533 638 562 sicut
658 534 761 562 albedo
783 540 811 562 et
831 533 957 562 scientia.
975 550 995 554 -
1017 542 1043 577 7.
1065 533 1094 569 c)
1117 533 1205 567 Quod
1230 532 1332 568 aliquis

272 571 376 599 dicitur
395 582 456 601 esse
477 573 507 601 in
529 573 608 602 caelo
630 573 703 601 sicut
722 573 752 601 in
773 573 847 608 loco,
874 572 942 609 quia
962 579 1004 600 est
1033 572 1063 599 in
1083 581 1148 600 aere
1170 571 1218 608 qui
1240 578 1281 599 est
1302 571 1332 599 in

272 611 362 639 caelo.
385 614 452 640 Non
471 619 568 640 tamen
590 619 632 640 est
645 612 739 649 primo
761 618 789 640 et
808 621 860 648 per
882 620 912 639 se
933 611 963 638 in
983 617 1046 638 toto
1067 619 1141 645 aere,
1157 611 1207 638 sed
1228 610 1257 638 in
1272 620 1331 647 quo

272 657 315 678 est
335 651 443 688 aliquid
463 652 567 688 primo,
592 658 634 680 est
657 658 815 680 extremum
837 650 966 686 corporis
990 650 1171 685 continentis,
1192 650 1231 677 ita
1252 651 1332 686 quod

271 690 353 718 locus
375 698 417 719 est
437 692 565 729 aequalis
585 692 725 720 locato.—
737 691 764 718 8.
785 690 819 726 d)
835 690 923 724 Quod
944 699 1010 717 cum
1031 689 1182 717 continens
1208 698 1269 717 non
1290 696 1333 719 est

272 729 396 758 divisum
417 740 434 759 a
455 739 577 767 corpore
604 736 740 758 contento
762 730 813 757 sed
834 735 876 757 est
897 728 923 756 ei
944 728 1131 763 continuum,
1156 738 1217 756 non
1238 734 1280 756 est
1301 728 1330 756 in

271 768 320 796 illo
342 769 414 798 sicut
427 770 457 798 in
477 770 543 798 loco
564 770 614 797 sed
635 769 707 797 sicut
733 777 799 805 pars
820 767 850 796 in
873 774 950 803 toto,
972 767 1040 804 quia
1060 768 1090 795 in
1111 767 1248 796 continuo
1269 777 1330 796 non

272 814 315 837 est
327 809 455 846 accipere
475 809 609 837 ultimum
627 808 657 836 in
671 814 745 836 actu.
767 808 862 836 Locus
883 816 951 844 ergo
974 813 1016 835 est
1036 807 1186 836 continens
1208 807 1330 835 divisum

418 938 428 949 ,
458 913 718 957 *fraemissa
747 913 997 961 disputatione
1027 914 1074 950 de
1102 914 1187 949 loco
1217 926 1264 949 an
1289 913 1333 950 sit

394 994 425 1018 ἐξ
506 971 574 1003 et
602 966 693 1015 quid
712 966 768 1013 sit,
791 973 826 1002 et
854 966 983 1002 solutis
1007 966 1235 1014 quibusdam
1265 967 1331 1003 du-

414 1018 452 1073 J
480 1018 523 1066 ἒξ
538 1019 790 1065 bitationibus,
819 1018 881 1054 hic
908 1018 1052 1055 accedit
1080 1019 1128 1055 ad
1157 1018 1331 1055 determi-

483 1066 521 1098 ἶν’·
539 1072 709 1108 nandum
727 1071 925 1109 veritatem
955 1071 1001 1107 de
1021 1072 1117 1107 loco.
1139 1071 1187 1106 Et
1204 1071 1330 1130 primo

270 1104 473 1174 praemittit
500 1124 686 1172 quasdam
715 1124 993 1173 suppositiones
1022 1123 1068 1160 de
1093 1124 1178 1159 loco
1199 1125 1231 1170 ⁴⁵,
1253 1123 1332 1171 qui-

271 1179 343 1215 bus
356 1185 482 1214 utetur
500 1177 788 1214 determinando
805 1177 851 1213 de
866 1177 967 1222 loco3
985 1175 1152 1213 secundo
1170 1176 1332 1213 ostendit

272 1231 391 1279 qualis
420 1230 556 1267 debeat
584 1242 664 1266 esse
695 1229 862 1266 definitio
896 1229 1021 1266 danda
1050 1229 1097 1265 de
1125 1229 1231 1275 loco,
1258 1229 1329 1266 ibi:

276 1284 426 1332 Oportet
439 1288 563 1319 autem
584 1288 725 1319 tentare
740 1283 759 1304 ’¹‘
777 1289 858 1326 etc.;
877 1282 984 1318 tertio
1004 1281 1132 1330 incipit
1155 1281 1331 1318 determi-

271 1348 360 1373 nare
391 1336 437 1373 de
464 1337 570 1382 loco,
600 1335 668 1372 ibi:
697 1336 868 1372 Primum
896 1335 1043 1383 quidem
1068 1335 1184 1384 igitur
1212 1335 1231 1355 *
1261 1342 1328 1371 etc.

327 1401 362 1426 2.
391 1388 490 1426 Dicit
518 1401 607 1436 ergo
634 1388 760 1448 primo
788 1388 893 1436 quod
921 1387 1162 1424 manifestum
1192 1387 1257 1423 fiet
1285 1399 1330 1424 ex

272 1441 516 1491 sequentibus
545 1441 565 1462 *
594 1441 685 1489 quid
717 1441 762 1478 sit
793 1441 918 1477 locus.
947 1440 1014 1476 sed
1052 1447 1200 1488 oportet
1226 1440 1330 1499 prius

272 1494 443 1543 accipere
462 1493 570 1542 quasi
590 1493 775 1542 quasdam
796 1493 1073 1541 suppositiones
1093 1501 1130 1529 et
1146 1493 1330 1541 principia

271 1559 340 1596 per
367 1559 406 1584 se
435 1554 541 1594 nota,
570 1546 632 1583 illa
659 1546 797 1582 scilicet
817 1547 836 1567 ’³‘
865 1558 963 1594 quae
990 1545 1168 1582 videntur
1194 1558 1263 1594 per
1290 1558 1329 1582 se

271 1601 393 1637 inesse
421 1600 519 1635 loco.

325 1653 435 1698 Quae
463 1650 619 1699 quidem
649 1657 735 1687 sunt
763 1656 934 1698 quatuor.
967 1650 1113 1686 Omnes
1143 1651 1245 1687 enim
1274 1663 1330 1687 re-

269 1711 404 1754 putant
422 1704 496 1740 hoc
515 1714 593 1739 esse
619 1703 794 1752 dignum:
823 1702 948 1751 primo
978 1703 1132 1750 quidem
1154 1703 1258 1751 quod
1277 1704 1329 1739 lo-

271 1769 337 1794 cus
357 1756 545 1793 contineat
563 1755 600 1792 id
630 1755 735 1792 cuius
764 1763 818 1792 est
845 1756 967 1801 locus3
998 1754 1048 1791 ita
1075 1762 1203 1792 tamen
1227 1756 1330 1804 quod

270 1810 376 1846 locus
404 1821 482 1846 non
511 1808 556 1845 sit
584 1808 724 1857 aliquid
761 1808 882 1844 locati.
913 1807 1030 1853 Quod
1058 1807 1214 1855 quidem
1244 1808 1331 1845 dicit

271 1863 319 1899 ad
348 1861 627 1898 excludendum
656 1860 924 1897 continentiam
952 1860 1119 1907 formae,
1149 1873 1246 1909 quae
1276 1869 1331 1898 est

270 1914 412 1963 aliquid
440 1914 504 1961 rei,
526 1921 563 1950 et
590 1913 662 1950 alio
691 1913 810 1950 modo
840 1913 1004 1949 eontinet
1032 1925 1148 1961 quam
1176 1914 1329 1950 locus.-

271 1967 448 2004 Secunda
476 1966 683 2015 suppositio
714 1974 779 2013 est,
800 1965 906 2014 quod
924 1966 1074 2014 primus
1101 1965 1214 2012 locus,
1235 1966 1331 2004 idest

270 2020 309 2056 in
337 2032 412 2068 quo
433 2019 572 2068 aliquid
599 2019 725 2068 primo
747 2026 813 2065 est,
835 2026 891 2054 est
909 2018 1076 2067 aequalis
1096 2019 1231 2066 locato,
1253 2032 1330 2056 non

270 2072 392 2110 maior
409 2084 533 2121 neque
553 2072 689 2109 minor.
709 2092 733 2099 -
753 2072 883 2108 Tertia
901 2070 1109 2120 suppositio
1130 2079 1195 2119 est,
1226 2073 1331 2120 quod

269 2125 376 2162 locus
404 2137 482 2161 non
520 2125 647 2162 deficit
672 2124 876 2172 unicuique
908 2125 1052 2171 locato,
1091 2124 1182 2172 quin
1216 2138 1330 2162 omne

269 2178 437 2214 locatum
456 2178 596 2214 habeat
608 2177 755 2223 locum;
771 2189 849 2213 non
869 2183 997 2213 tamen
1011 2176 1062 2213 ita
1074 2177 1094 2197 ’¹‘
1114 2177 1218 2225 quod
1231 2190 1346 2229 unus?

271 2238 308 2267 et
335 2230 438 2267 idem
466 2230 572 2267 locus
609 2241 808 2278 nunquam
843 2229 992 2266 deficiat
1031 2229 1157 2266 eidem
1186 2231 1330 2277 locato;

271 2283 360 2331 quia
387 2283 493 2319 locus
522 2290 577 2319 est
610 2282 828 2331 separabilis
857 2294 879 2318 a
906 2283 1047 2318 locato:
1077 2282 1144 2318 sed
1177 2283 1330 2330 quando

270 2336 377 2372 locus
404 2348 503 2372 unus
532 2335 658 2372 deficit
685 2334 794 2371 alicui
822 2335 957 2381 locato,
984 2342 1073 2371 tunc
1100 2335 1266 2372 locatum
1290 2335 1343 2372 fit·

270 2388 310 2425 in
328 2388 400 2424 alio
421 2389 517 2426 loco.
534 2410 558 2416 -
575 2389 719 2435 Quarta
738 2387 946 2436 suppositio
968 2394 1033 2434 est,
1049 2387 1155 2435 quod
1173 2388 1211 2424 in
1227 2389 1331 2425 omni

270 2441 356 2478 loco
391 2441 599 2487 invenitur,
630 2440 736 2489 quasi
766 2441 786 2462 ²³²
822 2439 1030 2477 differentia
1057 2439 1150 2486 loci,
1181 2453 1331 2478 sursum

271 2501 308 2531 et
336 2494 536 2531 deorsum:
569 2501 604 2530 et
635 2493 739 2541 quod
777 2493 992 2529 naturaliter
1028 2494 1331 2542 unumquodque

272 2558 421 2596 corpus,
443 2559 531 2583 cum
561 2554 616 2583 est
644 2553 746 2582 extra
763 2546 962 2594 proprium
990 2546 1130 2592 locum,
1152 2546 1265 2583 fertur
1284 2547 1332 2584 ad

270 2599 413 2649 ipsum,
430 2607 466 2636 et
495 2605 582 2636 cu'm
613 2607 667 2635 est
694 2599 733 2635 in
762 2611 820 2646 eo,
841 2605 969 2635 manet
991 2598 1030 2634 in
1058 2598 1152 2646 ipso.
1174 2600 1333 2648 Propria

271 2660 399 2688 autem
426 2652 511 2689 loca
529 2652 757 2688 naturalium
786 2664 991 2700 corporum
1012 2658 1098 2687 sunt
1126 2664 1277 2689 sursum
1298 2660 1334 2689 et

272 2705 474 2752 deorsum,
503 2705 552 2741 ad
579 2717 677 2752 quae
706 2704 921 2741 naturaliter
938 2704 958 2725 *
986 2712 1201 2752 moventur,
1232 2713 1267 2742 et
1294 2706 1332 2742 in

272 2757 408 2805 quibus
436 2764 603 2794 manent.
634 2757 710 2794 Sed
738 2758 812 2794 hoc
841 2757 928 2794 dicit
956 2758 1167 2794 secundum
1196 2770 1331 2794 eorum

272 2810 494 2858 opinionem
514 2809 578 2857 qui
593 2822 671 2846 non
690 2810 884 2858 ponebant
899 2809 1053 2857 aliquod
1069 2823 1206 2859 corpus
1225 2823 1332 2859 prae-

271 2871 326 2900 ter
345 2870 516 2900 naturam
536 2870 699 2911 quatuor
722 2863 1017 2898 elementorum:
1037 2863 1210 2900 nondum
1231 2863 1331 2899 enirn

270 2917 499 2965 probaverat
528 2927 665 2964 corpus
685 2915 842 2952 caeleste
873 2926 953 2951 esse
978 2927 1101 2964 neque
1125 2927 1239 2963 grave
1267 2928 1331 2952 ne-

272 2981 346 3017 que
367 2970 463 3016 leve,
480 2968 547 3005 sed
566 2975 698 3016 postea
717 2968 791 3004 hoc
809 2967 984 3016 probabit
1003 2967 1042 3004 in
1059 2969 1184 3017 primo
1202 2969 1221 2989 ’¹‘
1236 2967 1330 3005 libro

273 3022 318 3058 de
350 3021 462 3058 Caelo
483 3021 514 3057 ⁵⁸.
541 3022 599 3058 Ex
618 3020 675 3057 his
694 3028 821 3057 autem
841 3033 942 3057 nunc
961 3021 1175 3070 suppositis,
1199 3033 1331 3069 proce-

275 3074 382 3111 detur
410 3073 459 3110 ad
487 3073 830 3111 considerationem
858 3073 1030 3110 aliorum.

329 3127 362 3164 3.
383 3126 530 3164 Deinde
551 3139 638 3163 cum
655 3126 760 3163 dicit:
787 3127 939 3174 Oportet
949 3132 1073 3164 autem
1089 3133 1230 3164 tentare
1249 3134 1330 3167 etc.

274 3178 437 3216 ostendit
473 3179 592 3228 qualis
630 3179 766 3216 debeat
803 3191 884 3216 esse
924 3179 1092 3216 definitio
1122 3179 1248 3216 danda
1285 3169 1332 3216 de

271 3233 370 3268 loco.
392 3232 441 3267 Et
464 3230 551 3268 dicit
578 3231 683 3280 quod
710 3231 748 3268 in
769 3231 985 3269 definiendo
1014 3233 1155 3279 locum,
1175 3232 1331 3269 intentio

274 3292 402 3321 nostra
422 3283 534 3321 debet
553 3285 602 3320 ad
621 3292 783 3333 quatuor
803 3284 994 3320 attendere
1010 3291 1038 3330 ⁰²,
1059 3297 1158 3332 quae
1177 3285 1332 3333 quidem

274 3336 486 3373 necessaria
506 3344 592 3373 sunt
615 3337 664 3373 ad
685 3336 945 3373 definitionem
959 3337 1176 3385 perfectam.
1203 3338 1331 3373 Primo

274 3389 441 3438 quidem,
461 3395 503 3425 ut
531 3388 750 3425 ostendatur
777 3388 868 3437 quid
897 3389 942 3425 sit
969 3389 1091 3426 locus:
1121 3401 1210 3425 nam
1240 3389 1332 3426 defi-

274 3442 364 3478 nitio
395 3449 449 3478 est
477 3441 596 3477 oratio
625 3441 793 3478 indicans
826 3441 916 3489 quid
945 3448 1000 3477 est
1028 3453 1097 3478 res.
1130 3441 1330 3488 Secundo,

327 3581 354 3614 α)
368 3581 405 3606 ad
418 3584 532 3614 quatuor
546 3580 691 3605 attendere.
704 3595 723 3598 —
735 3580 771 3605 ad
784 3580 832 3605 hoc
845 3579 980 3604 intendere
994 3580 1052 3604 edd.
1062 3580 1107 3609 ab,
1119 3580 1208 3604 Venet.
1226 3579 1290 3611 1545
1307 3585 1332 3604 et

274 3616 353 3647 FMR,
363 3617 400 3642 ad
411 3617 459 3642 hoc
469 3616 576 3641 tendere
586 3621 634 3641 cet.
645 3616 754 3640 codices.
765 3615 837 3645 Quae
847 3620 999 3647 sequuntur,
1009 3622 1103 3647 quae...
1110 3615 1265 3648 perfectam,
1277 3622 1331 3640 om.

1373 300 1521 337 LECT.
1551 302 1585 337 v
2373 305 2443 351 159

1387 383 1414 404 et
1435 377 1601 414 contiguum
1630 380 1743 415 locato,
1768 387 1795 408 et
1816 387 1858 408 est
1878 381 2004 418 aequalis
2026 382 2120 409 locato
2151 381 2218 417 quia
2245 381 2345 409 ultima
2372 391 2443 409 con-

1385 416 1554 452 ringentium
1577 427 1606 446 se
1628 426 1694 446 sunt
1721 402 1814 447 simul
1837 437 1855 441 -
1876 430 1903 456 9.
1926 421 2066 448 Probatur
2087 421 2143 448 hoe
2164 426 2298 457 quartum
2319 429 2443 456 praeno-

1385 461 1482 483 tamen
1503 457 1613 485 duabus
1643 458 1816 486 rationibus:
1839 461 1866 494 a)
1889 460 2065 487 Contentum
2087 459 2256 488 continuum
2285 459 2444 487 continenti

1385 503 1446 522 non
1468 502 1598 523 movetur
1619 497 1647 524 in
1669 497 1733 532 illo,
1754 499 1805 525 sed
1825 499 1912 526 simul
1933 508 1997 527 cum
2019 499 2068 527 illo
2089 499 2161 527 sicut
2187 508 2254 535 pars
2275 508 2339 527 curn
2362 505 2440 534 toto,

1386 533 1507 561 divisum
1538 542 1633 563 autem
1663 546 1682 564 a
1708 537 1870 565 continente
1896 545 1990 574 potest
2011 538 2122 566 moveri
2144 538 2172 565 in
2194 538 2257 573 illo,
2282 538 2342 566 sive
2373 547 2446 566 con-

1384 572 1477 600 tinens
1505 581 1653 602 moveatur
1675 575 1733 603 sive
1754 585 1831 611 non,
1857 584 1888 604 ut
1912 578 2001 605 homo
2023 577 2097 605 navi.
2120 578 2194 605 Cum
2225 587 2292 614 ergo
2315 578 2442 606 locatum

1385 618 1534 640 moveatur
1553 614 1580 640 in
1602 614 1677 649 loco
1700 616 1827 651 sequitur
1847 617 1927 660 quod
1948 617 2028 644 locus
2049 617 2084 644 sit
2105 617 2252 644 continens
2275 617 2408 644 divisum.
2424 633 2443 638 -

1389 660 1431 678 10.
1454 652 1481 686 b)
1504 653 1576 679 Cum
1599 660 1765 681 contentum
1787 661 1828 682 est
1850 655 2018 683 continuum
2040 655 2212 690 continenti,
2235 662 2277 683 est
2298 656 2327 683 in
2349 665 2383 684 eo
2406 656 2443 683 si-

1384 697 1431 718 cut
1452 699 1517 735 pars
1541 691 1570 719 in
1601 698 1681 727 tot03
1704 703 1770 721 cum
1791 700 1887 721 autem
1919 694 2040 722 divisum
2071 702 2112 723 est
2133 704 2150 722 a
2171 695 2351 730 continente,
2374 701 2442 723 tunc

1384 736 1426 757 est
1453 730 1483 757 in
1504 740 1539 758 eo
1567 738 1598 759 ut
1626 731 1655 759 in
1676 741 1750 760 vase.
1782 734 1855 761 Cum
1886 743 1954 770 ergo
1983 730 2044 762 esse
2075 734 2104 761 in
2126 735 2190 762 loco
2221 734 2256 762 sit
2281 734 2354 762 sicut
2381 743 2442 762 esse

1384 778 1413 796 ln
1434 778 1515 805 vase,
1538 779 1599 798 non
1624 778 1719 799 autem
1741 779 1812 800 Sicut
1833 782 1898 808 pars
1923 773 1952 800 ln
1974 779 2045 808 toto,
2067 774 2147 801 lOCUS
2169 779 2210 800 est
2231 774 2378 801 contmens
2399 773 2443 801 d!-

1384 818 1486 836 visum.

1386 922 1428 950 ut
1455 915 1648 952 solvantur
1675 928 1940 964 quaecumque
1960 918 2134 965 opposita
2163 926 2247 955 sunt
2272 919 2368 955 circa
2387 920 2443 955 lo-

1388 978 1492 1002 cum:
1521 979 1610 1003 nam
1631 968 1792 1016 cognitio
1820 969 1984 1005 veritatis
2014 977 2068 1006 est
2092 971 2226 1006 solutio
2256 971 2441 1007 dubitato-

1387 1031 1483 1055 rum.
1505 1020 1677 1056 Tertium
1707 1028 1770 1067 est,
1792 1022 1896 1069 quod
1925 1034 1969 1057 ex
1998 1022 2216 1059 definitione
2250 1024 2335 1060 data
2362 1036 2442 1060 ma-

1386 1071 1605 1108 nifestentur
1623 1073 1869 1120 proprietates
1897 1074 1980 1121 loci,
2002 1087 2098 1123 quae
2126 1075 2252 1112 insunt
2276 1076 2325 1112 ei:
2355 1076 2443 1125 quia

1387 1123 1555 1160 definitio
1576 1132 1631 1161 est
1658 1125 1856 1161 medium'
1849 1139 1885 1162 ιιι
1908 1126 2240 1175 demonstratione,
2262 1141 2337 1177 qua
2354 1141 2442 1177 pro-

1385 1176 1467 1224 pria
1496 1177 1703 1213 accidentia
1722 1178 2027 1215 demonstrantur
2047 1179 2094 1216 de
2114 1181 2299 1218 subiectis.
2322 1181 2442 1227 Quar-

1385 1236 1467 1265 tum
1496 1236 1562 1276 est,
1584 1230 1688 1278 quod
1717 1242 1761 1266 ex
1791 1230 2008 1267 definitione
2045 1232 2117 1268 loci
2146 1233 2214 1269 erit
2245 1234 2443 1270 manifesta

1386 1293 1509 1328 causa,
1540 1294 1656 1330 quare
1676 1282 1788 1332 aliqui
1810 1284 1829 1304 ²²
1850 1283 2159 1321 discordaverunt
2183 1285 2279 1322 circa
2297 1287 2441 1332 locum;

1386 1342 1422 1371 et
1442 1335 1614 1371 omnium
1634 1347 1731 1384 quae
1752 1343 1837 1372 sunt
1857 1337 2030 1384 opposita
2050 1337 2147 1373 circa
2166 1338 2301 1385 ipsum.
2323 1340 2372 1374 Et
2390 1339 2443 1375 sic

1384 1388 1636 1435 pulcherrime
1666 1388 1843 1425 definitur
1869 1389 2184 1438 unumquodque.

1436 1439 1474 1487 4‘.
1504 1438 1654 1477 Deinde
1681 1453 1769 1477 cum
1803 1441 1909 1478 dicit:
1938 1442 2110 1478 Primum
2143 1442 2290 1490 quidem
2327 1443 2443 1492 igitur

1385 1499 1529 1541 oportet
1542 1501 1623 1540 etc.,
1648 1493 1873 1530 determinat
1892 1494 1938 1530 de
1957 1495 2054 1531 loco.
2076 1495 2124 1531 Et
2137 1495 2261 1543 primo
2275 1496 2444 1545 ¹ostendit

1385 1545 1475 1594 quid
1504 1545 1549 1582 sit
1576 1546 1698 1592 locus3
1728 1546 1895 1583 secundo
1924 1547 2035 1584 solvit
2063 1547 2312 1584 dubitationes
2340 1548 2442 1596 prius

1383 1598 1541 1646 positas,
1571 1598 1637 1634 ibi:
1662 1599 1909 1647 Manffestum
1934 1605 2058 1636 autem
2084 1611 2134 1635 ex
2151 1600 2207 1636 his
2225 1601 2245 1621 *
2266 1608 2350 1646 etc.;
2371 1608 2442 1637 ter—

1384 1651 1435 1687 tio
1456 1651 1618 1698 assignat
1636 1663 1790 1687 causam
1810 1652 2036 1688 naturalium
2055 1652 2328 1700 proprietatum
2347 1653 2439 1700 loci,

1385 1703 1453 1739 ibi:
1471 1705 1521 1739 Et
1534 1705 1667 1751 fertur
1694 1704 1810 1752 igitur
1829 1705 1866 1740 irz
1890 1705 1950 1741 sui
1967 1705 2079 1752 ipsius
2095 1706 2115 1726 ²³
2144 1713 2212 1741 etc.
2240 1705 2349 1742 Circa
2367 1706 2441 1754 pri-

1386 1767 1493 1791 mum
1514 1756 1590 1792 duo
1612 1756 1712 1792 facit:
1742 1756 1866 1804 primo
1887 1757 2048 1794 ostendit
2067 1757 2157 1805 quid
2177 1757 2221 1794 sit
2240 1759 2361 1804 locus3
2384 1771 2440 1795 se-

1387 1808 1511 1844 cundo
1532 1808 1729 1856 quomodo
1759 1809 1899 1857 aliquid
1918 1810 1963 1845 sit
1989 1809 2027 1845 in
2051 1811 2148 1856 loco,
2169 1810 2240 1846 ibi:
2275 1811 2346 1847 Cui
2363 1812 2441 1859 qui-

1386 1861 1469 1897 dem
1498 1861 1614 1909 igitur
1630 1861 1649 1882 '¹‘
1670 1868 1738 1897 etc.
1769 1861 1878 1897 Circa
1897 1861 2063 1909 primum
2089 1862 2165 1898 duo
2186 1862 2287 1899 facit:
2316 1864 2441 1911 primo

1385 1913 1588 1961 praemittit
1615 1913 1804 1961 quaedam
1834 1926 1930 1962 quae
1960 1922 2046 1950 sunt
2073 1915 2283 1951 necessaria
2311 1915 2360 1952 ad
2388 1916 2443 1952 in-

1386 1965 1651 2025 vestigandum
1689 1966 1949 2003 definitionem
1981 1967 2074 2013 loci3
2113 1967 2279 2004 secundo
2317 1968 2445 2017 incipit

1386 2018 1609 2066 investigare
1633 2019 1652 2039 ³*
1680 2019 1752 2054 loci
1790 2019 2070 2066 definitionem,
2103 2019 2171 2056 ibi:
2206 2022 2291 2057 Iam
2329 2021 2444 2070 igitur

1387 2072 1624 2120 manifestum
1654 2083 1703 2107 ex
1720 2072 1740 2092 '¹‘
1769 2079 1836 2108 etc.

1444 2125 1476 2161 5.
1507 2124 1617 2160 Circa
1638 2124 1806 2172 primum
1835 2110 1997 2173 quatuor
2023 2125 2235 2173 praemittit.
2266 2126 2442 2172 Quorum

1385 2177 1555 2235 primurn
1577 2184 1649 2223 est,
1670 2177 1774 2225 quod
1794 2189 1991 2225 nunquam
2011 2177 2140 2214 fuisset
2157 2178 2375 2227 inquisitum
2396 2178 2442 2215 de

1386 2230 1490 2276 loco,
1520 2229 1591 2266 nisi
1620 2237 1717 2266 esset
1745 2229 1877 2278 aliquis
1905 2237 2031 2266 motus
2060 2231 2270 2268 secundum
2303 2232 2441 2268 locum.

1387 2282 1444 2318 Ex
1472 2282 1547 2318 hoc
1575 2282 1676 2318 enim
1706 2294 1860 2318 necesse
1888 2282 1955 2318 fuit
1972 2295 2116 2330 ponere
2145 2285 2272 2320 locum
2301 2284 2401 2320 aliud
2422 2297 2444 2320 a

1386 2335 1521 2381 locato,
1543 2334 1631 2382 quia
1649 2334 1892 2371 inveniuntur
1911 2335 1948 2371 in
1969 2336 2106 2372 eodem
2126 2337 2210 2372 loco
2231 2337 2442 2373 successive

1388 2387 1464 2423 duo
1494 2399 1671 2435 corpora,
1694 2394 1729 2423 et
1749 2387 1915 2423 similiter
1937 2400 2058 2424 unum
2079 2401 2215 2437 corpus
2235 2389 2274 2425 in
2294 2389 2443 2425 duobus

1386 2439 1497 2486 locis;
1532 2439 1626 2476 sicut
1660 2439 1772 2476 etiam
1805 2441 2065 2477 transmutatio
2100 2441 2308 2478 formarum
2347 2442 2444 2478 circa

1385 2505 1503 2529 unam
1523 2492 1736 2539 materiam,
1757 2492 1902 2529 induxit
1920 2492 1958 2529 in
1979 2493 2232 2540 cognitionem
2250 2495 2440 2530 materiae.

1386 2546 1436 2582 Et
1470 2552 1624 2593 propter
1659 2546 1733 2581 hoc
1761 2545 1926 2581 maxime
1955 2546 2156 2593 opinantur
2189 2546 2302 2595 aliqui
2339 2546 2444 2595 quod

1387 2599 1534 2634 caelum
1554 2598 1599 2634 sit
1618 2598 1656 2634 in
1675 2598 1772 2645 loco,
1789 2598 1877 2646 quia
1896 2610 2047 2646 semper
2066 2606 2251 2635 movetur.
2270 2599 2346 2635 Sed
2360 2611 2442 2635 mo-

1385 2652 1529 2687 tuum·
1550 2650 1681 2709 aliquis
1701 2658 1756 2686 est
1775 2651 1984 2687 secundum
2004 2652 2130 2687 locum
2149 2663 2218 2699 per
2237 2664 2287 2710 se,
2305 2651 2478 2688 scilicet

1385 2704 1458 2740 loci
1486 2703 1662 2740 mutatio:
1683 2703 1776 2739 alius
1805 2711 1931 2739 autern
1957 2716 2001 2739 ex
2030 2703 2284 2752 consequenti,
2306 2703 2443 2740 scilicet

1386 2763 1633 2815 augmentum
1672 2763 1707 2792 et
1744 2756 2049 2802 decrementum3
2083 2756 2170 2815 quia
2200 2763 2442 2815 augmentata

2468 1293 2578 1323 antiqui
2581 1298 2678 1318 muoso,

2433 1315 2542 1366 ’Ξίὲᾳαι
2561 1319 2654 1346 antiqui
2665 1325 2679 1340 p

2468 1602 2479 1614 ⁸*
2494 1602 2556 1624 Lect.
2571 1608 2618 1623 vni.

2467 1711 2478 1722 ⁸
2492 1707 2550 1733 rbid.
2565 1717 2588 1732 n.
2603 1711 2624 1732 6.

2469 1870 2478 1879 ·
2493 1869 2556 1891 Lect.
2571 1875 2610 1890 vn.

2469 2027 2480 2038 ⁴*
2495 2026 2651 2047 determinare
2667 2032 2679 2047 Ρ

2470 2059 2485 2074 a
2469 2053 2556 2100 llieet.
2571 2085 2619 2106 seq.

2493 2656 2567 2676 motus
2581 2655 2631 2676 rab.

1385 2809 1590 2858 quantitate
1617 2809 1679 2845 vel
1709 2808 1904 2856 diminuta,
1926 2821 2063 2857 corpus
2092 2809 2225 2857 accipit
2257 2809 2441 2869 maiorem
2484 2811 2486 2813 ’

1385 2863 1446 2898 vel
1475 2861 1665 2898 minorem
1694 2862 1834 2897 locum.

1440 2915 1475 2951 6.
1498 2915 1719 2951 Secundum
1738 2914 1845 2962 ponit
1859 2913 1926 2950 ibi:
1941 2915 2010 2950 Est
2021 2920 2144 2951 autem
2161 2914 2261 2962 quod
2274 2920 2443 2951 movetur

1385 2966 1490 3004 aliud
1517 2974 1584 3003 etc.
1615 2967 1663 3003 Et
1692 2966 1778 3003 dicit
1806 2966 1910 3015 quod
1938 2966 2077 3015 aliquid
2105 2975 2281 3003 movetur
2306 2979 2374 3015 per
2402 2979 2442 3003 se

1385 3020 1424 3056 in
1453 3027 1553 3066 actu,
1575 3019 1668 3055 sicut
1687 3019 1958 3068 quodcumque
1979 3032 2133 3067 corpus;
2154 3019 2254 3056 aliud
2272 3032 2365 3056 vero
2386 3032 2441 3056 se-

1387 3073 1554 3109 cundum
1583 3071 1768 3109 accidens.
1800 3072 1916 3118 Quod
1944 3072 2098 3120 quidem
2128 3072 2306 3119 contingit
2325 3072 2442 3121 dupli-

1387 3125 1486 3162 citer.
1517 3125 1719 3171 Quaedam
1749 3124 1849 3161 enim
1876 3132 2080 3162 moventur
2108 3125 2318 3161 secundum
2347 3126 2441 3160 acci-

1387 3178 1491 3225 dens,
1522 3190 1618 3226 quae
1638 3185 1767 3214 tamen
1795 3185 1881 3214 sunt
1897 3177 2091 3226 possibilia
2110 3177 2255 3214 moveri
2283 3189 2352 3224 per
2379 3188 2438 3221 se;

1387 3231 1480 3267 sicut
1507 3238 1631 3279 partes
1660 3230 1814 3266 alicuius
1843 3229 2022 3278 corporis,
2049 3230 2140 3266 dum
2169 3237 2254 3266 sunt
2281 3229 2318 3264 in
2346 3236 2437 3275 toto,

1387 3290 1590 3320 moventur
1617 3295 1686 3331 per
1714 3282 1903 3328 accidens;
1931 3283 1996 3319 sed
2025 3282 2178 3330 quando
2207 3289 2437 3329 separantur,

1386 3343 1591 3373 moventur
1617 3348 1686 3384 per
1714 3347 1774 3380 se;
1800 3343 1841 3371 ut
1869 3336 2011 3381 clavus,
2038 3334 2190 3381 quando
2221 3341 2275 3369 est
2302 3333 2438 3370 infixus

1386 3389 1492 3435 navi,
1523 3395 1701 3425 movetur
1727 3399 1796 3435 per
1824 3387 2013 3432 accidens,
2043 3386 2110 3422 sed
2138 3386 2290 3434 quando
2321 3393 2438 3422 extra-

1386 3441 1496 3488 hitur,
1517 3448 1694 3478 movetur
1707 3452 1776 3487 per
1790 3451 1841 3476 se.
1860 3439 2060 3484 Quaedam
2079 3450 2171 3475 vero
2187 3451 2265 3475 non
2279 3446 2439 3487 possunt

1385 3581 1459 3605 codd.
1468 3580 1622 3605 unanimiter
1635 3585 1660 3604 et
1673 3580 1713 3604 ed.
1723 3580 1751 3609 b,·
1764 3587 1810 3611 pro
1821 3579 1857 3603 eis
1868 3579 1955 3610 legunt
1964 3586 1982 3603 a
1991 3583 2016 3603 et
2026 3579 2066 3603 ed.
2074 3579 2164 3604 Venet.
2175 3579 2224 3604 cit.:
2238 3579 2309 3612 quod
2321 3582 2436 3611 quatuor

1384 3618 1446 3640 sunt
1460 3623 1526 3648 quae
1540 3615 1712 3648 requiruntur
1725 3614 1762 3639 ad
1776 3614 1952 3647 definitionem
1965 3614 2171 3645 (distinctionem
2185 3615 2267 3647 ed.a)
2277 3615 2434 3648 perfectam.
