2898 3996
408 283 482 319 232

409 367 453 390 est
474 361 547 389 inter
570 359 705 396 opposita
726 357 955 391 contradictorie,
978 363 1005 385 et
1027 356 1130 384 dicitur
1149 356 1313 394 generatio,
1335 365 1410 392 quae
1431 362 1473 384 est

408 401 531 429 mutatio
553 401 588 428 de
610 408 671 426 non
690 407 751 426 esse
773 398 802 425 in
823 406 894 425 esse.
917 398 953 424 Et
967 403 1009 424 est
1023 396 1136 432 duplex,
1159 395 1298 432 simplex,
1318 404 1370 432 per
1383 405 1471 432 quam

408 440 516 477 aliquid
538 449 572 467 ex
592 448 653 466 non
675 447 736 466 esse
757 437 923 473 simpliciter
944 442 1071 463 mutatur
1092 435 1121 462 in
1136 444 1186 462 ens
1201 434 1374 471 simpliciter,
1393 436 1472 472 quod

409 486 451 508 est
467 478 639 513 substantia;
661 484 689 505 et
710 477 866 504 secundum
889 476 970 512 quid,
991 484 1043 511 per
1057 484 1144 511 quam
1159 473 1320 502 subiectum
1336 475 1417 511 quod
1431 481 1474 502 est

409 519 467 547 iarn
489 528 539 546 ens
561 524 625 546 actu
646 516 820 552 simpliciter,
843 521 970 543 mutatur
991 515 1150 542 secundum
1165 513 1283 550 aliquod
1297 514 1439 542 accidens.
1454 531 1474 536 -

412 557 619 587 Corollarium.
643 557 717 584 Cum
739 555 883 592 quaelibet
911 554 1004 582 forma
1033 553 1116 582 faciat
1137 562 1188 581 ens
1209 559 1290 588 actu,
1314 554 1473 581 secundum

409 598 518 626 nullam
539 597 664 625 formam
686 605 760 632 quae
780 594 916 631 supponit
937 593 1024 622 aliam
1045 593 1075 620 in
1097 592 1224 628 materia,
1246 592 1401 621 attenditur
1425 602 1473 630 ge-

370 650 371 653 *
409 637 519 666 neratio
544 635 718 672 simpliciter.
740 651 758 655 -
782 644 808 671 7.
830 632 951 661 Mutatio
974 634 1010 661 de
1031 632 1159 660 subiecto
1181 632 1210 660 in
1231 641 1293 660 non
1313 632 1475 660 subiectum

169 1338 177 1346 ·
186 1337 247 1358 Lect.
258 1342 274 1357 n
283 1340 304 1357 et
313 1342 378 1363 seqq.

170 1652 178 1659 ·
192 1651 249 1698 *luia
267 1651 346 1678 primo
366 1657 378 1671 Ρ

168 1683 183 1698 α
210 1692 215 1697 .

168 1757 176 1765 ·
192 1756 254 1777 Lect.
271 1762 319 1783 seq.

168 1917 176 1924 ·
191 1915 261 1937 Num.
277 1921 297 1942 5.

167 2127 178 2137 ⁸
193 2126 264 2147 Num.
279 2132 299 2153 3.

170 2185 178 2192 ·
192 2183 264 2204 Num.
278 2190 301 2209 4.

166 2343 177 2353 ⁸
185 2342 331 2363 demonstrat
338 2347 379 2362 co-

168 2369 237 2390 dices.

166 2396 177 2406 ⁸
192 2394 284 2422 aliquid
297 2394 366 2416 codd.

169 2871 178 2880 ·
195 2869 225 2890 de
244 2869 312 2891 codd.
332 2875 381 2890 exc.

168 2902 208 2917 nr«.

170 2976 180 2986 ⁴
195 2975 224 2996 de
238 2980 265 2996 rr.
269 2980 336 3002 nupt.

172 3293 179 3299 “
196 3290 266 3311 Num.
282 3296 356 3317 praec.

409 677 513 705 dicitur
534 675 700 712 corruptio,
722 680 750 702 et
772 680 814 702 est
834 673 940 710 pariter
967 672 1088 709 duplex:
1117 672 1304 709 simpliciter,
1331 681 1406 708 quae
1432 678 1476 700 est

409 718 445 744 de
467 724 528 744 esse
550 714 728 742 substantiali
745 713 775 741 in
789 722 850 741 non
865 721 942 747 esse;
965 718 993 740 et
1013 712 1170 740 secundum
1192 711 1269 748 quid,
1285 720 1359 748 quae
1381 718 1423 739 est
1444 711 1474 739 in

409 755 594 793 negationem
609 753 774 790 oppositam
790 752 961 788 cuicumque
976 749 1172 779 affirmationi.
1188 768 1206 772 -
1217 751 1244 778 8.
1262 751 1374 779 Neutra
1384 760 1474 788 prae-

410 795 552 823 dictarum
570 794 701 831 partium
720 798 762 820 est
779 798 880 820 motus.
897 790 1210 827 Probatur-*dupliciter
1231 791 1267 818 de
1289 790 1474 827 generatione

408 833 539 871 simplici.
562 835 590 869 a)
613 833 701 867 Quod
721 841 783 860 non
805 838 846 860 est
867 832 924 862 hoc
945 830 1069 867 aliquid,
1091 830 1142 858 sed
1163 836 1206 858 est
1227 829 1394 866 simpliciter
1414 839 1475 858 non

409 884 476 909 ens,
498 882 559 902 non
579 879 675 909 potest
696 872 822 906 moveri3
844 871 924 907 quod
945 876 1043 898 autem
1061 876 1223 906 generatur,
1246 876 1288 898 est
1309 869 1475 906 simpliciter

408 923 470 942 non
491 913 551 941 eris.
567 929 585 934 -
599 911 761 948 Tripliciter
789 910 892 938 dicitur
914 919 969 938 non
991 919 1060 938 ens:
1081 909 1176 946 primo
1198 915 1285 946 prout
1301 918 1352 937 ens
1367 915 1395 937 et
1413 918 1474 937 non

409 963 460 982 ens
481 953 615 980 dicuntur
637 951 796 980 secundum
811 949 1055 986 compositionem
1070 955 1098 977 et
1112 948 1284 977 divisionem
1299 948 1474 984 intellectus;

408 993 537 1021 secundo
559 991 662 1020 dicitur
689 1000 751 1018 non
779 999 830 1018 ens
854 989 935 1026 quod
956 995 999 1017 est
1019 989 1050 1016 in
1071 988 1215 1025 potentia,
1242 995 1329 1025 prout
1357 997 1418 1017 esse
1444 988 1474 1016 in

408 1032 536 1069 potentia
551 1030 709 1068 opponitur
723 1039 785 1058 esse
800 1029 829 1057 in
843 1035 909 1057 actu
924 1028 1102 1065 simpliciter:
1126 1034 1154 1056 et
1173 1027 1234 1056 istis
1249 1029 1364 1056 duobus
1379 1027 1474 1056 modis

493 1159 496 1162 Δ
528 1121 656 1166 aas&
673 1122 850 1163 ostquam
866 1113 1121 1162 Philosophus
1142 1112 1305 1150 distinxit
1323 1121 1472 1150 motum

526 1163 585 1207 '5³1'st
626 1167 740 1216 {rper
773 1179 812 1204 se
842 1179 864 1203 a
885 1174 995 1203 motu
1021 1178 1091 1216 per
1119 1165 1310 1212 accidens,
1340 1166 1400 1203 hic
1421 1166 1473 1203 di-

616 1218 656 1269 ²l2
671 1220 767 1257 vidit
794 1219 1046 1257 mutationem
1085 1226 1120 1256 et
1155 1227 1304 1256 motum
1336 1231 1405 1268 per
1433 1231 1473 1255 se

472 1297 496 1307 ,η
652 1274 711 1310 in
740 1285 827 1309 suas
856 1272 1013 1321 species.
1050 1271 1124 1309 Ubi
1153 1272 1473 1309 considerandum

408 1335 463 1365 est
490 1327 595 1375 quod
623 1326 842 1364 Aristoteles
871 1338 985 1374 supra
1008 1325 1045 1362 in
1065 1325 1172 1362 tertio
1195 1327 1214 1346 ’²⁴
1234 1324 1300 1361 ubi
1324 1332 1473 1361 motum

408 1380 599 1427 definivit,
630 1378 774 1427 accepit
801 1390 946 1415 nornen
975 1383 1095 1415 motus
1123 1377 1335 1415 secundum
1368 1376 1474 1424 quod

408 1442 464 1471 est
492 1445 700 1470 commune
730 1431 909 1468 omnibus
939 1430 1138 1479 speciebus
1166 1429 1396 1467 mutationis.
1426 1430 1475 1466 Et

406 1488 481 1523 hoc
501 1485 619 1523 modo
649 1484 783 1533 accipit
810 1484 871 1520 hic
895 1495 1039 1520 nomen
1067 1483 1301 1519 mutationis:
1331 1488 1472 1519 motum

407 1548 534 1576 autern
555 1538 690 1587 accipit
708 1535 829 1584 magis
857 1537 992 1582 stricte,
1013 1547 1083 1584 pro
1109 1535 1276 1584 quadarn
1297 1535 1473 1572 mutatio-

406 1592 464 1629 nis
484 1591 621 1640 specie.
643 1589 832 1628 Dividitur
853 1601 941 1636 ergo
961 1601 1049 1637 pars
1069 1588 1138 1625 ista
1156 1588 1194 1624 in
1213 1592 1339 1637 partes
1360 1588 1472 1625 duas:

406 1645 444 1682 in
458 1645 582 1694 prima
596 1645 615 1664 *
635 1643 768 1680 dividit
782 1642 1033 1679 mutationem
1052 1641 1091 1677 in
1106 1654 1193 1678 suas
1208 1641 1365 1690 species,
1381 1654 1474 1690 qua-

406 1710 491 1735 rum
511 1709 588 1733 una
608 1704 663 1733 est
682 1703 830 1741 motus;
851 1695 890 1732 in
913 1694 1080 1731 secunda
1099 1694 1305 1732 subdividit
1324 1702 1473 1731 motum

406 1751 444 1787 in
464 1762 551 1787 suas
572 1749 729 1798 species,
751 1748 822 1785 ibi:
845 1748 886 1784 Si
904 1748 1020 1797 igitur
1032 1747 1342 1795 praedicamenta
1363 1749 1383 1769 *²
1404 1756 1472 1784 etc.

407 1803 517 1840 Circa
535 1802 704 1851 primurn
730 1801 806 1838 duo
831 1801 936 1837 facit:
967 1800 1092 1849 primo
1118 1799 1226 1849 ponit
1245 1799 1474 1838 divisionem

406 1855 642 1901 mutationis;
673 1854 842 1892 secundo
867 1853 1083 1891 manifestat
1112 1861 1238 1902 partes
1267 1853 1473 1901 divisionis,

404 1909 472 1946 ibi:
502 1910 566 1945 Ex
586 1920 659 1945 non
679 1907 841 1944 subiecto
862 1907 1010 1955 quidem
1031 1906 1050 1927 *
1071 1913 1140 1943 ete.
1169 1906 1279 1943 Circa
1306 1906 1474 1954 primum

405 1962 475 1999 tria
508 1961 614 1998 facit:
653 1961 778 2010 primo
810 1960 1016 2008 praemittit
1043 1958 1235 2007 quaedam
1265 1960 1476 1996 necessaria

405 2015 456 2052 ad
485 2014 713 2052 divisionem
743 2012 983 2058 mutationis;
1013 2012 1183 2049 secundo
1213 2012 1403 2050 concludit
1431 2025 1475 2049 ex

405 2067 624 2117 praemissis
653 2066 873 2103 mutationis
899 2065 1139 2112 divisionem,
1161 2064 1233 2102 ibi:
1259 2066 1386 2107 Quare
1414 2078 1475 2102 ne-

406 2133 506 2158 cesse
542 2126 596 2157 est
623 2121 764 2165 ss'etc.;
799 2119 908 2155 tertio
943 2118 1105 2155 excludit
1141 2118 1336 2166 quandam
1372 2118 1475 2155 obie-

408 2173 585 2220 ctionem,
607 2172 679 2209 ibi:
705 2173 811 2214 Quae
829 2171 928 2208 enim
948 2177 1003 2208 est
1019 2183 1069 2208 ex
1087 2183 1162 2208 non
1181 2171 1342 2207 subiecto
1365 2172 1384 2192 ²¹*
1405 2179 1474 2208 etc.

462 2238 497 2263 2.
527 2226 627 2263 Dicit
655 2238 745 2273 ergo
769 2224 894 2273 primo
915 2225 1020 2272 quod
1049 2236 1136 2261 cum
1167 2223 1292 2260 omnis
1316 2225 1475 2261 mutatio

407 2280 453 2317 sit
472 2292 494 2316 a
514 2279 684 2328 quodam
705 2278 743 2314 in
763 2277 963 2326 quiddam,
984 2285 1026 2314 ut
1049 2276 1309 2313 manifestatur
1329 2289 1373 2313 ex
1392 2277 1475 2326 ipso

408 2332 627 2369 mutationis
655 2331 828 2377 nomine,
859 2330 963 2378 quod
993 2330 1148 2367 denotat
1171 2330 1191 2350 *
1219 2329 1361 2378 aliquid
1393 2342 1474 2367 esse

406 2393 494 2434 post
527 2385 650 2432 aliud,
686 2391 722 2420 et
754 2383 855 2421 aliud
885 2384 904 2403 *
943 2395 1025 2420 esse
1059 2382 1162 2432 prius
1197 2390 1232 2419 et
1269 2382 1371 2420 aliud
1407 2396 1476 2432 po-

407 2437 562 2483 sterius;
598 2450 753 2474 necesse
788 2444 843 2473 est
870 2436 929 2473 his
958 2435 1185 2484 suppositis,
1223 2436 1330 2484 quod
1359 2448 1475 2472 omne

407 2491 514 2540 quod
533 2498 711 2536 mutatur,
733 2497 897 2538 quatuor
916 2489 1043 2526 modis
1062 2496 1240 2526 mutetur.
1270 2490 1349 2525 Aut
1374 2488 1476 2525 enim

407 2552 568 2592 uterque
597 2543 780 2580 terminus
819 2550 874 2579 est
911 2543 1142 2588 affirmatus;
1183 2549 1218 2578 et
1253 2541 1306 2578 sic
1343 2541 1478 2578 dicitur

408 2597 548 2646 aliquid
567 2596 705 2633 mutari
725 2608 771 2632 ex
790 2595 960 2632 subiecto
991 2595 1028 2632 in
1053 2595 1279 2632 subiectum.
1309 2596 1387 2631 Aut
1405 2601 1476 2631 ter—

408 2650 534 2687 minus
554 2662 576 2686 a
596 2662 672 2698 quo
703 2657 758 2686 est
777 2649 997 2695 affirmatus,
1028 2655 1064 2684 et
1087 2647 1271 2684 terminus
1291 2647 1340 2683 ad
1359 2659 1475 2695 quem

409 2711 464 2740 est
491 2710 670 2751 negatus;
701 2709 737 2738 et
764 2701 818 2738 sic
847 2701 981 2738 dicitur
1009 2700 1151 2749 aliquid
1179 2699 1329 2736 moveri
1351 2712 1396 2735 ex
1415 2711 1476 2736 su-

408 2756 532 2793 biecto
565 2756 604 2792 in
637 2767 715 2791 non
749 2753 974 2790 subiectum.
1010 2755 1088 2789 Aut
1125 2765 1144 2788 e
1184 2764 1371 2789 converso
1405 2759 1477 2789 ter-

409 2809 535 2845 minus
565 2821 586 2844 a
614 2820 692 2855 quo
723 2814 777 2843 est
805 2813 977 2853 negatuS‚
1009 2813 1045 2841 et
1071 2804 1255 2841 terminus
1284 2805 1331 2842 ad
1361 2817 1477 2854 quem

410 2869 464 2898 est
483 2861 714 2905 affirmatus;
736 2866 773 2895 et
800 2858 853 2895 sic
882 2858 1015 2895 dicitur
1043 2857 1185 2906 aliquid
1213 2857 1362 2894 moveri
1393 2870 1437 2894 ex
1458 2859 1477 2879 ’³‘

409 2927 487 2951 non
507 2913 678 2950 subiecto
702 2912 741 2948 in
761 2911 986 2948 subiectum.
1007 2912 1084 2947 Aut
1106 2918 1264 2959 uterque
1293 2910 1477 2948 terminus

411 2974 465 3004 est
484 2973 657 3014 negatu83
679 2972 716 3001 et
744 2965 798 3001 sic
819 2964 953 3001 dicitur
972 2963 1112 3012 aliquid
1133 2963 1269 3000 mutari
1297 2975 1341 3000 ex
1360 2964 1380 2984 '¹‘
1399 2975 1478 3000 non

410 3019 580 3056 subiecto
610 3018 648 3055 in
676 3029 754 3054 non
783 3017 1007 3057 subiectum.
1037 3017 1129 3053 Non
1158 3016 1260 3052 enim
1298 3015 1479 3064 accipitur

408 3072 470 3109 hic
506 3071 709 3108 subiectum
743 3082 789 3106 eo
833 3069 951 3106 modo
985 3081 1063 3117 quo
1097 3068 1253 3105 sustinet
1290 3068 1476 3113 formam3

410 3125 478 3162 sed
507 3136 623 3161 omne
643 3123 733 3160 illud
762 3122 866 3171 quod
895 3121 1122 3159 affirmative
1152 3120 1394 3169 significatur,
1425 3121 1478 3158 di-

411 3178 504 3215 citur
522 3177 583 3214 hic
612 3176 837 3213 subiectum.

466 3232 499 3268 3.
531 3229 682 3267 Deinde
720 3241 808 3265 cum
839 3227 945 3265 dicit:
981 3227 1107 3269 Quare
1135 3238 1282 3264 necesse
1309 3232 1363 3263 est
1396 3233 1477 3273 etc.,

412 3282 602 3320 concludit
631 3294 677 3319 ex
704 3280 921 3330 praemissis
949 3281 969 3302 '¹‘
997 3279 1224 3318 divisionem
1247 3278 1477 3316 mutationis.

412 3338 460 3373 Et
487 3335 575 3373 dicit
604 3335 709 3384 quod
738 3333 951 3372 necessario
981 3345 1027 3370 ex
1054 3332 1273 3382 praemissis
1297 3331 1477 3380 sequitur,

412 3389 516 3437 quod
544 3396 618 3425 tres
648 3388 720 3425 sint
751 3386 970 3424 mutationis
1008 3385 1172 3435 species:
1204 3397 1366 3434 quarum
1403 3396 1480 3421 una

413 3449 468 3477 est
496 3453 542 3476 ex
570 3441 738 3478 subiecto
768 3440 805 3477 in
834 3439 1068 3486 subiectum,
1099 3438 1194 3476 sicut
1222 3450 1311 3475 cum
1340 3437 1479 3486 aliquid

413 3500 579 3529 mutatur
612 3494 659 3530 de
688 3494 774 3530 albo
808 3492 846 3530 in
883 3493 1050 3540 nigrum;
1086 3491 1157 3529 alia
1189 3498 1316 3528 autem
1347 3498 1401 3527 est
1434 3502 1479 3527 ex

414 3545 582 3581 subiecto
621 3545 659 3582 in
696 3558 775 3582 non
813 3545 1047 3592 subiectum,
1078 3544 1172 3582 sicut
1209 3555 1298 3581 curn
1337 3542 1480 3592 aliquid

415 3605 580 3635 mutatur
613 3598 659 3634 de
690 3610 771 3634 esse
804 3598 842 3635 in
871 3611 949 3635 non
984 3610 1084 3643 esse;
1120 3595 1227 3635 tertia
1256 3603 1311 3633 est
1340 3608 1360 3633 e
1391 3608 1480 3633 con-

1040 278 1386 316 PHYSICORUM
1413 276 1761 314 ARISTOTELIS
1791 277 1886 313 LIB.
1914 276 1950 312 V

1524 363 1585 382 non
1607 364 1658 383 ens
1679 364 1740 383 non
1756 361 1897 382 movetur.
1917 353 2016 382 Tertio
2037 353 2139 382 dieitur
2161 363 2222 382 non
2242 363 2293 382 ens
2314 355 2395 392 quod
2419 361 2462 383 est
2482 354 2512 383 in
2533 364 2586 392 po-

1525 395 1614 423 tentia
1635 404 1709 432 quae
1730 404 1791 422 non
1813 393 1936 422 excludit
1957 402 2019 421 esse
2033 393 2063 421 in
2082 399 2147 421 actu
2169 393 2350 430 simpliciter;
2371 401 2399 422 et
2419 394 2587 423 huiusmodi

1525 442 1586 462 non
1607 444 1658 463 ens
1673 433 1813 471 contingit
1834 433 1959 468 moveri,
1981 433 2032 461 sed
2054 442 2105 469 per
2123 432 2264 461 accidens.
2289 433 2488 472 Confirmatur
2502 434 2586 462 ratio.

1526 473 1618 510 Quod
1638 483 1691 511 per
1711 473 1927 511 generationem
1949 472 1993 507 fit,
2017 471 2182 508 simpliciter
2202 481 2263 500 non
2285 479 2343 508 est3
2369 482 2437 510 ergo
2462 483 2516 502 nec
2536 483 2589 510 per
2612 487 2615 493 ·

1526 525 1556 544 se
1577 523 1672 551 neque
1699 523 1751 550 per
1771 512 1904 541 accidens
1925 511 2035 540 moveri
2055 517 2165 548 potest3
2187 518 2215 540 et
2235 512 2336 540 eadem
2357 512 2469 541 ratione
2493 521 2588 550 neque

1527 554 1681 592 quiescere.
1703 553 1786 581 Unde
1808 552 1954 590 generatio
1975 560 2070 588 neque
2091 557 2188 579 motus
2209 557 2252 579 est
2266 560 2360 588 neque
2375 551 2466 589 quies.
2481 569 2500 573 -
2514 562 2542 588 9.
2559 553 2588 588 b)

1527 595 1601 622 Cum
1630 599 1726 621 motus
1754 592 1853 620 localis
1879 591 1914 619 sit
1941 591 2051 627 primus
2077 597 2226 626 motuum,
2256 597 2371 627 oportet
2395 600 2483 619 omne
2508 592 2589 628 quod

1526 639 1675 668 movetur,
1697 631 1807 660 moveri
1828 631 1914 659 etiam
1936 631 2094 659 secundum
2116 630 2228 665 locum,
2250 636 2278 658 et
2299 637 2510 667 consequenter
2527 639 2589 659 esse

1527 673 1558 701 in
1571 673 1653 701 loco:
1669 673 1720 700 sed
1734 672 1815 708 quod
1828 680 1890 699 non
1904 677 1955 706 est,
1971 671 2001 698 in
2014 670 2096 698 nullo
2110 670 2176 698 loco
2191 676 2242 698 est.
2254 686 2273 691 -
2292 679 2335 698 xo.
2351 670 2498 698 Probatur
2514 670 2590 707 quod

1528 721 1617 750 neque
1638 711 1787 749 corruptio
1809 716 1850 739 est
1871 716 1972 738 motus.
2002 709 2094 738 Motui
2115 719 2176 738 non
2205 709 2395 738 contrariatur
2415 709 2470 737 nisi
2493 716 2590 738 motus

1527 758 1577 780 aut
1591 751 1687 788 quies:
1703 749 1880 787 corruptioni
1894 757 1990 778 autem
2006 749 2196 778 contrariatur
2209 748 2365 786 generatio,
2384 757 2457 786 quae
2471 758 2532 777 non
2547 755 2590 777 est

1527 797 1624 819 motus
1638 799 1732 827 neque
1747 790 1867 827 quies.-
1888 799 1931 817 11.
1954 790 2028 817 Cum
2050 798 2111 817 non
2132 788 2188 816 sint
2208 788 2263 816 nisi
2286 795 2343 816 tres
2364 788 2473 825 species
2496 795 2590 817 muta-

1527 829 1623 865 tionis,
1646 836 1674 858 et
1694 835 1790 858 motus
1812 838 1872 858 non
1889 829 1924 857 sit
1944 837 2039 866 neque
2059 828 2206 866 generatio
2220 837 2315 865 neque
2336 827 2493 865 corruptio,
2515 836 2590 865 quae

1528 876 1595 898 sunt
1615 869 1790 898 mutationes
1806 869 1966 898 secundum
1987 867 2217 903 contradictoria,
2234 867 2403 905 relinquitur
2423 868 2505 904 quod
2525 876 2590 896 mo—

1528 915 1574 938 tus
1588 909 1624 937 sit
1637 909 1759 938 mutatio
1781 909 1816 936 de
1837 908 1963 936 subiecto
1984 908 2012 936 in
2035 908 2201 936 subiectum.
2223 909 2278 936 Per
2299 908 2358 936 duo
2379 913 2476 936 autem
2495 907 2591 935 subie—

1529 955 1589 985 cta,
1611 948 1684 977 idest
1703 957 1755 986 per
1776 949 1835 976 duo
1856 947 2020 986 affirmata,
2040 947 2236 984 intelliguntur
2250 956 2311 976 non
2333 947 2428 975 solum
2446 946 2591 975 contraria

1529 995 1557 1017 et
1578 988 1691 1024 media,
1715 988 1766 1016 sed
1787 986 1873 1016 etiam
1895 986 2084 1024 privationes;
2106 996 2172 1015 nam
2196 987 2282 1015 etiam
2303 986 2425 1023 privatio
2453 993 2495 1015 est
2516 996 2590 1024 quo-

1530 1029 1690 1057 dammodo
1712 1027 1898 1056 contrarium.

1527 1125 1640 1150 verso
1670 1125 1715 1149 ex
1745 1124 1823 1149 non
1851 1111 2020 1148 subiecto
2049 1110 2088 1147 in
2116 1109 2350 1157 subiectum,
2380 1109 2475 1147 sicut
2503 1123 2591 1147 curn

1528 1165 1669 1214 aliquid
1698 1172 1864 1202 mutatur
1892 1165 1939 1200 de
1967 1175 2047 1199 non
2075 1175 2157 1200 esse
2186 1162 2224 1200 in
2252 1175 2346 1200 esse.

1580 1230 1617 1265 4.
1647 1217 1796 1254 Deinde
1825 1229 1913 1253 cum
1942 1215 2049 1252 dicit:
2088 1215 2193 1257 Quae
2225 1215 2323 1252 enim
2356 1220 2411 1252 est
2440 1227 2490 1252 ex
2517 1227 2592 1252 non

1526 1271 1688 1308 subiecto
1709 1277 1791 1316 etc.,
1813 1268 1975 1305 excludit
1994 1268 2190 1316 quandam
2211 1267 2476 1305 obiectionem.
2499 1269 2593 1305 Pos-

1528 1331 1584 1360 set
1612 1323 1714 1359 enim
1735 1321 1868 1371 aliquis
1888 1321 2063 1368 obiicere,
2085 1320 2191 1369 quod
2216 1333 2303 1357 curn
2322 1320 2557 1370 praerniserit
2572 1321 2592 1343 *¹

1529 1383 1692 1425 quatuor
1719 1374 1845 1412 modis
1873 1373 2015 1423 aliquid
2043 1373 2415 1420 mutarihdebuisset
2443 1374 2594 1411 conclu-

1528 1429 1618 1466 dere
1639 1435 1803 1477 quatuor
1832 1439 1914 1464 esse
1943 1426 2088 1476 species
2107 1425 2338 1473 mutationis,
2368 1434 2405 1463 et
2423 1438 2501 1463 non
2520 1433 2593 1464 tres

1527 1489 1686 1518 tantum.
1727 1480 1805 1517 Sed
1831 1481 1931 1517 hanc
1959 1478 2214 1516 obiectionem
2249 1479 2411 1516 excludit
2444 1478 2602 1527 dicens,

1528 1534 1634 1583 quod
1662 1546 1741 1571 non
1773 1539 1898 1583 potest
1931 1543 2012 1569 esse
2041 1531 2166 1581 aliqua
2197 1531 2416 1569 mutationis
2448 1532 2594 1581 species

1529 1587 1577 1624 de
1605 1599 1684 1624 non
1713 1586 1884 1624 subiecto
1914 1585 1952 1622 in
1980 1597 2059 1622 non
2087 1584 2320 1631 subiectum3
2350 1585 2439 1633 quia
2468 1585 2594 1622 omnis

1529 1640 1687 1677 mutatio
1709 1647 1764 1677 est
1782 1639 1878 1676 inter
1898 1639 1918 1659 *
1937 1637 2128 1687 opposita3
2158 1637 2255 1675 duae
2275 1645 2404 1676 autem
2427 1638 2594 1686 negatio·
2620 1652 2631 1663 ·

1529 1706 1596 1730 nes
1624 1705 1704 1729 non
1732 1699 1819 1729 sunt
1846 1691 2055 1740 oppositae.
2086 1691 2224 1740 Neque
2253 1690 2354 1728 enim
2379 1690 2452 1728 dici
2470 1698 2596 1740 potest

1528 1746 1634 1795 quod
1661 1745 1735 1782 sint
1763 1744 1960 1790 contraria,
1981 1755 2106 1793 neque
2125 1743 2229 1792 quod
2254 1744 2328 1781 sint
2347 1743 2595 1781 contradicto-

1529 1799 1594 1836 ria.
1625 1799 1673 1835 Et
1692 1798 1803 1835 huius
1824 1797 1936 1834 etiam
1957 1798 1977 1818 ²¹²
2006 1796 2155 1844 signum
2181 1803 2255 1843 est,
2285 1796 2373 1846 quia
2393 1809 2595 1846 quascum—

1529 1864 1602 1901 que
1618 1851 1838 1899 negationes
1854 1849 2033 1897 contingit
2052 1849 2164 1886 simul
2180 1861 2261 1886 esse
2276 1861 2388 1886 veras
2404 1851 2452 1887 de
2467 1849 2595 1898 aliquo

1529 1917 1606 1941 uno
1628 1911 1663 1941 et
1683 1904 1834 1950 eodem,
1855 1903 1950 1940 sicut
1969 1902 2062 1951 lapis
2084 1914 2154 1939 nec
2175 1909 2230 1938 est
2249 1914 2362 1939 sanus
2381 1914 2453 1939 nec
2472 1914 2594 1951 aeger.

1529 1957 1641 1995 Unde
1662 1969 1750 1993 cum
1770 1956 1928 1993 mutatio
1948 1968 2017 2004 per
2032 1967 2071 1992 se
2091 1954 2138 1992 sit
2155 1955 2281 1991 solum
2296 1954 2334 1992 in
2351 1955 2544 1992 contrariis
2560 1962 2598 1992 et

1530 2010 1568 2047 in
1585 2011 1604 2032 ’ὅ
1621 2009 1927 2055 contradictione,
1943 2016 1984 2045 ut
1999 2020 2113 2056 supra
2125 2009 2167 2029 ²¹²*
2183 2007 2325 2044 dictum
2342 2015 2412 2055 est,
2428 2008 2597 2056 sequitur

1531 2063 1635 2112 quod
1656 2075 1700 2099 ex
1720 2062 1919 2110 negatione
1949 2061 1987 2098 in
2010 2060 2252 2108 negationem
2276 2072 2355 2097 non
2373 2059 2419 2097 sit
2437 2061 2595 2098 mutatio

1530 2129 1598 2165 per
1613 2129 1666 2163 se,
1683 2115 1750 2152 sed
1765 2115 1890 2151 solum
1911 2114 1964 2150 sic
1983 2121 2150 2150 mutatur
2169 2113 2308 2161 aliquid
2322 2125 2391 2162 per
2409 2112 2595 2151 accidens.

1532 2170 1632 2206 Cum
1661 2168 1764 2204 enirn
1793 2166 1934 2215 aliquid
1963 2167 2005 2203 fit
2033 2166 2080 2203 de
2109 2166 2196 2202 albo
2226 2165 2388 2213 nigrum,
2417 2166 2461 2203 fit
2484 2165 2597 2204 etiam

1529 2234 1598 2271 per
1626 2220 1802 2258 accidens
1837 2220 1885 2256 de
1914 2231 1992 2256 non
2026 2219 2133 2267 nigro
2167 2230 2246 2256 non
2274 2219 2415 2268 album.
2454 2219 2504 2256 Et
2529 2231 2600 2268 per

1529 2276 1633 2312 hune
1651 2273 1814 2310 modum
1835 2272 1925 2309 dixit
1944 2271 2086 2320 aliquid
2104 2271 2241 2308 mutari
2266 2283 2310 2308 ex
2329 2283 2409 2308 non
2428 2271 2597 2309 subiecto

1530 2328 1568 2365 in
1589 2339 1668 2364 non
1687 2322 1914 2363 subiectum.
1945 2325 2062 2371 Quod
2091 2331 2219 2361 autem
2248 2332 2304 2361 est
2330 2336 2400 2373 per
2423 2324 2598 2362 accidens

1529 2381 1568 2418 in
1597 2380 1723 2429 aliquo
1752 2390 1911 2427 genere,
1946 2390 2026 2414 non
2056 2385 2182 2426 potest
2210 2388 2292 2413 esse
2325 2376 2470 2426 species
2501 2377 2598 2415 illius

1530 2432 1688 2481 generis.
1718 2432 1767 2468 Et
1794 2431 1882 2468 ideo
1912 2443 1958 2467 ex
1985 2442 2065 2467 non
2092 2430 2263 2467 subiecto
2297 2429 2335 2467 in
2363 2441 2442 2466 non
2473 2430 2598 2467 subie-

1530 2494 1632 2523 ctum
1653 2497 1731 2521 non
1750 2491 1875 2532 potest
1894 2496 1977 2520 esse
1997 2483 2122 2530 aliqua
2141 2482 2359 2519 mutationis
2378 2482 2535 2531 species.

1588 2540 1619 2575 5.
1632 2537 1779 2575 Deinde
1797 2549 1885 2573 cum
1901 2536 2004 2573 dicit:
2014 2537 2079 2572 Ex
2093 2547 2167 2572 non
2178 2535 2339 2572 subiecto
2350 2535 2497 2583 quidem
2513 2543 2597 2583 etc.,

1530 2591 1744 2629 manifestat
1771 2597 1896 2638 partes
1924 2588 2071 2638 positae
2099 2588 2306 2625 divisionis.
2336 2589 2386 2625 Et
2405 2587 2503 2625 circa
2521 2588 2597 2624 hoc

1531 2644 1599 2681 tria
1619 2643 1720 2680 facit:
1741 2642 1866 2692 primo
1887 2641 2100 2678 manifestat
2125 2641 2219 2678 duas
2238 2648 2363 2690 partes
2383 2639 2596 2686 divisionis3

1531 2696 1701 2734 secundo
1727 2694 1890 2732 ostendit
1918 2694 2022 2743 quod
2050 2702 2184 2731 neutra
2212 2706 2345 2731 earum
2374 2701 2429 2731 est
2455 2701 2598 2742 motus,

1531 2750 1603 2786 ibi:
1633 2749 1675 2785 Si
1700 2749 1817 2798 igitur
1844 2748 1944 2796 quod
1971 2759 2045 2784 non
2066 2753 2120 2783 est
2135 2748 2155 2768 *
2175 2754 2258 2792 etc.;
2279 2746 2386 2783 tertio
2408 2746 2599 2784 concludit

1532 2803 1636 2851 quod
1657 2801 1806 2838 residua
1824 2813 1912 2849 pars
1932 2799 2129 2837 divisionis
2157 2807 2213 2836 est
2236 2807 2374 2846 motus,
2395 2799 2465 2836 ibi:
2499 2800 2597 2843 Quo-

1532 2857 1635 2893 niam
1655 2860 1779 2892 autem
1798 2859 1920 2890 motus
1941 2853 1961 2874 ’¹‘
1980 2860 2048 2890 etc.
2071 2853 2181 2890 Circa
2203 2852 2371 2902 primum
2397 2853 2474 2890 duo
2494 2852 2595 2890 facit:

1531 2908 1656 2957 primo
1672 2907 1884 2944 manifestat
1898 2918 2015 2943 unam
2030 2913 2177 2954 partem
2193 2904 2405 2950 divisionis;
2425 2905 2595 2942 secundo

1533 2961 1646 2998 aliam
1668 2961 1699 3007 *,
1720 2959 1791 2996 ibi:
1826 2959 1932 3001 Quae
1948 2970 2039 2996 vero
2059 2971 2109 2995 ex
2126 2958 2288 2995 subiecto
2309 2957 2345 2994 in
2366 2969 2440 2994 non
2462 2957 2504 2978 *¹⁴
2525 2965 2594 2995 etc.

1587 3015 1621 3050 6.
1643 3012 1742 3049 Dicit
1765 3024 1855 3059 ergo
1874 3012 2000 3060 primo
2025 3011 2131 3060 quod
2156 3011 2218 3048 illa
2240 3009 2399 3047 mutatio
2423 3022 2521 3059 quae
2541 3018 2598 3047 est

1534 3079 1578 3103 ex
1606 3078 1685 3102 non
1709 3065 1878 3102 subiecto
1903 3064 1942 3100 in
1960 3063 2186 3110 subiectum,
2217 3069 2273 3100 est
2300 3062 2395 3100 inter
2422 3063 2598 3112 opposita

1533 3118 1744 3155 secundum
1779 3116 2127 3163 contradictionem,
2148 3123 2185 3152 et
2211 3122 2370 3153 vocatur
2389 3116 2596 3165 generatio,

1532 3184 1630 3221 quae
1651 3179 1707 3207 est
1725 3169 1883 3207 mutatio
1913 3169 1960 3206 de
1989 3181 2067 3206 non
2097 3181 2179 3205 esse
2207 3168 2245 3205 in
2274 3181 2368 3205 esse.
2400 3168 2477 3206 Sed
2502 3169 2598 3206 haec

1534 3232 1589 3261 est
1626 3223 1783 3273 duplex:
1822 3222 2013 3272 quaedam
2055 3222 2156 3259 enim
2194 3228 2250 3258 est
2291 3221 2452 3270 simplex
2484 3233 2597 3270 gene-

1534 3277 1639 3324 ratio,
1660 3289 1736 3326 qua
1755 3275 1897 3324 aliquid
1924 3274 2141 3324 simpliciter
2167 3282 2384 3322 generatur;
2414 3274 2486 3311 alia
2502 3285 2596 3312 vero

1535 3337 1589 3367 est
1620 3329 1811 3378 generatio
1849 3329 2054 3378 quaedam,
2093 3339 2169 3376 qua
2206 3327 2347 3376 aliquid
2385 3326 2596 3364 secundum

1534 3383 1624 3432 quid
1651 3389 1861 3430 generatur.
1897 3381 1946 3419 Et
1972 3381 2080 3431 ponit
2108 3381 2328 3430 exemplum
2362 3379 2410 3417 de
2436 3387 2596 3428 utraque

1533 3435 1788 3484 generatione.
1819 3435 1868 3472 Et
1894 3434 2019 3483 primo
2049 3434 2095 3472 de
2124 3433 2304 3480 secunda,
2334 3432 2464 3471 dicens
2491 3430 2596 3480 quod

1535 3501 1623 3526 cum
1652 3488 1793 3537 aliquid
1817 3495 1984 3524 mutatur
2012 3487 2060 3524 de
2089 3499 2167 3524 non
2195 3486 2341 3524 alboin
2361 3486 2509 3532 album,
2540 3491 2597 3520 est

1534 3541 1724 3590 generatio
1753 3541 1862 3578 huius
1884 3541 1902 3562 *
1928 3548 1964 3577 et
1992 3552 2070 3577 non
2098 3538 2326 3589 simpliciter.
2348 3539 2398 3576 Et
2424 3537 2594 3575 secundo

1535 3596 1582 3632 de
1610 3594 1754 3644 prima;
1784 3601 1820 3630 et
1848 3593 1936 3630 dicit
1964 3592 2070 3641 quod
2097 3592 2159 3630 illa
2186 3591 2394 3640 generatio,
2423 3602 2520 3639 quae
2541 3597 2597 3626 est

2619 1331 2631 1342 ⁹
2645 1330 2716 1353 Num.
2730 1337 2755 1353 2.

2646 1653 2754 1681 ineun-

2622 1812 2634 1824 ⁸
2642 1812 2714 1834 etiam
2725 1817 2774 1835 om.
2784 1817 2842 1835 m-

2625 2019 2633 2028 ·
2649 2018 2674 2039 in
2688 2023 2736 2039 om.
2749 2022 2843 2045 nom
2868 2041 2870 2044 y

2623 2050 2637 2066 r
2651 2047 2674 2066 et
2688 2043 2732 2066 ab.

2623 2071 2646 2083 '⁴'
2670 2070 2734 2092 Leet.
2758 2075 2841 2098 praec.
2869 2074 2872 2079 ·

2623 2103 2647 2119 n.
2662 2103 2695 2118 lo.

2623 2755 2635 2767 ¹*
2648 2754 2720 2776 Num.
2734 2754 2758 2777 8.

2624 2865 2633 2874 ·
2647 2862 2719 2885 Num.
2732 2868 2759 2885 ιι.

2625 2965 2632 2973 “
2647 2963 2774 2986 secundani
2782 2963 2839 2986 ub.

2623 2992 2644 3001 ⁶·
2660 2990 2731 3013 Num.
2746 2995 2767 3018 7.
2861 2991 2863 2998 ¹

2622 3577 2782 3626 ὶῐιιέἡιειηοάι·
2796 3576 2838 3600 al-
2851 3571 2855 3602 ᾗ
