2898 3996
209 431 219 440 ⁶
229 432 253 451 et
262 436 310 452 om.
320 430 389 452 codd.
399 434 420 452 et

207 965 216 975 ·
223 963 292 986 Num.
312 969 331 992 5.

308 1001 318 1017 ε

206 1118 218 1128 ·“
232 1117 301 1139 Num.
316 1123 392 1145 praec.

201 1434 210 1443 ·
226 1439 338 1454 converso
357 1438 414 1454 κει-

202 1465 273 1485 euzo.

202 1591 212 1601 '
227 1590 297 1612 Num.
312 1596 388 1618 praec.

201 2069 210 2078 ’
227 2068 298 2090 Num.
313 2074 361 2097 seq.

202 2866 211 2874 ·
228 2864 297 2886 Num.
314 2863 335 2885 6.

206 3129 215 3137 '¹
231 3128 293 3149 Lect.
310 3133 340 3154 iv,
355 3133 377 3148 n.
394 3127 416 3148 6.

208 3234 217 3243 ·
232 3235 319 3254 natura
335 3239 354 3254 Ρ.

208 3272 277 3319 {grim
284 3273 294 3293 l
302 3272 336 3294 cd.
348 3278 370 3299 a,
382 3272 418 3293 vel

452 298 527 344 284

448 376 595 413 visione
623 376 814 425 temporis,
835 388 911 412 una
937 388 1025 424 pars
1055 384 1110 413 est
1136 377 1346 424 praeterita,
1375 384 1411 413 et
1437 376 1508 414 alia

449 429 581 465 futura.
613 428 652 465 Si
672 428 780 476 igitur
800 436 834 465 et
855 430 875 450 '¹‘
895 441 996 465 nunc
1016 428 1214 476 dividatur,
1237 436 1385 478 oportet
1404 430 1508 478 quod

449 481 588 530 aliquid
617 481 694 524 eius
732 481 777 518 sit
803 481 1063 529 praeteritum,
1095 489 1130 518 et
1157 481 1298 530 aliquid
1329 482 1505 519 futurum.

450 534 526 571 Sed
554 546 632 570 non
669 533 771 570 idem
808 541 862 570 est
887 534 1130 582 praeteritum
1167 541 1202 570 et
1234 534 1420 571 futurum:
1450 547 1506 571 se-

449 593 582 635 quetur
611 598 699 634 ergo
729 586 832 635 quod
860 586 983 634 ipsum
1008 599 1109 623 nunc
1136 597 1215 624 non
1243 587 1289 624 sit
1316 586 1418 624 idem
1436 587 1506 624 sibi

447 639 529 687 ipsi,
551 639 656 687 quasi
684 646 804 675 totum
823 638 932 675 simul
961 639 1121 676 existens
1146 640 1273 688 (quod
1293 647 1348 676 est
1375 647 1505 677 contra

448 691 630 728 rationem
660 691 738 728 eius
766 691 870 740 quod
898 691 1031 728 dicitur
1058 704 1176 728 nunc:
1207 704 1295 729 cum
1323 692 1424 729 enim
1453 692 1506 729 di-

449 743 568 780 cimus
597 756 709 791 nunc,
729 743 964 792 intelligimus
991 743 1100 781 simul
1121 744 1159 781 in
1176 745 1362 793 praesenti
1382 746 1504 791 esse);

446 796 514 833 sed
545 796 733 844 oportebit
759 797 916 833 multam
947 796 1201 834 diversitatem
1230 810 1310 834 esse
1338 797 1377 834 in
1405 809 1505 834 nunc

446 855 482 884 et
509 849 800 896 successionem,
822 849 915 886 sicut
943 857 979 886 et
1006 849 1044 886 in
1072 857 1257 898 tempore,
1279 851 1382 899 quod
1409 850 1504 886 mul-

444 901 614 950 tipliciter
642 909 696 938 est
724 902 918 938 divisibile.

498 966 533 1002 7.
565 954 627 991 Sic
647 966 735 1002 ergo
760 961 912 991 ostenso
933 954 1037 1004 quod
1056 967 1157 991 nunc
1175 954 1221 991 sit
1239 954 1424 992 divisibile
1441 956 1460 976 *
1475 961 1501 1002 ¹,

444 1008 547 1055 quod
571 1015 649 1044 erat
672 1019 905 1056 consequens
930 1008 978 1044 ad
997 1008 1071 1044 hoc
1090 1007 1195 1056 quod
1213 1007 1407 1045 dicebatur
1425 1020 1503 1045 non

445 1070 526 1096 esse
554 1060 656 1096 idem
683 1072 783 1096 nunc
811 1060 915 1108 quod
943 1067 998 1097 est
1026 1067 1234 1097 extremum
1261 1060 1448 1109 praeteriti
1467 1068 1504 1097 et

443 1112 564 1159 futuri,
582 1120 618 1149 et
633 1113 820 1149 destructo
843 1120 1096 1162 consequente
1107 1113 1139 1159 *,
1158 1113 1346 1150 concludit
1360 1113 1502 1150 destru-

443 1165 606 1201 ctionem
625 1165 890 1202 antecedentis.
921 1167 970 1202 Et
988 1166 1062 1202 hoc
1082 1173 1137 1202 est
1155 1166 1260 1214 quod
1279 1166 1377 1213 dicit,
1399 1166 1503 1215 quod

443 1217 472 1254 si
501 1218 575 1254 hoc
610 1224 664 1254 est
696 1218 928 1266 impossibile
961 1218 1083 1255 inesse
1116 1218 1186 1267 ipsi
1213 1231 1330 1265 nunc,
1365 1219 1504 1255 scilicet

442 1271 546 1318 quod
574 1270 627 1307 sit·
647 1270 842 1318 divisibile,
872 1283 1027 1308 necesse
1056 1279 1110 1308 est
1135 1271 1258 1308 dicere
1278 1271 1382 1320 quod
1400 1271 1502 1308 idem

442 1323 487 1360 sit
505 1335 606 1360 nunc
625 1324 728 1372 quod
749 1331 804 1360 est
823 1331 1030 1360 extremum
1048 1323 1240 1372 utriusque
1259 1323 1450 1372 temporis.

494 1376 642 1414 Deinde
667 1389 753 1412 cum
777 1375 880 1413 dicit:
908 1377 960 1413 At
979 1388 1074 1416 vero,
1092 1377 1127 1413 si
1152 1377 1248 1413 idem
1275 1384 1356 1423 etc.,
1378 1383 1501 1413 osten-

442 1429 494 1466 dit
522 1429 626 1478 quod
646 1441 667 1465 e
688 1429 874 1466 contrario
889 1429 920 1476 ³⁶,
941 1429 971 1466 si
995 1429 1096 1466 idem
1118 1436 1172 1465 est
1194 1441 1295 1466 nunc
1313 1428 1501 1477 praeteriti

443 1489 478 1518 et
505 1482 627 1529 futuri,
648 1494 802 1518 necesse
832 1489 886 1518 est
914 1482 1017 1530 quod
1046 1494 1146 1518 nunc
1180 1482 1225 1518 sit
1253 1481 1498 1518 indivisibile:

441 1534 528 1583 quia
556 1534 586 1570 si
615 1542 713 1571 esset
741 1534 936 1582 divisibile,
967 1541 1211 1583 sequerentur
1238 1534 1366 1570 omnia
1392 1546 1500 1583 prae-

442 1588 539 1624 dicta
559 1588 578 1608 ’²‘
598 1586 911 1624 inconvenientia.
942 1588 991 1623 Et
1018 1587 1071 1623 sic
1099 1599 1144 1623 ex
1173 1599 1249 1635 quo
1278 1599 1356 1623 non
1376 1594 1501 1635 potest

441 1640 513 1677 dici
533 1639 636 1688 quod
655 1651 755 1676 nunc
775 1639 820 1676 sit
840 1639 1036 1687 divisibile,
1058 1639 1163 1688 quasi
1185 1639 1362 1676 existente
1383 1640 1498 1676 altero

439 1705 539 1730 nunc
566 1692 754 1741 praeteriti
792 1699 827 1728 et
855 1694 969 1729 altero
999 1705 1099 1729 nunc
1127 1692 1254 1729 futuri:
1287 1704 1358 1728 nec
1387 1692 1499 1729 etiam

441 1754 495 1782 est
523 1745 706 1782 divisibile
735 1744 765 1781 si
792 1752 955 1793 ponatur
983 1745 1101 1790 idem;
1127 1744 1315 1781 concludit
1341 1745 1499 1781 manife-

440 1800 538 1835 stum
567 1810 647 1835 esse
668 1810 713 1834 ex
743 1797 859 1844 dictis,
880 1798 985 1846 quod
1004 1809 1159 1834 necesse
1189 1797 1299 1834 estin
1327 1804 1498 1845 ternpore

441 1864 520 1888 esse
550 1850 689 1899 aliquid
717 1850 954 1897 indivisibile,
975 1850 1079 1898 quod
1108 1849 1241 1886 dicitur
1268 1861 1377 1886 nunc.

495 1905 529 1941 8.
551 1903 699 1940 Deinde
720 1915 806 1939 curn
826 1903 930 1939 dicit:
965 1903 1074 1944 Quod
1096 1908 1220 1939 autem
1249 1902 1340 1939 nihil
1363 1902 1400 1938 in
1422 1902 1499 1950 ipso

441 1968 540 1993 nunc
551 1963 632 2003 etc.,
644 1955 806 1992 ostendit
820 1955 924 2004 quod
939 1955 976 1991 in
992 1967 1092 1991 nunc
1106 1967 1184 1991 non
1198 1962 1322 2003 potest
1337 1966 1419 1990 esse
1429 1967 1501 1991 nec

441 2016 566 2046 motus
586 2021 657 2045 nec
685 2008 801 2057 quies.
832 2009 880 2044 Et
898 2008 1024 2057 primo
1044 2007 1207 2044 ostendit
1226 2007 1273 2044 de
1293 2014 1420 2053 motu3
1443 2019 1500 2044 se-

442 2063 568 2098 cundo
583 2061 630 2098 de
646 2062 782 2109 quiete,
794 2061 862 2098 ibi:
878 2062 930 2097 At
941 2072 1032 2098 vero
1053 2072 1171 2110 neque
1191 2060 1379 2108 quiescere
1394 2061 1413 2081 ³²
1429 2067 1497 2096 etc.

441 2115 540 2151 Dicit
577 2126 666 2161 ergo
694 2114 838 2163 primo,
867 2113 1107 2150 manifestum
1141 2125 1224 2149 esse
1254 2125 1298 2149 ex
1331 2113 1374 2149 iis
1403 2125 1499 2162 quae

441 2174 667 2215 sequuntur,
707 2166 809 2215 quod
842 2166 879 2202 in
916 2178 1017 2202 nunc
1053 2165 1143 2202 nihil
1179 2165 1298 2214 possit
1330 2165 1498 2202 moveri:

440 2220 530 2269 quia
550 2219 579 2256 s'i
599 2219 739 2268 aliquid
758 2226 881 2268 potest
900 2218 1048 2255 moveri
1067 2218 1105 2255 in
1125 2231 1236 2265 nunc,
1255 2218 1444 2265 continget
1461 2218 1500 2254 in

440 2285 542 2310 nunc
561 2272 709 2309 moveri
739 2273 814 2309 duo
834 2271 1005 2317 mobilia,
1036 2283 1198 2319 quorum
1220 2283 1341 2307 unum
1370 2271 1415 2307 sit
1432 2283 1498 2307 ve-

441 2325 571 2372 locius,
594 2332 630 2361 et
658 2325 758 2362 aliud
785 2324 935 2361 tardius.
965 2323 1020 2360 Sit
1049 2336 1137 2371 ergo
1165 2324 1290 2372 ipsum
1318 2335 1419 2360 nunc
1447 2324 1496 2370 N,

441 2386 478 2415 et
506 2377 657 2426 aliquod
686 2390 823 2426 corpus
850 2377 1018 2414 velocius
1048 2383 1248 2413 moveatur
1284 2375 1322 2412 in
1356 2376 1393 2412 N
1430 2389 1500 2424 per

441 2432 507 2468 AB
535 2430 840 2478 magnitudinem.
864 2430 940 2466 Sed
967 2429 1107 2466 tardius
1136 2429 1174 2465 in
1193 2429 1340 2478 aequali
1374 2429 1498 2466 minus

439 2491 630 2520 movetur:
661 2495 748 2530 ergo
786 2482 925 2519 tardius
954 2482 991 2518 in
1028 2483 1103 2518 hoc
1139 2481 1288 2518 instanti
1323 2489 1499 2519 movetur

439 2549 508 2585 per
534 2536 721 2572 minorem
749 2535 1045 2583 magnitudinem
1086 2547 1183 2583 quae
1222 2542 1277 2571 est
1308 2535 1391 2572 AG.
1423 2535 1499 2571 Sed

439 2589 608 2625 velocius
628 2589 729 2625 idern
757 2588 918 2637 spatium
936 2587 1134 2636 pertransit
1162 2587 1200 2624 in
1218 2587 1355 2624 minori
1383 2600 1499 2636 quam

440 2641 590 2678 tardius.
613 2641 713 2687 Quia
733 2653 820 2689 ergo
850 2653 988 2690 corpus
1014 2641 1158 2677 tardius
1176 2640 1403 2677 movebatur
1429 2653 1498 2689 per

439 2695 510 2731 AG
546 2694 842 2741 magnitudinem
879 2694 917 2730 in
944 2701 1023 2730 toto
1063 2693 1146 2742 ipso
1181 2705 1302 2740 nunc,
1332 2693 1500 2741 sequitur

440 2747 544 2796 quod
572 2747 740 2783 velocius
763 2754 963 2783 moveatur
985 2759 1053 2795 per
1083 2746 1244 2782 eandem
1273 2745 1497 2793 magnitudi-

441 2812 528 2836 nem
556 2799 594 2836 in
621 2799 757 2836 minori
778 2812 892 2848 quam
920 2812 1037 2836 nunc:
1068 2810 1157 2846 ergo
1180 2811 1281 2835 nunc
1310 2798 1496 2835 dividitur.

442 2853 517 2890 Sed
541 2860 735 2889 ostensum
764 2860 819 2889 est
847 2855 866 2872 ⁸*
896 2852 999 2900 quod
1031 2864 1132 2888 nunc
1165 2858 1221 2888 est
1252 2851 1497 2888 indivisibile:

443 2918 530 2953 ergo
559 2918 637 2942 non
665 2913 789 2954 potest
816 2905 955 2953 aliquid
983 2904 1130 2942 moveri
1159 2904 1197 2940 in
1226 2916 1336 2941 nunc.

497 2971 531 3006 9.
561 2958 707 2995 Deinde
746 2970 831 2994 cum
861 2958 962 2994 dicit:
990 2959 1042 2994 At
1067 2969 1157 2995 vero
1183 2969 1305 3006 ¹neque
1340 2957 1499 3005 quiesce-

443 3023 484 3047 re
511 3018 593 3057 etc.,
615 3011 775 3047 ostendit
794 3011 894 3047 idem
923 3012 969 3048 de
990 3010 1113 3059 quiete
1133 3010 1250 3047 tribus
1280 3009 1498 3046 rationibus.

445 3064 615 3110 Quarum
634 3063 757 3112 prima
775 3063 856 3100 talis
881 3071 945 3100 est.
963 3064 1115 3100 Dictum
1131 3070 1186 3100 est
1211 3062 1311 3100 enim
1330 3062 1368 3099 in
1394 3062 1499 3110 quin‘

443 3123 481 3152 to
503 3118 542 3162 ⁴⁹,
573 3117 676 3164 quod
704 3116 793 3153 illud
815 3116 970 3164 quiescit
996 3117 1099 3165 quod
1128 3123 1183 3153 est
1211 3123 1342 3164 aptum
1370 3122 1499 3152 natum

443 3169 589 3206 moveri
619 3177 654 3206 et
678 3181 755 3206 non
774 3177 949 3205 movetur
973 3169 1126 3218 quando
1148 3176 1276 3217 aptum
1296 3175 1425 3205 natum
1446 3174 1500 3204 est

443 3222 600 3269 moveri,
632 3230 668 3258 et
687 3222 895 3258 secundum
923 3222 1023 3258 illam
1050 3229 1198 3271 partem
1227 3233 1301 3270 qua
1329 3228 1459 3257 natum
1480 3220 1499 3240 *

445 3283 498 3311 est
525 3275 682 3322 moveri,
706 3283 740 3311 et
757 3276 775 3296 ‘⁸
792 3287 838 3311 eo
858 3275 975 3312 modo
1005 3287 1081 3323 quo
1103 3282 1234 3311 natum
1264 3280 1318 3310 est
1340 3272 1498 3310 moveri.

506 3384 527 3414 ε)
549 3383 593 3408 Sic
619 3390 682 3415 crgo
706 3386 809 3407 ostenso
835 3383 906 3415 quod
930 3390 999 3408 nunc
1024 3383 1059 3408 sit
1078 3382 1207 3408 divisibile
1226 3387 1273 3407 etc.
1290 3395 1310 3401 -
1327 3382 1424 3407 Sensus
1444 3386 1496 3406 est:

445 3423 549 3442 ostenso
569 3418 611 3444 (cf.
625 3426 695 3442 num.
712 3417 736 3451 5)
757 3419 825 3450 quod
845 3419 875 3443 ad
895 3418 943 3443 hoc
963 3419 1032 3451 quod
1049 3418 1178 3443 dicebatur
1197 3426 1248 3442 non
1263 3425 1322 3442 esse
1340 3417 1408 3441 idem
1428 3424 1496 3441 nunc

446 3454 515 3484 quod
541 3458 578 3476 cst
604 3459 744 3477 extremum
771 3453 896 3484 praeteriti
916 3459 940 3477 et
964 3454 1054 3483 futuri,
1075 3460 1237 3486 consequens
1263 3457 1316 3477 erat
1334 3452 1404 3484 quod
1429 3459 1496 3476 nunc

447 3487 479 3511 sit
499 3487 635 3517 divisibile,
656 3493 679 3512 ct
699 3489 828 3512 destructo
847 3494 1020 3522 consequente
1040 3489 1127 3521 (num.
1141 3487 1282 3521 praeced),
1301 3487 1429 3512 concludit
1449 3492 1496 3512 etc.

448 3522 476 3546 C‹
477 3523 555 3546 ›diccs
570 3528 662 3551 nutem,
683 3523 741 3547 cdd.
756 3530 772 3546 a
783 3523 797 3547 b
811 3528 834 3547 ct
848 3523 1022 3555 Vener-1504
1038 3532 1085 3556 pro
1100 3523 1134 3548 sit
1149 3524 1236 3556 legunt
1251 3530 1302 3548 non
1316 3522 1362 3552 sit,
1384 3527 1408 3547 et
1421 3522 1497 3547 ornit-

447 3561 502 3580 tunt
517 3560 541 3580 ct
556 3562 613 3581 ante
631 3557 763 3582 destructo
781 3561 963 3590 consequentc;
983 3564 1008 3583 et
1022 3558 1083 3583 haec
1098 3559 1174 3583 etinm
1188 3558 1262 3583 lectio
1275 3557 1408 3582 veritatem
1421 3556 1498 3582 habet

449 3591 469 3615 si
489 3595 590 3615 ostenso
610 3592 729 3616 reseratur
748 3593 778 3616 ad
798 3593 843 3617 tria
862 3599 1011 3624 argumenta
1032 3594 1125 3626 quibus
1145 3594 1280 3627 probatum
1299 3598 1339 3618 est
1358 3599 1426 3618 nunc
1445 3599 1495 3618 non

448 3633 501 3650 csse
520 3626 653 3655 divisibile,
665 3632 688 3651 et
707 3628 776 3659 quod
793 3631 851 3652 crat
869 3635 1026 3661 consequens
1044 3629 1198 3661 intelligutur
1217 3629 1248 3653 de
1266 3635 1320 3653 esse
1339 3627 1475 3653 divisibsse.

1076 297 1421 336 PHYSICORUM
1447 298 1796 336 ARISTOTELIS
1825 299 1919 336 LIB.
1948 300 1999 337 VI

1565 377 1604 414 Si
1633 376 1733 414 enim
1761 376 1900 426 aliquid
1938 384 2038 414 caret
2066 389 2112 414 eo
2146 378 2250 426 quod
2286 388 2366 416 non
2401 387 2456 416 est
2492 387 2623 417 natum

1563 430 1719 476 habere,
1747 437 1789 466 ut
1815 429 1910 478 lapis
1936 429 2021 467 visu
2041 429 2071 474 ς;
2101 438 2166 467 aut
2193 443 2240 467 eo
2267 438 2439 480 tempore
2467 433 2621 481 quando

1563 495 1641 519 non
1655 489 1785 519 natum
1803 489 1858 518 est
1872 482 2024 530 habere,
2037 490 2078 519 ut
2092 483 2194 519 canis
2213 490 2300 520 ante
2315 485 2490 520 nonum*
2499 485 2619 532 diem;

1563 542 1627 572 aut
1654 535 1691 572 in
1716 547 1761 571 ea
1787 542 1893 584 parte
1914 547 1989 584 qua
2016 547 2095 572 non
2122 542 2252 572 natum
2272 543 2327 573 est
2354 537 2507 584 habere,
2526 537 2623 575 sicut

1562 587 1599 624 in
1634 587 1734 636 pede
1761 588 1823 624 vel
1859 587 1898 624 in
1929 599 2064 634 manu3
2093 595 2157 625 aut
2193 600 2240 624 eo
2276 588 2394 626 modo
2429 601 2504 638 quo
2541 602 2621 628 non

1561 647 1691 677 natum
1728 647 1783 677 est
1810 641 1970 687 habere,
1999 648 2041 677 ut
2061 642 2080 662 ²²
2100 641 2130 677 si
2157 641 2277 678 homo
2306 653 2386 678 non
2411 641 2541 679 videat
2570 642 2658 680 ita

1561 700 1668 729 acute
1696 699 1737 729 ut
1764 693 1899 742 aquila:
1919 705 1998 730 non
2016 701 2174 742 propter
2199 694 2275 730 hoc
2294 693 2427 731 dicitur
2445 706 2527 731 esse
2545 694 2620 748 pri-

1560 752 1691 782 vatum
1709 745 1805 782 visu.
1824 746 1941 792 Quies
1961 754 2088 783 autem
2104 754 2159 783 est
2176 746 2339 795 privatio
2355 754 2498 784 motus.
2517 747 2620 784 unde

1560 797 1651 833 nihil
1680 797 1836 846 quiescit
1854 798 1924 835 nisi
1952 799 2056 847 quod
2075 807 2131 836 est
2158 807 2289 848 aptum
2308 807 2439 836 natum
2459 799 2620 848 moveri,

1561 857 1597 886 et
1615 850 1769 898 quando
1790 858 1826 887 et
1844 851 1974 887 sicut⁹⁴
1962 866 1967 872 ·
1994 859 2124 888 natum
2145 859 2200 889 est
2219 852 2378 889 moveri.
2401 852 2478 889 Sed
2497 860 2623 890 osten-

1560 914 1644 938 sum
1663 910 1719 939 est
1739 903 1759 924 *³
1779 904 1883 952 quod
1910 903 2001 940 nihil
2029 911 2159 953 aptum
2177 912 2309 942 natum
2339 912 2394 942 est
2414 905 2563 942 moveri
2582 905 2622 943 in

1559 955 1642 1003 ipso
1662 967 1773 992 nunc.
1804 956 1906 1003 Ergo
1934 956 2177 1000 manifestum
2197 965 2251 995 est
2278 957 2383 1007 quod
2401 957 2491 995 nihil
2519 958 2622 1007 quie-

1558 1015 1626 1044 scit
1653 1020 1691 1044 1n
1718 1020 1829 1045 nunc.

1625 1061 1843 1098 Secundam
1889 1061 2073 1099 rationem
2114 1061 2220 1110 ponit
2256 1061 2331 1099 ibi:

1558 1113 1655 1150 idem
1685 1121 1772 1150 etc.:
1802 1125 1899 1162 quae
1928 1113 2009 1151 talis
2038 1121 2104 1151 est.
2126 1115 2220 1151 Illud
2247 1114 2354 1163 quod
2381 1122 2560 1151 movetur
2581 1115 2621 1152 in

1558 1173 1638 1202 toto
1667 1165 1792 1214 aliquo
1830 1173 2024 1214 tempore,
2051 1174 2231 1203 movetur
2257 1167 2296 1203 in
2323 1166 2493 1215 quolibet
2523 1166 2620 1205 illius

1558 1218 1739 1266 temporis
1767 1218 1806 1254 in
1834 1231 1911 1266 quo
1940 1226 2072 1255 natum
2102 1225 2157 1255 est
2189 1219 2355 1256 moveri:
2386 1226 2422 1256 et
2453 1219 2621 1257 similiter

1558 1271 1662 1318 quod
1690 1270 1847 1319 quiescit
1873 1270 1911 1307 in
1940 1270 2065 1320 aliquo
2085 1278 2164 1308 toto
2192 1279 2376 1320 tempore,
2397 1272 2553 1321 quiescit
2579 1272 2619 1310 in

1558 1322 1726 1371 quolibet
1753 1322 1849 1359 illius
1876 1323 2059 1372 temporis
2087 1323 2124 1360 in
2153 1335 2230 1372 quo
2268 1332 2399 1361 natum
2428 1332 2484 1362 est
2516 1325 2620 1374 quie-

1558 1387 1674 1412 scere.
1697 1375 1774 1412 Sed
1801 1374 1903 1412 idem
1922 1387 2024 1412 nunc
2052 1383 2107 1412 est
2130 1376 2169 1413 in
2195 1376 2344 1414 duobus
2371 1378 2618 1426 temporibus,

1557 1428 1595 1464 in
1623 1439 1788 1477 quorum
1825 1440 1904 1464 uno
1932 1435 2012 1465 toto
2041 1428 2219 1478 quiescit,
2249 1437 2285 1466 et
2311 1429 2350 1466 in
2384 1430 2501 1467 altero
2537 1437 2619 1468 toto

1556 1487 1750 1527 movetur;
1772 1480 1866 1517 sicut
1894 1488 2051 1530 apparet
2069 1481 2107 1518 in
2136 1494 2182 1518 eo
2211 1482 2316 1542 quod
2338 1490 2426 1531 post
2453 1482 2619 1542 quietem

1555 1540 1744 1580 movetur,
1762 1541 1798 1570 et
1814 1541 1902 1582 post
1925 1541 2074 1571 motum
2095 1534 2261 1583 quiescit.
2292 1535 2332 1572 Si
2352 1547 2440 1583 ergo
2460 1535 2498 1573 in
2518 1546 2620 1573 nunc

1557 1586 1698 1635 aliquid
1725 1593 1858 1623 natum
1887 1594 1942 1623 est
1969 1586 2165 1636 quiescere
2193 1595 2230 1624 et
2256 1588 2417 1636 moveri,
2443 1600 2618 1643 sequere-

1557 1646 1617 1676 tur
1645 1639 1749 1688 quod
1777 1638 1919 1687 aliquid
1947 1639 2058 1676 simul
2078 1640 2287 1689 quiesceret
2314 1648 2351 1678 et
2377 1649 2617 1689 moveretur;

1555 1692 1661 1741 quod
1689 1699 1746 1728 est
1772 1691 2017 1740 impossibile.

1622 1744 1792 1781 Tertiam
1831 1744 2014 1782 rationem
2049 1745 2158 1793 ponit
2189 1745 2256 1782 ibi:
2288 1745 2461 1795 Amplius
2491 1752 2617 1784 autem

1554 1797 1742 1845 quiescere
1761 1804 1851 1833 etc.:
1881 1809 1979 1846 quae
2007 1797 2089 1834 talis
2109 1805 2175 1835 est.
2207 1798 2301 1836 Illud
2328 1798 2489 1836 dicimus
2513 1799 2617 1849 quie-

1555 1861 1672 1897 scere,
1693 1849 1799 1898 quod
1827 1861 1868 1886 se
1895 1850 2010 1886 habet
2037 1850 2205 1887 similiter
2237 1858 2273 1888 et
2299 1863 2401 1888 nunc
2429 1859 2466 1888 et
2491 1852 2615 1901 prius,

1556 1909 1591 1938 et
1618 1902 1829 1939 secundum
1856 1914 1896 1939 se
1920 1909 2042 1939 toturn
2071 1910 2108 1939 et
2131 1904 2342 1940 secundum
2369 1912 2496 1953 partes
2516 1917 2616 1943 suas.

1554 1955 1612 1991 Ex
1639 1955 1713 1991 hoc
1742 1955 1843 1991 enim
1872 1954 2010 2003 aliquid
2041 1955 2173 1992 dicitur
2200 1956 2359 2003 moveri,
2380 1957 2486 2005 quod
2513 1969 2616 1994 nunc

1555 2014 1591 2044 et
1616 2007 1720 2056 prius
1749 2007 1978 2045 dissimiliter
2005 2020 2045 2044 se
2073 2008 2202 2055 habet,
2232 2009 2293 2045 vel
2322 2010 2534 2046 secundum
2561 2011 2616 2047 10-

1555 2072 1642 2096 cum
1678 2061 1740 2097 vel
1775 2060 1986 2097 secundum
2023 2060 2270 2109 quantitatem
2305 2062 2367 2099 vel
2403 2062 2616 2100 secundum

1554 2113 1781 2161 qualitatem.
1804 2113 1882 2149 Sed
1900 2113 1938 2149 in
1956 2113 2040 2161 ipso
2055 2125 2157 2149 nunc
2171 2125 2248 2150 non
2266 2122 2321 2151 est
2340 2114 2480 2163 aliquid
2494 2115 2614 2164 prius;

1554 2165 1642 2214 quia
1671 2165 1722 2201 sic
1750 2178 1851 2201 nunc
1881 2173 1978 2202 esset
2006 2165 2190 2203 dlvisibile
2227 2166 2316 2214 quia
2348 2166 2372 2203 li
2393 2168 2504 2215 prius
2531 2179 2616 2216 per-

1553 2218 1644 2254 tinet
1662 2218 1710 2254 ad
1730 2218 1972 2266 praeteritum
1987 2223 2021 2254 ¹²:
2052 2230 2142 2266 ergo
2162 2231 2240 2256 non
2261 2219 2440 2267 contingit
2458 2220 2496 2257 in
2514 2232 2618 2258 nunc

1554 2270 1757 2319 quiescere.
1779 2271 1837 2307 Ex
1855 2271 1930 2322 hoc
1949 2272 2107 2307 autem*
2120 2271 2275 2308 ulterius
2294 2273 2494 2320 concludit,
2511 2273 2617 2322 quod

1553 2335 1708 2360 necesse
1737 2331 1793 2359 est
1821 2335 1936 2360 omne
1965 2323 2069 2372 quod
2093 2331 2280 2372 movetur,
2302 2333 2338 2361 et
2365 2337 2482 2362 omne
2509 2326 2616 2375 quod

1554 2375 1722 2425 quiescit,
1742 2377 1892 2412 moveri
1922 2383 1957 2412 et
1985 2376 2179 2425 quiescere
2202 2377 2241 2414 in
2269 2384 2453 2426 tempore.

1622 2441 1678 2465 10.
1715 2428 1864 2465 Deinde
1903 2441 1991 2466 cum
2021 2429 2127 2466 dicit:
2162 2430 2271 2471 Quod
2296 2436 2463 2468 mutatur
2489 2436 2615 2469 autem

1554 2493 1664 2518 omne
1688 2489 1770 2529 etc.,
1792 2481 1955 2518 ostendit
1973 2481 2078 2530 quod
2097 2494 2213 2519 omne
2239 2483 2344 2531 quod
2363 2490 2541 2520 movetur
2560 2491 2616 2522 est

1553 2534 1751 2582 divisibile,
1772 2534 1833 2570 tali
1853 2534 2009 2571 ratione.
2041 2535 2178 2571 Omnis
2201 2535 2360 2572 mutatio
2381 2543 2437 2572 est
2456 2547 2501 2572 ex
2520 2547 2614 2585 quo-

1554 2587 1643 2623 dam
1672 2587 1710 2623 in
1730 2586 1933 2635 quiddam:
1963 2587 2030 2624 sed
2058 2587 2213 2635 quando
2242 2587 2383 2636 aliquid
2411 2595 2466 2625 est
2485 2589 2522 2626 in
2543 2595 2615 2626 ter-

1553 2639 1658 2685 mino
1687 2639 1736 2676 ad
1765 2651 1881 2688 quern
1909 2647 2074 2676 mutatur
2094 2642 2135 2687 ⁹¹³,
2164 2640 2318 2677 ulterius
2337 2653 2415 2678 non
2436 2649 2612 2690 mutatur,

1553 2692 1621 2729 sed
1649 2692 1725 2729 iarn
1754 2699 1942 2728 mutatum
1973 2700 2047 2739 est3
2085 2705 2164 2729 non
2197 2693 2299 2730 enim
2333 2693 2446 2730 simul
2473 2693 2615 2744 aliquid

1553 2753 1730 2782 movetur
1746 2746 1765 2766 *
1783 2753 1817 2782 et
1836 2752 2024 2782 mutatum
2045 2753 2111 2792 est,
2139 2753 2181 2782 ut
2199 2758 2314 2795 supra
2327 2747 2368 2768 *³¹²
2383 2747 2525 2784 dictum
2547 2754 2612 2784 est.
2640 2752 2662 2788 ζ.

1554 2798 1720 2845 Quando
1748 2811 1842 2835 vero
1870 2806 1924 2835 est
1952 2798 2092 2847 aliquid
2120 2798 2158 2835 in
2185 2799 2348 2836 termino
2369 2808 2414 2836 ex
2434 2812 2511 2849 quo
2530 2812 2614 2838 mu-

1553 2858 1670 2899 tatur,
1701 2852 1911 2888 secundum
1949 2863 1989 2888 se
2017 2859 2139 2888 totum
2168 2859 2204 2888 et
2237 2852 2449 2889 secundum
2477 2865 2614 2890 omnes

1552 2912 1676 2953 partes
1696 2917 1794 2951 suaS,
1819 2911 1909 2941 tunc
1927 2916 2005 2941 non
2029 2911 2213 2941 mutatur:
2244 2904 2385 2941 dictum
2407 2905 2496 2941 est*
2510 2905 2613 2943 enim
2639 2910 2650 2919 ¹

1553 2957 1658 3005 quod
1690 2957 1781 2993 illud
1814 2956 1919 3015 quod
1947 2956 2114 2993 similiter
2141 2969 2182 2993 se
2210 2957 2325 2994 habet
2357 2965 2393 2994 et
2419 2957 2544 3006 ipsum
2577 2965 2615 2995 et

1554 3021 1688 3046 omnes
1708 3017 1832 3058 partes
1862 3009 1953 3056 eius,
1970 3021 2048 3046 non
2075 3017 2252 3056 mutatur,
2282 3009 2350 3047 sed
2368 3009 2488 3058 magis
2508 3010 2612 3059 quie-

1554 3062 1622 3098 scit
1634 3060 1658 3098 θ.
1680 3062 1796 3098 Addit
1815 3069 1941 3098 autem
1961 3067 1997 3098 et
2013 3074 2140 3098 omnes
2153 3068 2282 3111 partes
2300 3062 2396 3107 eius;
2415 3062 2504 3112 quia
2523 3075 2613 3100 cum

1554 3114 1694 3163 aliquid
1713 3114 1841 3163 incipit
1859 3114 2007 3161 mutari,
2037 3126 2115 3151 non
2143 3115 2254 3151 simul
2282 3122 2404 3152 toturn
2426 3115 2614 3163 egreditur

1555 3167 1602 3204 de
1631 3168 1716 3204 loco
1744 3179 1860 3215 quern
1894 3167 1998 3215 prius
2030 3168 2262 3216 occupabat,
2300 3167 2367 3205 sed
2403 3180 2491 3217 pars
2527 3175 2614 3218 post

1553 3227 1710 3268 partem.
1751 3221 1888 3268 Neque
1921 3219 2055 3257 iterum
2091 3227 2215 3269 potest
2251 3219 2323 3257 dici
2360 3221 2464 3269 quod
2497 3221 2542 3258 sit
2574 3221 2613 3258 in

1553 3280 1713 3321 utroque
1733 3273 1894 3310 termino
1914 3273 2125 3310 secundum
2145 3285 2184 3310 se
2204 3280 2326 3310 totum
2346 3281 2382 3310 et
2401 3274 2612 3312 secundum

1604 3381 1629 3414 ζ)
1648 3385 1722 3406 caret
1740 3389 1802 3407 eo...
1818 3385 1847 3407 ut
1866 3382 1934 3414 IapIs
1953 3381 2018 3407 visu.
2031 3395 2051 3400 -
2068 3381 2118 3406 Pro
2137 3389 2180 3411 eo,
2201 3382 2258 3407 visu
2278 3382 2337 3413 QZ,
2356 3383 2413 3408 visu
2432 3390 2462 3408 eo
2482 3383 2519 3414 R,
2537 3383 2612 3409 oculo

1551 3417 1603 3445 LS.
1623 3424 1699 3442 sensu
1719 3417 1772 3448 EG,
1792 3425 1842 3442 ras.
1862 3418 1917 3450 pH,
1937 3417 2030 3442 omittit
2050 3417 2070 3441 B
2077 3425 2083 3448 ;
2103 3417 2160 3442 visu
2179 3418 2300 3442 omittunt
2319 3418 2420 3443 codices
2439 3418 2551 3451 exceptis
2569 3417 2612 3443 BC

1550 3452 1712 3519 mviii-quia
1727 3487 1747 3512 11⁴
1760 3487 1838 3520 prius
1853 3487 1971 3519 pertinet
1989 3488 2026 3512 ad
2040 3487 2254 3519 praeteritum.-
2268 3488 2318 3513 Pro
2337 3488 2399 3521 quia
2415 3488 2442 3518 li,
2462 3495 2522 3513 nam
2541 3487 2611 3518 affl,

1551 3522 1673 3547 similiter
1693 3523 1725 3553 C,
1743 3523 1791 3548 sed
1809 3523 1832 3547 si
1850 3522 1999 3556 DEGQpF,
2020 3522 2082 3555 quia
2100 3522 2124 3548 si
2142 3523 2181 3554 M,
2200 3522 2248 3548 sed
2266 3530 2317 3548 non
2337 3523 2369 3554 V,
2388 3530 2439 3548 res.
2458 3523 2513 3556 pH,
2532 3522 2579 3548 sed
2592 3521 2612 3547 11·

1552 3558 1800 3626 cet.⁰3tsceidl7.magis
1826 3592 1943 3625 quiescit.
1955 3607 1976 3612 —
1993 3592 2040 3618 sed
2059 3595 2147 3618 manee
2165 3596 2192 3618 et
2211 3593 2320 3624 quiescit
2343 3592 2403 3625 1305
2422 3598 2536 3625 sequen·
2554 3591 2610 3616 eius

1551 3635 1602 3652 om.
1624 3628 1650 3652 P.
1665 3641 1683 3647 -
1701 3631 1785 3653 totum
1804 3636 1858 3653 om.
1877 3627 1927 3652 ab.

2382 1062 2554 1111 Amplius
2589 1063 2624 1100 si

2643 2283 2653 2293 ⁸
2661 2284 2856 2306 &mom-m·-

2749 441 2765 471 t

2650 496 2660 506 '
2675 495 2786 518 decimam
2799 502 2822 519 r.

2672 653 2735 675 dact
2745 658 2830 676 unm.

2649 862 2860 911 ἑοὲἑ.’ἔ«“ἑι,ῗ““·

2649 916 2659 926 '
2674 915 2744 937 Num.
2758 921 2834 944 praec.

2740 2236 2756 2260 ’l
