2898 3996
1167 293 1278 330 CAP.
1306 292 1357 339 v,
1387 292 1538 328 LECT.
1569 293 1620 328 lx

375 373 474 420 μέχρι
505 371 608 410 τινός
634 371 675 404 τὸ
699 366 736 403 δὲ
765 372 875 402 κινοῦν
896 370 1011 408 οὕτως
1042 369 1120 402 ὥστ’
1150 366 1234 401 εἶναι
1265 369 1312 411 μή
1339 381 1362 411 P

374 421 469 458 κινεῖ,
497 418 666 453 ἀκίνητον.
696 415 792 447 Ἐπεὶ
816 410 846 446 δ’
875 415 996 459 ὁρῶμεν
1022 414 1063 447 τὸ
1089 413 1250 458 ἔσχατον,
1270 413 1293 450 Υὃ
1317 422 1364 442 κι-

374 460 584 505 νεῖσθαι-μὲν
610 455 776 500 δύναται,
809 458 968 496 κινήσεως
992 454 1021 489 δ’
1053 457 1158 502 ἀρχήν
1190 453 1248 488 οὐκ
1281 456 1363 500 ἔχει,

374 507 433 537 καὶ
459 505 475 536 ὃ
499 508 641 536 κινεῖται
665 503 736 548 μέν,
755 504 819 547 οὐχ
843 503 898 534 ὑπ’
929 503 1031 534 ἄλλου
1055 498 1107 542 δέ,
1136 501 1207 532 ἀλλ’
1231 500 1281 541 ὑφ’
1307 500 1365 530 αύ-

377 551 460 591 τοῦ,
494 549 655 594 εὔλογον,
683 547 742 579 ἵνα
767 548 812 591 μή
840 546 1025 592 ἀναγκαῖον
1052 547 1216 588 εἴπωμεν,
1242 545 1298 574 καὶ
1324 542 1365 574 τὸ

377 596 491 637 τρίτον
517 589 602 624 εἶναι
628 591 643 623 ὃ
667 594 750 622 κινεῖ
775 591 931 627 ἀκίνητον
962 589 1008 622 ὄν.
1064 591 1068 593 ’

311 636 367 670 Διὸ
389 639 449 669 καὶ
472 634 704 681 Ἀναξαγόρας
731 633 830 678 ὀρθῶς
853 633 959 679 λέγει,
978 632 1037 665 τόν
1062 633 1137 663 νοῦν
1165 628 1284 666 ἀπαθῆ
1306 629 1366 674 φά-

377 692 461 712 σκων
492 682 550 712 καὶ
583 678 688 724 ἀμιγῆ
716 675 820 718 εἶναι,
853 672 1035 718 ἐπειδήπερ
1066 674 1224 711 κινήσεως
1260 674 1365 718 ἀρχὴν

378 724 483 757 αὐτὸν
509 727 598 756 ποιεῖ
619 719 717 754 εἶναι·
744 721 834 754 οὕτω
857 720 921 766 γάρ
941 719 978 751 ἂν
996 719 1102 762 μόνως
1125 721 1230 755 κινοίη
1255 718 1368 755 ἀκίνη-

377 780 435 806 τος
459 767 502 799 ὢν
525 769 584 799 καὶ
607 767 749 808 κρατοίη
776 763 899 808 ἀμιγής
923 763 977 794 ὤν.

306 812 414 844 ’Δλλοὶ
437 811 502 856 μὴν
527 811 556 842 εἰ
579 810 626 854 μή
649 809 744 840 κατὰ
766 806 974 851 συμβεβηκὸς
1003 804 1074 838 ἀλλ’
1098 805 1133 846 ἐξ
1153 805 1301 851 ἀνάγκης
1319 815 1368 835 κι-

336 863 342 868 ”
377 859 487 888 νεῖται
510 854 551 887 τὸ
573 854 706 892 κινοῦν,
732 852 760 882 εἰ
783 847 822 882 δὲ
845 851 892 893 μή
916 854 1065 891 κινοῖτο,
1095 851 1154 881 οὐκ
1182 848 1219 881 ἂν
1244 851 1364 889 κινοίη,

379 898 508 944 ἀνάγκη
533 897 574 930 vd
597 895 720 934 κινοῦν,
748 894 770 936 ᾗ
793 898 950 934 κινεῖται,
972 894 1050 930 ἦτοι
1076 893 1165 926 οὕτω
1189 891 1364 933 κινεῖσθαι,

377 941 462 974 ὥστε
493 939 589 972 κατά
620 939 661 970 τὸ
692 938 779 970 αὐτὸ
811 934 897 975 εἶδος
926 939 988 975 τῆς
1020 937 1199 978 κινήσεως,
1234 935 1254 972 ἦ
1286 936 1362 968 καθ’

377 984 501 1018 ἕτερον.

308 1026 405 1074 Λέγω
429 1029 457 1061 δ’
479 1027 558 1064 ἦτοι
583 1026 623 1059 τὸ
648 1024 823 1069 θερμαῖνον
846 1026 905 1062 καὶ
931 1024 1019 1056 αὐτὸ
1044 1022 1290 1068 θερμαίνεσθαι,
1308 1025 1366 1056 καὶ

376 1071 417 1103 τὸ
442 1071 580 1113 ύνιάζον
605 1067 815 1114 ὑγιάζεσθαι,
833 1070 891 1100 καὶ
916 1069 957 1100 τὸ
982 1068 1077 1112 φέρον
1098 1066 1265 1112 φέρεσθαι·
1285 1066 1306 1103 ἦ
1324 1067 1365 1099 τὸ

377 1105 514 1160 ὖγιάξον
539 1113 706 1158 φέρεσθαι,
734 1113 774 1146 τὰ
798 1110 836 1145 δὲ
860 1111 956 1156 φέρον
983 1110 1157 1152 αὔξεσθαι.

302 1157 412 1193 Ἀλλά
435 1159 572 1205 φανερὸν
599 1157 652 1190 ὅτι
678 1153 861 1190 ἀδύνατον·
886 1152 939 1188 δεῖ
965 1156 1029 1200 γάρ
1061 1155 1100 1199 μέ
1128 1167 1157 1199 ρι
1187 1155 1251 1187 τῶν
1286 1153 1368 1186 ἀτό-

377 1217 444 1249 μων
469 1200 668 1247 διαιροῦντα
696 1202 827 1247 λέγειν,
856 1195 922 1232 οῐὸν
946 1202 975 1231 εἴ
999 1211 1033 1232 τι
1061 1201 1093 1230 δι
1120 1199 1213 1231 άσκει
1243 1209 1367 1242 γεωμε-

377 1251 479 1294 τρεῖν,
506 1247 611 1279 τοῦτο
637 1241 855 1277 διδάσκεσθαι
879 1256 1014 1290 γεωμετ
1036 1247 1081 1284 εἴν
1107 1243 1147 1276 τὸ
1174 1241 1275 1282 αὐτό,
1295 1240 1316 1278 ἦ
1339 1242 1366 1272 εἱ

375 1294 500 1338 ῥιπτεῖ,
526 1288 716 1335 ῥιπτεῖσθαι
741 1289 800 1321 τὸν
827 1288 933 1320 αὐτὸν
959 1299 998 1332 τρ
1023 1299 1084 1319 πον
1111 1288 1172 1323 τῆς
1197 1285 1324 1330 ῥίψεως·
1344 1284 1365 1321 ἦ

377 1335 465 1368 οὕτω
491 1336 549 1378 μὲν
575 1333 636 1376 μή,
657 1333 738 1365 ἄλλο
763 1329 791 1364 δ’
817 1332 852 1372 ἐξ
878 1332 980 1364 ἄλλου
1004 1331 1132 1378 γένους,
1161 1331 1228 1361 οἷον
1250 1329 1290 1362 τὸ
1312 1328 1368 1372 φέ-

377 1391 430 1422 ρον
456 1379 514 1422 μὲν
546 1376 724 1418 αὔξεσθαι,
751 1377 792 1409 τὸ
817 1372 854 1408 δέ
879 1376 984 1408 τοῦτο
1010 1374 1110 1416 αὔξον
1147 1371 1366 1406 ἀλλοιοῦσθαι

378 1424 431 1455 ὑπ’
465 1423 586 1462 ἄλλου,
618 1421 659 1454 τὸ
683 1416 721 1452 δὲ
746 1421 852 1452 τοῦτο
887 1420 1041 1451 ἀλλοιοῦν
1073 1418 1190 1463 ἑτέραν
1217 1418 1296 1449 τινά
1318 1428 1368 1447 κι-

377 1466 504 1498 νεῖσθαι
526 1468 666 1502 κίνησιν.
692 1465 783 1496 Ἀλλ’
806 1463 935 1508 ἀνάγκη
954 1465 1091 1500 στῆναι·
1113 1460 1366 1505 πεπερασμέναι

403 1511 441 1555 <ip
467 1512 502 1541 αἱ
526 1509 682 1545 κινήσεις.
709 1509 755 1540 Tc)
779 1504 816 1540 δὲ
841 1509 942 1540 πάλιν
975 1506 1210 1550 ἀνακάμπτειν
1242 1508 1298 1537 καὶ
1325 1504 1366 1535 τὸ

379 1554 534 1587 αλλοιοῦν
559 1553 661 1596 φάναι
693 1551 731 1595 φέ
753 1551 847 1584 εσθαι
879 1551 919 1584 τὸ
946 1552 1034 1584 αὐτὸ
1067 1555 1171 1582 ποῖειν
1198 1549 1271 1581 ἐστὶ
1302 1547 1364 1580 κᾶν

378 1599 405 1630 εἰ
430 1596 523 1634 εὐθυς
550 1597 609 1639 ἔφη
634 1596 676 1628 τό
701 1606 797 1640 <ps-pov
822 1593 976 1640 φέρεσθαι
1000 1597 1058 1627 καὶ
1082 1589 1302 1626 διδάσκεσθαι
1324 1592 1365 1624 τὸ

376 1639 548 1674 διδάσκον.
577 1641 683 1676 Δῆλον
708 1641 772 1684 γάρ
800 1639 852 1672 ὃτι
876 1643 1019 1672 κινεῖται
1043 1640 1101 1670 καὶ
1120 1638 1184 1670 ὑπὸ
1203 1638 1264 1669 τοῦ
1284 1637 1366 1670 ἀνω-

378 1684 461 1729 τέρω
486 1685 657 1721 κινοῦντος
683 1686 723 1717 τό
747 1682 938 1736 κινούμενον
964 1685 1045 1721 πᾶν,
1063 1683 1122 1714 καὶ
1146 1682 1273 1726 μᾶλλον
1301 1680 1366 1712 ὑπὸ

378 1731 440 1762 τοῦ
466 1728 628 1772 προτέρου
661 1730 725 1759 τῶν
754 1739 946 1759 κινουντων.
974 1726 1082 1757 Ἀλλά
1105 1725 1169 1769 μήν
1195 1724 1303 1756 τοῦτο’
1327 1736 1365 1768 γε

379 1770 562 1805 ἀδύνατον·
590 1772 630 1804 τὸ
654 1766 813 1804 διδάσκον
838 1771 901 1815 γάρ
919 1771 1093 1814 συμβαίνει
1110 1767 1303 1812 μανθάνειν,
1322 1770 1365 1799 ὧν

376 1817 416 1850 τᾶ
442 1817 500 1859 μὲν
525 1815 571 1859 μή
598 1816 684 1860 ἔχειν
710 1816 751 1848 ‘cd
775 1810 806 1846 δ’
834 1816 920 1858 ἔχειν
946 1812 1137 1856 ἐπιστήμην
1165 1812 1362 1856 ἀνάγκαῖον.

302 1860 379 1892 Ἔτι
403 1856 441 1892 δὲ
465 1860 593 1904 μᾶλλον
618 1858 751 1891 τούτων
783 1859 927 1904 ἄλογον,
955 1857 1007 1890 ὅτι
1032 1856 1206 1900 συμβαίνει
1232 1856 1299 1887 πᾶν
1324 1855 1365 1888 τὸ

374 1902 544 1940 κινητικὸν
568 1902 726 1943 κινητόν,
751 1904 841 1946 εἴπερ
876 1901 966 1934 ἅπαν
996 1901 1061 1932 ύπό
1092 1898 1285 1943 κινουμένου
1317 1911 1367 1931 κι-

373 1951 483 1979 νεῖται
508 1945 549 1978 τὸ
572 1945 778 1989 κινούμενον·
806 1946 905 1977 ἔσται
929 1946 993 1992 γάρ
1018 1943 1176 1984 κινητόν,
1202 1942 1310 1984 ὥσπερ
1337 1946 1366 1975 εἴ
1399 1982 1411 1985 „

375 2003 426 2028 τις
450 1990 544 2036 λέγοι
569 1991 636 2022 πᾶν
662 1989 704 2022 τὸ
729 1989 925 2036 ύγιαστικὸν
954 1990 1012 2021 καὶ
1037 1987 1174 2034 ὁγιάζον
1201 1987 1364 2032 ὑγιαστόν

374 2032 472 2076 εἶναι,
497 2035 554 2065 καὶ
580 2034 622 2065 τὸ
648 2029 903 2078 οἱκοδομητικὸν
929 2028 1164 2075 οἰκοδομητόν,
1187 2030 1208 2068 ἦ
1228 2029 1323 2068 εὐθυς
1345 2031 1364 2068 ἦ

374 2075 434 2111 διοὶ
457 2076 635 2111 πλειόνων·
660 2077 749 2124 λέγω
774 2073 803 2109 δ’
833 2078 900 2110 οἷον
925 2078 952 2109 εἰ
977 2076 1112 2113 κινητὸν
1138 2076 1196 2120 μὲν
1222 2076 1277 2108 ὐπ’
1308 2076 1365 2107 δίλ-

373 2124 433 2155 λου
459 2123 526 2154 πᾶν
552 2122 594 2153 τὰ
617 2121 801 2163 κινητικόν,
829 2120 900 2154 ἀλλ’
928 2122 965 2153 οὐ
992 2120 1124 2157 ταύτην
1149 2119 1213 2156 τήν
1238 2121 1363 2156 κίνησιν

374 2166 524 2206 κινητόν,
552 2166 590 2202 ἦν
616 2169 699 2196 κινεῖ
723 2165 763 2197 vd
789 2167 943 2205 πλησίον,
971 2165 1043 2197 ἀλλ’
1067 2162 1199 2206 ἑτέραν,
1226 2164 1293 2195 οἷον
1325 2164 1365 2195 τὸ

377 2209 573 2257 ὑγιαστικὸν
598 2208 765 2253 μαθητόν·
795 2209 884 2241 ἀλλά
908 2210 1013 2241 τοῦτο
1039 2207 1269 2247 ἑπαναβαῖνον
1292 2205 1365 2242 ἥῖέι

376 2254 464 2286 ποτὲ
488 2255 531 2291 εἰς
558 2254 599 2285 vd
625 2252 712 2285 αὐτὸ
739 2247 846 2294 εἶδος,
880 2251 988 2296 ὥσπερ
1021 2254 1156 2295 εἴπομεν
1190 2250 1362 2305 πρότερον.

375 2299 420 2330 Τὸ
445 2298 503 2342 μὲν
530 2295 585 2328 οὖν
611 2297 743 2329 τούτων
770 2293 954 2335 ἀδύνατον,
974 2296 1014 2328 τὸ
1039 2292 1075 2327 δέ
1100 2296 1363 2338 πλασματῶδες·

378 2342 508 2374 ἄτοπον
533 2341 597 2387 γάρ
624 2342 664 2373 τό
690 2341 724 2381 ἐξ
751 2340 898 2386 ἀνάγκης
917 2340 957 2372 τὸ
977 2339 1197 2372 ἀλλοιωτικόν
1217 2338 1366 2379 αὐξητον

374 2383 472 2418 εἶναι.
498 2387 565 2417 Οὐκ
592 2385 657 2429 ἄρα
684 2382 750 2417 ἄνά
775 2396 815 2421 κη
844 2385 894 2416 ἀεὶ
919 2384 1079 2415 κινεῖσθαι
1105 2384 1146 2415 τὸ
1174 2383 1365 2426 κινούμενον

375 2430 430 2462 ὑπ’
462 2430 584 2469 ἄλλου,
614 2431 672 2460 καὶ
698 2439 823 2461 τουτου
853 2428 1059 2471 κινουμένου·
1087 2426 1255 2462 στήσεται
1287 2428 1363 2471 ἄρα.

366 2473 468 2506 ’Ὦστε
495 2474 571 2510 ἤτοι
598 2473 663 2504 ὑπὸ
689 2473 894 2517 ἠρεμοῦντος
918 2471 1097 2508 κινήσεται
1115 2471 1156 2504 τό
1173 2470 1364 2514 κινούμενον

375 2519 530 2561 πρῶτον,
557 2516 578 2554 ἦ
605 2515 691 2549 αὐτὸ
718 2517 822 2548 ἑαυτὸ
853 2515 993 2552 κινήσει.
1026 2516 1132 2548 Ἀλλά
1158 2515 1222 2558 μην
1247 2517 1304 2546 καὶ
1337 2517 1366 2546 εἴ

374 2574 412 2608 γε
437 2559 506 2594 δέοι
531 2565 666 2597 σκοπεῖν
698 2559 840 2602 πότερον
872 2562 981 2592 αἴτιον
1006 2558 1164 2596 κινήσεως
1193 2561 1251 2590 καὶ
1279 2559 1365 2604 ἀρχῆ

376 2606 418 2637 τό
451 2605 539 2638 αὐτὸ
572 2605 659 2637 αὐτὸ
689 2606 800 2636 κινοῦν
826 2604 846 2641 ἦ
873 2604 914 2636 τὸ
939 2604 994 2635 ὑπ’
1024 2604 1126 2635 ἄλλου
1158 2603 1364 2646 κινούμενον,

377 2649 481 2681 ἐκεῖνο
507 2650 573 2686 πᾶς
600 2647 638 2681 ὀὲν
663 2647 746 2686 θείη·
774 2649 815 2680 τὸ
840 2649 903 2694 γάρ
931 2647 1017 2680 αὐτὸ
1041 2648 1114 2679 καθ’
1141 2647 1229 2678 αὐτὸ
1257 2646 1290 2678 ὃν
1317 2649 1366 2679 αἴ-

377 2704 448 2725 τιον
476 2693 526 2725 ἀεὶ
552 2692 712 2736 πρότερον
738 2693 799 2724 τοῦ
817 2691 891 2723 καθ’
913 2691 1024 2734 ἕτερον
1049 2693 1107 2723 καὶ
1126 2691 1235 2723 αὐτοῦ
1255 2691 1364 2728 ὄντος.

369 2735 471 2769 “ssave
498 2737 602 2768 τοῦτο
628 2735 792 2768 σκεπτέον
817 2736 978 2776 λαβοῦσιν
1006 2735 1109 2772 ἄλλην
1138 2733 1256 2779 ἀρχήν,
1280 2737 1309 2766 εἴ
1334 2746 1367 2767 τι

376 2785 458 2812 κινεῖ
482 2780 570 2813 αὐτὸ
596 2779 696 2821 xum-6,
723 2780 790 2817 πῶς
814 2784 898 2810 κινεῖ
919 2780 978 2810 καὶ
1003 2781 1081 2811 τίνα
1106 2779 1244 2821 τρόπον.

365 2978 513 3005 ΞῩΝΟΡεῐε.
536 2992 571 2996 -
598 2985 621 3003 1.
641 2975 851 3012 Argumentum
872 2979 900 3002 et
925 2973 1026 3002 divisio
1046 2979 1146 3001 textus.
1168 2990 1188 2995 -
1208 2981 1234 3001 2.
1257 2973 1367 3009 Duplex

312 3022 356 3045 est
375 3025 509 3044 movens:
531 3025 621 3043 unum
643 3014 723 3051 quod
743 3023 804 3042 non
824 3020 922 3041 movet
937 3012 1054 3050 propria
1074 3012 1184 3047 virtute,
1199 3013 1250 3041 sed
1270 3019 1368 3040 movet

314 3055 382 3092 quia
402 3061 445 3083 est
459 3060 571 3083 motum
588 3055 624 3082 ab
645 3053 712 3088 alio,
727 3059 755 3081 et
767 3054 824 3081 hoc
845 3052 947 3080 dicitur
960 3053 1115 3080 secundum
1137 3061 1269 3086 movens;
1289 3051 1367 3080 aliud

313 3094 393 3131 quod
413 3099 510 3122 movet
529 3103 579 3130 per
600 3093 740 3129 seipsum,
761 3092 834 3120 idest
853 3091 970 3128 propria
994 3092 1104 3126 virtute,
1121 3098 1148 3119 et
1168 3092 1223 3119 hoc
1244 3097 1286 3119 est
1302 3091 1366 3128 pri-

313 3142 391 3161 mum
413 3141 537 3161 movens.
558 3148 577 3154 -
590 3133 709 3160 Movens
723 3131 840 3168 propria
859 3131 961 3159 virtute
975 3130 1124 3167 dupliciter
1144 3130 1283 3167 contingit
1303 3139 1367 3158 mo-

314 3181 394 3206 vere3
409 3178 458 3199 aut
471 3181 575 3208 nempe
589 3181 640 3208 per
653 3181 744 3199 unum
766 3170 893 3199 medium
907 3177 1028 3205 tantum,
1043 3176 1092 3198 aut
1105 3179 1157 3206 per
1170 3170 1252 3206 plura
1273 3169 1367 3197 media

314 3212 367 3240 sub
387 3211 508 3239 invicem
529 3211 668 3239 ordinata.
683 3227 702 3231 —
718 3211 742 3238 3.
758 3210 849 3247 Magis
869 3216 965 3238 autem
984 3215 1081 3237 movet
1101 3209 1226 3245 primum
1248 3218 1367 3236 movens

315 3259 403 3287 quam
424 3250 596 3278 secundum:
606 3251 700 3277 Patet:
717 3258 785 3277 nam
805 3249 930 3285 primum
946 3258 1064 3276 movens
1086 3254 1183 3276 movet
1199 3248 1367 3284 secundum,

314 3290 365 3318 sed
379 3298 439 3317 non
453 3298 469 3316 e
483 3297 631 3316 converso.
646 3290 715 3316 Item
729 3288 854 3324 primum
875 3297 994 3315 movens
1013 3296 1042 3315 se
1057 3287 1120 3315 solo
1135 3296 1250 3315 movere
1264 3293 1367 3323 potest,

314 3330 364 3357 sed
385 3329 543 3356 secundum
564 3336 624 3355 non
645 3334 741 3355 movet
759 3327 820 3355 sine
840 3326 972 3363 primo.-
985 3335 1013 3361 4.
1028 3326 1231 3354 Thesiston
1245 3332 1287 3354 est
1300 3335 1368 3362 pos-

315 3367 395 3396 sibile
410 3367 490 3404 quod
504 3367 533 3394 in
547 3366 690 3394 infinitum
704 3366 810 3402 aliquid
825 3372 974 3393 moveatur
987 3366 1023 3393 ab
1037 3365 1103 3393 alio.
1119 3364 1259 3393 Probatur
1269 3365 1367 3402 primo

314 3407 497 3436 ascendendo
518 3415 535 3433 a
555 3405 708 3433 mobilibus
723 3406 760 3433 ad
781 3404 933 3432 moventia.
951 3404 1037 3438 Quod
1058 3410 1197 3439 movetur,
1212 3405 1248 3432 ab
1270 3404 1367 3440 aliquo

315 3452 455 3474 movetur.
471 3446 536 3473 Hoc
556 3451 651 3473 autem
666 3450 714 3472 aut
735 3451 762 3472 et
775 3445 868 3480 ipsum
891 3450 1030 3478 movetur,
1046 3449 1095 3471 aut
1115 3452 1190 3478 non;
1212 3449 1239 3470 et
1260 3443 1283 3471 si
1304 3443 1369 3480 qui—

315 3487 382 3514 dem
403 3491 542 3519 movetur,
564 3490 613 3512 aut
633 3485 669 3512 ab
691 3484 748 3512 alio
763 3490 812 3511 aut
831 3492 892 3511 non
919 3483 955 3510 ab
976 3482 1044 3510 alio.
1066 3482 1123 3509 Sed
1143 3491 1203 3510 non
1224 3489 1318 3518 potest
1338 3482 1368 3510 in

314 3525 358 3552 his
380 3533 453 3561 quae
473 3529 625 3551 moventur
638 3524 674 3551 ab
691 3522 758 3558 alio,
780 3522 898 3558 procedi
918 3522 948 3549 in
968 3521 1126 3556 infinitum,
1148 3521 1228 3557 quia,
1251 3530 1316 3549 cum
1338 3521 1368 3549 in

314 3563 431 3592 infinitis
452 3572 512 3591 non
533 3563 568 3590 sit
588 3562 722 3599 primum,
737 3570 798 3590 non
818 3561 871 3589 erit
890 3561 919 3588 in
934 3562 987 3588 hac
1007 3560 1158 3597 hypothesi
1178 3560 1297 3597 aliquod
1310 3560 1367 3596 pri-

316 3612 396 3631 mum
419 3611 547 3638 movens,
562 3609 589 3630 et
609 3611 661 3638 per
681 3610 860 3638 consequens
886 3609 979 3637 neque
1005 3600 1057 3628 erit
1077 3600 1210 3628 ultimum
1232 3608 1366 3635 movens3

2405 291 2476 338 395

1487 369 1530 399 sic
1546 380 1648 409 usque
1665 370 1704 399 ad
1719 369 1857 410 aliquid;
1881 379 2012 399 movens
2029 375 2135 399 autem
2151 369 2205 406 sic,
2230 375 2264 398 ut
2279 368 2318 399 sit
2333 379 2399 398 non
2415 378 2480 409 quo

1487 420 1595 443 movet
1617 413 1792 443 immobile.
1818 413 1981 450 Quoniam
2005 419 2110 442 autem
2137 413 2282 442 videmus
2312 413 2480 450 ultimum,

1489 458 1577 496 quod
1601 457 1720 487 moveri
1745 457 1874 497 quidem
1897 463 2011 496 potest,
2036 463 2143 486 motus
2167 463 2272 486 autem
2290 456 2481 496 principium

1489 510 1553 530 non
1576 500 1683 538 habet3
1699 508 1729 530 et
1748 501 1836 541 quod
1852 507 1998 530 movetur
2013 500 2152 540 quidem,
2171 501 2209 530 ab
2226 500 2287 530 alio
2305 506 2411 530 autem
2427 500 2482 530 sed

1489 553 1554 573 non
1562 554 1579 573 a
1590 544 1708 583 seipso:
1720 544 1903 574 rationabile
1912 551 1958 574 est
1966 542 2014 586 (ut
2025 554 2089 574 non
2103 544 2312 574 necessarium
2325 542 2479 585 dicamus)

1489 595 1519 618 et
1537 587 1664 618 tertium
1683 598 1759 626 esse,
1777 588 1865 628 quod
1884 594 1991 618 movet
2010 588 2139 630 quidem
2158 597 2232 618 cum
2251 588 2289 618 sit
2307 587 2480 618 immobile.

1422 632 1514 662 Unde
1537 633 1738 671 Anaxagoras
1763 631 1836 662 dicit
1858 639 1950 669 recte,
1975 631 2168 662 intellectum
2187 631 2412 671 impassibilem
2435 631 2481 661 in-

1489 674 1600 715 quiens
1624 682 1654 705 et
1676 675 1856 705 immixtum
1880 685 1964 713 esse,
1989 675 2142 715 quoniam
2161 682 2267 705 motus
2291 675 2481 715 principium

1487 718 1595 758 ipsum
1610 719 1685 754 facit
1707 726 1789 748 esse:
1815 719 1857 749 sic
1882 719 1967 748 enim
1990 719 2099 758 utique
2123 719 2229 748 solum
2245 718 2384 749 movebit
2408 729 2482 749 cum

1489 762 1528 793 sit
1546 762 1730 800 immobilis,
1751 769 1781 792 et
1799 762 1975 802 imperabit,
1996 773 2070 793 cum
2089 763 2127 792 sit
2145 762 2317 793 immixtus.

1421 807 1496 836 *At
1518 816 1592 836 vero
1617 806 1642 836 si
1659 816 1724 836 non
1749 807 1923 836 secundum
1939 806 2080 836 accidens
2097 806 2151 836 sed
2167 816 2203 836 ex
2217 806 2397 837 necessitate
2413 817 2482 836 mo-

1487 856 1577 880 vetur
1593 860 1736 888 movenS,
1757 850 1816 880 nisi
1839 857 1946 880 autem
1969 857 2133 891 moveatur
2153 859 2217 879 non
2237 850 2345 889 utique
2360 858 2482 888 movet3

1488 903 1614 924 necesse
1637 900 1683 924 est
1698 903 1841 931 movens,
1866 894 1890 923 si
1915 901 2074 931 movetur,
2099 900 2153 923 aut
2171 893 2290 923 moveri
2315 894 2357 923 sic
2381 901 2416 924 ut
2436 904 2481 924 se—

1489 938 1630 967 cundum
1661 938 1792 967 eandem
1822 937 1959 977 speciem
1989 944 2117 975 motus,
2150 945 2204 967 aut
2236 937 2411 967 secundum
2438 938 2481 968 al-

1489 987 1596 1011 teram.

1422 1023 1501 1054 Dico
1522 1031 1629 1054 autem
1652 1024 1744 1064 quale
1774 1031 1819 1055 est
1851 1031 1906 1055 aut
1937 1024 2117 1055 calefaciens
2147 1031 2176 1055 et
2198 1024 2304 1064 ipsum
2328 1024 2481 1062 calefieri,

1488 1075 1519 1098 et
1537 1078 1653 1097 sanans
1677 1068 1793 1106 sanari,
1818 1076 1848 1099 et
1871 1068 1972 1098 ferens
1996 1068 2086 1098 ferri:
2111 1075 2165 1098 aut
2188 1078 2300 1098 sanans
2324 1068 2414 1106 ferri,
2439 1068 2481 1099 fe-

1488 1121 1558 1141 rens
1582 1118 1690 1141 autem
1713 1112 1828 1150 augeri.

1422 1154 1484 1184 Sed
1510 1154 1713 1185 manifestum
1737 1156 1890 1195 quoniam
1919 1155 2113 1195 impossibile
2145 1162 2200 1186 est.
2234 1155 2369 1195 Oportet
2397 1156 2482 1185 enim

1488 1208 1589 1239 usque
1606 1199 1645 1228 ad
1660 1198 1822 1228 individua
1845 1199 2035 1229 dividentem
2059 1199 2174 1229 dicere:
2200 1205 2235 1229 ut
2255 1199 2278 1229 si
2296 1199 2408 1239 aliquis
2425 1200 2480 1230 do—

1490 1249 1536 1272 cet
1550 1242 1782 1281 geometrizare,
1807 1242 1868 1272 hoc
1892 1242 1995 1272 doceri
2019 1243 2240 1281 geometrizare
2262 1243 2362 1280 idem;
2386 1250 2440 1273 aut
2456 1243 2481 1273 si

1488 1285 1622 1325 proiicit,
1635 1285 1745 1325 proiici
1762 1286 1937 1316 secundum
1960 1286 2096 1316 eundem
2119 1287 2254 1316 modum
2269 1287 2480 1326 proiectionis.

1487 1331 1554 1359 Aut
1565 1330 1608 1359 sic
1621 1329 1750 1369 quidem
1764 1339 1840 1366 non,
1855 1330 1908 1359 sed
1918 1329 2003 1359 aliud
2015 1339 2052 1359 ex
2064 1330 2125 1359 alio
2136 1337 2263 1369 genere;
2274 1338 2308 1360 ut
2324 1331 2411 1370 quod
2422 1331 2481 1361 fert

1488 1373 1604 1412 augeri,
1620 1373 1681 1403 hoc
1697 1380 1803 1403 autem
1817 1383 1935 1413 augens
1959 1373 2078 1403 alterari
2095 1374 2132 1402 ab
2151 1373 2223 1411 alio,
2234 1374 2296 1403 hoc
2312 1381 2418 1404 autem
2439 1375 2481 1404 al-

1488 1423 1590 1447 terans
1610 1417 1786 1447 secundum'
1805 1417 1938 1447 alterum
1954 1417 2113 1457 quendam
2132 1417 2252 1447 moven'
2268 1424 2403 1447 motum.
2421 1418 2481 1448 Sed

1488 1470 1613 1490 necesse
1630 1467 1676 1491 est
1692 1467 1785 1491 stare:
1809 1460 1889 1490 finiti
1909 1460 1993 1490 enim
2009 1468 2082 1491 sunt
2097 1467 2214 1491 motuS.
2240 1461 2357 1491 Iterum
2376 1468 2482 1491 autem

1488 1503 1659 1542 reflectere,
1691 1511 1721 1535 et
1743 1504 1875 1535 alterans
1906 1503 2006 1535 dicere
2029 1504 2119 1542 ferri,
2143 1505 2228 1535 idem
2251 1504 2350 1535 facere
2375 1511 2420 1535 est
2451 1512 2481 1535 et

1488 1548 1514 1578 si
1529 1558 1604 1578 mox
1620 1549 1701 1578 dicat
1724 1548 1824 1578 ferens
1848 1548 1929 1586 ferri,
1950 1555 1980 1578 et
2002 1548 2119 1579 docens
2140 1548 2254 1579 doceri.
2278 1548 2482 1579 Manifestum

1488 1591 1572 1622 enim
1596 1591 1753 1632 estquod
1775 1598 1922 1622 movetur
1949 1599 1980 1622 et
2009 1603 2027 1622 a
2050 1592 2194 1632 superius
2222 1599 2369 1623 movente
2393 1593 2481 1632 quod

1487 1642 1633 1666 movetur
1652 1645 1758 1674 omne,
1783 1643 1813 1666 et
1835 1636 1934 1676 magis
1959 1646 1976 1665 a
1999 1635 2095 1675 priori
2113 1636 2322 1666 moventium.
2345 1639 2388 1666 At
2405 1646 2480 1667 vero

1488 1679 1549 1709 hoc
1563 1679 1757 1719 impossibile
1773 1686 1833 1710 est:
1854 1680 1969 1710 docens
1986 1679 2071 1709 enirn
2090 1680 2199 1710 accidit
2217 1680 2385 1718 addiscere,
2401 1690 2480 1720 quo-

1487 1733 1559 1753 rum
1575 1723 1636 1753 hoc
1652 1723 1782 1764 quidem
1805 1723 1928 1761 habere,
1953 1723 2032 1753 illud
2051 1730 2157 1754 autem
2172 1733 2237 1753 non
2253 1723 2366 1754 habere
2383 1724 2480 1754 scien-

1487 1766 1563 1797 tiam
1587 1767 1796 1797 necessarium
1820 1774 1874 1797 est.

1420 1859 1568 1898 Amplius
1592 1866 1698 1889 autem
1727 1859 1775 1889 his
1799 1860 1897 1899 magis
1925 1859 2135 1890 irrationabile
2159 1867 2221 1898 est,
2255 1861 2343 1901 quod
2371 1861 2482 1891 accidit

1487 1912 1582 1933 omne
1606 1903 1764 1933 motivum
1780 1913 1845 1933 esse
1861 1903 1990 1942 mobile,
2007 1904 2032 1933 si
2047 1904 2176 1943 quidem
2193 1905 2231 1934 ab
2249 1915 2286 1935 eo
2303 1905 2392 1945 quod
2411 1915 2479 1934 mo-

1486 1953 1586 1985 vetur,
1603 1954 1750 1977 movetur
1765 1957 1860 1977 omne
1875 1948 1963 1987 quod
1977 1954 2131 1978 movetur.
2156 1948 2223 1978 Erit
2244 1949 2328 1978 enim
2345 1949 2479 1986 mobile;

1487 1990 1568 2021 sicut
1583 1991 1608 2020 si
1625 1991 1736 2031 aliquis
1753 1991 1834 2021 dicat
1848 1991 2002 2031 quoniam
2025 1992 2200 2022 sanativum
2217 1998 2246 2022 et
2262 2003 2373 2022 sanans
2393 2002 2480 2022 sana-

1487 2035 1548 2064 bile
1572 2035 1638 2073 erit,
1664 2041 1694 2064 et
1717 2034 1947 2065 aedificativum
1970 2035 2170 2072 aedificabile,
2195 2042 2249 2066 aut
2267 2046 2342 2066 mox
2356 2043 2410 2066 aut
2426 2045 2481 2075 per

1486 2078 1586 2118 plura.
1616 2078 1695 2108 Dico
1721 2085 1827 2109 autem
1851 2079 1913 2116 sic,
1944 2079 1970 2108 si
1993 2079 2110 2108 mobile
2134 2079 2263 2119 quidem
2287 2080 2324 2109 ab
2349 2080 2410 2109 alio
2435 2086 2480 2109 est

1486 2132 1582 2152 omne
1610 2122 1783 2160 motivum,
1815 2123 1870 2152 sed
1899 2132 1964 2152 non
1988 2123 2163 2153 secundum
2191 2124 2327 2153 eundem
2355 2130 2481 2153 motum

1486 2165 1604 2196 mobile
1623 2176 1689 2206 quo
1705 2173 1813 2196 movet
1835 2166 2036 2206 proximum,
2060 2167 2114 2196 sed
2137 2167 2312 2197 secundum
2335 2167 2479 2204 alterum,

1487 2216 1524 2239 ut
1546 2210 1723 2240 sanativum
1747 2210 2032 2250 disciplinativum:
2058 2211 2112 2240 sed
2135 2210 2196 2240 hoc
2220 2211 2387 2240 ascendens
2408 2221 2478 2250 per-

1486 2252 1590 2283 veniet
1619 2253 1789 2293 aliquando
1815 2254 1854 2283 ad
1886 2254 2018 2284 eandem
2051 2254 2204 2294 speciem,
2236 2254 2315 2284 sicut
2345 2254 2480 2284 diximus

1487 2296 1584 2336 prius.
1609 2297 1680 2326 Hoc
1699 2297 1830 2337 quidem
1852 2297 1947 2337 igitur
1961 2297 2078 2327 horum
2096 2298 2301 2337 impossibile,
2326 2298 2411 2328 aliud
2427 2309 2479 2328 au-

1487 2347 1551 2371 tem
1574 2340 1762 2379 figmentum
1785 2347 1845 2371 est:
1870 2341 2094 2371 inconveniens
2118 2342 2202 2372 enim
2222 2348 2268 2372 est
2286 2342 2480 2372 alterativum

1488 2394 1524 2414 ex
1540 2384 1720 2414 necessitate
1737 2394 1803 2414 esse
1818 2385 2059 2424 augmentabile.
2082 2384 2100 2403 *
2111 2386 2185 2415 Non
2202 2395 2276 2424 ergo
2293 2395 2417 2415 necesse
2434 2393 2480 2416 est

1460 2458 1462 2460 ,
1487 2437 1611 2467 semper
1626 2428 1746 2458 moveri
1770 2427 1857 2468 quod
1881 2435 2027 2458 movetur
2050 2429 2087 2458 ab
2112 2428 2190 2466 alio,
2215 2427 2246 2459 e‘t
2261 2429 2299 2459 ab
2315 2429 2377 2459 hoc
2392 2430 2481 2470 quod

1487 2478 1641 2501 movetur.
1667 2471 1803 2502 Stabitur
1823 2481 1908 2511 ergo.
1933 2472 2038 2509 Quare
2061 2479 2115 2502 aut
2137 2483 2155 2502 a
2179 2472 2356 2512 quiescente
2372 2483 2479 2503 move-

1487 2515 1570 2545 bitur
1589 2515 1677 2555 quod
1692 2522 1838 2545 movetur
1854 2515 2003 2555 primum,
2024 2522 2078 2545 aut
2093 2515 2199 2555 ipsum
2215 2516 2354 2555 seipsum
2370 2526 2478 2547 move-

1486 2559 1540 2589 bit.
1568 2562 1610 2589 At
1625 2569 1699 2588 vero
1723 2559 1749 2588 si
1771 2565 1896 2599 oportet
1919 2559 2113 2589 considerare
2136 2566 2244 2590 utrum
2266 2570 2358 2590 causa
2372 2567 2479 2590 motus

1488 2603 1526 2633 sit
1541 2609 1570 2633 et
1585 2603 1776 2643 principium
1799 2603 1906 2643 ipsum
1929 2603 2068 2642 seipsum
2092 2613 2233 2641 movens,
2258 2610 2312 2634 aut
2326 2604 2415 2644 quod
2440 2605 2478 2634 ab

1487 2646 1569 2684 alio,
1600 2647 1679 2676 illud
1708 2646 1811 2676 omnis
1835 2646 1944 2687 utique
1973 2654 2086 2686 ponet:
2111 2647 2217 2686 ipsum
2241 2647 2325 2676 enim
2349 2648 2479 2688 quidem

1488 2691 1576 2731 quod
1599 2700 1654 2730 per
1677 2700 1709 2720 se
1733 2697 1779 2720 est
1802 2700 1911 2728 causa,
1943 2690 2028 2730 prior
2057 2697 2102 2720 est
2132 2700 2169 2720 eo
2193 2691 2281 2731 quod
2304 2691 2479 2721 secundum

1488 2734 1631 2772 alterum,
1657 2741 1686 2764 et
1711 2734 1781 2774 ipso
1807 2733 2110 2771 existente.³‘Quare
2131 2734 2192 2764 hoc
2214 2734 2478 2765 considerandum

1489 2785 1534 2808 est
1557 2778 1779 2818 accipientibus
1810 2778 1896 2807 aliud
1926 2777 2136 2817 principium,
2159 2778 2192 2808 ,si
2222 2778 2341 2819 aliquid
2371 2786 2478 2810 movet

1488 2821 1595 2861 ipsum
1618 2822 1775 2862 seipsum,
1800 2822 1966 2862 quomodo
1990 2828 2107 2859 movet,
2131 2828 2161 2852 et
2183 2822 2359 2852 secundum
2382 2832 2478 2863 quem

1488 2871 1615 2896 motum

1421 2979 1449 3001 et
1469 2973 1508 3001 ita
1534 2973 1604 3001 nihil
1625 2973 1767 3008 movebit,
1789 2974 1870 3010 quod
1890 2980 1932 3001 est
1953 2973 2099 3001 manifeste
2126 2973 2237 3001 falsum.
2262 2975 2338 3010 Ergo
2365 2981 2479 3010 oportet

1421 3012 1553 3040 devenire
1574 3013 1612 3040 ad
1632 3013 1751 3049 aliquod
1766 3022 1886 3041 movens
1908 3013 1987 3049 quod
2008 3022 2068 3040 non
2082 3019 2214 3041 movetur
2234 3014 2269 3041 ab
2291 3013 2356 3041 alio.
2372 3015 2408 3041 Et
2422 3015 2477 3042 hoc

1421 3058 1463 3080 est
1484 3052 1563 3088 quod
1584 3052 1655 3080 haec
1682 3052 1754 3080 ratio
1777 3052 1936 3087 concludit,
1959 3052 2089 3088 quamvis
2118 3061 2169 3088 per
2190 3052 2281 3088 ipsam
2307 3062 2367 3081 non
2388 3053 2478 3090 magis

1420 3092 1557 3127 probetur
1578 3092 1657 3128 quod
1672 3091 1797 3127 primum
1819 3101 1938 3119 movens
1953 3098 2068 3120 moveat
2088 3092 2223 3127 seipsum,
2239 3101 2324 3128 quarn
2347 3093 2426 3128 quod
2441 3092 2476 3120 sit

1420 3130 1532 3167 penitus
1553 3130 1709 3159 immobile.
1732 3147 1749 3152 -
1773 3131 1798 3159 5.
1821 3132 1962 3159 Probatur
1982 3131 2106 3159 secundo
2127 3130 2214 3158 thesis
2239 3131 2439 3159 descendendo
2461 3141 2478 3159 a

1421 3169 1602 3198 moventibus
1615 3171 1653 3198 ad
1667 3170 1800 3198 mobilia:
1823 3177 1850 3198 et
1866 3176 1908 3198 est
1929 3171 2030 3198 eadem
2044 3170 2117 3198 ratio
2138 3179 2171 3197 ac
2191 3169 2355 3205 praemissa,
2370 3171 2420 3197 sed
2440 3171 2478 3197 ad

1421 3208 1560 3237 maiorem
1581 3209 1705 3237 veritatis
1731 3209 1991 3237 manifestationem
2019 3209 2075 3236 alio
2098 3209 2198 3236 ordine
2219 3208 2357 3244 procedit.
2381 3209 2476 3236 Omne

1420 3257 1540 3276 movens
1562 3254 1657 3276 movet
1678 3248 1786 3285 aliquid
1807 3255 1834 3276 et
1861 3249 1955 3284 aliquo
1977 3254 2088 3281 movet,
2110 3247 2154 3275 vel
2175 3247 2268 3284 seipso
2289 3256 2407 3283 nempe,
2429 3248 2476 3275 vel

1420 3287 1478 3315 alio
1499 3287 1625 3316 inferiori
1646 3294 1788 3316 movente.
1804 3288 1891 3321 Quod
1911 3293 2007 3314 autem
2029 3293 2124 3314 movet
2150 3286 2253 3322 seipso,
2275 3295 2335 3314 non
2363 3293 2477 3323 oportet

1421 3327 1501 3363 quod
1515 3334 1629 3355 moveat
1645 3327 1731 3355 etiam
1745 3327 1852 3360 altero;
1874 3332 1903 3353 at
1923 3326 1946 3353 si
1967 3332 2064 3353 movet
2083 3325 2182 3359 altero,
2205 3334 2319 3353 necesse
2341 3332 2382 3353 est
2397 3327 2477 3362 quod

1421 3372 1535 3394 moveat
1549 3365 1634 3394 etiam
1649 3366 1758 3401 seipso:
1774 3364 1901 3401 alioquin
1916 3365 2118 3400 procederetur
2131 3364 2160 3391 in
2175 3364 2317 3391 infinitum
2332 3364 2362 3392 in
2372 3364 2476 3393 instru-

1421 3405 1524 3432 mentis
1538 3411 1643 3439 motus‚
1659 3406 1789 3441 adeoque
1804 3413 1864 3431 non
1880 3404 1994 3431 daretur
2015 3403 2139 3441 primum
2155 3412 2212 3440 quo
2235 3413 2353 3431 movens
2370 3411 2475 3439 movet,

1421 3449 1449 3471 et
1470 3443 1509 3472 sic
1530 3453 1590 3472 non
1611 3451 1708 3480 posset
1729 3443 1789 3471 dari
1811 3449 1915 3470 motus.
1939 3443 2030 3470 Debet
2051 3451 2118 3479 ergo
2140 3442 2279 3478 perveniri
2301 3444 2337 3471 ad
2358 3443 2476 3480 aliquod

1420 3482 1546 3519 primum
1561 3493 1680 3511 movens
1702 3483 1781 3519 quod
1802 3482 1896 3518 seipso
1918 3488 2022 3516 movet,
2045 3488 2072 3509 et
2086 3491 2145 3509 non
2166 3491 2218 3517 per
2238 3481 2358 3518 aliquod
2372 3482 2476 3511 instru-

1421 3525 1559 3550 mentum.
1582 3523 1669 3556 Quod
1684 3522 1706 3549 si
1721 3528 1748 3549 et
1762 3522 1817 3549 hoc
1834 3520 1959 3557 primum
1981 3530 2108 3556 movens,
2130 3522 2288 3549 secundum
2304 3522 2474 3558 Platonicos,

1421 3568 1560 3596 movetur,
1583 3567 1695 3597 oportet
1716 3561 1795 3597 quod
1813 3560 1905 3596 seipso
1927 3567 2042 3588 moveat
2055 3560 2189 3596 seipsum.
2205 3577 2222 3581 —
2239 3561 2266 3588 6.
2281 3561 2387 3589 'sextus
2409 3563 2475 3589 sub-

1422 3599 1533 3628 divisio.
1548 3601 1594 3628 Ad
1608 3600 1819 3628 ostendendum
1834 3600 1952 3627 alteram
1967 3599 2079 3635 thesim,
2094 3609 2198 3636 nempe
2219 3601 2299 3637 quod
2313 3610 2373 3629 non
2388 3610 2475 3629 omne

2510 813 2518 820 ·
2534 810 2601 831 Text.
2616 811 2651 838 38.

2508 2389 2516 2396 ·
2532 2387 2598 2409 Text.
2613 2393 2650 2415 39.

2506 2738 2514 2747 *
2529 2737 2596 2759 Text.
2610 2743 2652 2763 40-
