<?xml version="1.0" encoding="UTF-8"?>
<!DOCTYPE html PUBLIC "-//W3C//DTD XHTML 1.0 Transitional//EN"
    "http://www.w3.org/TR/xhtml1/DTD/xhtml1-transitional.dtd">
<html xmlns="http://www.w3.org/1999/xhtml" xml:lang="en" lang="en">
 <head>
  <title>
</title>
<meta http-equiv="Content-Type" content="text/html;charset=utf-8" />
  <meta name='ocr-system' content='tesseract 3.04.00' />
  <meta name='ocr-capabilities' content='ocr_page ocr_carea ocr_par ocr_line ocrx_word'/>
</head>
<body>
  <div class='ocr_page' id='page_1' title='image "./operaomniaiussui02thom/operaomniaiussui02thom_0483.png"; bbox 0 0 2898 3996; ppageno 0'>
   <div class='ocr_carea' id='block_1_1' title="bbox 106 386 317 413">
    <p class='ocr_par' dir='ltr' id='par_1_1' title="bbox 106 386 317 413">
     <span class='ocr_line' id='line_1_1' title="bbox 106 386 317 413; baseline -0.009 -6"><span class='ocrx_word' id='word_1_1' title='bbox 106 386 117 396; x_wconf 78' lang='grc'><em>“</em></span> <span class='ocrx_word' id='word_1_2' title='bbox 124 386 218 413; x_wconf 75' lang='lat' dir='ltr'>oporte!</span> <span class='ocrx_word' id='word_1_3' title='bbox 223 389 271 406; x_wconf 88' lang='lat' dir='ltr'>om.</span> <span class='ocrx_word' id='word_1_4' title='bbox 279 389 317 405; x_wconf 77' lang='lat' dir='ltr'>tc.</span> 
     </span>
    </p>
   </div>
   <div class='ocr_carea' id='block_1_2' title="bbox 105 955 294 984">
    <p class='ocr_par' dir='ltr' id='par_1_2' title="bbox 105 955 294 984">
     <span class='ocr_line' id='line_1_2' title="bbox 105 955 294 984; baseline -0.005 -6"><span class='ocrx_word' id='word_1_5' title='bbox 105 956 115 966; x_wconf 81' lang='lat'>¹</span> <span class='ocrx_word' id='word_1_6' title='bbox 129 955 192 978; x_wconf 79' lang='lat' dir='ltr'>Lect.</span> <span class='ocrx_word' id='word_1_7' title='bbox 201 961 247 984; x_wconf 76' lang='lat' dir='ltr'>xxx,</span> <span class='ocrx_word' id='word_1_8' title='bbox 254 962 294 977; x_wconf 85' lang='lat' dir='ltr'>xx.</span> 
     </span>
    </p>
   </div>
   <div class='ocr_carea' id='block_1_3' title="bbox 105 1085 275 1113">
    <p class='ocr_par' dir='ltr' id='par_1_3' title="bbox 105 1085 275 1113">
     <span class='ocr_line' id='line_1_3' title="bbox 105 1085 275 1113; baseline 0 0"><span class='ocrx_word' id='word_1_9' title='bbox 105 1097 134 1113; x_wconf 81' lang='lat' dir='ltr'>eo</span> <span class='ocrx_word' id='word_1_10' title='bbox 151 1091 175 1113; x_wconf 81' lang='lat' dir='ltr'>d.</span> <span class='ocrx_word' id='word_1_11' title='bbox 189 1097 238 1113; x_wconf 83' lang='lat' dir='ltr'>exc.</span> <span class='ocrx_word' id='word_1_12' title='bbox 244 1085 275 1113; x_wconf 79' lang='grc' dir='ltr'>“τ.</span> 
     </span>
    </p>
   </div>
   <div class='ocr_carea' id='block_1_4' title="bbox 46 1326 318 1383">
    <p class='ocr_par' dir='ltr' id='par_1_4' title="bbox 41 1326 318 1383">
     <span class='ocr_line' id='line_1_4' title="bbox 46 1326 318 1354; baseline 0.011 -7.943"><span class='ocrx_word' id='word_1_13' title='bbox 46 1334 48 1337; x_wconf 55' lang='grc'><strong><em>»</em></strong></span> <span class='ocrx_word' id='word_1_14' title='bbox 105 1327 209 1348; x_wconf 71' lang='lat' dir='ltr'>&#39;corun</span> <span class='ocrx_word' id='word_1_15' title='bbox 221 1332 245 1354; x_wconf 70' lang='lat' dir='ltr'>n,</span> <span class='ocrx_word' id='word_1_16' title='bbox 258 1326 318 1349; x_wconf 74' lang='lat' dir='ltr'>uto-</span> 
     </span>
     <span class='ocr_line' id='line_1_5' title="bbox 50 1352 221 1383; baseline 0 -9"><span class='ocrx_word' id='word_1_17' title='bbox 50 1369 52 1383; x_wconf 83' lang='lat'><strong>:</strong></span> <span class='ocrx_word' id='word_1_18' title='bbox 104 1357 156 1374; x_wconf 74' lang='lat' dir='ltr'>rum</span> <span class='ocrx_word' id='word_1_19' title='bbox 169 1352 221 1374; x_wconf 62' lang='lat' dir='ltr'>rab.</span> 
     </span>
    </p>
   </div>
   <div class='ocr_carea' id='block_1_5' title="bbox 105 1430 313 1479">
    <p class='ocr_par' dir='ltr' id='par_1_5' title="bbox 105 1430 313 1479">
     <span class='ocr_line' id='line_1_6' title="bbox 105 1430 313 1457; baseline 0.01 -6"><span class='ocrx_word' id='word_1_20' title='bbox 105 1431 115 1440; x_wconf 85' lang='lat'>&#39;¹</span> <span class='ocrx_word' id='word_1_21' title='bbox 126 1430 228 1457; x_wconf 75' lang='lat' dir='ltr'>primum</span> <span class='ocrx_word' id='word_1_22' title='bbox 242 1437 264 1457; x_wconf 60' lang='grc' dir='ltr'>ιη</span> <span class='ocrx_word' id='word_1_23' title='bbox 283 1431 313 1453; x_wconf 80' lang='lat' dir='ltr'>cf.</span> 
     </span>
     <span class='ocr_line' id='line_1_7' title="bbox 105 1455 252 1479; baseline 0.014 -2"><span class='ocrx_word' id='word_1_24' title='bbox 105 1455 173 1478; x_wconf 82' lang='lat' dir='ltr'>finem</span> <span class='ocrx_word' id='word_1_25' title='bbox 187 1462 252 1479; x_wconf 86' lang='lat' dir='ltr'>num.</span> 
     </span>
    </p>
   </div>
   <div class='ocr_carea' id='block_1_6' title="bbox 104 1539 240 1613">
    <p class='ocr_par' dir='ltr' id='par_1_6' title="bbox 104 1539 240 1613">
     <span class='ocr_line' id='line_1_8' title="bbox 105 1539 240 1566; baseline 0 -6"><span class='ocrx_word' id='word_1_26' title='bbox 105 1539 204 1566; x_wconf 77' lang='lat' dir='ltr'>&#39;primo</span> <span class='ocrx_word' id='word_1_27' title='bbox 218 1545 240 1560; x_wconf 78' lang='grc' dir='ltr'>ι’.</span> 
     </span>
     <span class='ocr_line' id='line_1_9' title="bbox 104 1591 217 1613; baseline 0 -1"><span class='ocrx_word' id='word_1_28' title='bbox 104 1592 115 1601; x_wconf 88' lang='grc'>·</span> <span class='ocrx_word' id='word_1_29' title='bbox 129 1591 217 1613; x_wconf 67' lang='lat' dir='ltr'>etpab.</span> 
     </span>
    </p>
   </div>
   <div class='ocr_carea' id='block_1_7' title="bbox 102 2161 316 2191">
    <p class='ocr_par' dir='ltr' id='par_1_7' title="bbox 102 2161 316 2191">
     <span class='ocr_line' id='line_1_10' title="bbox 102 2161 316 2191; baseline 0.005 -1"><span class='ocrx_word' id='word_1_30' title='bbox 102 2161 116 2179; x_wconf 58' lang='lat'>²</span> <span class='ocrx_word' id='word_1_31' title='bbox 129 2168 247 2190; x_wconf 80' lang='lat' dir='ltr'>occidente</span> <span class='ocrx_word' id='word_1_32' title='bbox 264 2169 316 2191; x_wconf 70' lang='lat' dir='ltr'>rab.</span> 
     </span>
    </p>
   </div>
   <div class='ocr_carea' id='block_1_8' title="bbox 105 2273 283 2295">
    <p class='ocr_par' dir='ltr' id='par_1_8' title="bbox 105 2273 283 2295">
     <span class='ocr_line' id='line_1_11' title="bbox 105 2273 283 2295; baseline -0.006 0"><span class='ocrx_word' id='word_1_33' title='bbox 105 2274 116 2284; x_wconf 84' lang='lat'>&#39;</span> <span class='ocrx_word' id='word_1_34' title='bbox 129 2273 220 2295; x_wconf 68' lang='grc' dir='ltr'><em>ονίενιίε</em></span> <span class='ocrx_word' id='word_1_35' title='bbox 231 2273 283 2295; x_wconf 69' lang='grc' dir='ltr'>κδ.</span> 
     </span>
    </p>
   </div>
   <div class='ocr_carea' id='block_1_9' title="bbox 103 2583 248 2605">
    <p class='ocr_par' dir='ltr' id='par_1_9' title="bbox 103 2583 248 2605">
     <span class='ocr_line' id='line_1_12' title="bbox 103 2583 248 2605; baseline 0.007 -1"><span class='ocrx_word' id='word_1_36' title='bbox 103 2583 114 2594; x_wconf 71' lang='lat'>⁴</span> <span class='ocrx_word' id='word_1_37' title='bbox 128 2589 184 2605; x_wconf 77' lang='lat' dir='ltr'>vero</span> <span class='ocrx_word' id='word_1_38' title='bbox 197 2583 248 2605; x_wconf 69' lang='lat' dir='ltr'>rab.</span> 
     </span>
    </p>
   </div>
   <div class='ocr_carea' id='block_1_10' title="bbox 105 2950 315 2971">
    <p class='ocr_par' dir='ltr' id='par_1_10' title="bbox 105 2950 315 2971">
     <span class='ocr_line' id='line_1_13' title="bbox 105 2950 315 2971; baseline 0 0"><span class='ocrx_word' id='word_1_39' title='bbox 105 2950 116 2960; x_wconf 81' lang='lat'>&#39;¹</span> <span class='ocrx_word' id='word_1_40' title='bbox 123 2950 261 2971; x_wconf 68' lang='lat' dir='ltr'>circadarum</span> <span class='ocrx_word' id='word_1_41' title='bbox 267 2955 315 2971; x_wconf 91' lang='lat' dir='ltr'>om.</span> 
     </span>
    </p>
   </div>
   <div class='ocr_carea' id='block_1_11' title="bbox 105 2992 316 3024">
    <p class='ocr_par' dir='ltr' id='par_1_11' title="bbox 105 2992 316 3024">
     <span class='ocr_line' id='line_1_14' title="bbox 105 2992 316 3024; baseline 0.005 -1"><span class='ocrx_word' id='word_1_42' title='bbox 105 3003 127 3013; x_wconf 73' lang='lat'>&#39;&#39;</span> <span class='ocrx_word' id='word_1_43' title='bbox 132 2992 267 3024; x_wconf 62' lang='lat' dir='ltr'>adstantium</span> <span class='ocrx_word' id='word_1_44' title='bbox 276 3009 316 3024; x_wconf 71' lang='lat' dir='ltr'>uu.</span> 
     </span>
    </p>
   </div>
   <div class='ocr_carea' id='block_1_12' title="bbox 1151 248 1677 294">
    <p class='ocr_par' dir='ltr' id='par_1_12' title="bbox 1151 248 1677 294">
     <span class='ocr_line' id='line_1_15' title="bbox 1151 248 1677 294; baseline 0.004 -10"><span class='ocrx_word' id='word_1_45' title='bbox 1151 248 1260 284; x_wconf 90' lang='lat' dir='ltr'>CAP.</span> <span class='ocrx_word' id='word_1_46' title='bbox 1291 248 1343 294; x_wconf 87' lang='lat' dir='ltr'>X⁷</span> <span class='ocrx_word' id='word_1_47' title='bbox 1374 248 1524 285; x_wconf 91' lang='lat' dir='ltr'><strong>LECT</strong></span> <span class='ocrx_word' id='word_1_48' title='bbox 1553 250 1677 286; x_wconf 93' lang='lat' dir='ltr'>XXIII</span> 
     </span>
    </p>
   </div>
   <div class='ocr_carea' id='block_1_13' title="bbox 343 323 1401 739">
    <p class='ocr_par' dir='ltr' id='par_1_13' title="bbox 343 323 1401 739">
     <span class='ocr_line' id='line_1_16' title="bbox 345 323 1399 372; baseline 0 -10"><span class='ocrx_word' id='word_1_49' title='bbox 345 332 382 362; x_wconf 89' lang='lat' dir='ltr'>et</span> <span class='ocrx_word' id='word_1_50' title='bbox 398 323 608 371; x_wconf 88' lang='lat' dir='ltr'>uniformis,</span> <span class='ocrx_word' id='word_1_51' title='bbox 630 324 735 372; x_wconf 89' lang='lat' dir='ltr'>quod</span> <span class='ocrx_word' id='word_1_52' title='bbox 760 337 922 362; x_wconf 91' lang='lat' dir='ltr'>movens</span> <span class='ocrx_word' id='word_1_53' title='bbox 943 325 990 361; x_wconf 91' lang='lat' dir='ltr'>sit</span> <span class='ocrx_word' id='word_1_54' title='bbox 1008 325 1165 362; x_wconf 90' lang='lat' dir='ltr'>omnino</span> <span class='ocrx_word' id='word_1_55' title='bbox 1184 325 1399 371; x_wconf 82' lang='lat' dir='ltr'>immobile3</span> 
     </span>
     <span class='ocr_line' id='line_1_17' title="bbox 345 376 1399 426; baseline -0.001 -12"><span class='ocrx_word' id='word_1_56' title='bbox 345 377 413 414; x_wconf 91' lang='lat' dir='ltr'>sed</span> <span class='ocrx_word' id='word_1_57' title='bbox 433 376 546 413; x_wconf 89' lang='lat' dir='ltr'>etiam</span> <span class='ocrx_word' id='word_1_58' title='bbox 567 384 715 425; x_wconf 86' lang='lat' dir='ltr'>oportet</span> <span class='ocrx_word' id='word_1_59' title='bbox 731 378 750 398; x_wconf 60' lang='grc'>’·““</span> <span class='ocrx_word' id='word_1_60' title='bbox 765 377 814 414; x_wconf 90' lang='lat' dir='ltr'>ad</span> <span class='ocrx_word' id='word_1_61' title='bbox 832 378 907 414; x_wconf 91' lang='lat' dir='ltr'>hoc</span> <span class='ocrx_word' id='word_1_62' title='bbox 926 377 1031 426; x_wconf 93' lang='lat' dir='ltr'>quod</span> <span class='ocrx_word' id='word_1_63' title='bbox 1051 378 1095 415; x_wconf 91' lang='lat' dir='ltr'>sit</span> <span class='ocrx_word' id='word_1_64' title='bbox 1114 385 1240 414; x_wconf 92' lang='lat' dir='ltr'>motus</span> <span class='ocrx_word' id='word_1_65' title='bbox 1259 378 1399 423; x_wconf 84' lang='lat' dir='ltr'>similis,</span> 
     </span>
     <span class='ocr_line' id='line_1_18' title="bbox 343 429 1400 477; baseline 0 -11"><span class='ocrx_word' id='word_1_66' title='bbox 343 429 440 466; x_wconf 90' lang='lat' dir='ltr'>idest</span> <span class='ocrx_word' id='word_1_67' title='bbox 466 429 677 476; x_wconf 87' lang='lat' dir='ltr'>uniformis,</span> <span class='ocrx_word' id='word_1_68' title='bbox 707 429 812 477; x_wconf 93' lang='lat' dir='ltr'>quod</span> <span class='ocrx_word' id='word_1_69' title='bbox 840 430 878 467; x_wconf 93' lang='lat' dir='ltr'>id</span> <span class='ocrx_word' id='word_1_70' title='bbox 905 430 1011 477; x_wconf 87' lang='lat' dir='ltr'>quod</span> <span class='ocrx_word' id='word_1_71' title='bbox 1038 438 1216 467; x_wconf 89' lang='lat' dir='ltr'>movetur</span> <span class='ocrx_word' id='word_1_72' title='bbox 1238 442 1317 466; x_wconf 91' lang='lat' dir='ltr'>non</span> <span class='ocrx_word' id='word_1_73' title='bbox 1334 430 1400 466; x_wconf 88' lang='lat' dir='ltr'>ha-</span> 
     </span>
     <span class='ocr_line' id='line_1_19' title="bbox 344 481 1400 531; baseline -0.002 -12"><span class='ocrx_word' id='word_1_74' title='bbox 344 483 432 519; x_wconf 89' lang='lat' dir='ltr'>beat</span> <span class='ocrx_word' id='word_1_75' title='bbox 451 481 615 530; x_wconf 85' lang='lat' dir='ltr'>aliquam</span> <span class='ocrx_word' id='word_1_76' title='bbox 635 482 884 519; x_wconf 88' lang='lat' dir='ltr'>mutationem</span> <span class='ocrx_word' id='word_1_77' title='bbox 917 482 1017 519; x_wconf 88' lang='lat' dir='ltr'>iuxta</span> <span class='ocrx_word' id='word_1_78' title='bbox 1043 484 1142 519; x_wconf 88' lang='lat' dir='ltr'>hanc</span> <span class='ocrx_word' id='word_1_79' title='bbox 1169 494 1245 531; x_wconf 91' lang='lat' dir='ltr'>qua</span> <span class='ocrx_word' id='word_1_80' title='bbox 1268 494 1400 519; x_wconf 91' lang='lat' dir='ltr'>move-</span> 
     </span>
     <span class='ocr_line' id='line_1_20' title="bbox 343 534 1400 583; baseline -0.001 -12"><span class='ocrx_word' id='word_1_81' title='bbox 343 541 404 572; x_wconf 92' lang='lat' dir='ltr'>tur</span> <span class='ocrx_word' id='word_1_82' title='bbox 431 534 446 560; x_wconf 61' lang='grc' dir='ltr'><strong><em>ζ</em></strong></span> <span class='ocrx_word' id='word_1_83' title='bbox 473 546 495 571; x_wconf 90' lang='lat' dir='ltr'>a</span> <span class='ocrx_word' id='word_1_84' title='bbox 522 542 672 571; x_wconf 90' lang='lat' dir='ltr'>motore</span> <span class='ocrx_word' id='word_1_85' title='bbox 704 534 912 580; x_wconf 91' lang='lat' dir='ltr'>immobili;</span> <span class='ocrx_word' id='word_1_86' title='bbox 949 535 1044 571; x_wconf 91' lang='lat' dir='ltr'>sicut</span> <span class='ocrx_word' id='word_1_87' title='bbox 1076 547 1213 583; x_wconf 92' lang='lat' dir='ltr'>corpus</span> <span class='ocrx_word' id='word_1_88' title='bbox 1242 535 1400 570; x_wconf 89' lang='lat' dir='ltr'>caeleste</span> 
     </span>
     <span class='ocr_line' id='line_1_21' title="bbox 345 587 1401 634; baseline 0 -11"><span class='ocrx_word' id='word_1_89' title='bbox 345 594 523 623; x_wconf 89' lang='lat' dir='ltr'>movetur</span> <span class='ocrx_word' id='word_1_90' title='bbox 541 599 564 623; x_wconf 89' lang='lat' dir='ltr'>a</span> <span class='ocrx_word' id='word_1_91' title='bbox 582 594 731 623; x_wconf 90' lang='lat' dir='ltr'>motore</span> <span class='ocrx_word' id='word_1_92' title='bbox 759 587 945 624; x_wconf 88' lang='lat' dir='ltr'>immobili</span> <span class='ocrx_word' id='word_1_93' title='bbox 971 594 1079 623; x_wconf 85' lang='lat' dir='ltr'>motu</span> <span class='ocrx_word' id='word_1_94' title='bbox 1103 587 1223 634; x_wconf 87' lang='lat' dir='ltr'>locali,</span> <span class='ocrx_word' id='word_1_95' title='bbox 1245 594 1281 623; x_wconf 91' lang='lat' dir='ltr'>et</span> <span class='ocrx_word' id='word_1_96' title='bbox 1299 587 1401 623; x_wconf 88' lang='lat' dir='ltr'>iuxta</span> 
     </span>
     <span class='ocr_line' id='line_1_22' title="bbox 343 639 1400 686; baseline 0 -11"><span class='ocrx_word' id='word_1_97' title='bbox 343 639 445 675; x_wconf 88' lang='lat' dir='ltr'>illam</span> <span class='ocrx_word' id='word_1_98' title='bbox 477 639 726 676; x_wconf 83' lang='lat' dir='ltr'>mutationem</span> <span class='ocrx_word' id='word_1_99' title='bbox 758 651 837 676; x_wconf 91' lang='lat' dir='ltr'>non</span> <span class='ocrx_word' id='word_1_100' title='bbox 868 640 982 676; x_wconf 86' lang='lat' dir='ltr'>habet</span> <span class='ocrx_word' id='word_1_101' title='bbox 1013 639 1189 686; x_wconf 86' lang='lat' dir='ltr'>aliquam.</span> <span class='ocrx_word' id='word_1_102' title='bbox 1229 639 1268 675; x_wconf 93' lang='lat' dir='ltr'>Si</span> <span class='ocrx_word' id='word_1_103' title='bbox 1298 640 1400 676; x_wconf 91' lang='lat' dir='ltr'>enim</span> 
     </span>
     <span class='ocr_line' id='line_1_23' title="bbox 344 691 1400 739; baseline 0.001 -12"><span class='ocrx_word' id='word_1_104' title='bbox 344 691 562 728; x_wconf 83' lang='lat' dir='ltr'>alteraretur</span> <span class='ocrx_word' id='word_1_105' title='bbox 576 720 586 739; x_wconf 82' lang='grc'>,</span> <span class='ocrx_word' id='word_1_106' title='bbox 622 704 702 728; x_wconf 89' lang='lat' dir='ltr'>non</span> <span class='ocrx_word' id='word_1_107' title='bbox 738 698 951 728; x_wconf 86' lang='lat' dir='ltr'>remaneret</span> <span class='ocrx_word' id='word_1_108' title='bbox 987 703 1139 739; x_wconf 88' lang='lat' dir='ltr'>semper</span> <span class='ocrx_word' id='word_1_109' title='bbox 1176 692 1310 728; x_wconf 90' lang='lat' dir='ltr'>eadem</span> <span class='ocrx_word' id='word_1_110' title='bbox 1347 692 1400 728; x_wconf 88' lang='lat' dir='ltr'>di-</span> 
     </span>
    </p>
   </div>
   <div class='ocr_carea' id='block_1_14' title="bbox 343 742 1400 792">
    <p class='ocr_par' dir='ltr' id='par_1_14' title="bbox 343 742 1400 792">
     <span class='ocr_line' id='line_1_24' title="bbox 343 742 1400 792; baseline 0.001 -12"><span class='ocrx_word' id='word_1_111' title='bbox 343 743 498 792; x_wconf 92' lang='lat' dir='ltr'>spositio</span> <span class='ocrx_word' id='word_1_112' title='bbox 528 744 607 781; x_wconf 89' lang='lat' dir='ltr'>eius</span> <span class='ocrx_word' id='word_1_113' title='bbox 636 744 685 781; x_wconf 90' lang='lat' dir='ltr'>ad</span> <span class='ocrx_word' id='word_1_114' title='bbox 711 751 872 790; x_wconf 89' lang='lat' dir='ltr'>motum,</span> <span class='ocrx_word' id='word_1_115' title='bbox 898 750 935 779; x_wconf 88' lang='lat' dir='ltr'>et</span> <span class='ocrx_word' id='word_1_116' title='bbox 962 742 1016 780; x_wconf 87' lang='lat' dir='ltr'>sic</span> <span class='ocrx_word' id='word_1_117' title='bbox 1043 755 1121 780; x_wconf 92' lang='lat' dir='ltr'>non</span> <span class='ocrx_word' id='word_1_118' title='bbox 1150 751 1247 780; x_wconf 91' lang='lat' dir='ltr'>esset</span> <span class='ocrx_word' id='word_1_119' title='bbox 1273 751 1400 781; x_wconf 90' lang='lat' dir='ltr'>motus</span> 
     </span>
    </p>
   </div>
   <div class='ocr_carea' id='block_1_15' title="bbox 309 795 1400 3147">
    <p class='ocr_par' dir='ltr' id='par_1_15' title="bbox 342 795 553 833">
     <span class='ocr_line' id='line_1_25' title="bbox 342 795 553 833; baseline -0.005 0"><span class='ocrx_word' id='word_1_120' title='bbox 342 795 553 833; x_wconf 90' lang='lat' dir='ltr'>uniformis.</span> 
     </span>
    </p>

    <p class='ocr_par' dir='ltr' id='par_1_16' title="bbox 309 846 1400 1879">
     <span class='ocr_line' id='line_1_26' title="bbox 400 846 1396 896; baseline 0.001 -11"><span class='ocrx_word' id='word_1_121' title='bbox 400 849 432 885; x_wconf 89' lang='lat'>5.</span> <span class='ocrx_word' id='word_1_122' title='bbox 452 848 601 885; x_wconf 89' lang='lat' dir='ltr'>Deinde</span> <span class='ocrx_word' id='word_1_123' title='bbox 636 859 723 883; x_wconf 92' lang='lat' dir='ltr'>cum</span> <span class='ocrx_word' id='word_1_124' title='bbox 753 846 855 883; x_wconf 91' lang='lat' dir='ltr'>dicit:</span> <span class='ocrx_word' id='word_1_125' title='bbox 883 847 1045 884; x_wconf 80' lang='lat' dir='ltr'>Necesse</span> <span class='ocrx_word' id='word_1_126' title='bbox 1072 853 1126 884; x_wconf 85' lang='lat' dir='ltr'>est</span> <span class='ocrx_word' id='word_1_127' title='bbox 1151 854 1275 885; x_wconf 85' lang='lat' dir='ltr'>autem</span> <span class='ocrx_word' id='word_1_128' title='bbox 1305 856 1373 886; x_wconf 90' lang='lat' dir='ltr'>etc.</span> <span class='ocrx_word' id='word_1_129' title='bbox 1387 877 1396 896; x_wconf 87' lang='lat'>‚</span> 
     </span>
     <span class='ocr_line' id='line_1_27' title="bbox 345 898 1397 949; baseline 0.002 -13"><span class='ocrx_word' id='word_1_130' title='bbox 345 900 507 936; x_wconf 89' lang='lat' dir='ltr'>ostendit</span> <span class='ocrx_word' id='word_1_131' title='bbox 524 898 590 936; x_wconf 93' lang='lat' dir='ltr'>ubi</span> <span class='ocrx_word' id='word_1_132' title='bbox 609 898 655 935; x_wconf 91' lang='lat' dir='ltr'>sit</span> <span class='ocrx_word' id='word_1_133' title='bbox 672 904 686 922; x_wconf 83' lang='lat'>&#39;¹</span> <span class='ocrx_word' id='word_1_134' title='bbox 699 898 926 947; x_wconf 90' lang='lat' dir='ltr'>principium</span> <span class='ocrx_word' id='word_1_135' title='bbox 945 907 1072 936; x_wconf 91' lang='lat' dir='ltr'>motus</span> <span class='ocrx_word' id='word_1_136' title='bbox 1086 900 1199 949; x_wconf 90' lang='lat' dir='ltr'>primi</span> <span class='ocrx_word' id='word_1_137' title='bbox 1219 902 1397 938; x_wconf 89' lang='lat' dir='ltr'>continui.</span> 
     </span>
     <span class='ocr_line' id='line_1_28' title="bbox 343 951 1399 1000; baseline 0.002 -12"><span class='ocrx_word' id='word_1_138' title='bbox 343 952 393 988; x_wconf 93' lang='lat' dir='ltr'>Et</span> <span class='ocrx_word' id='word_1_139' title='bbox 409 951 499 1000; x_wconf 86' lang='lat' dir='ltr'>quia</span> <span class='ocrx_word' id='word_1_140' title='bbox 513 957 708 993; x_wconf 87' lang='lat' dir='ltr'>ostensum</span> <span class='ocrx_word' id='word_1_141' title='bbox 728 952 813 988; x_wconf 76' lang='lat' dir='ltr'>est*</span> <span class='ocrx_word' id='word_1_142' title='bbox 823 951 927 999; x_wconf 91' lang='lat' dir='ltr'>quod</span> <span class='ocrx_word' id='word_1_143' title='bbox 944 951 1090 999; x_wconf 90' lang='lat' dir='ltr'>primus</span> <span class='ocrx_word' id='word_1_144' title='bbox 1109 960 1236 989; x_wconf 88' lang='lat' dir='ltr'>motus</span> <span class='ocrx_word' id='word_1_145' title='bbox 1257 961 1312 989; x_wconf 89' lang='lat' dir='ltr'>est</span> <span class='ocrx_word' id='word_1_146' title='bbox 1331 954 1399 990; x_wconf 91' lang='lat' dir='ltr'>cir-</span> 
     </span>
     <span class='ocr_line' id='line_1_29' title="bbox 344 1003 1397 1052; baseline 0.001 -12"><span class='ocrx_word' id='word_1_147' title='bbox 344 1003 491 1050; x_wconf 88' lang='lat' dir='ltr'>cularis,</span> <span class='ocrx_word' id='word_1_148' title='bbox 516 1003 580 1052; x_wconf 90' lang='lat' dir='ltr'>qui</span> <span class='ocrx_word' id='word_1_149' title='bbox 607 1003 763 1052; x_wconf 89' lang='lat' dir='ltr'>quidem</span> <span class='ocrx_word' id='word_1_150' title='bbox 791 1011 918 1040; x_wconf 89' lang='lat' dir='ltr'>motus</span> <span class='ocrx_word' id='word_1_151' title='bbox 942 1004 1122 1052; x_wconf 89' lang='lat' dir='ltr'>competit</span> <span class='ocrx_word' id='word_1_152' title='bbox 1148 1005 1397 1052; x_wconf 86' lang='lat' dir='ltr'>magnitudini</span> 
     </span>
     <span class='ocr_line' id='line_1_30' title="bbox 309 1055 1398 1105; baseline 0.002 -13"><span class='ocrx_word' id='word_1_153' title='bbox 309 1081 316 1088; x_wconf 80' lang='grc'><strong>.</strong></span> <span class='ocrx_word' id='word_1_154' title='bbox 344 1055 523 1103; x_wconf 89' lang='lat' dir='ltr'>circulari,</span> <span class='ocrx_word' id='word_1_155' title='bbox 548 1068 704 1093; x_wconf 88' lang='lat' dir='ltr'>necesse</span> <span class='ocrx_word' id='word_1_156' title='bbox 732 1063 786 1093; x_wconf 89' lang='lat' dir='ltr'>est</span> <span class='ocrx_word' id='word_1_157' title='bbox 817 1056 923 1104; x_wconf 91' lang='lat' dir='ltr'>quod</span> <span class='ocrx_word' id='word_1_158' title='bbox 944 1056 1110 1104; x_wconf 83' lang='lat' dir='ltr'>primum</span> <span class='ocrx_word' id='word_1_159' title='bbox 1132 1058 1150 1078; x_wconf 34' lang='grc' dir='ltr'>ᾖ</span> <span class='ocrx_word' id='word_1_160' title='bbox 1170 1057 1398 1105; x_wconf 89' lang='lat' dir='ltr'>principium</span> 
     </span>
     <span class='ocr_line' id='line_1_31' title="bbox 343 1108 1396 1158; baseline 0.001 -13"><span class='ocrx_word' id='word_1_161' title='bbox 343 1108 454 1145; x_wconf 91' lang='lat' dir='ltr'>huius</span> <span class='ocrx_word' id='word_1_162' title='bbox 481 1116 608 1145; x_wconf 91' lang='lat' dir='ltr'>motus</span> <span class='ocrx_word' id='word_1_163' title='bbox 636 1108 682 1145; x_wconf 88' lang='lat' dir='ltr'>sit</span> <span class='ocrx_word' id='word_1_164' title='bbox 713 1115 777 1145; x_wconf 88' lang='lat' dir='ltr'>aut</span> <span class='ocrx_word' id='word_1_165' title='bbox 812 1108 852 1145; x_wconf 91' lang='lat' dir='ltr'>in</span> <span class='ocrx_word' id='word_1_166' title='bbox 880 1109 1028 1156; x_wconf 90' lang='lat' dir='ltr'>medio,</span> <span class='ocrx_word' id='word_1_167' title='bbox 1062 1109 1158 1146; x_wconf 92' lang='lat' dir='ltr'>idest</span> <span class='ocrx_word' id='word_1_168' title='bbox 1184 1110 1223 1147; x_wconf 94' lang='lat' dir='ltr'>in</span> <span class='ocrx_word' id='word_1_169' title='bbox 1251 1117 1396 1158; x_wconf 89' lang='lat' dir='ltr'>centro,</span> 
     </span>
     <span class='ocr_line' id='line_1_32' title="bbox 343 1160 1397 1210; baseline 0.002 -13"><span class='ocrx_word' id='word_1_170' title='bbox 343 1169 407 1197; x_wconf 91' lang='lat' dir='ltr'>aut</span> <span class='ocrx_word' id='word_1_171' title='bbox 432 1161 471 1198; x_wconf 90' lang='lat' dir='ltr'>in</span> <span class='ocrx_word' id='word_1_172' title='bbox 499 1160 655 1207; x_wconf 89' lang='lat' dir='ltr'>circulo;</span> <span class='ocrx_word' id='word_1_173' title='bbox 685 1161 774 1210; x_wconf 92' lang='lat' dir='ltr'>quia</span> <span class='ocrx_word' id='word_1_174' title='bbox 800 1161 870 1198; x_wconf 90' lang='lat' dir='ltr'>ista</span> <span class='ocrx_word' id='word_1_175' title='bbox 898 1169 984 1198; x_wconf 90' lang='lat' dir='ltr'>sunt</span> <span class='ocrx_word' id='word_1_176' title='bbox 1009 1161 1193 1210; x_wconf 90' lang='lat' dir='ltr'>principia</span> <span class='ocrx_word' id='word_1_177' title='bbox 1215 1163 1397 1210; x_wconf 89' lang='lat' dir='ltr'>magnitu-</span> 
     </span>
     <span class='ocr_line' id='line_1_33' title="bbox 344 1213 1399 1262; baseline 0.003 -13"><span class='ocrx_word' id='word_1_178' title='bbox 344 1213 440 1250; x_wconf 87' lang='lat' dir='ltr'>dinis</span> <span class='ocrx_word' id='word_1_179' title='bbox 469 1213 667 1250; x_wconf 85' lang='lat' dir='ltr'>circularis.</span> <span class='ocrx_word' id='word_1_180' title='bbox 689 1213 831 1250; x_wconf 89' lang='lat' dir='ltr'>Lineae</span> <span class='ocrx_word' id='word_1_181' title='bbox 851 1214 952 1251; x_wconf 90' lang='lat' dir='ltr'>enim</span> <span class='ocrx_word' id='word_1_182' title='bbox 979 1213 1018 1250; x_wconf 92' lang='lat' dir='ltr'>in</span> <span class='ocrx_word' id='word_1_183' title='bbox 1045 1214 1303 1262; x_wconf 86' lang='lat' dir='ltr'>magnitudine</span> <span class='ocrx_word' id='word_1_184' title='bbox 1332 1215 1399 1252; x_wconf 91' lang='lat' dir='ltr'>cir-</span> 
     </span>
     <span class='ocr_line' id='line_1_34' title="bbox 344 1265 1398 1305; baseline 0.003 -3"><span class='ocrx_word' id='word_1_185' title='bbox 344 1265 495 1302; x_wconf 77' lang='lat' dir='ltr'>eulatia</span> <span class='ocrx_word' id='word_1_186' title='bbox 513 1273 641 1303; x_wconf 92' lang='lat' dir='ltr'>centro</span> <span class='ocrx_word' id='word_1_187' title='bbox 656 1266 705 1303; x_wconf 93' lang='lat' dir='ltr'>ad</span> <span class='ocrx_word' id='word_1_188' title='bbox 720 1266 1059 1303; x_wconf 88' lang='lat' dir='ltr'>circumferentiam</span> <span class='ocrx_word' id='word_1_189' title='bbox 1075 1268 1276 1304; x_wconf 89' lang='lat' dir='ltr'>ducuntur:</span> <span class='ocrx_word' id='word_1_190' title='bbox 1295 1268 1398 1305; x_wconf 90' lang='lat' dir='ltr'>unde</span> 
     </span>
     <span class='ocr_line' id='line_1_35' title="bbox 343 1319 1399 1368; baseline 0.003 -14"><span class='ocrx_word' id='word_1_191' title='bbox 343 1330 498 1355; x_wconf 87' lang='lat' dir='ltr'>necesse</span> <span class='ocrx_word' id='word_1_192' title='bbox 518 1326 573 1355; x_wconf 90' lang='lat' dir='ltr'>est</span> <span class='ocrx_word' id='word_1_193' title='bbox 591 1319 697 1366; x_wconf 91' lang='lat' dir='ltr'>quod</span> <span class='ocrx_word' id='word_1_194' title='bbox 715 1319 874 1355; x_wconf 89' lang='lat' dir='ltr'>alterum</span> <span class='ocrx_word' id='word_1_195' title='bbox 893 1320 1031 1356; x_wconf 88' lang='lat' dir='ltr'>horum</span> <span class='ocrx_word' id='word_1_196' title='bbox 1048 1321 1067 1340; x_wconf 56' lang='lat'>’1‘</span> <span class='ocrx_word' id='word_1_197' title='bbox 1083 1319 1285 1368; x_wconf 87' lang='lat' dir='ltr'>accipiatur</span> <span class='ocrx_word' id='word_1_198' title='bbox 1305 1321 1399 1357; x_wconf 92' lang='lat' dir='ltr'>sicut</span> 
     </span>
     <span class='ocr_line' id='line_1_36' title="bbox 342 1370 1398 1420; baseline 0.003 -13"><span class='ocrx_word' id='word_1_199' title='bbox 342 1370 580 1420; x_wconf 89' lang='lat' dir='ltr'>principium,</span> <span class='ocrx_word' id='word_1_200' title='bbox 594 1378 630 1407; x_wconf 86' lang='lat' dir='ltr'>et</span> <span class='ocrx_word' id='word_1_201' title='bbox 643 1371 803 1408; x_wconf 90' lang='lat' dir='ltr'>alterum</span> <span class='ocrx_word' id='word_1_202' title='bbox 821 1372 916 1408; x_wconf 92' lang='lat' dir='ltr'>sicut</span> <span class='ocrx_word' id='word_1_203' title='bbox 934 1372 1128 1409; x_wconf 85' lang='lat' dir='ltr'>terminus.</span> <span class='ocrx_word' id='word_1_204' title='bbox 1142 1373 1315 1410; x_wconf 91' lang='lat' dir='ltr'>Ostendit</span> <span class='ocrx_word' id='word_1_205' title='bbox 1334 1385 1398 1409; x_wconf 86' lang='lat' dir='ltr'>au-</span> 
     </span>
     <span class='ocr_line' id='line_1_37' title="bbox 344 1423 1398 1482; baseline 0.003 -23"><span class='ocrx_word' id='word_1_206' title='bbox 344 1431 421 1460; x_wconf 89' lang='lat' dir='ltr'>tem</span> <span class='ocrx_word' id='word_1_207' title='bbox 446 1430 721 1471; x_wconf 86' lang='lat' dir='ltr'>consequenter</span> <span class='ocrx_word' id='word_1_208' title='bbox 743 1423 847 1482; x_wconf 82' lang='lat' dir='ltr'>quod</span> <span class='ocrx_word' id='word_1_209' title='bbox 864 1423 1090 1473; x_wconf 90' lang='lat' dir='ltr'>principium</span> <span class='ocrx_word' id='word_1_210' title='bbox 1109 1425 1220 1473; x_wconf 90' lang='lat' dir='ltr'>primi</span> <span class='ocrx_word' id='word_1_211' title='bbox 1237 1427 1255 1446; x_wconf 63' lang='lat'>³²</span> <span class='ocrx_word' id='word_1_212' title='bbox 1271 1433 1398 1462; x_wconf 89' lang='lat' dir='ltr'>motus</span> 
     </span>
     <span class='ocr_line' id='line_1_38' title="bbox 344 1475 1397 1537; baseline 0.003 -26"><span class='ocrx_word' id='word_1_213' title='bbox 344 1483 400 1512; x_wconf 88' lang='lat' dir='ltr'>est</span> <span class='ocrx_word' id='word_1_214' title='bbox 423 1475 462 1512; x_wconf 93' lang='lat' dir='ltr'>in</span> <span class='ocrx_word' id='word_1_215' title='bbox 492 1475 642 1522; x_wconf 90' lang='lat' dir='ltr'>circu10‚</span> <span class='ocrx_word' id='word_1_216' title='bbox 663 1475 726 1512; x_wconf 86' lang='lat' dir='ltr'>tali</span> <span class='ocrx_word' id='word_1_217' title='bbox 753 1476 908 1537; x_wconf 61' lang='lat' dir='ltr'>ratione.</span> <span class='ocrx_word' id='word_1_218' title='bbox 931 1476 1068 1514; x_wconf 92' lang='lat' dir='ltr'>Omnis</span> <span class='ocrx_word' id='word_1_219' title='bbox 1095 1483 1222 1514; x_wconf 88' lang='lat' dir='ltr'>motus</span> <span class='ocrx_word' id='word_1_220' title='bbox 1256 1485 1397 1526; x_wconf 90' lang='lat' dir='ltr'>quanto</span> 
     </span>
     <span class='ocr_line' id='line_1_39' title="bbox 344 1527 1399 1576; baseline 0.003 -13"><span class='ocrx_word' id='word_1_221' title='bbox 344 1535 400 1564; x_wconf 89' lang='lat' dir='ltr'>est</span> <span class='ocrx_word' id='word_1_222' title='bbox 417 1527 669 1576; x_wconf 86' lang='lat' dir='ltr'>propinquior</span> <span class='ocrx_word' id='word_1_223' title='bbox 686 1527 911 1576; x_wconf 44' lang='lat' dir='ltr'>principio*</span> <span class='ocrx_word' id='word_1_224' title='bbox 904 1529 1113 1576; x_wconf 84' lang='lat' dir='ltr'>moventi,</span> <span class='ocrx_word' id='word_1_225' title='bbox 1135 1536 1239 1566; x_wconf 90' lang='lat' dir='ltr'>tanto</span> <span class='ocrx_word' id='word_1_226' title='bbox 1261 1538 1316 1567; x_wconf 91' lang='lat' dir='ltr'>est</span> <span class='ocrx_word' id='word_1_227' title='bbox 1333 1543 1399 1568; x_wconf 91' lang='lat' dir='ltr'>ve-</span> 
     </span>
     <span class='ocr_line' id='line_1_40' title="bbox 342 1580 1398 1638; baseline 0.003 -22"><span class='ocrx_word' id='word_1_228' title='bbox 342 1580 472 1627; x_wconf 88' lang='lat' dir='ltr'>locior,</span> <span class='ocrx_word' id='word_1_229' title='bbox 493 1580 615 1638; x_wconf 72' lang='lat' dir='ltr'>quia*</span> <span class='ocrx_word' id='word_1_230' title='bbox 629 1580 748 1627; x_wconf 86' lang='lat' dir='ltr'>magis</span> <span class='ocrx_word' id='word_1_231' title='bbox 776 1581 905 1629; x_wconf 86' lang='lat' dir='ltr'>recipit</span> <span class='ocrx_word' id='word_1_232' title='bbox 923 1581 1214 1630; x_wconf 91' lang='lat' dir='ltr'>impressionem</span> <span class='ocrx_word' id='word_1_233' title='bbox 1237 1595 1398 1620; x_wconf 88' lang='lat' dir='ltr'>moven-</span> 
     </span>
     <span class='ocr_line' id='line_1_41' title="bbox 342 1632 1399 1684; baseline 0.004 -16"><span class='ocrx_word' id='word_1_234' title='bbox 342 1633 404 1669; x_wconf 89' lang='lat' dir='ltr'>tis:</span> <span class='ocrx_word' id='word_1_235' title='bbox 429 1632 519 1669; x_wconf 89' lang='lat' dir='ltr'>sed</span> <span class='ocrx_word' id='word_1_236' title='bbox 510 1639 560 1668; x_wconf 83' lang='lat' dir='ltr'>ita</span> <span class='ocrx_word' id='word_1_237' title='bbox 577 1632 753 1669; x_wconf 90' lang='lat' dir='ltr'>videmus</span> <span class='ocrx_word' id='word_1_238' title='bbox 767 1633 806 1669; x_wconf 93' lang='lat' dir='ltr'>in</span> <span class='ocrx_word' id='word_1_239' title='bbox 821 1641 929 1670; x_wconf 91' lang='lat' dir='ltr'>motu</span> <span class='ocrx_word' id='word_1_240' title='bbox 947 1634 1059 1671; x_wconf 86' lang='lat' dir='ltr'>totius</span> <span class='ocrx_word' id='word_1_241' title='bbox 1074 1635 1314 1682; x_wconf 85' lang='lat' dir='ltr'>firmamenti,</span> <span class='ocrx_word' id='word_1_242' title='bbox 1334 1636 1399 1684; x_wconf 91' lang='lat' dir='ltr'>qui</span> 
     </span>
     <span class='ocr_line' id='line_1_42' title="bbox 343 1684 1400 1735; baseline 0.002 -13"><span class='ocrx_word' id='word_1_243' title='bbox 343 1692 399 1722; x_wconf 89' lang='lat' dir='ltr'>est</span> <span class='ocrx_word' id='word_1_244' title='bbox 425 1697 448 1722; x_wconf 91' lang='lat' dir='ltr'>a</span> <span class='ocrx_word' id='word_1_245' title='bbox 474 1684 598 1733; x_wconf 90' lang='lat' dir='ltr'>primo</span> <span class='ocrx_word' id='word_1_246' title='bbox 627 1692 774 1721; x_wconf 89' lang='lat' dir='ltr'>motore</span> <span class='ocrx_word' id='word_1_247' title='bbox 804 1685 1002 1732; x_wconf 82' lang='lat' dir='ltr'>immobili,</span> <span class='ocrx_word' id='word_1_248' title='bbox 1033 1687 1137 1734; x_wconf 92' lang='lat' dir='ltr'>quod</span> <span class='ocrx_word' id='word_1_249' title='bbox 1166 1695 1306 1735; x_wconf 90' lang='lat' dir='ltr'>quanto</span> <span class='ocrx_word' id='word_1_250' title='bbox 1335 1688 1400 1724; x_wconf 90' lang='lat' dir='ltr'>ali-</span> 
     </span>
     <span class='ocr_line' id='line_1_43' title="bbox 343 1737 1399 1787; baseline 0.004 -14"><span class='ocrx_word' id='word_1_251' title='bbox 343 1737 449 1785; x_wconf 89' lang='lat' dir='ltr'>quod</span> <span class='ocrx_word' id='word_1_252' title='bbox 476 1737 617 1774; x_wconf 91' lang='lat' dir='ltr'>mobile</span> <span class='ocrx_word' id='word_1_253' title='bbox 646 1737 766 1784; x_wconf 85' lang='lat' dir='ltr'>magis</span> <span class='ocrx_word' id='word_1_254' title='bbox 794 1738 1074 1786; x_wconf 87' lang='lat' dir='ltr'>appropinquat</span> <span class='ocrx_word' id='word_1_255' title='bbox 1101 1751 1301 1787; x_wconf 89' lang='lat' dir='ltr'>supremae</span> <span class='ocrx_word' id='word_1_256' title='bbox 1332 1740 1399 1777; x_wconf 90' lang='lat' dir='ltr'>cir-</span> 
     </span>
     <span class='ocr_line' id='line_1_44' title="bbox 343 1789 1400 1839; baseline 0.005 -14"><span class='ocrx_word' id='word_1_257' title='bbox 343 1789 621 1836; x_wconf 86' lang='lat' dir='ltr'>cumferentiae,</span> <span class='ocrx_word' id='word_1_258' title='bbox 642 1797 745 1826; x_wconf 91' lang='lat' dir='ltr'>tanto</span> <span class='ocrx_word' id='word_1_259' title='bbox 775 1790 878 1826; x_wconf 90' lang='lat' dir='ltr'>citius</span> <span class='ocrx_word' id='word_1_260' title='bbox 897 1798 1090 1827; x_wconf 90' lang='lat' dir='ltr'>movetur:</span> <span class='ocrx_word' id='word_1_261' title='bbox 1120 1803 1208 1839; x_wconf 87' lang='lat' dir='ltr'>ergo</span> <span class='ocrx_word' id='word_1_262' title='bbox 1237 1805 1400 1830; x_wconf 86' lang='lat' dir='ltr'>movens</span> 
     </span>
     <span class='ocr_line' id='line_1_45' title="bbox 344 1842 1034 1879; baseline 0 0"><span class='ocrx_word' id='word_1_263' title='bbox 344 1850 399 1879; x_wconf 90' lang='lat' dir='ltr'>est</span> <span class='ocrx_word' id='word_1_264' title='bbox 425 1842 464 1878; x_wconf 94' lang='lat' dir='ltr'>in</span> <span class='ocrx_word' id='word_1_265' title='bbox 492 1842 630 1878; x_wconf 91' lang='lat' dir='ltr'>circulo</span> <span class='ocrx_word' id='word_1_266' title='bbox 660 1849 696 1878; x_wconf 92' lang='lat' dir='ltr'>et</span> <span class='ocrx_word' id='word_1_267' title='bbox 722 1854 800 1878; x_wconf 93' lang='lat' dir='ltr'>non</span> <span class='ocrx_word' id='word_1_268' title='bbox 828 1842 866 1878; x_wconf 94' lang='lat' dir='ltr'>in</span> <span class='ocrx_word' id='word_1_269' title='bbox 895 1850 1034 1879; x_wconf 88' lang='lat' dir='ltr'>centro.</span> 
     </span>
    </p>

    <p class='ocr_par' dir='ltr' id='par_1_17' title="bbox 341 1893 1400 3147">
     <span class='ocr_line' id='line_1_46' title="bbox 395 1893 1399 1941; baseline 0.004 -11"><span class='ocrx_word' id='word_1_270' title='bbox 395 1894 518 1930; x_wconf 90' lang='lat' dir='ltr'>Huius</span> <span class='ocrx_word' id='word_1_271' title='bbox 545 1893 655 1941; x_wconf 88' lang='lat' dir='ltr'>igitur</span> <span class='ocrx_word' id='word_1_272' title='bbox 681 1893 834 1930; x_wconf 88' lang='lat' dir='ltr'>rationis</span> <span class='ocrx_word' id='word_1_273' title='bbox 862 1894 985 1931; x_wconf 89' lang='lat' dir='ltr'>maior</span> <span class='ocrx_word' id='word_1_274' title='bbox 1003 1895 1201 1932; x_wconf 90' lang='lat' dir='ltr'>manifesta</span> <span class='ocrx_word' id='word_1_275' title='bbox 1229 1903 1294 1933; x_wconf 86' lang='lat' dir='ltr'>est.</span> <span class='ocrx_word' id='word_1_276' title='bbox 1322 1897 1399 1934; x_wconf 91' lang='lat' dir='ltr'>Sed</span> 
     </span>
     <span class='ocr_line' id='line_1_47' title="bbox 342 1945 1400 1995; baseline 0.003 -12"><span class='ocrx_word' id='word_1_277' title='bbox 342 1946 391 1983; x_wconf 87' lang='lat' dir='ltr'>ad</span> <span class='ocrx_word' id='word_1_278' title='bbox 424 1945 652 1984; x_wconf 87' lang='lat' dir='ltr'>evidentiam</span> <span class='ocrx_word' id='word_1_279' title='bbox 671 1946 828 1983; x_wconf 85' lang='lat' dir='ltr'>minoris</span> <span class='ocrx_word' id='word_1_280' title='bbox 855 1947 1134 1995; x_wconf 82' lang='lat' dir='ltr'>propositionis,</span> <span class='ocrx_word' id='word_1_281' title='bbox 1161 1948 1400 1986; x_wconf 88' lang='lat' dir='ltr'>consideran-</span> 
     </span>
     <span class='ocr_line' id='line_1_48' title="bbox 343 1998 1399 2046; baseline 0.004 -11"><span class='ocrx_word' id='word_1_282' title='bbox 343 1999 435 2036; x_wconf 88' lang='lat' dir='ltr'>dum</span> <span class='ocrx_word' id='word_1_283' title='bbox 451 1998 556 2046; x_wconf 91' lang='lat' dir='ltr'>quod</span> <span class='ocrx_word' id='word_1_284' title='bbox 583 1998 622 2034; x_wconf 83' lang='lat' dir='ltr'>in</span> <span class='ocrx_word' id='word_1_285' title='bbox 646 1998 866 2046; x_wconf 89' lang='lat' dir='ltr'>corporibus</span> <span class='ocrx_word' id='word_1_286' title='bbox 887 1999 1107 2036; x_wconf 89' lang='lat' dir='ltr'>caelestibus</span> <span class='ocrx_word' id='word_1_287' title='bbox 1125 2000 1313 2038; x_wconf 88' lang='lat' dir='ltr'>invenitur</span> <span class='ocrx_word' id='word_1_288' title='bbox 1332 2001 1399 2038; x_wconf 89' lang='lat' dir='ltr'>du-</span> 
     </span>
     <span class='ocr_line' id='line_1_49' title="bbox 342 2051 1398 2101; baseline 0.003 -13"><span class='ocrx_word' id='word_1_289' title='bbox 342 2052 428 2100; x_wconf 88' lang='lat' dir='ltr'>plex</span> <span class='ocrx_word' id='word_1_290' title='bbox 455 2058 599 2087; x_wconf 90' lang='lat' dir='ltr'>motus:</span> <span class='ocrx_word' id='word_1_291' title='bbox 627 2062 727 2087; x_wconf 89' lang='lat' dir='ltr'>unus</span> <span class='ocrx_word' id='word_1_292' title='bbox 754 2051 819 2098; x_wconf 91' lang='lat' dir='ltr'>qui</span> <span class='ocrx_word' id='word_1_293' title='bbox 838 2058 893 2087; x_wconf 91' lang='lat' dir='ltr'>est</span> <span class='ocrx_word' id='word_1_294' title='bbox 911 2051 1022 2088; x_wconf 90' lang='lat' dir='ltr'>totius</span> <span class='ocrx_word' id='word_1_295' title='bbox 1049 2053 1290 2100; x_wconf 84' lang='lat' dir='ltr'>firmamenti,</span> <span class='ocrx_word' id='word_1_296' title='bbox 1320 2066 1398 2101; x_wconf 90' lang='lat' dir='ltr'>quo</span> 
     </span>
     <span class='ocr_line' id='line_1_50' title="bbox 343 2103 1399 2143; baseline 0.002 -3"><span class='ocrx_word' id='word_1_297' title='bbox 343 2103 483 2140; x_wconf 89' lang='lat' dir='ltr'>scilicet</span> <span class='ocrx_word' id='word_1_298' title='bbox 504 2110 627 2139; x_wconf 92' lang='lat' dir='ltr'>totum</span> <span class='ocrx_word' id='word_1_299' title='bbox 654 2103 939 2140; x_wconf 89' lang='lat' dir='ltr'>firmamentum</span> <span class='ocrx_word' id='word_1_300' title='bbox 968 2104 1174 2141; x_wconf 85' lang='lat' dir='ltr'>revolvitur</span> <span class='ocrx_word' id='word_1_301' title='bbox 1193 2106 1240 2141; x_wconf 92' lang='lat' dir='ltr'>ab</span> <span class='ocrx_word' id='word_1_302' title='bbox 1256 2106 1399 2143; x_wconf 91' lang='lat' dir='ltr'>oriente</span> 
     </span>
     <span class='ocr_line' id='line_1_51' title="bbox 343 2155 1398 2205; baseline 0.003 -14"><span class='ocrx_word' id='word_1_303' title='bbox 343 2155 631 2192; x_wconf 90' lang='lat' dir='ltr'>inoccidentem</span> <span class='ocrx_word' id='word_1_304' title='bbox 650 2156 670 2176; x_wconf 70' lang='lat'>’¹‘</span> <span class='ocrx_word' id='word_1_305' title='bbox 697 2162 805 2191; x_wconf 89' lang='lat' dir='ltr'>motu</span> <span class='ocrx_word' id='word_1_306' title='bbox 834 2155 984 2202; x_wconf 90' lang='lat' dir='ltr'>diurno;</span> <span class='ocrx_word' id='word_1_307' title='bbox 1014 2164 1051 2192; x_wconf 92' lang='lat' dir='ltr'>et</span> <span class='ocrx_word' id='word_1_308' title='bbox 1077 2156 1144 2193; x_wconf 88' lang='lat' dir='ltr'>iste</span> <span class='ocrx_word' id='word_1_309' title='bbox 1174 2164 1228 2193; x_wconf 90' lang='lat' dir='ltr'>est</span> <span class='ocrx_word' id='word_1_310' title='bbox 1254 2158 1398 2205; x_wconf 91' lang='lat' dir='ltr'>primus</span> 
     </span>
     <span class='ocr_line' id='line_1_52' title="bbox 343 2207 1398 2257; baseline 0.001 -12"><span class='ocrx_word' id='word_1_311' title='bbox 343 2215 487 2245; x_wconf 87' lang='lat' dir='ltr'>motus:</span> <span class='ocrx_word' id='word_1_312' title='bbox 521 2207 614 2244; x_wconf 91' lang='lat' dir='ltr'>alius</span> <span class='ocrx_word' id='word_1_313' title='bbox 641 2215 768 2244; x_wconf 88' lang='lat' dir='ltr'>motus</span> <span class='ocrx_word' id='word_1_314' title='bbox 796 2215 852 2244; x_wconf 92' lang='lat' dir='ltr'>est</span> <span class='ocrx_word' id='word_1_315' title='bbox 878 2220 955 2257; x_wconf 91' lang='lat' dir='ltr'>quo</span> <span class='ocrx_word' id='word_1_316' title='bbox 984 2209 1109 2245; x_wconf 87' lang='lat' dir='ltr'>stellae</span> <span class='ocrx_word' id='word_1_317' title='bbox 1147 2209 1350 2246; x_wconf 80' lang='lat' dir='ltr'>moventur</span> <span class='ocrx_word' id='word_1_318' title='bbox 1378 2223 1398 2246; x_wconf 91' lang='lat' dir='ltr'>e</span> 
     </span>
     <span class='ocr_line' id='line_1_53' title="bbox 345 2259 1397 2299; baseline 0.003 -3"><span class='ocrx_word' id='word_1_319' title='bbox 345 2272 531 2297; x_wconf 90' lang='lat' dir='ltr'>converso</span> <span class='ocrx_word' id='word_1_320' title='bbox 559 2260 607 2296; x_wconf 90' lang='lat' dir='ltr'>ab</span> <span class='ocrx_word' id='word_1_321' title='bbox 632 2259 826 2296; x_wconf 87' lang='lat' dir='ltr'>occidente</span> <span class='ocrx_word' id='word_1_322' title='bbox 845 2260 883 2296; x_wconf 91' lang='lat' dir='ltr'>in</span> <span class='ocrx_word' id='word_1_323' title='bbox 903 2260 1086 2297; x_wconf 89' lang='lat' dir='ltr'>orientem</span> <span class='ocrx_word' id='word_1_324' title='bbox 1105 2263 1135 2297; x_wconf 72' lang='lat'>³¹².</span> <span class='ocrx_word' id='word_1_325' title='bbox 1166 2263 1208 2298; x_wconf 90' lang='lat' dir='ltr'>In</span> <span class='ocrx_word' id='word_1_326' title='bbox 1234 2262 1309 2298; x_wconf 93' lang='lat' dir='ltr'>hoc</span> <span class='ocrx_word' id='word_1_327' title='bbox 1333 2275 1397 2299; x_wconf 91' lang='lat' dir='ltr'>au-</span> 
     </span>
     <span class='ocr_line' id='line_1_54' title="bbox 343 2312 1398 2362; baseline 0.002 -13"><span class='ocrx_word' id='word_1_328' title='bbox 343 2321 422 2349; x_wconf 87' lang='lat' dir='ltr'>tem</span> <span class='ocrx_word' id='word_1_329' title='bbox 436 2312 604 2349; x_wconf 91' lang='lat' dir='ltr'>secundo</span> <span class='ocrx_word' id='word_1_330' title='bbox 620 2320 739 2359; x_wconf 83' lang='lat' dir='ltr'>motu,</span> <span class='ocrx_word' id='word_1_331' title='bbox 748 2319 851 2349; x_wconf 91' lang='lat' dir='ltr'>tanto</span> <span class='ocrx_word' id='word_1_332' title='bbox 865 2313 1167 2362; x_wconf 88' lang='lat' dir='ltr'>unumquodque</span> <span class='ocrx_word' id='word_1_333' title='bbox 1183 2315 1398 2351; x_wconf 90' lang='lat' dir='ltr'>caelestium</span> 
     </span>
     <span class='ocr_line' id='line_1_55' title="bbox 343 2365 1398 2415; baseline 0.002 -14"><span class='ocrx_word' id='word_1_334' title='bbox 343 2367 549 2413; x_wconf 64' lang='lat' dir='ltr'>Corporum</span> <span class='ocrx_word' id='word_1_335' title='bbox 575 2365 744 2401; x_wconf 91' lang='lat' dir='ltr'>velocius</span> <span class='ocrx_word' id='word_1_336' title='bbox 772 2372 959 2412; x_wconf 89' lang='lat' dir='ltr'>movetur,</span> <span class='ocrx_word' id='word_1_337' title='bbox 980 2373 1120 2414; x_wconf 89' lang='lat' dir='ltr'>quanto</span> <span class='ocrx_word' id='word_1_338' title='bbox 1148 2367 1398 2415; x_wconf 90' lang='lat' dir='ltr'>propinquius</span> 
     </span>
     <span class='ocr_line' id='line_1_56' title="bbox 343 2417 1397 2466; baseline 0.002 -12"><span class='ocrx_word' id='word_1_339' title='bbox 343 2425 398 2454; x_wconf 90' lang='lat' dir='ltr'>est</span> <span class='ocrx_word' id='word_1_340' title='bbox 435 2425 581 2463; x_wconf 85' lang='lat' dir='ltr'>centro;</span> <span class='ocrx_word' id='word_1_341' title='bbox 613 2424 654 2453; x_wconf 89' lang='lat' dir='ltr'>ut</span> <span class='ocrx_word' id='word_1_342' title='bbox 689 2424 791 2465; x_wconf 89' lang='lat' dir='ltr'>patet</span> <span class='ocrx_word' id='word_1_343' title='bbox 826 2417 1038 2454; x_wconf 90' lang='lat' dir='ltr'>secundum</span> <span class='ocrx_word' id='word_1_344' title='bbox 1075 2419 1397 2466; x_wconf 81' lang='lat' dir='ltr'>computationem</span> 
     </span>
     <span class='ocr_line' id='line_1_57' title="bbox 343 2469 1398 2520; baseline 0.002 -14"><span class='ocrx_word' id='word_1_345' title='bbox 343 2471 631 2517; x_wconf 89' lang='lat' dir='ltr'>astrologorum,</span> <span class='ocrx_word' id='word_1_346' title='bbox 652 2469 716 2517; x_wconf 89' lang='lat' dir='ltr'>qui</span> <span class='ocrx_word' id='word_1_347' title='bbox 739 2470 860 2506; x_wconf 81' lang='lat' dir='ltr'>motui</span> <span class='ocrx_word' id='word_1_348' title='bbox 880 2471 1012 2506; x_wconf 88' lang='lat' dir='ltr'>Lunae</span> <span class='ocrx_word' id='word_1_349' title='bbox 1041 2470 1221 2519; x_wconf 89' lang='lat' dir='ltr'>deputant</span> <span class='ocrx_word' id='word_1_350' title='bbox 1248 2479 1398 2520; x_wconf 90' lang='lat' dir='ltr'>tempus</span> 
     </span>
     <span class='ocr_line' id='line_1_58' title="bbox 341 2521 1397 2569; baseline 0.002 -11"><span class='ocrx_word' id='word_1_351' title='bbox 341 2521 453 2559; x_wconf 84' lang='lat' dir='ltr'>unius</span> <span class='ocrx_word' id='word_1_352' title='bbox 472 2522 624 2568; x_wconf 88' lang='lat' dir='ltr'>mensis,</span> <span class='ocrx_word' id='word_1_353' title='bbox 647 2522 725 2558; x_wconf 91' lang='lat' dir='ltr'>Soli</span> <span class='ocrx_word' id='word_1_354' title='bbox 741 2534 848 2569; x_wconf 88' lang='lat' dir='ltr'>vero,</span> <span class='ocrx_word' id='word_1_355' title='bbox 869 2523 1059 2559; x_wconf 90' lang='lat' dir='ltr'>Mercurio</span> <span class='ocrx_word' id='word_1_356' title='bbox 1076 2531 1112 2559; x_wconf 91' lang='lat' dir='ltr'>et</span> <span class='ocrx_word' id='word_1_357' title='bbox 1125 2524 1264 2560; x_wconf 89' lang='lat' dir='ltr'>Veneri</span> <span class='ocrx_word' id='word_1_358' title='bbox 1277 2537 1397 2560; x_wconf 89' lang='lat' dir='ltr'>unum</span> 
     </span>
     <span class='ocr_line' id='line_1_59' title="bbox 343 2574 1398 2622; baseline 0.003 -12"><span class='ocrx_word' id='word_1_359' title='bbox 343 2586 498 2621; x_wconf 90' lang='lat' dir='ltr'>annum,</span> <span class='ocrx_word' id='word_1_360' title='bbox 518 2574 630 2611; x_wconf 87' lang='lat' dir='ltr'>Marti</span> <span class='ocrx_word' id='word_1_361' title='bbox 658 2581 783 2611; x_wconf 87' lang='lat' dir='ltr'>autem</span> <span class='ocrx_word' id='word_1_362' title='bbox 805 2575 824 2595; x_wconf 81' lang='lat'><strong><em>*</em></strong></span> <span class='ocrx_word' id='word_1_363' title='bbox 845 2574 953 2622; x_wconf 89' lang='lat' dir='ltr'>duos,</span> <span class='ocrx_word' id='word_1_364' title='bbox 973 2575 1055 2612; x_wconf 90' lang='lat' dir='ltr'>Iovi</span> <span class='ocrx_word' id='word_1_365' title='bbox 1075 2575 1296 2622; x_wconf 88' lang='lat' dir='ltr'>duodecim,</span> <span class='ocrx_word' id='word_1_366' title='bbox 1332 2578 1398 2613; x_wconf 90' lang='lat' dir='ltr'>Sa-</span> 
     </span>
     <span class='ocr_line' id='line_1_60' title="bbox 341 2626 1397 2674; baseline 0.002 -11"><span class='ocrx_word' id='word_1_367' title='bbox 341 2634 453 2663; x_wconf 88' lang='lat' dir='ltr'>turno</span> <span class='ocrx_word' id='word_1_368' title='bbox 481 2626 638 2673; x_wconf 87' lang='lat' dir='ltr'>triginta,</span> <span class='ocrx_word' id='word_1_369' title='bbox 659 2633 696 2662; x_wconf 90' lang='lat' dir='ltr'>et</span> <span class='ocrx_word' id='word_1_370' title='bbox 713 2626 825 2662; x_wconf 89' lang='lat' dir='ltr'>stellis</span> <span class='ocrx_word' id='word_1_371' title='bbox 843 2627 927 2663; x_wconf 92' lang='lat' dir='ltr'>fixis</span> <span class='ocrx_word' id='word_1_372' title='bbox 950 2627 1095 2674; x_wconf 88' lang='lat' dir='ltr'>triginta</span> <span class='ocrx_word' id='word_1_373' title='bbox 1115 2640 1180 2664; x_wconf 88' lang='lat' dir='ltr'>sex</span> <span class='ocrx_word' id='word_1_374' title='bbox 1198 2628 1314 2665; x_wconf 88' lang='lat' dir='ltr'>millia</span> <span class='ocrx_word' id='word_1_375' title='bbox 1333 2641 1397 2665; x_wconf 90' lang='lat' dir='ltr'>an-</span> 
     </span>
     <span class='ocr_line' id='line_1_61' title="bbox 342 2674 1397 2718; baseline 0.002 -2"><span class='ocrx_word' id='word_1_376' title='bbox 342 2691 492 2716; x_wconf 90' lang='lat' dir='ltr'>norum.</span> <span class='ocrx_word' id='word_1_377' title='bbox 515 2678 592 2715; x_wconf 89' lang='lat' dir='ltr'>Sed</span> <span class='ocrx_word' id='word_1_378' title='bbox 613 2674 829 2714; x_wconf 68' lang='lat' dir='ltr'>&#39;secundum</span> <span class='ocrx_word' id='word_1_379' title='bbox 857 2686 1006 2716; x_wconf 89' lang='lat' dir='ltr'>motum</span> <span class='ocrx_word' id='word_1_380' title='bbox 1029 2680 1141 2716; x_wconf 91' lang='lat' dir='ltr'>totius</span> <span class='ocrx_word' id='word_1_381' title='bbox 1169 2681 1397 2718; x_wconf 88' lang='lat' dir='ltr'>firmamenti</span> 
     </span>
     <span class='ocr_line' id='line_1_62' title="bbox 343 2731 1396 2780; baseline 0.002 -12"><span class='ocrx_word' id='word_1_382' title='bbox 343 2738 398 2768; x_wconf 89' lang='lat' dir='ltr'>est</span> <span class='ocrx_word' id='word_1_383' title='bbox 427 2743 447 2767; x_wconf 90' lang='lat' dir='ltr'>e</span> <span class='ocrx_word' id='word_1_384' title='bbox 476 2743 674 2767; x_wconf 89' lang='lat' dir='ltr'>converso.</span> <span class='ocrx_word' id='word_1_385' title='bbox 704 2731 807 2766; x_wconf 84' lang='lat' dir='ltr'>Nam</span> <span class='ocrx_word' id='word_1_386' title='bbox 836 2738 976 2778; x_wconf 89' lang='lat' dir='ltr'>quanto</span> <span class='ocrx_word' id='word_1_387' title='bbox 1005 2732 1159 2780; x_wconf 88' lang='lat' dir='ltr'>aliquod</span> <span class='ocrx_word' id='word_1_388' title='bbox 1179 2733 1396 2770; x_wconf 88' lang='lat' dir='ltr'>caelestium</span> 
     </span>
     <span class='ocr_line' id='line_1_63' title="bbox 343 2782 1397 2831; baseline 0.002 -11"><span class='ocrx_word' id='word_1_389' title='bbox 343 2795 547 2831; x_wconf 88' lang='lat' dir='ltr'>corporum</span> <span class='ocrx_word' id='word_1_390' title='bbox 568 2790 622 2820; x_wconf 87' lang='lat' dir='ltr'>est</span> <span class='ocrx_word' id='word_1_391' title='bbox 641 2782 821 2819; x_wconf 87' lang='lat' dir='ltr'>remotius</span> <span class='ocrx_word' id='word_1_392' title='bbox 840 2795 863 2819; x_wconf 89' lang='lat' dir='ltr'>a</span> <span class='ocrx_word' id='word_1_393' title='bbox 881 2789 989 2829; x_wconf 89' lang='lat' dir='ltr'>terra,</span> <span class='ocrx_word' id='word_1_394' title='bbox 1008 2791 1111 2820; x_wconf 91' lang='lat' dir='ltr'>tanto</span> <span class='ocrx_word' id='word_1_395' title='bbox 1126 2785 1295 2821; x_wconf 89' lang='lat' dir='ltr'>velocius</span> <span class='ocrx_word' id='word_1_396' title='bbox 1314 2798 1397 2822; x_wconf 89' lang='lat' dir='ltr'>mo-</span> 
     </span>
     <span class='ocr_line' id='line_1_64' title="bbox 341 2835 1396 2884; baseline 0.001 -11"><span class='ocrx_word' id='word_1_397' title='bbox 341 2844 466 2881; x_wconf 83' lang='lat' dir='ltr'>vetur3</span> <span class='ocrx_word' id='word_1_398' title='bbox 496 2835 584 2884; x_wconf 89' lang='lat' dir='ltr'>quia</span> <span class='ocrx_word' id='word_1_399' title='bbox 602 2835 801 2883; x_wconf 91' lang='lat' dir='ltr'>pertransit</span> <span class='ocrx_word' id='word_1_400' title='bbox 827 2835 1013 2872; x_wconf 87' lang='lat' dir='ltr'>maiorem</span> <span class='ocrx_word' id='word_1_401' title='bbox 1042 2836 1339 2883; x_wconf 85' lang='lat' dir='ltr'>magnitudinem</span> <span class='ocrx_word' id='word_1_402' title='bbox 1358 2838 1396 2874; x_wconf 92' lang='lat' dir='ltr'>in</span> 
     </span>
     <span class='ocr_line' id='line_1_65' title="bbox 343 2887 1396 2936; baseline 0.002 -11"><span class='ocrx_word' id='word_1_403' title='bbox 343 2889 481 2926; x_wconf 87' lang='lat' dir='ltr'>eodem</span> <span class='ocrx_word' id='word_1_404' title='bbox 503 2895 687 2936; x_wconf 90' lang='lat' dir='ltr'>ternpore.</span> <span class='ocrx_word' id='word_1_405' title='bbox 717 2887 883 2924; x_wconf 84' lang='lat' dir='ltr'>Maiores</span> <span class='ocrx_word' id='word_1_406' title='bbox 908 2887 1009 2924; x_wconf 89' lang='lat' dir='ltr'>enim</span> <span class='ocrx_word' id='word_1_407' title='bbox 1029 2895 1114 2924; x_wconf 88' lang='lat' dir='ltr'>sunt</span> <span class='ocrx_word' id='word_1_408' title='bbox 1134 2889 1396 2927; x_wconf 89' lang='lat' dir='ltr'>circumferen-</span> 
     </span>
     <span class='ocr_line' id='line_1_66' title="bbox 341 2940 1396 2987; baseline 0.001 -10"><span class='ocrx_word' id='word_1_409' title='bbox 341 2941 415 2978; x_wconf 88' lang='lat' dir='ltr'>tiae</span> <span class='ocrx_word' id='word_1_410' title='bbox 449 2940 672 2977; x_wconf 91' lang='lat' dir='ltr'>circulorum</span> <span class='ocrx_word' id='word_1_411' title='bbox 693 2941 713 2961; x_wconf 63' lang='lat'>’⁸</span> <span class='ocrx_word' id='word_1_412' title='bbox 737 2940 856 2987; x_wconf 88' lang='lat' dir='ltr'>magis</span> <span class='ocrx_word' id='word_1_413' title='bbox 876 2953 898 2976; x_wconf 90' lang='lat' dir='ltr'>a</span> <span class='ocrx_word' id='word_1_414' title='bbox 918 2947 1044 2976; x_wconf 91' lang='lat' dir='ltr'>centro</span> <span class='ocrx_word' id='word_1_415' title='bbox 1075 2940 1252 2978; x_wconf 87' lang='lat' dir='ltr'>distantes</span> <span class='ocrx_word' id='word_1_416' title='bbox 1271 2942 1330 2986; x_wconf 63' lang='grc'><strong><em>*’·“;</em></strong></span> <span class='ocrx_word' id='word_1_417' title='bbox 1361 2950 1396 2978; x_wconf 89' lang='lat' dir='ltr'>et</span> 
     </span>
     <span class='ocr_line' id='line_1_67' title="bbox 342 2993 1395 3041; baseline 0 -11"><span class='ocrx_word' id='word_1_418' title='bbox 342 3000 471 3030; x_wconf 88' lang='lat' dir='ltr'>tamen</span> <span class='ocrx_word' id='word_1_419' title='bbox 490 2993 620 3030; x_wconf 88' lang='lat' dir='ltr'>omnia</span> <span class='ocrx_word' id='word_1_420' title='bbox 639 3005 798 3041; x_wconf 89' lang='lat' dir='ltr'>corpora</span> <span class='ocrx_word' id='word_1_421' title='bbox 827 2993 998 3029; x_wconf 88' lang='lat' dir='ltr'>caelestia</span> <span class='ocrx_word' id='word_1_422' title='bbox 1018 2993 1228 3030; x_wconf 88' lang='lat' dir='ltr'>secundum</span> <span class='ocrx_word' id='word_1_423' title='bbox 1247 3001 1395 3030; x_wconf 90' lang='lat' dir='ltr'>motum</span> 
     </span>
     <span class='ocr_line' id='line_1_68' title="bbox 342 3045 1397 3094; baseline 0.001 -13"><span class='ocrx_word' id='word_1_424' title='bbox 342 3045 456 3082; x_wconf 87' lang='lat' dir='ltr'>totius</span> <span class='ocrx_word' id='word_1_425' title='bbox 483 3046 621 3082; x_wconf 91' lang='lat' dir='ltr'>eodem</span> <span class='ocrx_word' id='word_1_426' title='bbox 649 3053 821 3093; x_wconf 92' lang='lat' dir='ltr'>tempore</span> <span class='ocrx_word' id='word_1_427' title='bbox 841 3046 1101 3091; x_wconf 76' lang='lat' dir='ltr'>revolvuntur3</span> <span class='ocrx_word' id='word_1_428' title='bbox 1123 3053 1158 3081; x_wconf 88' lang='lat' dir='ltr'>et</span> <span class='ocrx_word' id='word_1_429' title='bbox 1177 3046 1229 3082; x_wconf 92' lang='lat' dir='ltr'>sic</span> <span class='ocrx_word' id='word_1_430' title='bbox 1248 3054 1397 3094; x_wconf 87' lang='lat' dir='ltr'>oportet</span> 
     </span>
     <span class='ocr_line' id='line_1_69' title="bbox 343 3097 1396 3147; baseline 0.001 -13"><span class='ocrx_word' id='word_1_431' title='bbox 343 3097 538 3146; x_wconf 87' lang='lat' dir='ltr'>superiora·</span> <span class='ocrx_word' id='word_1_432' title='bbox 565 3110 646 3135; x_wconf 89' lang='lat' dir='ltr'>esse</span> <span class='ocrx_word' id='word_1_433' title='bbox 673 3097 875 3135; x_wconf 89' lang='lat' dir='ltr'>velociora.</span> <span class='ocrx_word' id='word_1_434' title='bbox 910 3097 1019 3135; x_wconf 92' lang='lat' dir='ltr'>Unde</span> <span class='ocrx_word' id='word_1_435' title='bbox 1047 3097 1265 3146; x_wconf 87' lang='lat' dir='ltr'>relinquitur</span> <span class='ocrx_word' id='word_1_436' title='bbox 1293 3099 1396 3147; x_wconf 91' lang='lat' dir='ltr'>quod</span> 
     </span>
    </p>
   </div>
   <div class='ocr_carea' id='block_1_16' title="bbox 341 3251 1398 3561">
    <p class='ocr_par' dir='ltr' id='par_1_18' title="bbox 341 3251 1398 3495">
     <span class='ocr_line' id='line_1_70' title="bbox 395 3251 1397 3287; baseline 0.001 -10"><span class='ocrx_word' id='word_1_437' title='bbox 395 3251 421 3287; x_wconf 80' lang='grc' dir='ltr'>ζ)</span> <span class='ocrx_word' id='word_1_438' title='bbox 441 3253 521 3278; x_wconf 81' lang='lat' dir='ltr'>iuxta</span> <span class='ocrx_word' id='word_1_439' title='bbox 539 3252 607 3277; x_wconf 80' lang='lat' dir='ltr'>hanc</span> <span class='ocrx_word' id='word_1_440' title='bbox 624 3259 677 3285; x_wconf 88' lang='lat' dir='ltr'>qua</span> <span class='ocrx_word' id='word_1_441' title='bbox 700 3255 828 3278; x_wconf 79' lang='lat' dir='ltr'>movetur.</span> <span class='ocrx_word' id='word_1_442' title='bbox 840 3266 859 3271; x_wconf 96' lang='lat'><em>-</em></span> <span class='ocrx_word' id='word_1_443' title='bbox 873 3253 991 3277; x_wconf 83' lang='lat' dir='ltr'>maxime</span> <span class='ocrx_word' id='word_1_444' title='bbox 1008 3253 1056 3278; x_wconf 87' lang='lat' dir='ltr'>hoc</span> <span class='ocrx_word' id='word_1_445' title='bbox 1074 3253 1145 3285; x_wconf 86' lang='lat' dir='ltr'>quod</span> <span class='ocrx_word' id='word_1_446' title='bbox 1168 3256 1287 3278; x_wconf 83' lang='lat' dir='ltr'>movetur</span> <span class='ocrx_word' id='word_1_447' title='bbox 1306 3254 1336 3285; x_wconf 86' lang='lat' dir='ltr'>N,</span> <span class='ocrx_word' id='word_1_448' title='bbox 1356 3254 1397 3286; x_wconf 88' lang='lat' dir='ltr'>pO</span> 
     </span>
     <span class='ocr_line' id='line_1_71' title="bbox 342 3286 1398 3320; baseline 0.001 -8"><span class='ocrx_word' id='word_1_449' title='bbox 342 3289 399 3318; x_wconf 65' lang='lat' dir='ltr'>lac„</span> <span class='ocrx_word' id='word_1_450' title='bbox 414 3288 494 3312; x_wconf 82' lang='lat' dir='ltr'>iuxta</span> <span class='ocrx_word' id='word_1_451' title='bbox 512 3286 560 3312; x_wconf 86' lang='lat' dir='ltr'>hoe</span> <span class='ocrx_word' id='word_1_452' title='bbox 578 3287 648 3319; x_wconf 75' lang='lat' dir='ltr'>quod</span> <span class='ocrx_word' id='word_1_453' title='bbox 666 3291 786 3312; x_wconf 82' lang='lat' dir='ltr'>movetur</span> <span class='ocrx_word' id='word_1_454' title='bbox 800 3293 847 3312; x_wconf 85' lang='lat' dir='ltr'>cet.</span> <span class='ocrx_word' id='word_1_455' title='bbox 861 3292 886 3312; x_wconf 91' lang='lat' dir='ltr'>et</span> <span class='ocrx_word' id='word_1_456' title='bbox 904 3294 929 3312; x_wconf 87' lang='grc' dir='ltr'>α.</span> <span class='ocrx_word' id='word_1_457' title='bbox 941 3288 1025 3312; x_wconf 87' lang='lat' dir='ltr'>-Lin.</span> <span class='ocrx_word' id='word_1_458' title='bbox 1035 3295 1091 3320; x_wconf 88' lang='lat' dir='ltr'>seq.</span> <span class='ocrx_word' id='word_1_459' title='bbox 1106 3295 1153 3320; x_wconf 89' lang='lat' dir='ltr'>pro</span> <span class='ocrx_word' id='word_1_460' title='bbox 1168 3291 1239 3313; x_wconf 85' lang='lat' dir='ltr'>motu</span> <span class='ocrx_word' id='word_1_461' title='bbox 1259 3289 1344 3317; x_wconf 87' lang='lat' dir='ltr'>locali,</span> <span class='ocrx_word' id='word_1_462' title='bbox 1360 3289 1398 3313; x_wconf 90' lang='lat' dir='ltr'>lo-</span> 
     </span>
     <span class='ocr_line' id='line_1_72' title="bbox 341 3322 1398 3354; baseline 0 -6"><span class='ocrx_word' id='word_1_463' title='bbox 341 3323 435 3348; x_wconf 86' lang='lat' dir='ltr'>caliter</span> <span class='ocrx_word' id='word_1_464' title='bbox 453 3322 489 3346; x_wconf 86' lang='lat' dir='ltr'>Pb</span> <span class='ocrx_word' id='word_1_465' title='bbox 508 3322 656 3354; x_wconf 83' lang='lat' dir='ltr'>corrigendo</span> <span class='ocrx_word' id='word_1_466' title='bbox 675 3322 809 3347; x_wconf 86' lang='lat' dir='ltr'>lectionem</span> <span class='ocrx_word' id='word_1_467' title='bbox 828 3330 853 3351; x_wconf 88' lang='lat' dir='ltr'>a,</span> <span class='ocrx_word' id='word_1_468' title='bbox 867 3330 934 3354; x_wconf 86' lang='lat' dir='ltr'>quae</span> <span class='ocrx_word' id='word_1_469' title='bbox 951 3330 1004 3347; x_wconf 92' lang='lat' dir='ltr'>om.</span> <span class='ocrx_word' id='word_1_470' title='bbox 1023 3326 1095 3347; x_wconf 81' lang='lat' dir='ltr'>motu</span> <span class='ocrx_word' id='word_1_471' title='bbox 1114 3330 1174 3347; x_wconf 86' lang='lat' dir='ltr'>cum</span> <span class='ocrx_word' id='word_1_472' title='bbox 1191 3323 1265 3348; x_wconf 89' lang='lat' dir='ltr'>codd.</span> <span class='ocrx_word' id='word_1_473' title='bbox 1286 3331 1338 3348; x_wconf 82' lang='lat' dir='ltr'>exc.</span> <span class='ocrx_word' id='word_1_474' title='bbox 1354 3323 1398 3348; x_wconf 87' lang='lat' dir='ltr'>BE</span> 
     </span>
     <span class='ocr_line' id='line_1_73' title="bbox 342 3357 1395 3389; baseline 0.001 -8"><span class='ocrx_word' id='word_1_475' title='bbox 342 3357 490 3382; x_wconf 83' lang='lat' dir='ltr'>FGHNRZ.</span> <span class='ocrx_word' id='word_1_476' title='bbox 503 3370 522 3375; x_wconf 93' lang='lat'>—</span> <span class='ocrx_word' id='word_1_477' title='bbox 535 3357 585 3380; x_wconf 88' lang='lat' dir='ltr'>Pro</span> <span class='ocrx_word' id='word_1_478' title='bbox 604 3364 656 3381; x_wconf 89' lang='lat' dir='ltr'>non</span> <span class='ocrx_word' id='word_1_479' title='bbox 671 3357 749 3381; x_wconf 87' lang='lat' dir='ltr'>habet</span> <span class='ocrx_word' id='word_1_480' title='bbox 766 3357 891 3389; x_wconf 84' lang='lat' dir='ltr'>aliquam,</span> <span class='ocrx_word' id='word_1_481' title='bbox 907 3364 958 3381; x_wconf 84' lang='lat' dir='ltr'>non</span> <span class='ocrx_word' id='word_1_482' title='bbox 973 3357 1050 3382; x_wconf 81' lang='lat' dir='ltr'>habet</span> <span class='ocrx_word' id='word_1_483' title='bbox 1065 3358 1181 3389; x_wconf 82' lang='lat' dir='ltr'>aliquam</span> <span class='ocrx_word' id='word_1_484' title='bbox 1201 3358 1280 3382; x_wconf 83' lang='lat' dir='ltr'>aliam</span> <span class='ocrx_word' id='word_1_485' title='bbox 1296 3358 1395 3388; x_wconf 84' lang='lat' dir='ltr'>HLNZ,</span> 
     </span>
     <span class='ocr_line' id='line_1_74' title="bbox 343 3391 1396 3424; baseline -0.001 -8"><span class='ocrx_word' id='word_1_486' title='bbox 343 3399 394 3416; x_wconf 86' lang='lat' dir='ltr'>non</span> <span class='ocrx_word' id='word_1_487' title='bbox 414 3392 491 3416; x_wconf 85' lang='lat' dir='ltr'>habet</span> <span class='ocrx_word' id='word_1_488' title='bbox 504 3391 585 3416; x_wconf 87' lang='lat' dir='ltr'>aliam</span> <span class='ocrx_word' id='word_1_489' title='bbox 598 3392 631 3421; x_wconf 78' lang='lat' dir='ltr'>M,</span> <span class='ocrx_word' id='word_1_490' title='bbox 647 3399 698 3416; x_wconf 85' lang='lat' dir='ltr'>non</span> <span class='ocrx_word' id='word_1_491' title='bbox 718 3392 795 3416; x_wconf 84' lang='lat' dir='ltr'>habet</span> <span class='ocrx_word' id='word_1_492' title='bbox 806 3391 908 3423; x_wconf 83' lang='lat' dir='ltr'>aliquid</span> <span class='ocrx_word' id='word_1_493' title='bbox 927 3392 959 3422; x_wconf 92' lang='lat' dir='ltr'>O,</span> <span class='ocrx_word' id='word_1_494' title='bbox 974 3399 1024 3416; x_wconf 85' lang='lat' dir='ltr'>non</span> <span class='ocrx_word' id='word_1_495' title='bbox 1040 3392 1116 3416; x_wconf 82' lang='lat' dir='ltr'>habet</span> <span class='ocrx_word' id='word_1_496' title='bbox 1132 3393 1189 3417; x_wconf 87' lang='lat' dir='ltr'>R.-</span> <span class='ocrx_word' id='word_1_497' title='bbox 1203 3393 1315 3424; x_wconf 74' lang='lat' dir='ltr'>Pei-gunt</span> <span class='ocrx_word' id='word_1_498' title='bbox 1329 3393 1396 3417; x_wconf 85' lang='lat' dir='ltr'>Pab:</span> 
     </span>
     <span class='ocr_line' id='line_1_75' title="bbox 344 3426 1396 3459; baseline 0.002 -9"><span class='ocrx_word' id='word_1_499' title='bbox 344 3427 375 3451; x_wconf 86' lang='lat' dir='ltr'>Si</span> <span class='ocrx_word' id='word_1_500' title='bbox 386 3427 454 3451; x_wconf 84' lang='lat' dir='ltr'>enim</span> <span class='ocrx_word' id='word_1_501' title='bbox 464 3426 634 3454; x_wconf 80' lang='lat' dir='ltr'>alteraretur,</span> <span class='ocrx_word' id='word_1_502' title='bbox 645 3434 696 3451; x_wconf 88' lang='lat' dir='ltr'>non</span> <span class='ocrx_word' id='word_1_503' title='bbox 707 3433 809 3458; x_wconf 81' lang='lat' dir='ltr'>semper</span> <span class='ocrx_word' id='word_1_504' title='bbox 822 3430 970 3451; x_wconf 82' lang='lat' dir='ltr'>remaneret</span> <span class='ocrx_word' id='word_1_505' title='bbox 983 3427 1074 3451; x_wconf 86' lang='lat' dir='ltr'>eadem</span> <span class='ocrx_word' id='word_1_506' title='bbox 1089 3427 1225 3459; x_wconf 81' lang='lat' dir='ltr'>dispositio</span> <span class='ocrx_word' id='word_1_507' title='bbox 1238 3428 1274 3452; x_wconf 86' lang='lat' dir='ltr'>ad</span> <span class='ocrx_word' id='word_1_508' title='bbox 1289 3430 1396 3457; x_wconf 86' lang='lat' dir='ltr'>motum,</span> 
     </span>
     <span class='ocr_line' id='line_1_76' title="bbox 343 3461 1396 3495; baseline 0 -9"><span class='ocrx_word' id='word_1_509' title='bbox 343 3465 369 3487; x_wconf 86' lang='lat' dir='ltr'>et</span> <span class='ocrx_word' id='word_1_510' title='bbox 386 3462 424 3487; x_wconf 85' lang='lat' dir='ltr'>sic</span> <span class='ocrx_word' id='word_1_511' title='bbox 443 3468 493 3486; x_wconf 86' lang='lat' dir='ltr'>non</span> <span class='ocrx_word' id='word_1_512' title='bbox 513 3464 579 3486; x_wconf 83' lang='lat' dir='ltr'>esset</span> <span class='ocrx_word' id='word_1_513' title='bbox 597 3464 683 3485; x_wconf 84' lang='lat' dir='ltr'>motus</span> <span class='ocrx_word' id='word_1_514' title='bbox 702 3461 757 3485; x_wconf 83' lang='lat' dir='ltr'>eius</span> <span class='ocrx_word' id='word_1_515' title='bbox 771 3461 924 3495; x_wconf 77' lang='lat' dir='ltr'>uniformis5</span> <span class='ocrx_word' id='word_1_516' title='bbox 943 3462 1018 3486; x_wconf 87' lang='lat' dir='ltr'>lom.</span> <span class='ocrx_word' id='word_1_517' title='bbox 1029 3469 1131 3493; x_wconf 79' lang='lat' dir='ltr'>semper</span> <span class='ocrx_word' id='word_1_518' title='bbox 1138 3469 1146 3491; x_wconf 89' lang='lat'><em>;</em></span> <span class='ocrx_word' id='word_1_519' title='bbox 1164 3462 1249 3492; x_wconf 86' lang='lat' dir='ltr'>AIKQ</span> <span class='ocrx_word' id='word_1_520' title='bbox 1265 3470 1317 3486; x_wconf 91' lang='lat' dir='ltr'>om.</span> <span class='ocrx_word' id='word_1_521' title='bbox 1332 3462 1396 3487; x_wconf 79' lang='lat' dir='ltr'>eius.</span> 
     </span>
    </p>

    <p class='ocr_par' dir='ltr' id='par_1_19' title="bbox 344 3496 1397 3561">
     <span class='ocr_line' id='line_1_77' title="bbox 396 3496 1397 3530; baseline 0.002 -10"><span class='ocrx_word' id='word_1_522' title='bbox 396 3496 423 3530; x_wconf 91' lang='grc' dir='ltr'>η)</span> <span class='ocrx_word' id='word_1_523' title='bbox 443 3496 487 3521; x_wconf 84' lang='lat' dir='ltr'>ubi</span> <span class='ocrx_word' id='word_1_524' title='bbox 504 3496 546 3521; x_wconf 81' lang='lat' dir='ltr'>sit.</span> <span class='ocrx_word' id='word_1_525' title='bbox 560 3507 578 3515; x_wconf 88' lang='lat'>—-</span> <span class='ocrx_word' id='word_1_526' title='bbox 591 3496 627 3520; x_wconf 80' lang='lat' dir='ltr'>Ita</span> <span class='ocrx_word' id='word_1_527' title='bbox 638 3497 666 3526; x_wconf 84' lang='grc' dir='ltr'>Ρ,</span> <span class='ocrx_word' id='word_1_528' title='bbox 680 3497 771 3520; x_wconf 87' lang='lat' dir='ltr'>Venet.</span> <span class='ocrx_word' id='word_1_529' title='bbox 788 3496 854 3527; x_wconf 85' lang='lat'>1504</span> <span class='ocrx_word' id='word_1_530' title='bbox 867 3501 891 3520; x_wconf 87' lang='lat' dir='ltr'>et</span> <span class='ocrx_word' id='word_1_531' title='bbox 905 3504 994 3529; x_wconf 87' lang='lat' dir='ltr'>margo</span> <span class='ocrx_word' id='word_1_532' title='bbox 1013 3497 1046 3527; x_wconf 87' lang='lat' dir='ltr'>Z;</span> <span class='ocrx_word' id='word_1_533' title='bbox 1065 3497 1136 3528; x_wconf 88' lang='lat' dir='ltr'>quod</span> <span class='ocrx_word' id='word_1_534' title='bbox 1149 3497 1217 3522; x_wconf 84' lang='lat' dir='ltr'>unde</span> <span class='ocrx_word' id='word_1_535' title='bbox 1230 3497 1265 3522; x_wconf 83' lang='lat' dir='ltr'>sit</span> <span class='ocrx_word' id='word_1_536' title='bbox 1283 3497 1311 3527; x_wconf 84' lang='lat' dir='ltr'>E,</span> <span class='ocrx_word' id='word_1_537' title='bbox 1326 3497 1397 3528; x_wconf 86' lang='lat' dir='ltr'>quod</span> 
     </span>
     <span class='ocr_line' id='line_1_78' title="bbox 344 3530 1172 3561; baseline 0 -5"><span class='ocrx_word' id='word_1_538' title='bbox 344 3539 424 3556; x_wconf 82' lang='lat' dir='ltr'>unum</span> <span class='ocrx_word' id='word_1_539' title='bbox 443 3531 478 3556; x_wconf 87' lang='lat' dir='ltr'>sit</span> <span class='ocrx_word' id='word_1_540' title='bbox 496 3531 527 3561; x_wconf 90' lang='lat' dir='ltr'>G,</span> <span class='ocrx_word' id='word_1_541' title='bbox 542 3538 622 3555; x_wconf 86' lang='lat' dir='ltr'>unum</span> <span class='ocrx_word' id='word_1_542' title='bbox 640 3531 676 3556; x_wconf 87' lang='lat' dir='ltr'>sit</span> <span class='ocrx_word' id='word_1_543' title='bbox 694 3530 727 3561; x_wconf 88' lang='lat' dir='ltr'>Q,</span> <span class='ocrx_word' id='word_1_544' title='bbox 743 3531 812 3556; x_wconf 86' lang='lat' dir='ltr'>unde</span> <span class='ocrx_word' id='word_1_545' title='bbox 829 3532 864 3556; x_wconf 82' lang='lat' dir='ltr'>sit</span> <span class='ocrx_word' id='word_1_546' title='bbox 882 3536 930 3556; x_wconf 84' lang='lat' dir='ltr'>cet.</span> <span class='ocrx_word' id='word_1_547' title='bbox 944 3537 969 3556; x_wconf 86' lang='lat' dir='ltr'>et</span> <span class='ocrx_word' id='word_1_548' title='bbox 987 3539 1003 3556; x_wconf 87' lang='lat' dir='ltr'>a</span> <span class='ocrx_word' id='word_1_549' title='bbox 1014 3532 1037 3556; x_wconf 83' lang='lat' dir='ltr'>b.</span> <span class='ocrx_word' id='word_1_550' title='bbox 1057 3532 1094 3556; x_wconf 91' lang='lat' dir='ltr'>Cf.</span> <span class='ocrx_word' id='word_1_551' title='bbox 1108 3540 1133 3556; x_wconf 93' lang='lat' dir='ltr'>n.</span> <span class='ocrx_word' id='word_1_552' title='bbox 1151 3540 1172 3556; x_wconf 88' lang='lat'>1.</span> 
     </span>
    </p>
   </div>
   <div class='ocr_carea' id='block_1_17' title="bbox 484 3582 815 3615">
    <p class='ocr_par' dir='ltr' id='par_1_20' title="bbox 484 3582 815 3615">
     <span class='ocr_line' id='line_1_79' title="bbox 484 3582 815 3615; baseline 0 -9"><span class='ocrx_word' id='word_1_553' title='bbox 484 3583 553 3615; x_wconf 85' lang='lat' dir='ltr'>Opp.</span> <span class='ocrx_word' id='word_1_554' title='bbox 573 3583 602 3606; x_wconf 92' lang='lat' dir='ltr'>D.</span> <span class='ocrx_word' id='word_1_555' title='bbox 617 3582 730 3607; x_wconf 65' lang='lat' dir='ltr'>Tuonmn</span> <span class='ocrx_word' id='word_1_556' title='bbox 749 3582 779 3606; x_wconf 81' lang='lat' dir='ltr'>T.</span> <span class='ocrx_word' id='word_1_557' title='bbox 795 3582 815 3606; x_wconf 94' lang='lat'>11</span> 
     </span>
    </p>
   </div>
   <div class='ocr_carea' id='block_1_18' title="bbox 1452 326 2544 1788">
    <p class='ocr_par' dir='ltr' id='par_1_21' title="bbox 1453 326 2510 417">
     <span class='ocr_line' id='line_1_80' title="bbox 1453 326 2510 378; baseline 0.007 -16"><span class='ocrx_word' id='word_1_558' title='bbox 1453 326 1680 375; x_wconf 90' lang='lat' dir='ltr'>principium</span> <span class='ocrx_word' id='word_1_559' title='bbox 1707 329 1820 376; x_wconf 88' lang='lat' dir='ltr'>primi</span> <span class='ocrx_word' id='word_1_560' title='bbox 1850 338 1974 367; x_wconf 88' lang='lat' dir='ltr'>motus</span> <span class='ocrx_word' id='word_1_561' title='bbox 2003 343 2081 368; x_wconf 90' lang='lat' dir='ltr'>non</span> <span class='ocrx_word' id='word_1_562' title='bbox 2100 331 2146 368; x_wconf 91' lang='lat' dir='ltr'>sit</span> <span class='ocrx_word' id='word_1_563' title='bbox 2167 331 2205 368; x_wconf 88' lang='lat' dir='ltr'>in</span> <span class='ocrx_word' id='word_1_564' title='bbox 2225 339 2364 378; x_wconf 92' lang='lat' dir='ltr'>centro,</span> <span class='ocrx_word' id='word_1_565' title='bbox 2385 333 2478 370; x_wconf 88' lang='lat' dir='ltr'>sed</span> <span class='ocrx_word' id='word_1_566' title='bbox 2470 345 2510 370; x_wconf 81' lang='lat' dir='ltr'>in</span> 
     </span>
     <span class='ocr_line' id='line_1_81' title="bbox 1456 378 1765 418; baseline 0.01 -4"><span class='ocrx_word' id='word_1_567' title='bbox 1456 378 1765 418; x_wconf 88' lang='lat' dir='ltr'>circumferentia.</span> 
     </span>
    </p>

    <p class='ocr_par' dir='ltr' id='par_1_22' title="bbox 1452 431 2510 1515">
     <span class='ocr_line' id='line_1_82' title="bbox 1509 431 2510 473; baseline 0.006 -6"><span class='ocrx_word' id='word_1_568' title='bbox 1509 431 1544 467; x_wconf 87' lang='lat'>6.</span> <span class='ocrx_word' id='word_1_569' title='bbox 1566 432 1642 468; x_wconf 90' lang='lat' dir='ltr'>Sed</span> <span class='ocrx_word' id='word_1_570' title='bbox 1656 440 1745 469; x_wconf 92' lang='lat' dir='ltr'>tunc</span> <span class='ocrx_word' id='word_1_571' title='bbox 1760 433 1876 470; x_wconf 88' lang='lat' dir='ltr'>oritur</span> <span class='ocrx_word' id='word_1_572' title='bbox 1891 435 2070 471; x_wconf 87' lang='lat' dir='ltr'>dubitatio</span> <span class='ocrx_word' id='word_1_573' title='bbox 2091 436 2136 472; x_wconf 89' lang='lat' dir='ltr'>de</span> <span class='ocrx_word' id='word_1_574' title='bbox 2158 436 2410 473; x_wconf 90' lang='lat' dir='ltr'>conclusione.</span> <span class='ocrx_word' id='word_1_575' title='bbox 2431 437 2510 473; x_wconf 91' lang='lat' dir='ltr'>Pri-</span> 
     </span>
     <span class='ocr_line' id='line_1_83' title="bbox 1455 484 2509 535; baseline 0.007 -17"><span class='ocrx_word' id='word_1_576' title='bbox 1455 494 1563 519; x_wconf 90' lang='lat' dir='ltr'>mum</span> <span class='ocrx_word' id='word_1_577' title='bbox 1584 484 1683 520; x_wconf 91' lang='lat' dir='ltr'>enim</span> <span class='ocrx_word' id='word_1_578' title='bbox 1702 497 1876 532; x_wconf 85' lang='lat' dir='ltr'>movens,</span> <span class='ocrx_word' id='word_1_579' title='bbox 1895 494 1937 522; x_wconf 92' lang='lat' dir='ltr'>ut</span> <span class='ocrx_word' id='word_1_580' title='bbox 1963 487 2059 523; x_wconf 88' lang='lat' dir='ltr'>infra</span> <span class='ocrx_word' id='word_1_581' title='bbox 2075 488 2094 508; x_wconf 53' lang='lat'>²³</span> <span class='ocrx_word' id='word_1_582' title='bbox 2113 488 2320 535; x_wconf 91' lang='lat' dir='ltr'>concludet,</span> <span class='ocrx_word' id='word_1_583' title='bbox 2343 496 2398 525; x_wconf 89' lang='lat' dir='ltr'>est</span> <span class='ocrx_word' id='word_1_584' title='bbox 2415 489 2509 525; x_wconf 91' lang='lat' dir='ltr'>indi-</span> 
     </span>
     <span class='ocr_line' id='line_1_84' title="bbox 1453 535 2509 587; baseline 0.008 -17"><span class='ocrx_word' id='word_1_585' title='bbox 1453 535 1600 572; x_wconf 92' lang='lat' dir='ltr'>visibile</span> <span class='ocrx_word' id='word_1_586' title='bbox 1621 544 1657 573; x_wconf 91' lang='lat' dir='ltr'>et</span> <span class='ocrx_word' id='word_1_587' title='bbox 1675 538 1817 574; x_wconf 90' lang='lat' dir='ltr'>nullam</span> <span class='ocrx_word' id='word_1_588' title='bbox 1836 539 1980 575; x_wconf 87' lang='lat' dir='ltr'>habens</span> <span class='ocrx_word' id='word_1_589' title='bbox 2004 540 2318 587; x_wconf 83' lang='lat' dir='ltr'>magnitudinem3</span> <span class='ocrx_word' id='word_1_590' title='bbox 2339 553 2410 578; x_wconf 91' lang='lat' dir='ltr'>nec</span> <span class='ocrx_word' id='word_1_591' title='bbox 2429 541 2509 578; x_wconf 89' lang='lat' dir='ltr'>eius</span> 
     </span>
     <span class='ocr_line' id='line_1_85' title="bbox 1454 588 2508 639; baseline 0.007 -16"><span class='ocrx_word' id='word_1_592' title='bbox 1454 588 1621 635; x_wconf 89' lang='lat' dir='ltr'>potentia</span> <span class='ocrx_word' id='word_1_593' title='bbox 1640 596 1694 625; x_wconf 89' lang='lat' dir='ltr'>est</span> <span class='ocrx_word' id='word_1_594' title='bbox 1712 590 1879 637; x_wconf 91' lang='lat' dir='ltr'>potentia</span> <span class='ocrx_word' id='word_1_595' title='bbox 1899 591 1937 627; x_wconf 92' lang='lat' dir='ltr'>in</span> <span class='ocrx_word' id='word_1_596' title='bbox 1956 592 2222 639; x_wconf 87' lang='lat' dir='ltr'>magnitudine.</span> <span class='ocrx_word' id='word_1_597' title='bbox 2245 593 2361 639; x_wconf 91' lang='lat' dir='ltr'>Quod</span> <span class='ocrx_word' id='word_1_598' title='bbox 2380 601 2508 630; x_wconf 90' lang='lat' dir='ltr'>autem</span> 
     </span>
     <span class='ocr_line' id='line_1_86' title="bbox 1455 640 2508 688; baseline 0.008 -13"><span class='ocrx_word' id='word_1_599' title='bbox 1455 647 1510 676; x_wconf 90' lang='lat' dir='ltr'>est</span> <span class='ocrx_word' id='word_1_600' title='bbox 1527 640 1758 688; x_wconf 85' lang='lat' dir='ltr'>huiusmodi,</span> <span class='ocrx_word' id='word_1_601' title='bbox 1778 654 1856 679; x_wconf 92' lang='lat' dir='ltr'>non</span> <span class='ocrx_word' id='word_1_602' title='bbox 1878 643 2027 680; x_wconf 88' lang='lat' dir='ltr'>videtur</span> <span class='ocrx_word' id='word_1_603' title='bbox 2054 645 2194 681; x_wconf 88' lang='lat' dir='ltr'>habere</span> <span class='ocrx_word' id='word_1_604' title='bbox 2219 645 2508 682; x_wconf 88' lang='lat' dir='ltr'>determinatum</span> 
     </span>
     <span class='ocr_line' id='line_1_87' title="bbox 1454 692 2508 745; baseline 0.007 -17"><span class='ocrx_word' id='word_1_605' title='bbox 1454 692 1565 729; x_wconf 89' lang='lat' dir='ltr'>situm</span> <span class='ocrx_word' id='word_1_606' title='bbox 1593 692 1632 729; x_wconf 92' lang='lat' dir='ltr'>in</span> <span class='ocrx_word' id='word_1_607' title='bbox 1653 705 1828 742; x_wconf 89' lang='lat' dir='ltr'>corpore:</span> <span class='ocrx_word' id='word_1_608' title='bbox 1848 707 1926 731; x_wconf 92' lang='lat' dir='ltr'>non</span> <span class='ocrx_word' id='word_1_609' title='bbox 1946 708 2034 743; x_wconf 87' lang='lat' dir='ltr'>ergo</span> <span class='ocrx_word' id='word_1_610' title='bbox 2056 697 2266 734; x_wconf 91' lang='lat' dir='ltr'>convenit</span> <span class='ocrx_word' id='word_1_611' title='bbox 2281 698 2405 745; x_wconf 90' lang='lat' dir='ltr'>primo</span> <span class='ocrx_word' id='word_1_612' title='bbox 2425 710 2508 735; x_wconf 92' lang='lat' dir='ltr'>mo-</span> 
     </span>
     <span class='ocr_line' id='line_1_88' title="bbox 1453 745 2508 798; baseline 0.007 -18"><span class='ocrx_word' id='word_1_613' title='bbox 1453 745 1524 780; x_wconf 91' lang='lat' dir='ltr'>tori</span> <span class='ocrx_word' id='word_1_614' title='bbox 1545 756 1625 781; x_wconf 90' lang='lat' dir='ltr'>esse</span> <span class='ocrx_word' id='word_1_615' title='bbox 1645 747 1764 793; x_wconf 87' lang='lat' dir='ltr'>magis</span> <span class='ocrx_word' id='word_1_616' title='bbox 1783 746 1821 783; x_wconf 89' lang='lat' dir='ltr'>in</span> <span class='ocrx_word' id='word_1_617' title='bbox 1839 760 1915 784; x_wconf 91' lang='lat' dir='ltr'>una</span> <span class='ocrx_word' id='word_1_618' title='bbox 1938 755 2041 796; x_wconf 87' lang='lat' dir='ltr'>parte</span> <span class='ocrx_word' id='word_1_619' title='bbox 2059 749 2172 797; x_wconf 91' lang='lat' dir='ltr'>primi</span> <span class='ocrx_word' id='word_1_620' title='bbox 2181 750 2371 796; x_wconf 79' lang='lat' dir='ltr'>*mobilis‚</span> <span class='ocrx_word' id='word_1_621' title='bbox 2393 762 2508 798; x_wconf 88' lang='lat' dir='ltr'>quam</span> 
     </span>
     <span class='ocr_line' id='line_1_89' title="bbox 1453 796 2506 860; baseline 0.007 -28"><span class='ocrx_word' id='word_1_622' title='bbox 1453 796 1492 832; x_wconf 90' lang='lat' dir='ltr'>in</span> <span class='ocrx_word' id='word_1_623' title='bbox 1520 797 1633 833; x_wconf 90' lang='lat' dir='ltr'>alia.-</span> <span class='ocrx_word' id='word_1_624' title='bbox 1647 798 1723 834; x_wconf 91' lang='lat' dir='ltr'>Sed</span> <span class='ocrx_word' id='word_1_625' title='bbox 1752 799 1955 836; x_wconf 90' lang='lat' dir='ltr'>dicendum</span> <span class='ocrx_word' id='word_1_626' title='bbox 1976 808 2031 837; x_wconf 89' lang='lat' dir='ltr'>est</span> <span class='ocrx_word' id='word_1_627' title='bbox 2049 802 2153 860; x_wconf 81' lang='lat' dir='ltr'>quod</span> <span class='ocrx_word' id='word_1_628' title='bbox 2182 802 2314 838; x_wconf 88' lang='lat' dir='ltr'>dicitur</span> <span class='ocrx_word' id='word_1_629' title='bbox 2340 802 2506 850; x_wconf 91' lang='lat' dir='ltr'>primum</span> 
     </span>
     <span class='ocr_line' id='line_1_90' title="bbox 1454 850 2509 903; baseline 0.007 -19"><span class='ocrx_word' id='word_1_630' title='bbox 1454 861 1615 886; x_wconf 89' lang='lat' dir='ltr'>movens</span> <span class='ocrx_word' id='word_1_631' title='bbox 1635 862 1716 886; x_wconf 92' lang='lat' dir='ltr'>esse</span> <span class='ocrx_word' id='word_1_632' title='bbox 1736 850 1775 887; x_wconf 94' lang='lat' dir='ltr'>in</span> <span class='ocrx_word' id='word_1_633' title='bbox 1793 851 1918 898; x_wconf 85' lang='lat' dir='ltr'>aliqua</span> <span class='ocrx_word' id='word_1_634' title='bbox 1936 860 2040 900; x_wconf 87' lang='lat' dir='ltr'>parte</span> <span class='ocrx_word' id='word_1_635' title='bbox 2061 854 2117 890; x_wconf 90' lang='lat' dir='ltr'>sui</span> <span class='ocrx_word' id='word_1_636' title='bbox 2136 854 2296 901; x_wconf 84' lang='lat' dir='ltr'>mobilis,</span> <span class='ocrx_word' id='word_1_637' title='bbox 2313 867 2392 891; x_wconf 88' lang='lat' dir='ltr'>non</span> <span class='ocrx_word' id='word_1_638' title='bbox 2405 867 2473 903; x_wconf 91' lang='lat' dir='ltr'>per</span> <span class='ocrx_word' id='word_1_639' title='bbox 2490 856 2509 877; x_wconf 52' lang='grc' dir='ltr'>’Β</span> 
     </span>
     <span class='ocr_line' id='line_1_91' title="bbox 1454 900 2507 962; baseline 0.007 -25"><span class='ocrx_word' id='word_1_640' title='bbox 1454 900 1806 962; x_wconf 87' lang='lat' dir='ltr'>determinationem</span> <span class='ocrx_word' id='word_1_641' title='bbox 1834 916 1924 940; x_wconf 90' lang='lat' dir='ltr'>suae</span> <span class='ocrx_word' id='word_1_642' title='bbox 1953 906 2194 953; x_wconf 89' lang='lat' dir='ltr'>substantiae,</span> <span class='ocrx_word' id='word_1_643' title='bbox 2215 906 2283 943; x_wconf 90' lang='lat' dir='ltr'>sed</span> <span class='ocrx_word' id='word_1_644' title='bbox 2301 918 2369 954; x_wconf 89' lang='lat' dir='ltr'>per</span> <span class='ocrx_word' id='word_1_645' title='bbox 2388 907 2407 927; x_wconf 68' lang='lat'>&#39;²‘</span> <span class='ocrx_word' id='word_1_646' title='bbox 2428 908 2507 944; x_wconf 87' lang='lat' dir='ltr'>effi-</span> 
     </span>
     <span class='ocr_line' id='line_1_92' title="bbox 1454 953 2544 1013; baseline 0.008 -25"><span class='ocrx_word' id='word_1_647' title='bbox 1454 953 1663 990; x_wconf 63' lang='lat' dir='ltr'>dentiam·-</span> <span class='ocrx_word' id='word_1_648' title='bbox 1657 959 1818 1013; x_wconf 81' lang='lat' dir='ltr'>motus,</span> <span class='ocrx_word' id='word_1_649' title='bbox 1839 957 1928 1003; x_wconf 93' lang='lat' dir='ltr'>quia</span> <span class='ocrx_word' id='word_1_650' title='bbox 1948 969 1993 993; x_wconf 89' lang='lat' dir='ltr'>ex</span> <span class='ocrx_word' id='word_1_651' title='bbox 2013 957 2136 1005; x_wconf 88' lang='lat' dir='ltr'>aliqua</span> <span class='ocrx_word' id='word_1_652' title='bbox 2154 966 2260 1006; x_wconf 90' lang='lat' dir='ltr'>parte</span> <span class='ocrx_word' id='word_1_653' title='bbox 2280 958 2336 995; x_wconf 92' lang='lat' dir='ltr'>sui</span> <span class='ocrx_word' id='word_1_654' title='bbox 2358 960 2544 996; x_wconf 83' lang='lat' dir='ltr'>mobilis·</span> 
     </span>
     <span class='ocr_line' id='line_1_93' title="bbox 1453 1007 2510 1058; baseline 0.007 -17"><span class='ocrx_word' id='word_1_655' title='bbox 1453 1017 1610 1042; x_wconf 90' lang='lat' dir='ltr'>movere</span> <span class='ocrx_word' id='word_1_656' title='bbox 1637 1007 1766 1055; x_wconf 91' lang='lat' dir='ltr'>incipit</span> <span class='ocrx_word' id='word_1_657' title='bbox 1796 1009 1831 1052; x_wconf 77' lang='lat'>*;</span> <span class='ocrx_word' id='word_1_658' title='bbox 1866 1015 1903 1044; x_wconf 89' lang='lat' dir='ltr'>et</span> <span class='ocrx_word' id='word_1_659' title='bbox 1929 1009 2014 1046; x_wconf 92' lang='lat' dir='ltr'>ideo</span> <span class='ocrx_word' id='word_1_660' title='bbox 2042 1010 2168 1058; x_wconf 91' lang='lat' dir='ltr'>potius</span> <span class='ocrx_word' id='word_1_661' title='bbox 2201 1011 2333 1047; x_wconf 90' lang='lat' dir='ltr'>dicitur</span> <span class='ocrx_word' id='word_1_662' title='bbox 2361 1023 2442 1047; x_wconf 88' lang='lat' dir='ltr'>esse</span> <span class='ocrx_word' id='word_1_663' title='bbox 2470 1012 2510 1048; x_wconf 93' lang='lat' dir='ltr'>in</span> 
     </span>
     <span class='ocr_line' id='line_1_94' title="bbox 1453 1058 2509 1110; baseline 0.008 -18"><span class='ocrx_word' id='word_1_664' title='bbox 1453 1058 1557 1093; x_wconf 85' lang='lat' dir='ltr'>caelo</span> <span class='ocrx_word' id='word_1_665' title='bbox 1586 1071 1701 1106; x_wconf 89' lang='lat' dir='ltr'>quam</span> <span class='ocrx_word' id='word_1_666' title='bbox 1729 1061 1768 1096; x_wconf 94' lang='lat' dir='ltr'>in</span> <span class='ocrx_word' id='word_1_667' title='bbox 1795 1067 1904 1107; x_wconf 82' lang='lat' dir='ltr'>terra,</span> <span class='ocrx_word' id='word_1_668' title='bbox 1934 1069 1970 1097; x_wconf 91' lang='lat' dir='ltr'>et</span> <span class='ocrx_word' id='word_1_669' title='bbox 1996 1063 2120 1110; x_wconf 87' lang='lat' dir='ltr'>potius</span> <span class='ocrx_word' id='word_1_670' title='bbox 2153 1063 2190 1099; x_wconf 88' lang='lat' dir='ltr'>in</span> <span class='ocrx_word' id='word_1_671' title='bbox 2220 1063 2379 1110; x_wconf 90' lang='lat' dir='ltr'>oriente,</span> <span class='ocrx_word' id='word_1_672' title='bbox 2407 1064 2509 1100; x_wconf 88' lang='lat' dir='ltr'>unde</span> 
     </span>
     <span class='ocr_line' id='line_1_95' title="bbox 1452 1108 2510 1162; baseline 0.008 -18"><span class='ocrx_word' id='word_1_673' title='bbox 1452 1108 1590 1156; x_wconf 89' lang='lat' dir='ltr'>incipit.</span> <span class='ocrx_word' id='word_1_674' title='bbox 1631 1111 1746 1156; x_wconf 91' lang='lat' dir='ltr'>Quod</span> <span class='ocrx_word' id='word_1_675' title='bbox 1774 1124 1852 1148; x_wconf 92' lang='lat' dir='ltr'>non</span> <span class='ocrx_word' id='word_1_676' title='bbox 1879 1120 2002 1160; x_wconf 91' lang='lat' dir='ltr'>potest</span> <span class='ocrx_word' id='word_1_677' title='bbox 2029 1114 2179 1162; x_wconf 87' lang='lat' dir='ltr'>intelligi</span> <span class='ocrx_word' id='word_1_678' title='bbox 2207 1115 2417 1152; x_wconf 90' lang='lat' dir='ltr'>secundum</span> <span class='ocrx_word' id='word_1_679' title='bbox 2445 1116 2510 1152; x_wconf 90' lang='lat' dir='ltr'>ali-</span> 
     </span>
     <span class='ocr_line' id='line_1_96' title="bbox 1452 1162 2510 1215; baseline 0.008 -18"><span class='ocrx_word' id='word_1_680' title='bbox 1452 1173 1569 1208; x_wconf 92' lang='lat' dir='ltr'>quarn</span> <span class='ocrx_word' id='word_1_681' title='bbox 1597 1162 1815 1199; x_wconf 87' lang='lat' dir='ltr'>affixionem</span> <span class='ocrx_word' id='word_1_682' title='bbox 1840 1165 1996 1202; x_wconf 90' lang='lat' dir='ltr'>motoris</span> <span class='ocrx_word' id='word_1_683' title='bbox 2024 1167 2120 1203; x_wconf 89' lang='lat' dir='ltr'>illius</span> <span class='ocrx_word' id='word_1_684' title='bbox 2140 1167 2187 1204; x_wconf 89' lang='lat' dir='ltr'>ad</span> <span class='ocrx_word' id='word_1_685' title='bbox 2215 1174 2362 1215; x_wconf 90' lang='lat' dir='ltr'>partem</span> <span class='ocrx_word' id='word_1_686' title='bbox 2390 1168 2510 1204; x_wconf 90' lang='lat' dir='ltr'>deter-</span> 
     </span>
     <span class='ocr_line' id='line_1_97' title="bbox 1452 1213 2510 1267; baseline 0.008 -18"><span class='ocrx_word' id='word_1_687' title='bbox 1452 1213 1635 1250; x_wconf 89' lang='lat' dir='ltr'>minatam</span> <span class='ocrx_word' id='word_1_688' title='bbox 1663 1215 1826 1262; x_wconf 87' lang='lat' dir='ltr'>mobilis,</span> <span class='ocrx_word' id='word_1_689' title='bbox 1848 1229 1934 1253; x_wconf 90' lang='lat' dir='ltr'>cum</span> <span class='ocrx_word' id='word_1_690' title='bbox 1954 1230 2032 1255; x_wconf 92' lang='lat' dir='ltr'>non</span> <span class='ocrx_word' id='word_1_691' title='bbox 2060 1218 2105 1255; x_wconf 92' lang='lat' dir='ltr'>sit</span> <span class='ocrx_word' id='word_1_692' title='bbox 2124 1219 2247 1267; x_wconf 90' lang='lat' dir='ltr'>aliqua</span> <span class='ocrx_word' id='word_1_693' title='bbox 2274 1232 2360 1267; x_wconf 89' lang='lat' dir='ltr'>pars</span> <span class='ocrx_word' id='word_1_694' title='bbox 2389 1220 2510 1257; x_wconf 89' lang='lat' dir='ltr'>deter-</span> 
     </span>
     <span class='ocr_line' id='line_1_98' title="bbox 1452 1266 2510 1320; baseline 0.007 -18"><span class='ocrx_word' id='word_1_695' title='bbox 1452 1266 1594 1303; x_wconf 89' lang='lat' dir='ltr'>minata</span> <span class='ocrx_word' id='word_1_696' title='bbox 1611 1267 1762 1304; x_wconf 91' lang='lat' dir='ltr'>mobilis</span> <span class='ocrx_word' id='word_1_697' title='bbox 1781 1281 1933 1316; x_wconf 89' lang='lat' dir='ltr'>semper</span> <span class='ocrx_word' id='word_1_698' title='bbox 1959 1270 1996 1306; x_wconf 89' lang='lat' dir='ltr'>in</span> <span class='ocrx_word' id='word_1_699' title='bbox 2015 1271 2168 1318; x_wconf 88' lang='lat' dir='ltr'>oriente,</span> <span class='ocrx_word' id='word_1_700' title='bbox 2189 1271 2256 1308; x_wconf 91' lang='lat' dir='ltr'>sed</span> <span class='ocrx_word' id='word_1_701' title='bbox 2284 1284 2381 1320; x_wconf 90' lang='lat' dir='ltr'>quae</span> <span class='ocrx_word' id='word_1_702' title='bbox 2409 1285 2510 1309; x_wconf 90' lang='lat' dir='ltr'>nunc</span> 
     </span>
     <span class='ocr_line' id='line_1_99' title="bbox 1453 1318 2510 1369; baseline 0.006 -14"><span class='ocrx_word' id='word_1_703' title='bbox 1453 1326 1509 1355; x_wconf 89' lang='lat' dir='ltr'>est</span> <span class='ocrx_word' id='word_1_704' title='bbox 1534 1318 1573 1356; x_wconf 93' lang='lat' dir='ltr'>in</span> <span class='ocrx_word' id='word_1_705' title='bbox 1601 1319 1755 1367; x_wconf 90' lang='lat' dir='ltr'>oriente,</span> <span class='ocrx_word' id='word_1_706' title='bbox 1777 1322 2025 1369; x_wconf 89' lang='lat' dir='ltr'>postmodum</span> <span class='ocrx_word' id='word_1_707' title='bbox 2054 1330 2109 1359; x_wconf 92' lang='lat' dir='ltr'>est</span> <span class='ocrx_word' id='word_1_708' title='bbox 2136 1323 2174 1359; x_wconf 90' lang='lat' dir='ltr'>in</span> <span class='ocrx_word' id='word_1_709' title='bbox 2202 1323 2439 1361; x_wconf 35' lang='lat' dir='ltr'>occidente&amp;</span> <span class='ocrx_word' id='word_1_710' title='bbox 2461 1326 2510 1361; x_wconf 91' lang='lat' dir='ltr'>Et</span> 
     </span>
     <span class='ocr_line' id='line_1_100' title="bbox 1453 1371 2509 1419; baseline 0.006 -12"><span class='ocrx_word' id='word_1_711' title='bbox 1453 1371 1505 1407; x_wconf 92' lang='lat' dir='ltr'>sic</span> <span class='ocrx_word' id='word_1_712' title='bbox 1519 1379 1621 1419; x_wconf 91' lang='lat' dir='ltr'>patet</span> <span class='ocrx_word' id='word_1_713' title='bbox 1636 1373 1741 1419; x_wconf 87' lang='lat' dir='ltr'>quod</span> <span class='ocrx_word' id='word_1_714' title='bbox 1757 1373 1888 1410; x_wconf 86' lang='lat' dir='ltr'>dicitur</span> <span class='ocrx_word' id='word_1_715' title='bbox 1903 1386 1985 1410; x_wconf 92' lang='lat' dir='ltr'>esse</span> <span class='ocrx_word' id='word_1_716' title='bbox 1999 1375 2117 1412; x_wconf 88' lang='lat' dir='ltr'>virtus</span> <span class='ocrx_word' id='word_1_717' title='bbox 2132 1387 2293 1412; x_wconf 89' lang='lat' dir='ltr'>movens</span> <span class='ocrx_word' id='word_1_718' title='bbox 2308 1376 2347 1412; x_wconf 92' lang='lat' dir='ltr'>in</span> <span class='ocrx_word' id='word_1_719' title='bbox 2366 1377 2509 1413; x_wconf 83' lang='lat' dir='ltr'>oriente</span> 
     </span>
     <span class='ocr_line' id='line_1_101' title="bbox 1452 1424 2510 1476; baseline 0.006 -17"><span class='ocrx_word' id='word_1_720' title='bbox 1452 1436 1521 1472; x_wconf 91' lang='lat' dir='ltr'>per</span> <span class='ocrx_word' id='word_1_721' title='bbox 1547 1424 1783 1462; x_wconf 89' lang='lat' dir='ltr'>influentiam</span> <span class='ocrx_word' id='word_1_722' title='bbox 1811 1433 1950 1473; x_wconf 87' lang='lat' dir='ltr'>motus,</span> <span class='ocrx_word' id='word_1_723' title='bbox 1973 1434 2008 1463; x_wconf 87' lang='lat' dir='ltr'>et</span> <span class='ocrx_word' id='word_1_724' title='bbox 2035 1440 2113 1464; x_wconf 90' lang='lat' dir='ltr'>non</span> <span class='ocrx_word' id='word_1_725' title='bbox 2135 1439 2205 1476; x_wconf 91' lang='lat' dir='ltr'>per</span> <span class='ocrx_word' id='word_1_726' title='bbox 2233 1428 2510 1465; x_wconf 88' lang='lat' dir='ltr'>determinatio-</span> 
     </span>
     <span class='ocr_line' id='line_1_102' title="bbox 1453 1478 1932 1515; baseline 0.006 -3"><span class='ocrx_word' id='word_1_727' title='bbox 1453 1488 1542 1512; x_wconf 91' lang='lat' dir='ltr'>nem</span> <span class='ocrx_word' id='word_1_728' title='bbox 1572 1489 1662 1513; x_wconf 90' lang='lat' dir='ltr'>suae</span> <span class='ocrx_word' id='word_1_729' title='bbox 1691 1478 1932 1515; x_wconf 88' lang='lat' dir='ltr'>substantiae.</span> 
     </span>
    </p>

    <p class='ocr_par' dir='ltr' id='par_1_23' title="bbox 1452 1530 2511 1788">
     <span class='ocr_line' id='line_1_103' title="bbox 1506 1530 2510 1580; baseline 0.004 -15"><span class='ocrx_word' id='word_1_730' title='bbox 1506 1530 1574 1565; x_wconf 90' lang='lat' dir='ltr'>Est</span> <span class='ocrx_word' id='word_1_731' title='bbox 1602 1530 1714 1566; x_wconf 90' lang='lat' dir='ltr'>etiam</span> <span class='ocrx_word' id='word_1_732' title='bbox 1748 1531 2069 1568; x_wconf 86' lang='lat' dir='ltr'>considerandum</span> <span class='ocrx_word' id='word_1_733' title='bbox 2103 1531 2141 1569; x_wconf 93' lang='lat' dir='ltr'>in</span> <span class='ocrx_word' id='word_1_734' title='bbox 2169 1539 2276 1568; x_wconf 86' lang='lat' dir='ltr'>motu</span> <span class='ocrx_word' id='word_1_735' title='bbox 2310 1532 2510 1580; x_wconf 85' lang='lat' dir='ltr'>sphaerae,</span> 
     </span>
     <span class='ocr_line' id='line_1_104' title="bbox 1454 1581 2510 1632; baseline 0.004 -15"><span class='ocrx_word' id='word_1_736' title='bbox 1454 1581 1559 1628; x_wconf 92' lang='lat' dir='ltr'>quod</span> <span class='ocrx_word' id='word_1_737' title='bbox 1578 1582 1689 1618; x_wconf 92' lang='lat' dir='ltr'>simul</span> <span class='ocrx_word' id='word_1_738' title='bbox 1715 1595 1803 1619; x_wconf 88' lang='lat' dir='ltr'>cum</span> <span class='ocrx_word' id='word_1_739' title='bbox 1830 1591 1960 1620; x_wconf 88' lang='lat' dir='ltr'>motu‘</span> <span class='ocrx_word' id='word_1_740' title='bbox 1979 1585 2093 1620; x_wconf 91' lang='lat' dir='ltr'>habet</span> <span class='ocrx_word' id='word_1_741' title='bbox 2111 1585 2305 1632; x_wconf 89' lang='lat' dir='ltr'>quandam</span> <span class='ocrx_word' id='word_1_742' title='bbox 2333 1584 2510 1621; x_wconf 91' lang='lat' dir='ltr'>immobi-</span> 
     </span>
     <span class='ocr_line' id='line_1_105' title="bbox 1452 1634 2510 1683; baseline 0.004 -14"><span class='ocrx_word' id='word_1_743' title='bbox 1452 1634 1608 1670; x_wconf 89' lang='lat' dir='ltr'>litatem:</span> <span class='ocrx_word' id='word_1_744' title='bbox 1638 1642 1762 1683; x_wconf 91' lang='lat' dir='ltr'>partes</span> <span class='ocrx_word' id='word_1_745' title='bbox 1793 1636 1893 1672; x_wconf 93' lang='lat' dir='ltr'>enim</span> <span class='ocrx_word' id='word_1_746' title='bbox 1931 1643 2134 1673; x_wconf 90' lang='lat' dir='ltr'>moventur</span> <span class='ocrx_word' id='word_1_747' title='bbox 2170 1637 2353 1683; x_wconf 87' lang='lat' dir='ltr'>mutando</span> <span class='ocrx_word' id='word_1_748' title='bbox 2382 1637 2510 1674; x_wconf 90' lang='lat' dir='ltr'>locum</span> 
     </span>
     <span class='ocr_line' id='line_1_106' title="bbox 1455 1687 2511 1735; baseline 0.004 -13"><span class='ocrx_word' id='word_1_749' title='bbox 1455 1694 1490 1722; x_wconf 92' lang='lat' dir='ltr'>et</span> <span class='ocrx_word' id='word_1_750' title='bbox 1510 1688 1529 1707; x_wconf 36' lang='grc' dir='ltr'>ᾗ</span> <span class='ocrx_word' id='word_1_751' title='bbox 1549 1687 1717 1724; x_wconf 90' lang='lat' dir='ltr'>subiecto</span> <span class='ocrx_word' id='word_1_752' title='bbox 1748 1695 1783 1724; x_wconf 91' lang='lat' dir='ltr'>et</span> <span class='ocrx_word' id='word_1_753' title='bbox 1810 1688 1964 1735; x_wconf 91' lang='lat' dir='ltr'>ratione,</span> <span class='ocrx_word' id='word_1_754' title='bbox 1990 1688 2057 1725; x_wconf 87' lang='lat' dir='ltr'>sed</span> <span class='ocrx_word' id='word_1_755' title='bbox 2085 1696 2207 1725; x_wconf 89' lang='lat' dir='ltr'>toturn</span> <span class='ocrx_word' id='word_1_756' title='bbox 2231 1697 2408 1726; x_wconf 89' lang='lat' dir='ltr'>movetur</span> <span class='ocrx_word' id='word_1_757' title='bbox 2426 1702 2511 1726; x_wconf 90' lang='lat' dir='ltr'>mu-</span> 
     </span>
     <span class='ocr_line' id='line_1_107' title="bbox 1454 1739 2510 1788; baseline 0.004 -14"><span class='ocrx_word' id='word_1_758' title='bbox 1454 1739 1569 1775; x_wconf 91' lang='lat' dir='ltr'>tando</span> <span class='ocrx_word' id='word_1_759' title='bbox 1590 1740 1718 1776; x_wconf 91' lang='lat' dir='ltr'>locum</span> <span class='ocrx_word' id='word_1_760' title='bbox 1737 1740 1879 1777; x_wconf 91' lang='lat' dir='ltr'>ratione</span> <span class='ocrx_word' id='word_1_761' title='bbox 1901 1748 1936 1777; x_wconf 90' lang='lat' dir='ltr'>et</span> <span class='ocrx_word' id='word_1_762' title='bbox 1954 1753 2032 1778; x_wconf 92' lang='lat' dir='ltr'>non</span> <span class='ocrx_word' id='word_1_763' title='bbox 2052 1741 2232 1788; x_wconf 87' lang='lat' dir='ltr'>subiecto,</span> <span class='ocrx_word' id='word_1_764' title='bbox 2252 1749 2294 1778; x_wconf 92' lang='lat' dir='ltr'>ut</span> <span class='ocrx_word' id='word_1_765' title='bbox 2312 1741 2349 1778; x_wconf 89' lang='lat' dir='ltr'>in</span> <span class='ocrx_word' id='word_1_766' title='bbox 2370 1749 2473 1778; x_wconf 91' lang='lat' dir='ltr'>sexto</span> <span class='ocrx_word' id='word_1_767' title='bbox 2490 1742 2510 1763; x_wconf 72' lang='lat'>³⁴</span> 
     </span>
    </p>
   </div>
   <div class='ocr_carea' id='block_1_19' title="bbox 1454 1791 2548 1831">
    <p class='ocr_par' dir='ltr' id='par_1_24' title="bbox 1454 1791 2548 1831">
     <span class='ocr_line' id='line_1_108' title="bbox 1454 1791 2548 1831; baseline 0.004 -4"><span class='ocrx_word' id='word_1_768' title='bbox 1454 1791 1626 1827; x_wconf 90' lang='lat' dir='ltr'>habiturn</span> <span class='ocrx_word' id='word_1_769' title='bbox 1655 1799 1720 1829; x_wconf 91' lang='lat' dir='ltr'>est.</span> <span class='ocrx_word' id='word_1_770' title='bbox 1757 1793 1805 1828; x_wconf 92' lang='lat' dir='ltr'>Et</span> <span class='ocrx_word' id='word_1_771' title='bbox 1831 1793 1926 1829; x_wconf 89' lang='lat' dir='ltr'>haec</span> <span class='ocrx_word' id='word_1_772' title='bbox 1963 1794 2038 1830; x_wconf 93' lang='lat' dir='ltr'>duo</span> <span class='ocrx_word' id='word_1_773' title='bbox 2076 1794 2325 1830; x_wconf 88' lang='lat' dir='ltr'>attribuuntur</span> <span class='ocrx_word' id='word_1_774' title='bbox 2362 1794 2511 1831; x_wconf 91' lang='lat' dir='ltr'>duobus</span> <span class='ocrx_word' id='word_1_775' title='bbox 2538 1806 2548 1815; x_wconf 74' lang='grc'>·</span> 
     </span>
    </p>
   </div>
   <div class='ocr_carea' id='block_1_20' title="bbox 1453 1843 2512 2258">
    <p class='ocr_par' dir='ltr' id='par_1_25' title="bbox 1453 1843 2512 2039">
     <span class='ocr_line' id='line_1_109' title="bbox 1453 1843 2512 1904; baseline 0.004 -25"><span class='ocrx_word' id='word_1_776' title='bbox 1453 1843 1643 1903; x_wconf 80' lang='lat' dir='ltr'>principiis</span> <span class='ocrx_word' id='word_1_777' title='bbox 1671 1845 1936 1904; x_wconf 80' lang='lat' dir='ltr'>magnitudinis</span> <span class='ocrx_word' id='word_1_778' title='bbox 1965 1846 2182 1904; x_wconf 86' lang='lat' dir='ltr'>sphaericae</span> <span class='ocrx_word' id='word_1_779' title='bbox 2210 1846 2257 1882; x_wconf 89' lang='lat' dir='ltr'>de</span> <span class='ocrx_word' id='word_1_780' title='bbox 2286 1846 2423 1893; x_wconf 92' lang='lat' dir='ltr'>quibus</span> <span class='ocrx_word' id='word_1_781' title='bbox 2450 1847 2512 1884; x_wconf 92' lang='lat' dir='ltr'>hic</span> 
     </span>
     <span class='ocr_line' id='line_1_110' title="bbox 1455 1896 2509 1947; baseline 0.003 -15"><span class='ocrx_word' id='word_1_782' title='bbox 1455 1896 1497 1931; x_wconf 88' lang='lat' dir='ltr'>fit</span> <span class='ocrx_word' id='word_1_783' title='bbox 1525 1896 1687 1933; x_wconf 89' lang='lat' dir='ltr'>mentio:</span> <span class='ocrx_word' id='word_1_784' title='bbox 1717 1909 1806 1934; x_wconf 89' lang='lat' dir='ltr'>nam</span> <span class='ocrx_word' id='word_1_785' title='bbox 1833 1897 2060 1946; x_wconf 88' lang='lat' dir='ltr'>principium</span> <span class='ocrx_word' id='word_1_786' title='bbox 2086 1906 2213 1935; x_wconf 90' lang='lat' dir='ltr'>motus</span> <span class='ocrx_word' id='word_1_787' title='bbox 2247 1906 2301 1934; x_wconf 91' lang='lat' dir='ltr'>est</span> <span class='ocrx_word' id='word_1_788' title='bbox 2330 1911 2375 1935; x_wconf 89' lang='lat' dir='ltr'>ex</span> <span class='ocrx_word' id='word_1_789' title='bbox 2401 1907 2509 1947; x_wconf 88' lang='lat' dir='ltr'>parte</span> 
     </span>
     <span class='ocr_line' id='line_1_111' title="bbox 1456 1948 2512 1998; baseline 0.004 -14"><span class='ocrx_word' id='word_1_790' title='bbox 1456 1948 1797 1997; x_wconf 83' lang='lat' dir='ltr'>circumferentiae,</span> <span class='ocrx_word' id='word_1_791' title='bbox 1830 1950 2057 1998; x_wconf 90' lang='lat' dir='ltr'>principium</span> <span class='ocrx_word' id='word_1_792' title='bbox 2084 1959 2212 1988; x_wconf 89' lang='lat' dir='ltr'>autem</span> <span class='ocrx_word' id='word_1_793' title='bbox 2240 1950 2512 1988; x_wconf 89' lang='lat' dir='ltr'>immobilitatis</span> 
     </span>
     <span class='ocr_line' id='line_1_112' title="bbox 1456 2002 1907 2039; baseline 0.005 -2"><span class='ocrx_word' id='word_1_794' title='bbox 1456 2008 1512 2037; x_wconf 90' lang='lat' dir='ltr'>est</span> <span class='ocrx_word' id='word_1_795' title='bbox 1540 2014 1584 2037; x_wconf 91' lang='lat' dir='ltr'>ex</span> <span class='ocrx_word' id='word_1_796' title='bbox 1612 2002 1751 2038; x_wconf 91' lang='lat' dir='ltr'>fixione</span> <span class='ocrx_word' id='word_1_797' title='bbox 1781 2003 1907 2039; x_wconf 90' lang='lat' dir='ltr'>centri.</span> 
     </span>
    </p>

    <p class='ocr_par' dir='ltr' id='par_1_26' title="bbox 1453 2054 2512 2258">
     <span class='ocr_line' id='line_1_113' title="bbox 1509 2054 2512 2101; baseline 0.003 -11"><span class='ocrx_word' id='word_1_798' title='bbox 1509 2066 1545 2101; x_wconf 92' lang='lat'>7.</span> <span class='ocrx_word' id='word_1_799' title='bbox 1570 2054 1718 2090; x_wconf 90' lang='lat' dir='ltr'>Deinde</span> <span class='ocrx_word' id='word_1_800' title='bbox 1748 2066 1835 2091; x_wconf 92' lang='lat' dir='ltr'>cum</span> <span class='ocrx_word' id='word_1_801' title='bbox 1874 2054 1976 2091; x_wconf 85' lang='lat' dir='ltr'>dicit:</span> <span class='ocrx_word' id='word_1_802' title='bbox 2004 2056 2134 2091; x_wconf 87' lang='lat' dir='ltr'>Habet</span> <span class='ocrx_word' id='word_1_803' title='bbox 2168 2061 2291 2091; x_wconf 89' lang='lat' dir='ltr'>autem</span> <span class='ocrx_word' id='word_1_804' title='bbox 2319 2056 2512 2093; x_wconf 85' lang='lat' dir='ltr'>dubitatio-</span> 
     </span>
     <span class='ocr_line' id='line_1_114' title="bbox 1455 2105 2512 2157; baseline 0.003 -16"><span class='ocrx_word' id='word_1_805' title='bbox 1455 2117 1540 2142; x_wconf 88' lang='lat' dir='ltr'>nem</span> <span class='ocrx_word' id='word_1_806' title='bbox 1555 2105 1782 2157; x_wconf 65' lang='lat' dir='ltr'>etc.‚}m0vet</span> <span class='ocrx_word' id='word_1_807' title='bbox 1796 2105 1990 2154; x_wconf 88' lang='lat' dir='ltr'>quandam</span> <span class='ocrx_word' id='word_1_808' title='bbox 1998 2107 2279 2144; x_wconf 81' lang='lat' dir='ltr'>&#39;dubitationem</span> <span class='ocrx_word' id='word_1_809' title='bbox 2295 2107 2391 2144; x_wconf 90' lang='lat' dir='ltr'>circa</span> <span class='ocrx_word' id='word_1_810' title='bbox 2405 2121 2512 2156; x_wconf 89' lang='lat' dir='ltr'>prae-</span> 
     </span>
     <span class='ocr_line' id='line_1_115' title="bbox 1456 2157 2509 2206; baseline 0.004 -13"><span class='ocrx_word' id='word_1_811' title='bbox 1456 2157 1563 2194; x_wconf 88' lang='lat' dir='ltr'>dicta.</span> <span class='ocrx_word' id='word_1_812' title='bbox 1585 2159 1634 2194; x_wconf 91' lang='lat' dir='ltr'>Et</span> <span class='ocrx_word' id='word_1_813' title='bbox 1660 2158 1785 2206; x_wconf 91' lang='lat' dir='ltr'>primo</span> <span class='ocrx_word' id='word_1_814' title='bbox 1806 2167 1937 2196; x_wconf 91' lang='lat' dir='ltr'>movet</span> <span class='ocrx_word' id='word_1_815' title='bbox 1965 2171 2071 2205; x_wconf 85' lang='lat' dir='ltr'>eam;</span> <span class='ocrx_word' id='word_1_816' title='bbox 2101 2161 2269 2197; x_wconf 91' lang='lat' dir='ltr'>secundo</span> <span class='ocrx_word' id='word_1_817' title='bbox 2299 2161 2419 2206; x_wconf 92' lang='lat' dir='ltr'>solvit,</span> <span class='ocrx_word' id='word_1_818' title='bbox 2440 2161 2509 2198; x_wconf 86' lang='lat' dir='ltr'>ibi:</span> 
     </span>
     <span class='ocr_line' id='line_1_116' title="bbox 1453 2210 2511 2258; baseline 0.005 -13"><span class='ocrx_word' id='word_1_819' title='bbox 1453 2210 1532 2245; x_wconf 87' lang='lat' dir='ltr'>Aut</span> <span class='ocrx_word' id='word_1_820' title='bbox 1547 2211 1645 2246; x_wconf 88' lang='lat' dir='ltr'>enim</span> <span class='ocrx_word' id='word_1_821' title='bbox 1666 2211 1785 2258; x_wconf 85' lang='lat' dir='ltr'>ipsum</span> <span class='ocrx_word' id='word_1_822' title='bbox 1804 2217 1948 2258; x_wconf 86' lang='lat' dir='ltr'>oportet</span> <span class='ocrx_word' id='word_1_823' title='bbox 1963 2212 1983 2232; x_wconf 61' lang='lat'>’⁵‘</span> <span class='ocrx_word' id='word_1_824' title='bbox 2002 2219 2070 2248; x_wconf 88' lang='lat' dir='ltr'>etc.</span> <span class='ocrx_word' id='word_1_825' title='bbox 2090 2212 2245 2248; x_wconf 89' lang='lat' dir='ltr'>Dixerat</span> <span class='ocrx_word' id='word_1_826' title='bbox 2273 2213 2374 2248; x_wconf 90' lang='lat' dir='ltr'>enim</span> <span class='ocrx_word' id='word_1_827' title='bbox 2393 2214 2432 2234; x_wconf 59' lang='lat'>*²¹²</span> <span class='ocrx_word' id='word_1_828' title='bbox 2451 2226 2511 2250; x_wconf 91' lang='lat' dir='ltr'>su-</span> 
     </span>
    </p>
   </div>
   <div class='ocr_carea' id='block_1_21' title="bbox 1450 2315 2511 3148">
    <p class='ocr_par' dir='ltr' id='par_1_27' title="bbox 1450 2315 2511 2939">
     <span class='ocr_line' id='line_1_117' title="bbox 1453 2315 2511 2366; baseline 0.004 -16"><span class='ocrx_word' id='word_1_829' title='bbox 1453 2321 1535 2350; x_wconf 91' lang='lat' dir='ltr'>tum</span> <span class='ocrx_word' id='word_1_830' title='bbox 1556 2315 1793 2351; x_wconf 89' lang='lat' dir='ltr'>continuum:</span> <span class='ocrx_word' id='word_1_831' title='bbox 1824 2322 1860 2351; x_wconf 93' lang='lat' dir='ltr'>et</span> <span class='ocrx_word' id='word_1_832' title='bbox 1877 2315 1964 2352; x_wconf 90' lang='lat' dir='ltr'>ideo</span> <span class='ocrx_word' id='word_1_833' title='bbox 1988 2315 2050 2351; x_wconf 92' lang='lat' dir='ltr'>hic</span> <span class='ocrx_word' id='word_1_834' title='bbox 2069 2324 2342 2364; x_wconf 86' lang='lat' dir='ltr'>consequenter</span> <span class='ocrx_word' id='word_1_835' title='bbox 2360 2317 2511 2366; x_wconf 90' lang='lat' dir='ltr'>inquirit</span> 
     </span>
     <span class='ocr_line' id='line_1_118' title="bbox 1452 2367 2509 2416; baseline 0.005 -14"><span class='ocrx_word' id='word_1_836' title='bbox 1452 2372 1578 2403; x_wconf 88' lang='lat' dir='ltr'>utrum</span> <span class='ocrx_word' id='word_1_837' title='bbox 1599 2367 1753 2415; x_wconf 93' lang='lat' dir='ltr'>aliquod</span> <span class='ocrx_word' id='word_1_838' title='bbox 1772 2379 1934 2404; x_wconf 90' lang='lat' dir='ltr'>movens</span> <span class='ocrx_word' id='word_1_839' title='bbox 1962 2375 2111 2404; x_wconf 89' lang='lat' dir='ltr'>motum</span> <span class='ocrx_word' id='word_1_840' title='bbox 2133 2369 2252 2416; x_wconf 89' lang='lat' dir='ltr'>possit</span> <span class='ocrx_word' id='word_1_841' title='bbox 2273 2381 2427 2406; x_wconf 90' lang='lat' dir='ltr'>causare</span> <span class='ocrx_word' id='word_1_842' title='bbox 2446 2371 2509 2407; x_wconf 90' lang='lat' dir='ltr'>ali-</span> 
     </span>
     <span class='ocr_line' id='line_1_119' title="bbox 1454 2420 2508 2469; baseline 0.003 -14"><span class='ocrx_word' id='word_1_843' title='bbox 1454 2431 1570 2466; x_wconf 92' lang='lat' dir='ltr'>quem</span> <span class='ocrx_word' id='word_1_844' title='bbox 1585 2427 1732 2456; x_wconf 90' lang='lat' dir='ltr'>motum</span> <span class='ocrx_word' id='word_1_845' title='bbox 1754 2420 1991 2466; x_wconf 89' lang='lat' dir='ltr'>continuum;</span> <span class='ocrx_word' id='word_1_846' title='bbox 2011 2420 2061 2456; x_wconf 89' lang='lat' dir='ltr'>ita</span> <span class='ocrx_word' id='word_1_847' title='bbox 2081 2420 2218 2457; x_wconf 92' lang='lat' dir='ltr'>scilicet</span> <span class='ocrx_word' id='word_1_848' title='bbox 2236 2422 2340 2469; x_wconf 91' lang='lat' dir='ltr'>quod</span> <span class='ocrx_word' id='word_1_849' title='bbox 2359 2422 2404 2458; x_wconf 92' lang='lat' dir='ltr'>sit</span> <span class='ocrx_word' id='word_1_850' title='bbox 2417 2435 2508 2459; x_wconf 89' lang='lat' dir='ltr'>vere</span> 
     </span>
     <span class='ocr_line' id='line_1_120' title="bbox 1455 2471 2509 2520; baseline 0.004 -13"><span class='ocrx_word' id='word_1_851' title='bbox 1455 2471 1653 2508; x_wconf 90' lang='lat' dir='ltr'>continuus</span> <span class='ocrx_word' id='word_1_852' title='bbox 1681 2471 1760 2508; x_wconf 90' lang='lat' dir='ltr'>sine</span> <span class='ocrx_word' id='word_1_853' title='bbox 1788 2472 1912 2520; x_wconf 89' lang='lat' dir='ltr'>aliqua</span> <span class='ocrx_word' id='word_1_854' title='bbox 1939 2472 2175 2508; x_wconf 89' lang='lat' dir='ltr'>intercisione</span> <span class='ocrx_word' id='word_1_855' title='bbox 2200 2479 2228 2518; x_wconf 57' lang='grc' dir='ltr'>κ,</span> <span class='ocrx_word' id='word_1_856' title='bbox 2254 2473 2348 2510; x_wconf 91' lang='lat' dir='ltr'>sicut</span> <span class='ocrx_word' id='word_1_857' title='bbox 2376 2474 2509 2511; x_wconf 90' lang='lat' dir='ltr'>accidit</span> 
     </span>
     <span class='ocr_line' id='line_1_121' title="bbox 1454 2524 2507 2574; baseline 0.003 -14"><span class='ocrx_word' id='word_1_858' title='bbox 1454 2524 1643 2572; x_wconf 87' lang='lat' dir='ltr'>quaedam</span> <span class='ocrx_word' id='word_1_859' title='bbox 1671 2524 1868 2571; x_wconf 89' lang='lat' dir='ltr'>intercisio,</span> <span class='ocrx_word' id='word_1_860' title='bbox 1895 2537 1982 2561; x_wconf 90' lang='lat' dir='ltr'>cum</span> <span class='ocrx_word' id='word_1_861' title='bbox 2011 2524 2143 2572; x_wconf 89' lang='lat' dir='ltr'>aliquis</span> <span class='ocrx_word' id='word_1_862' title='bbox 2171 2525 2326 2574; x_wconf 89' lang='lat' dir='ltr'>impellit</span> <span class='ocrx_word' id='word_1_863' title='bbox 2353 2526 2507 2574; x_wconf 87' lang='lat' dir='ltr'>aliquod</span> 
     </span>
     <span class='ocr_line' id='line_1_122' title="bbox 1454 2576 2507 2625; baseline 0.003 -13"><span class='ocrx_word' id='word_1_864' title='bbox 1454 2589 1590 2625; x_wconf 90' lang='lat' dir='ltr'>corpus</span> <span class='ocrx_word' id='word_1_865' title='bbox 1619 2584 1654 2613; x_wconf 91' lang='lat' dir='ltr'>et</span> <span class='ocrx_word' id='word_1_866' title='bbox 1681 2576 1816 2613; x_wconf 90' lang='lat' dir='ltr'>iterum</span> <span class='ocrx_word' id='word_1_867' title='bbox 1843 2576 1999 2625; x_wconf 90' lang='lat' dir='ltr'>impellit</span> <span class='ocrx_word' id='word_1_868' title='bbox 2031 2577 2101 2613; x_wconf 89' lang='lat' dir='ltr'>alia</span> <span class='ocrx_word' id='word_1_869' title='bbox 2134 2577 2228 2614; x_wconf 88' lang='lat' dir='ltr'>vice.</span> <span class='ocrx_word' id='word_1_870' title='bbox 2263 2578 2507 2615; x_wconf 84' lang='lat' dir='ltr'>Manifestum</span> 
     </span>
     <span class='ocr_line' id='line_1_123' title="bbox 1454 2628 2506 2676; baseline 0.002 -11"><span class='ocrx_word' id='word_1_871' title='bbox 1454 2636 1508 2665; x_wconf 90' lang='lat' dir='ltr'>est</span> <span class='ocrx_word' id='word_1_872' title='bbox 1537 2628 1637 2665; x_wconf 91' lang='lat' dir='ltr'>enim</span> <span class='ocrx_word' id='word_1_873' title='bbox 1666 2629 1770 2676; x_wconf 90' lang='lat' dir='ltr'>quod</span> <span class='ocrx_word' id='word_1_874' title='bbox 1793 2629 1861 2665; x_wconf 91' lang='lat' dir='ltr'>iste</span> <span class='ocrx_word' id='word_1_875' title='bbox 1889 2637 2014 2665; x_wconf 87' lang='lat' dir='ltr'>motus</span> <span class='ocrx_word' id='word_1_876' title='bbox 2041 2629 2106 2676; x_wconf 91' lang='lat' dir='ltr'>qui</span> <span class='ocrx_word' id='word_1_877' title='bbox 2125 2629 2178 2665; x_wconf 91' lang='lat' dir='ltr'>sic</span> <span class='ocrx_word' id='word_1_878' title='bbox 2198 2629 2434 2667; x_wconf 86' lang='lat' dir='ltr'>continuatur</span> <span class='ocrx_word' id='word_1_879' title='bbox 2461 2643 2506 2668; x_wconf 89' lang='lat' dir='ltr'>ex</span> 
     </span>
     <span class='ocr_line' id='line_1_124' title="bbox 1451 2681 2507 2730; baseline 0.002 -13"><span class='ocrx_word' id='word_1_880' title='bbox 1451 2688 1556 2730; x_wconf 88' lang='lat' dir='ltr'>parte</span> <span class='ocrx_word' id='word_1_881' title='bbox 1588 2681 1749 2728; x_wconf 87' lang='lat' dir='ltr'>mobilis,</span> <span class='ocrx_word' id='word_1_882' title='bbox 1783 2694 1862 2718; x_wconf 93' lang='lat' dir='ltr'>non</span> <span class='ocrx_word' id='word_1_883' title='bbox 1890 2689 1945 2718; x_wconf 91' lang='lat' dir='ltr'>est</span> <span class='ocrx_word' id='word_1_884' title='bbox 1971 2693 2061 2718; x_wconf 90' lang='lat' dir='ltr'>vere</span> <span class='ocrx_word' id='word_1_885' title='bbox 2090 2682 2300 2729; x_wconf 89' lang='lat' dir='ltr'>continuus,</span> <span class='ocrx_word' id='word_1_886' title='bbox 2326 2694 2371 2718; x_wconf 91' lang='lat' dir='ltr'>eo</span> <span class='ocrx_word' id='word_1_887' title='bbox 2401 2683 2507 2730; x_wconf 92' lang='lat' dir='ltr'>quod</span> 
     </span>
     <span class='ocr_line' id='line_1_125' title="bbox 1452 2733 2508 2781; baseline 0.002 -12"><span class='ocrx_word' id='word_1_888' title='bbox 1452 2733 1640 2770; x_wconf 88' lang='lat' dir='ltr'>motiones</span> <span class='ocrx_word' id='word_1_889' title='bbox 1668 2746 1746 2770; x_wconf 93' lang='lat' dir='ltr'>non</span> <span class='ocrx_word' id='word_1_890' title='bbox 1774 2741 1859 2770; x_wconf 93' lang='lat' dir='ltr'>sunt</span> <span class='ocrx_word' id='word_1_891' title='bbox 1887 2734 2099 2781; x_wconf 88' lang='lat' dir='ltr'>continuae,</span> <span class='ocrx_word' id='word_1_892' title='bbox 2129 2735 2196 2771; x_wconf 91' lang='lat' dir='ltr'>sed</span> <span class='ocrx_word' id='word_1_893' title='bbox 2222 2747 2297 2771; x_wconf 90' lang='lat' dir='ltr'>una</span> <span class='ocrx_word' id='word_1_894' title='bbox 2325 2747 2364 2771; x_wconf 92' lang='lat' dir='ltr'>se</span> <span class='ocrx_word' id='word_1_895' title='bbox 2393 2735 2508 2772; x_wconf 90' lang='lat' dir='ltr'>habet</span> 
     </span>
     <span class='ocr_line' id='line_1_126' title="bbox 1453 2786 2506 2834; baseline 0.001 -12"><span class='ocrx_word' id='word_1_896' title='bbox 1453 2794 1727 2834; x_wconf 90' lang='lat' dir='ltr'>consequenter</span> <span class='ocrx_word' id='word_1_897' title='bbox 1753 2787 1802 2822; x_wconf 89' lang='lat' dir='ltr'>ad</span> <span class='ocrx_word' id='word_1_898' title='bbox 1830 2786 1962 2822; x_wconf 90' lang='lat' dir='ltr'>aliam:</span> <span class='ocrx_word' id='word_1_899' title='bbox 1997 2798 2075 2822; x_wconf 90' lang='lat' dir='ltr'>non</span> <span class='ocrx_word' id='word_1_900' title='bbox 2104 2786 2205 2823; x_wconf 92' lang='lat' dir='ltr'>enim</span> <span class='ocrx_word' id='word_1_901' title='bbox 2234 2786 2409 2823; x_wconf 90' lang='lat' dir='ltr'>continue</span> <span class='ocrx_word' id='word_1_902' title='bbox 2436 2787 2506 2823; x_wconf 91' lang='lat' dir='ltr'>im-</span> 
     </span>
     <span class='ocr_line' id='line_1_127' title="bbox 1450 2838 2505 2887; baseline 0.002 -13"><span class='ocrx_word' id='word_1_903' title='bbox 1450 2838 1564 2886; x_wconf 86' lang='lat' dir='ltr'>pellit,</span> <span class='ocrx_word' id='word_1_904' title='bbox 1585 2839 1653 2875; x_wconf 86' lang='lat' dir='ltr'>sed</span> <span class='ocrx_word' id='word_1_905' title='bbox 1672 2838 1856 2885; x_wconf 86' lang='lat' dir='ltr'>intercise,</span> <span class='ocrx_word' id='word_1_906' title='bbox 1876 2838 1926 2875; x_wconf 88' lang='lat' dir='ltr'>ita</span> <span class='ocrx_word' id='word_1_907' title='bbox 1945 2838 2049 2885; x_wconf 92' lang='lat' dir='ltr'>quod</span> <span class='ocrx_word' id='word_1_908' title='bbox 2073 2838 2505 2887; x_wconf 89' lang='lat' dir='ltr'>impulsio-consequen-</span> 
     </span>
     <span class='ocr_line' id='line_1_128' title="bbox 1452 2891 2099 2939; baseline 0 -12"><span class='ocrx_word' id='word_1_909' title='bbox 1452 2898 1509 2927; x_wconf 90' lang='lat' dir='ltr'>ter</span> <span class='ocrx_word' id='word_1_910' title='bbox 1536 2903 1576 2927; x_wconf 90' lang='lat' dir='ltr'>se</span> <span class='ocrx_word' id='word_1_911' title='bbox 1604 2891 1718 2927; x_wconf 91' lang='lat' dir='ltr'>habet</span> <span class='ocrx_word' id='word_1_912' title='bbox 1744 2891 1793 2927; x_wconf 88' lang='lat' dir='ltr'>ad</span> <span class='ocrx_word' id='word_1_913' title='bbox 1821 2891 2099 2939; x_wconf 90' lang='lat' dir='ltr'>impulsionem.</span> 
     </span>
    </p>

    <p class='ocr_par' dir='ltr' id='par_1_28' title="bbox 1450 2943 2506 3148">
     <span class='ocr_line' id='line_1_129' title="bbox 1505 2943 2503 2991; baseline 0.001 -12"><span class='ocrx_word' id='word_1_914' title='bbox 1505 2944 1539 2979; x_wconf 90' lang='lat'>8.</span> <span class='ocrx_word' id='word_1_915' title='bbox 1553 2943 1700 2979; x_wconf 91' lang='lat' dir='ltr'>Deinde</span> <span class='ocrx_word' id='word_1_916' title='bbox 1716 2956 1804 2979; x_wconf 91' lang='lat' dir='ltr'>cum</span> <span class='ocrx_word' id='word_1_917' title='bbox 1820 2943 1922 2979; x_wconf 87' lang='lat' dir='ltr'>dicit:</span> <span class='ocrx_word' id='word_1_918' title='bbox 1933 2943 2011 2979; x_wconf 85' lang='lat' dir='ltr'>Aut</span> <span class='ocrx_word' id='word_1_919' title='bbox 2023 2944 2120 2980; x_wconf 87' lang='lat' dir='ltr'>enim</span> <span class='ocrx_word' id='word_1_920' title='bbox 2136 2944 2255 2991; x_wconf 83' lang='lat' dir='ltr'>ipsum</span> <span class='ocrx_word' id='word_1_921' title='bbox 2270 2950 2414 2991; x_wconf 84' lang='lat' dir='ltr'>oportet</span> <span class='ocrx_word' id='word_1_922' title='bbox 2422 2951 2503 2990; x_wconf 67' lang='lat' dir='ltr'>etc„</span> 
     </span>
     <span class='ocr_line' id='line_1_130' title="bbox 1451 2995 2506 3043; baseline 0.001 -12"><span class='ocrx_word' id='word_1_923' title='bbox 1451 2995 1562 3032; x_wconf 88' lang='lat' dir='ltr'>solvit</span> <span class='ocrx_word' id='word_1_924' title='bbox 1600 2995 1830 3043; x_wconf 88' lang='lat' dir='ltr'>praedictam</span> <span class='ocrx_word' id='word_1_925' title='bbox 1874 2996 2171 3032; x_wconf 89' lang='lat' dir='ltr'>dubitationem:</span> <span class='ocrx_word' id='word_1_926' title='bbox 2215 3002 2250 3032; x_wconf 92' lang='lat' dir='ltr'>et</span> <span class='ocrx_word' id='word_1_927' title='bbox 2291 2996 2452 3032; x_wconf 90' lang='lat' dir='ltr'>ostendit</span> <span class='ocrx_word' id='word_1_928' title='bbox 2486 2998 2506 3018; x_wconf 77' lang='lat'>*</span> 
     </span>
     <span class='ocr_line' id='line_1_131' title="bbox 1451 3044 2504 3096; baseline 0.001 -13"><span class='ocrx_word' id='word_1_929' title='bbox 1451 3048 1556 3094; x_wconf 94' lang='lat' dir='ltr'>quod</span> <span class='ocrx_word' id='word_1_930' title='bbox 1575 3044 1728 3084; x_wconf 73' lang='lat' dir='ltr'>¹nullum</span> <span class='ocrx_word' id='word_1_931' title='bbox 1748 3060 1910 3085; x_wconf 89' lang='lat' dir='ltr'>movens</span> <span class='ocrx_word' id='word_1_932' title='bbox 1929 3055 2077 3085; x_wconf 90' lang='lat' dir='ltr'>motum</span> <span class='ocrx_word' id='word_1_933' title='bbox 2099 3055 2223 3096; x_wconf 91' lang='lat' dir='ltr'>potest</span> <span class='ocrx_word' id='word_1_934' title='bbox 2242 3061 2395 3084; x_wconf 89' lang='lat' dir='ltr'>causare</span> <span class='ocrx_word' id='word_1_935' title='bbox 2416 3061 2504 3085; x_wconf 92' lang='lat' dir='ltr'>con-</span> 
     </span>
     <span class='ocr_line' id='line_1_132' title="bbox 1450 3099 2504 3148; baseline 0.001 -12"><span class='ocrx_word' id='word_1_936' title='bbox 1450 3099 1597 3136; x_wconf 79' lang='lat' dir='ltr'>tinuum</span> <span class='ocrx_word' id='word_1_937' title='bbox 1625 3108 1785 3137; x_wconf 89' lang='lat' dir='ltr'>motum.</span> <span class='ocrx_word' id='word_1_938' title='bbox 1816 3101 1982 3137; x_wconf 91' lang='lat' dir='ltr'>Necesse</span> <span class='ocrx_word' id='word_1_939' title='bbox 2011 3108 2065 3136; x_wconf 89' lang='lat' dir='ltr'>est</span> <span class='ocrx_word' id='word_1_940' title='bbox 2093 3100 2193 3136; x_wconf 92' lang='lat' dir='ltr'>enim</span> <span class='ocrx_word' id='word_1_941' title='bbox 2227 3100 2371 3148; x_wconf 89' lang='lat' dir='ltr'>dicere,</span> <span class='ocrx_word' id='word_1_942' title='bbox 2401 3101 2504 3148; x_wconf 91' lang='lat' dir='ltr'>quod</span> 
     </span>
    </p>
   </div>
   <div class='ocr_carea' id='block_1_22' title="bbox 1451 3253 2504 3565">
    <p class='ocr_par' dir='ltr' id='par_1_29' title="bbox 1452 3253 2504 3353">
     <span class='ocr_line' id='line_1_133' title="bbox 1506 3253 2504 3288; baseline 0.004 -9"><span class='ocrx_word' id='word_1_943' title='bbox 1506 3253 1530 3288; x_wconf 81' lang='grc' dir='ltr'>θ)</span> <span class='ocrx_word' id='word_1_944' title='bbox 1546 3256 1716 3287; x_wconf 79' lang='lat' dir='ltr'>postmodum</span> <span class='ocrx_word' id='word_1_945' title='bbox 1735 3259 1774 3280; x_wconf 81' lang='lat' dir='ltr'>est</span> <span class='ocrx_word' id='word_1_946' title='bbox 1792 3255 1817 3279; x_wconf 78' lang='lat' dir='ltr'>in</span> <span class='ocrx_word' id='word_1_947' title='bbox 1837 3255 1978 3280; x_wconf 87' lang='lat' dir='ltr'>occidente.</span> <span class='ocrx_word' id='word_1_948' title='bbox 1991 3268 2010 3273; x_wconf 88' lang='lat'>-</span> <span class='ocrx_word' id='word_1_949' title='bbox 2021 3255 2102 3279; x_wconf 84' lang='lat' dir='ltr'>PBsA</span> <span class='ocrx_word' id='word_1_950' title='bbox 2120 3260 2145 3279; x_wconf 87' lang='lat' dir='ltr'>et</span> <span class='ocrx_word' id='word_1_951' title='bbox 2163 3255 2193 3284; x_wconf 78' lang='lat' dir='ltr'>b;</span> <span class='ocrx_word' id='word_1_952' title='bbox 2211 3263 2264 3280; x_wconf 92' lang='lat' dir='ltr'>om.</span> <span class='ocrx_word' id='word_1_953' title='bbox 2278 3255 2315 3286; x_wconf 84' lang='lat' dir='ltr'>K3</span> <span class='ocrx_word' id='word_1_954' title='bbox 2334 3263 2380 3288; x_wconf 89' lang='lat' dir='ltr'>pro</span> <span class='ocrx_word' id='word_1_955' title='bbox 2399 3260 2445 3287; x_wconf 80' lang='lat' dir='ltr'>est,</span> <span class='ocrx_word' id='word_1_956' title='bbox 2464 3261 2504 3282; x_wconf 77' lang='lat' dir='ltr'>est</span> 
     </span>
     <span class='ocr_line' id='line_1_134' title="bbox 1452 3289 2502 3323; baseline 0.002 -9"><span class='ocrx_word' id='word_1_957' title='bbox 1452 3293 1478 3314; x_wconf 81' lang='lat' dir='ltr'>et</span> <span class='ocrx_word' id='word_1_958' title='bbox 1495 3290 1527 3321; x_wconf 79' lang='lat' dir='ltr'>D,</span> <span class='ocrx_word' id='word_1_959' title='bbox 1540 3290 1620 3315; x_wconf 81' lang='lat' dir='ltr'>etiam</span> <span class='ocrx_word' id='word_1_960' title='bbox 1639 3298 1707 3315; x_wconf 88' lang='lat' dir='ltr'>nunc</span> <span class='ocrx_word' id='word_1_961' title='bbox 1725 3291 1775 3322; x_wconf 82' lang='lat' dir='ltr'>pH,</span> <span class='ocrx_word' id='word_1_962' title='bbox 1796 3290 1875 3314; x_wconf 84' lang='lat' dir='ltr'>etiam</span> <span class='ocrx_word' id='word_1_963' title='bbox 1894 3290 1925 3320; x_wconf 87' lang='lat' dir='ltr'>N,</span> <span class='ocrx_word' id='word_1_964' title='bbox 1945 3297 2014 3314; x_wconf 87' lang='lat' dir='ltr'>nunc</span> <span class='ocrx_word' id='word_1_965' title='bbox 2038 3292 2077 3314; x_wconf 79' lang='lat' dir='ltr'>est</span> <span class='ocrx_word' id='word_1_966' title='bbox 2095 3289 2127 3320; x_wconf 89' lang='grc' dir='ltr'>Ο,</span> <span class='ocrx_word' id='word_1_967' title='bbox 2146 3289 2226 3315; x_wconf 81' lang='lat' dir='ltr'>etiam</span> <span class='ocrx_word' id='word_1_968' title='bbox 2245 3293 2284 3315; x_wconf 83' lang='lat' dir='ltr'>est</span> <span class='ocrx_word' id='word_1_969' title='bbox 2308 3297 2377 3316; x_wconf 83' lang='lat' dir='ltr'>nunc</span> <span class='ocrx_word' id='word_1_970' title='bbox 2394 3291 2502 3323; x_wconf 85' lang='lat' dir='ltr'>EGXY,</span> 
     </span>
     <span class='ocr_line' id='line_1_135' title="bbox 1452 3325 2486 3353; baseline 0.001 -5"><span class='ocrx_word' id='word_1_971' title='bbox 1452 3327 1491 3349; x_wconf 83' lang='lat' dir='ltr'>est</span> <span class='ocrx_word' id='word_1_972' title='bbox 1509 3325 1589 3349; x_wconf 85' lang='lat' dir='ltr'>etiam</span> <span class='ocrx_word' id='word_1_973' title='bbox 1608 3332 1680 3350; x_wconf 82' lang='lat' dir='ltr'>nunc</span> <span class='ocrx_word' id='word_1_974' title='bbox 1695 3330 1742 3349; x_wconf 83' lang='lat' dir='ltr'>cet.</span> <span class='ocrx_word' id='word_1_975' title='bbox 1757 3330 1782 3348; x_wconf 90' lang='lat' dir='ltr'>et</span> <span class='ocrx_word' id='word_1_976' title='bbox 1800 3331 1824 3348; x_wconf 92' lang='lat' dir='ltr'>a.</span> <span class='ocrx_word' id='word_1_977' title='bbox 2484 3351 2486 3353; x_wconf 73' lang='lat'>.</span> 
     </span>
    </p>

    <p class='ocr_par' dir='ltr' id='par_1_30' title="bbox 1451 3358 2502 3426">
     <span class='ocr_line' id='line_1_136' title="bbox 1506 3358 2502 3392; baseline 0.004 -10"><span class='ocrx_word' id='word_1_978' title='bbox 1506 3358 1524 3391; x_wconf 89' lang='grc' dir='ltr'>ι)</span> <span class='ocrx_word' id='word_1_979' title='bbox 1543 3359 1614 3391; x_wconf 83' lang='lat' dir='ltr'>quod</span> <span class='ocrx_word' id='word_1_980' title='bbox 1631 3360 1709 3384; x_wconf 86' lang='lat' dir='ltr'>simul</span> <span class='ocrx_word' id='word_1_981' title='bbox 1723 3367 1782 3384; x_wconf 89' lang='lat' dir='ltr'>cum</span> <span class='ocrx_word' id='word_1_982' title='bbox 1801 3362 1882 3383; x_wconf 88' lang='lat' dir='ltr'>motu.</span> <span class='ocrx_word' id='word_1_983' title='bbox 1895 3372 1914 3377; x_wconf 95' lang='lat'>-</span> <span class='ocrx_word' id='word_1_984' title='bbox 1927 3358 1962 3382; x_wconf 86' lang='lat' dir='ltr'>Ita</span> <span class='ocrx_word' id='word_1_985' title='bbox 1973 3358 2097 3389; x_wconf 84' lang='lat' dir='ltr'>BDOsH;</span> <span class='ocrx_word' id='word_1_986' title='bbox 2117 3358 2187 3391; x_wconf 84' lang='lat' dir='ltr'>quod</span> <span class='ocrx_word' id='word_1_987' title='bbox 2206 3359 2264 3384; x_wconf 72' lang='lat' dir='ltr'>sinis</span> <span class='ocrx_word' id='word_1_988' title='bbox 2278 3366 2336 3384; x_wconf 87' lang='lat' dir='ltr'>cum</span> <span class='ocrx_word' id='word_1_989' title='bbox 2356 3364 2428 3385; x_wconf 85' lang='lat' dir='ltr'>motu</span> <span class='ocrx_word' id='word_1_990' title='bbox 2442 3366 2502 3392; x_wconf 64' lang='lat' dir='ltr'>cet„</span> 
     </span>
     <span class='ocr_line' id='line_1_137' title="bbox 1451 3393 2150 3426; baseline 0 -9"><span class='ocrx_word' id='word_1_991' title='bbox 1451 3394 1522 3425; x_wconf 78' lang='lat' dir='ltr'>quod</span> <span class='ocrx_word' id='word_1_992' title='bbox 1539 3401 1598 3418; x_wconf 88' lang='lat' dir='ltr'>cum</span> <span class='ocrx_word' id='word_1_993' title='bbox 1618 3397 1689 3418; x_wconf 89' lang='lat' dir='ltr'>mota</span> <span class='ocrx_word' id='word_1_994' title='bbox 1708 3394 1748 3417; x_wconf 91' lang='lat' dir='ltr'>ed.</span> <span class='ocrx_word' id='word_1_995' title='bbox 1762 3400 1786 3422; x_wconf 90' lang='lat' dir='ltr'>a,</span> <span class='ocrx_word' id='word_1_996' title='bbox 1801 3393 1871 3425; x_wconf 86' lang='lat' dir='ltr'>quod</span> <span class='ocrx_word' id='word_1_997' title='bbox 1882 3393 1949 3426; x_wconf 83' lang='lat' dir='ltr'>sinis</span> <span class='ocrx_word' id='word_1_998' title='bbox 1969 3394 1994 3417; x_wconf 85' lang='lat' dir='ltr'>in</span> <span class='ocrx_word' id='word_1_999' title='bbox 2015 3397 2086 3418; x_wconf 85' lang='lat' dir='ltr'>motu</span> <span class='ocrx_word' id='word_1_1000' title='bbox 2106 3394 2150 3418; x_wconf 85' lang='lat' dir='ltr'>Pb.</span> 
     </span>
    </p>

    <p class='ocr_par' dir='ltr' id='par_1_31' title="bbox 1451 3428 2503 3565">
     <span class='ocr_line' id='line_1_138' title="bbox 1504 3428 2503 3462; baseline 0.003 -10"><span class='ocrx_word' id='word_1_1001' title='bbox 1504 3428 1528 3460; x_wconf 87' lang='grc' dir='ltr'>κ)</span> <span class='ocrx_word' id='word_1_1002' title='bbox 1548 3429 1604 3453; x_wconf 85' lang='lat' dir='ltr'>sine</span> <span class='ocrx_word' id='word_1_1003' title='bbox 1622 3429 1711 3460; x_wconf 82' lang='lat' dir='ltr'>aliqua</span> <span class='ocrx_word' id='word_1_1004' title='bbox 1735 3428 1907 3452; x_wconf 83' lang='lat' dir='ltr'>intercisione.</span> <span class='ocrx_word' id='word_1_1005' title='bbox 1922 3441 1940 3445; x_wconf 94' lang='lat'><strong>—</strong></span> <span class='ocrx_word' id='word_1_1006' title='bbox 1952 3428 2007 3452; x_wconf 87' lang='lat' dir='ltr'>sine</span> <span class='ocrx_word' id='word_1_1007' title='bbox 2031 3428 2196 3453; x_wconf 82' lang='lat' dir='ltr'>intercisione</span> <span class='ocrx_word' id='word_1_1008' title='bbox 2214 3429 2274 3459; x_wconf 87' lang='lat' dir='ltr'>EG,</span> <span class='ocrx_word' id='word_1_1009' title='bbox 2293 3430 2389 3462; x_wconf 81' lang='lat' dir='ltr'>absque</span> <span class='ocrx_word' id='word_1_1010' title='bbox 2413 3430 2503 3462; x_wconf 86' lang='lat' dir='ltr'>aliqua</span> 
     </span>
     <span class='ocr_line' id='line_1_139' title="bbox 1451 3462 2502 3496; baseline 0.002 -9"><span class='ocrx_word' id='word_1_1011' title='bbox 1451 3462 1617 3488; x_wconf 80' lang='lat' dir='ltr'>intercisione</span> <span class='ocrx_word' id='word_1_1012' title='bbox 1635 3463 1692 3487; x_wconf 86' lang='lat' dir='ltr'>edd.</span> <span class='ocrx_word' id='word_1_1013' title='bbox 1705 3463 1746 3486; x_wconf 87' lang='lat' dir='ltr'>ab</span> <span class='ocrx_word' id='word_1_1014' title='bbox 1765 3467 1790 3487; x_wconf 89' lang='lat' dir='ltr'>et</span> <span class='ocrx_word' id='word_1_1015' title='bbox 1808 3463 1898 3487; x_wconf 88' lang='lat' dir='ltr'>Venet.</span> <span class='ocrx_word' id='word_1_1016' title='bbox 1917 3462 1989 3493; x_wconf 82' lang='lat'>1504,</span> <span class='ocrx_word' id='word_1_1017' title='bbox 2007 3462 2080 3494; x_wconf 82' lang='lat'><strong>1545,</strong></span> <span class='ocrx_word' id='word_1_1018' title='bbox 2098 3462 2170 3494; x_wconf 77' lang='lat'>1551,</span> <span class='ocrx_word' id='word_1_1019' title='bbox 2190 3462 2262 3493; x_wconf 79' lang='lat'>1552,</span> <span class='ocrx_word' id='word_1_1020' title='bbox 2276 3464 2372 3496; x_wconf 83' lang='lat' dir='ltr'>absque</span> <span class='ocrx_word' id='word_1_1021' title='bbox 2391 3465 2445 3489; x_wconf 83' lang='lat' dir='ltr'>alia</span> <span class='ocrx_word' id='word_1_1022' title='bbox 2463 3465 2502 3490; x_wconf 81' lang='lat' dir='ltr'>in-</span> 
     </span>
     <span class='ocr_line' id='line_1_140' title="bbox 1451 3497 2503 3532; baseline 0.002 -10"><span class='ocrx_word' id='word_1_1023' title='bbox 1451 3497 1588 3522; x_wconf 78' lang='lat' dir='ltr'>tercisione</span> <span class='ocrx_word' id='word_1_1024' title='bbox 1606 3499 1634 3522; x_wconf 86' lang='lat' dir='ltr'>P.</span> <span class='ocrx_word' id='word_1_1025' title='bbox 1653 3511 1672 3516; x_wconf 92' lang='lat'>—-</span> <span class='ocrx_word' id='word_1_1026' title='bbox 1692 3497 1776 3529; x_wconf 82' lang='lat' dir='ltr'>Pergit</span> <span class='ocrx_word' id='word_1_1027' title='bbox 1794 3504 1824 3521; x_wconf 90' lang='lat' dir='ltr'>a:</span> <span class='ocrx_word' id='word_1_1028' title='bbox 1842 3497 1909 3522; x_wconf 76' lang='lat' dir='ltr'>sicut</span> <span class='ocrx_word' id='word_1_1029' title='bbox 1927 3498 2023 3522; x_wconf 80' lang='lat' dir='ltr'>accidit</span> <span class='ocrx_word' id='word_1_1030' title='bbox 2047 3498 2117 3529; x_wconf 85' lang='lat' dir='ltr'>quod</span> <span class='ocrx_word' id='word_1_1031' title='bbox 2136 3498 2280 3527; x_wconf 82' lang='lat' dir='ltr'>intercisio‚·</span> <span class='ocrx_word' id='word_1_1032' title='bbox 2299 3499 2335 3523; x_wconf 84' lang='lat' dir='ltr'>Pb</span> <span class='ocrx_word' id='word_1_1033' title='bbox 2355 3505 2503 3532; x_wconf 83' lang='lat' dir='ltr'>expungunt</span> 
     </span>
     <span class='ocr_line' id='line_1_141' title="bbox 1451 3532 2059 3565; baseline 0.002 -9"><span class='ocrx_word' id='word_1_1034' title='bbox 1451 3532 1518 3557; x_wconf 83' lang='lat' dir='ltr'>istud</span> <span class='ocrx_word' id='word_1_1035' title='bbox 1536 3533 1618 3565; x_wconf 82' lang='lat' dir='ltr'>quod,</span> <span class='ocrx_word' id='word_1_1036' title='bbox 1639 3533 1671 3556; x_wconf 80' lang='lat' dir='ltr'>ita</span> <span class='ocrx_word' id='word_1_1037' title='bbox 1689 3537 1717 3556; x_wconf 88' lang='lat' dir='ltr'>ut</span> <span class='ocrx_word' id='word_1_1038' title='bbox 1735 3540 1787 3557; x_wconf 91' lang='lat' dir='ltr'>om.</span> <span class='ocrx_word' id='word_1_1039' title='bbox 1801 3532 1931 3564; x_wconf 87' lang='lat' dir='ltr'>quaedam</span> <span class='ocrx_word' id='word_1_1040' title='bbox 1950 3540 2007 3556; x_wconf 90' lang='lat' dir='ltr'>cum</span> <span class='ocrx_word' id='word_1_1041' title='bbox 2027 3532 2059 3557; x_wconf 89' lang='lat' dir='ltr'>G.</span> 
     </span>
    </p>
   </div>
   <div class='ocr_carea' id='block_1_23' title="bbox 2293 3583 2325 3609">
    <p class='ocr_par' dir='ltr' id='par_1_32' title="bbox 2293 3583 2325 3609">
     <span class='ocr_line' id='line_1_142' title="bbox 2293 3583 2325 3609; baseline 0.031 -1"><span class='ocrx_word' id='word_1_1042' title='bbox 2293 3583 2325 3609; x_wconf 82' lang='lat'>58</span> 
     </span>
    </p>
   </div>
   <div class='ocr_carea' id='block_1_24' title="bbox 2537 501 2671 530">
    <p class='ocr_par' dir='ltr' id='par_1_33' title="bbox 2537 501 2671 530">
     <span class='ocr_line' id='line_1_143' title="bbox 2537 501 2671 530; baseline 0.007 -7"><span class='ocrx_word' id='word_1_1043' title='bbox 2537 502 2546 511; x_wconf 90' lang='lat'>&#39;¹</span> <span class='ocrx_word' id='word_1_1044' title='bbox 2564 501 2634 523; x_wconf 89' lang='lat' dir='ltr'>Num.</span> <span class='ocrx_word' id='word_1_1045' title='bbox 2649 508 2671 530; x_wconf 89' lang='lat'>9.</span> 
     </span>
    </p>
   </div>
   <div class='ocr_carea' id='block_1_25' title="bbox 2536 711 2746 739">
    <p class='ocr_par' dir='ltr' id='par_1_34' title="bbox 2536 711 2746 739">
     <span class='ocr_line' id='line_1_144' title="bbox 2536 711 2746 739; baseline 0.016 -8.369"><span class='ocrx_word' id='word_1_1046' title='bbox 2536 711 2677 739; x_wconf 75' lang='lat' dir='ltr'>&#39;contingit</span> <span class='ocrx_word' id='word_1_1047' title='bbox 2694 712 2746 734; x_wconf 68' lang='lat' dir='ltr'>rab.</span> 
     </span>
    </p>
   </div>
   <div class='ocr_carea' id='block_1_26' title="bbox 2536 762 2746 789">
    <p class='ocr_par' dir='ltr' id='par_1_35' title="bbox 2536 762 2746 789">
     <span class='ocr_line' id='line_1_145' title="bbox 2536 762 2746 789; baseline 0.015 -7.247"><span class='ocrx_word' id='word_1_1048' title='bbox 2536 762 2627 789; x_wconf 79' lang='lat' dir='ltr'>prinu·</span> <span class='ocrx_word' id='word_1_1049' title='bbox 2635 769 2683 785; x_wconf 79' lang='lat' dir='ltr'>om.</span> <span class='ocrx_word' id='word_1_1050' title='bbox 2694 769 2746 786; x_wconf 71' lang='lat' dir='ltr'>neo.</span> 
     </span>
    </p>
   </div>
   <div class='ocr_carea' id='block_1_27' title="bbox 2535 867 2748 893">
    <p class='ocr_par' dir='ltr' id='par_1_36' title="bbox 2535 867 2748 893">
     <span class='ocr_line' id='line_1_146' title="bbox 2535 867 2748 893; baseline 0.01 -6.219"><span class='ocrx_word' id='word_1_1051' title='bbox 2535 867 2655 893; x_wconf 81' lang='lat' dir='ltr'>&#39;propter</span> <span class='ocrx_word' id='word_1_1052' title='bbox 2678 867 2737 889; x_wconf 88' lang='lat' dir='ltr'>codd</span> <span class='ocrx_word' id='word_1_1053' title='bbox 2742 882 2748 888; x_wconf 88' lang='lat'>.</span> 
     </span>
    </p>
   </div>
   <div class='ocr_carea' id='block_1_28' title="bbox 2535 918 2748 993">
    <p class='ocr_par' dir='ltr' id='par_1_37' title="bbox 2535 918 2748 993">
     <span class='ocr_line' id='line_1_147' title="bbox 2535 918 2747 945; baseline 0.011 -7.22"><span class='ocrx_word' id='word_1_1054' title='bbox 2535 919 2656 945; x_wconf 81' lang='lat' dir='ltr'>&#39;propter</span> <span class='ocrx_word' id='word_1_1055' title='bbox 2678 918 2747 940; x_wconf 89' lang='lat' dir='ltr'>codd.</span> 
     </span>
     <span class='ocr_line' id='line_1_148' title="bbox 2559 965 2748 993; baseline 0.016 -8"><span class='ocrx_word' id='word_1_1056' title='bbox 2559 965 2692 993; x_wconf 68' lang='lat' dir='ltr'>efficaciam</span> <span class='ocrx_word' id='word_1_1057' title='bbox 2705 973 2748 988; x_wconf 72' lang='grc' dir='ltr'>ΒΕΡ</span> 
     </span>
    </p>
   </div>
   <div class='ocr_carea' id='block_1_29' title="bbox 2535 991 2724 1045">
    <p class='ocr_par' dir='ltr' id='par_1_38' title="bbox 2535 991 2717 1045">
     <span class='ocr_line' id='line_1_149' title="bbox 2535 991 2629 1017; baseline 0 -5"><span class='ocrx_word' id='word_1_1058' title='bbox 2535 991 2629 1017; x_wconf 58' lang='lat' dir='ltr'>omum.</span> 
     </span>
     <span class='ocr_line' id='line_1_150' title="bbox 2535 1018 2724 1045; baseline 0.005 -7"><span class='ocrx_word' id='word_1_1059' title='bbox 2535 1019 2544 1027; x_wconf 85' lang='lat'>&#39;¹</span> <span class='ocrx_word' id='word_1_1060' title='bbox 2559 1018 2645 1045; x_wconf 78' lang='lat' dir='ltr'>incepit</span> <span class='ocrx_word' id='word_1_1061' title='bbox 2657 1018 2724 1040; x_wconf 73' lang='lat' dir='ltr'>Prab.</span> 
     </span>
    </p>
   </div>
   <div class='ocr_carea' id='block_1_30' title="bbox 2539 1749 2711 1770">
    <p class='ocr_par' dir='ltr' id='par_1_39' title="bbox 2539 1749 2711 1770">
     <span class='ocr_line' id='line_1_151' title="bbox 2539 1749 2711 1770; baseline 0.006 -1"><span class='ocrx_word' id='word_1_1062' title='bbox 2539 1749 2547 1758; x_wconf 76' lang='grc'><em>·</em></span> <span class='ocrx_word' id='word_1_1063' title='bbox 2563 1750 2586 1769; x_wconf 83' lang='lat' dir='ltr'>et</span> <span class='ocrx_word' id='word_1_1064' title='bbox 2599 1754 2646 1770; x_wconf 88' lang='lat' dir='ltr'>om.</span> <span class='ocrx_word' id='word_1_1065' title='bbox 2660 1749 2711 1770; x_wconf 73' lang='lat' dir='ltr'>rab.</span> 
     </span>
    </p>
   </div>
   <div class='ocr_carea' id='block_1_31' title="bbox 2562 1804 2740 1832">
    <p class='ocr_par' dir='ltr' id='par_1_40' title="bbox 2562 1804 2740 1832">
     <span class='ocr_line' id='line_1_152' title="bbox 2562 1804 2740 1832; baseline 0.006 -6"><span class='ocrx_word' id='word_1_1066' title='bbox 2562 1804 2625 1827; x_wconf 81' lang='lat' dir='ltr'>Lect.</span> <span class='ocrx_word' id='word_1_1067' title='bbox 2636 1812 2668 1832; x_wconf 80' lang='lat' dir='ltr'>xx,</span> <span class='ocrx_word' id='word_1_1068' title='bbox 2678 1812 2702 1828; x_wconf 83' lang='lat' dir='ltr'>n.</span> <span class='ocrx_word' id='word_1_1069' title='bbox 2710 1812 2740 1827; x_wconf 85' lang='lat'>12.</span> 
     </span>
    </p>
   </div>
   <div class='ocr_carea' id='block_1_32' title="bbox 2538 2218 2730 2266">
    <p class='ocr_par' dir='ltr' id='par_1_41' title="bbox 2538 2218 2730 2266">
     <span class='ocr_line' id='line_1_153' title="bbox 2538 2218 2691 2246; baseline 0.013 -8"><span class='ocrx_word' id='word_1_1070' title='bbox 2538 2219 2547 2227; x_wconf 88' lang='grc'>·</span> <span class='ocrx_word' id='word_1_1071' title='bbox 2562 2218 2632 2239; x_wconf 89' lang='lat' dir='ltr'>Num.</span> <span class='ocrx_word' id='word_1_1072' title='bbox 2644 2225 2691 2246; x_wconf 80' lang='lat' dir='ltr'>seq.</span> 
     </span>
     <span class='ocr_line' id='line_1_154' title="bbox 2538 2245 2730 2266; baseline 0.01 -2"><span class='ocrx_word' id='word_1_1073' title='bbox 2538 2245 2558 2254; x_wconf 75' lang='lat'>“¹</span> <span class='ocrx_word' id='word_1_1074' title='bbox 2573 2246 2648 2265; x_wconf 85' lang='lat' dir='ltr'>autem</span> <span class='ocrx_word' id='word_1_1075' title='bbox 2662 2245 2730 2266; x_wconf 86' lang='lat' dir='ltr'>codd.</span> 
     </span>
    </p>
   </div>
   <div class='ocr_carea' id='block_1_33' title="bbox 1452 2262 2547 2312">
    <p class='ocr_par' dir='ltr' id='par_1_42' title="bbox 1452 2262 2547 2312">
     <span class='ocr_line' id='line_1_155' title="bbox 1452 2262 2547 2312; baseline 0.004 -14"><span class='ocrx_word' id='word_1_1076' title='bbox 1452 2274 1520 2310; x_wconf 87' lang='lat' dir='ltr'>pra</span> <span class='ocrx_word' id='word_1_1077' title='bbox 1538 2263 1558 2283; x_wconf 71' lang='lat'>&#39;¹‘</span> <span class='ocrx_word' id='word_1_1078' title='bbox 1575 2262 1680 2310; x_wconf 91' lang='lat' dir='ltr'>quod</span> <span class='ocrx_word' id='word_1_1079' title='bbox 1698 2275 1860 2300; x_wconf 91' lang='lat' dir='ltr'>movens</span> <span class='ocrx_word' id='word_1_1080' title='bbox 1877 2263 2073 2300; x_wconf 88' lang='lat' dir='ltr'>immobile</span> <span class='ocrx_word' id='word_1_1081' title='bbox 2090 2271 2215 2312; x_wconf 91' lang='lat' dir='ltr'>potest</span> <span class='ocrx_word' id='word_1_1082' title='bbox 2243 2277 2396 2301; x_wconf 90' lang='lat' dir='ltr'>causare</span> <span class='ocrx_word' id='word_1_1083' title='bbox 2429 2278 2511 2302; x_wconf 83' lang='lat' dir='ltr'>mo·</span> <span class='ocrx_word' id='word_1_1084' title='bbox 2538 2276 2547 2284; x_wconf 75' lang='lat'><em>*</em></span> 
     </span>
    </p>
   </div>
   <div class='ocr_carea' id='block_1_34' title="bbox 2562 2274 2695 2303">
    <p class='ocr_par' dir='ltr' id='par_1_43' title="bbox 2562 2274 2695 2303">
     <span class='ocr_line' id='line_1_156' title="bbox 2562 2274 2695 2303; baseline 0 -7"><span class='ocrx_word' id='word_1_1085' title='bbox 2562 2274 2631 2297; x_wconf 90' lang='lat' dir='ltr'>Num.</span> <span class='ocrx_word' id='word_1_1086' title='bbox 2645 2281 2664 2303; x_wconf 86' lang='lat'>3,</span> <span class='ocrx_word' id='word_1_1087' title='bbox 2672 2282 2695 2301; x_wconf 87' lang='lat'>4.</span> 
     </span>
    </p>
   </div>
   <div class='ocr_carea' id='block_1_35' title="bbox 2532 3001 2706 3023">
    <p class='ocr_par' dir='ltr' id='par_1_44' title="bbox 2532 3001 2706 3023">
     <span class='ocr_line' id='line_1_157' title="bbox 2532 3001 2706 3023; baseline 0 -1"><span class='ocrx_word' id='word_1_1088' title='bbox 2532 3003 2541 3011; x_wconf 79' lang='grc'><em>·</em></span> <span class='ocrx_word' id='word_1_1089' title='bbox 2558 3001 2614 3022; x_wconf 81' lang='lat' dir='ltr'>dicit</span> <span class='ocrx_word' id='word_1_1090' title='bbox 2626 3002 2706 3023; x_wconf 66' lang='lat' dir='ltr'>ruah.</span> 
     </span>
    </p>
   </div>
  </div>
 </body>
</html>
