2982 4022
71 325 79 334 '¹
89 323 189 344 alicuius
197 327 244 343 om.
252 327 280 342 AB

71 353 266 375 cmmosrvxrpr.

167 484 182 507 η

72 529 134 554 ''est
152 531 239 552 addunt
253 535 282 551 nc

71 564 136 580 RsYz;

0 604 17 663 ἒ
72 638 81 647 ·
95 635 196 657 maxime
212 641 261 656 om.
271 641 284 656 P

74 668 127 684 cum
142 668 157 683 a
166 661 186 682 b.

0 708 5 713 ψ,
73 694 81 703 ·
89 693 200 720 cuiusque
207 698 235 713 so
250 698 286 713 cu-

0 718 4 747 l
73 719 207 746 tuscumque
217 709 252 740 ed.
261 724 284 738 a.

73 794 84 804 '⁶
98 798 127 814 ex
141 792 210 815 raab,
226 793 249 813 in
265 797 286 812 c.

73 830 85 835 -
94 819 208 846 dependet
218 818 285 839 codd.

74 850 124 866 exc.
138 851 159 866 ι’..

78 870 86 880 '
99 877 164 891 suum
175 876 222 891 om.
233 875 286 891 zoa.

74 897 86 908 ⁸¹
97 897 212 943 profrias
231 901 286 917 effa

74 929 134 943 naza
151 937 155 943 .

2 926 7 980 ἶ
171 949 185 973 ο

0 1049 16 1078 ''31

0 1315 30 1372 ff

0 1372 14 1392 τί
75 1387 85 1396 .
97 1370 149 1392 Lib.
161 1369 183 1396 1,
199 1375 249 1396 cap.
262 1375 286 1396 n,

3 1397 8 1426 ὲ
75 1403 117 1419 nn.
123 1396 288 1418 S.Th.lect.1v.

0 1434 12 1464 'q'
179 1432 188 1448 ῑ

76 1689 88 1700 ⁸
104 1689 136 1710 al.
153 1688 190 1709 Ira
213 1688 288 1709 inten-

78 1715 142 1736 tione
155 1714 207 1736 add.
216 1720 236 1736 s.

78 1845 89 1854 ⁶
102 1846 180 1871 utpote
195 1843 263 1865 codd.

180 1949 196 1966 κ

176 2044 196 2071 λ

81 2209 92 2221 ’
106 2209 178 2231 Num.
189 2215 211 2236 9.

14 2478 16 2482 ³
61 2483 69 2489 ι
84 2472 94 2482 '¹
109 2476 139 2492 ex
147 2470 216 2493 codd.
224 2476 273 2493 exc.
281 2477 295 2492 υ

84 2503 162 2519 muz.

84 2575 96 2587 ⁴
109 2576 186 2596 autem
200 2581 248 2596 om.
261 2581 297 2597 nei

86 2606 139 2622 nxz.

1195 227 1306 264 CAP.
1336 227 1366 273 1,
1398 225 1548 262 LECT.
1579 227 1592 261 1
2467 223 2484 259 5

307 311 499 362 quendam
529 310 703 347 ordinem
724 310 877 346 alicuius
898 311 917 331 ⁵²
946 319 1162 357 processus;
1181 307 1284 342 unde
1304 304 1367 342 ali-

308 365 399 414 quid
427 371 551 412 potest
579 376 660 400 esse
679 363 920 411 principium,
942 361 1044 410 quod
1065 372 1145 418 non
1163 366 1217 418 est
1237 370 1366 395 causa:

309 419 402 454 sicut
430 417 468 453 id
495 416 597 453 unde
625 416 753 464 incipit
789 423 916 452 motus
950 421 1004 450 est
1030 420 1257 460 prineipium
1286 424 1368 447 mo-

308 478 367 507 tus
386 475 415 517 ”<,
446 482 524 506 non
551 476 680 505 tamen
713 480 840 514 causa;
871 475 907 503 et
933 473 1117 514 punctum
1134 471 1202 511 „est
1233 464 1370 512 princi-

308 524 416 571 pium
444 522 580 569 lineae,
610 533 688 558 non
715 528 843 557 tamen
860 521 881 541 *
908 530 1031 554 causa.
1149 522 1199 556 ἐ)

365 576 427 612 Sic
453 575 562 622 igitur
587 585 656 622 per
671 573 859 621 principia
887 571 1037 607 videtur
1061 570 1263 616 intelligere
1283 581 1370 605 cau-

311 641 371 665 sas
390 634 590 665 moventes
613 633 651 662 et
677 632 840 672 agentes,
862 623 899 660 in
919 623 1057 672 quibus
1086 623 1250 659 maxime
1270 623 1290 643 *
1319 630 1371 658 at-

311 681 475 718 tenditur
502 679 597 716 ordo
625 689 825 725 processus
855 676 1052 712 cuiusdam
1074 676 1112 721 *3
1141 688 1210 723 per
1238 687 1372 712 causas

313 741 439 770 autem
465 731 615 769 videtur
642 730 844 777 intelligere
874 741 1005 765 causas
1026 729 1203 765 formales
1224 735 1259 763 et
1278 729 1371 764 fina-

313 788 376 832 les,
393 785 448 821 a*
465 783 602 831 quibus
631 783 796 819 maxime
823 782 1038 830 dependent
1071 793 1129 817 res
1159 782 1370 817 secundum

313 849 424 874 suum
452 836 472 856 *
507 847 588 872 esse
622 842 657 871 et
693 835 794 881 fieri;
832 847 900 883 per
937 834 1116 870 elementa
1154 846 1248 870 vero
1285 845 1373 882 pro-

311 889 392 938 prie
410 887 552 936 primas
566 889 586 909 *
612 900 744 924 causas
764 887 985 923 materiales.
1007 886 1130 923 Utitur
1149 893 1276 922 autem
1296 886 1373 922 istis

311 941 531 978 nominibus
561 940 774 977 disiunctim
803 947 840 976 et
866 952 945 976 non
978 939 1182 987 copulatim
1201 936 1214 959 θ
1242 939 1289 975 ad
1310 939 1373 975 de-

313 994 539 1042 signandum
567 993 673 1041 quod
700 1005 778 1029 non
807 992 931 1029 omnis
960 992 1115 1028 scientia
1141 1003 1210 1040 per
1238 1003 1373 1027 omnes

313 1058 445 1083 causas
481 1046 724 1083 demonstrat.
763 1046 866 1082 Nam
901 1044 1168 1081 mathematica
1201 1056 1279 1079 non
1309 1044 1372 1080 de-

312 1106 498 1136 monstrat
516 1098 586 1135 nisi
605 1110 673 1147 per
694 1110 847 1134 causam
867 1098 1084 1143 formalem3
1114 1097 1372 1144 metaphysica

313 1152 547 1188 demonstrat
565 1163 633 1200 per
653 1163 806 1187 causam
825 1151 1025 1187 formalem
1046 1157 1082 1186 et
1096 1151 1251 1186 finalem
1266 1161 1373 1198 prae-

314 1203 444 1252 cipue,
481 1212 517 1240 et
544 1203 657 1240 etiam
695 1211 889 1250 agentem3
929 1202 1105 1239 naturalis
1140 1210 1268 1239 autem
1305 1214 1374 1250 per

313 1268 449 1293 omnes
478 1268 622 1292 causas.
652 1255 821 1292 Primam
842 1263 968 1292 autem
987 1255 1288 1304 propositionem
1318 1267 1374 1291 ra-

313 1308 425 1345 tionis
461 1307 637 1345 inductae
677 1309 815 1356 probat
852 1321 897 1344 ex
939 1307 1134 1344 communi
1173 1307 1372 1356 opinione,

314 1361 409 1397 sicut
428 1368 464 1397 et
483 1362 520 1398 in
539 1361 634 1397 libro
650 1362 792 1400 Poster.
814 1362 834 1380 ⁴'
848 1367 876 1396 ⁸:
906 1361 994 1409 quia
1012 1368 1102 1397 tunc
1122 1360 1276 1408 quilibet
1295 1359 1374 1408 opi-

314 1420 424 1449 natur
443 1425 483 1450 se
504 1425 734 1461 cognoscere
763 1413 915 1461 aliquid,
936 1426 1024 1450 cum
1044 1413 1112 1450 scit
1132 1425 1268 1449 omnes
1288 1425 1373 1448 cau-

316 1478 376 1502 sas
400 1465 480 1502 cius
508 1479 530 1502 a
557 1465 688 1514 primis
707 1477 829 1513 usque
857 1466 906 1502 ad
933 1466 1093 1502 ultimas.
1123 1466 1207 1502 Nec
1227 1472 1376 1513 oportet

315 1526 356 1554 ut
388 1518 493 1554 aliter
525 1517 754 1565 accipiamus
788 1517 849 1553 hic
882 1530 1013 1554 causas
1047 1525 1083 1554 et
1117 1519 1303 1554 elementa
1341 1524 1376 1553 et

314 1570 496 1618 principia
524 1581 640 1617 quarn
668 1581 793 1617 supra,
818 1577 860 1605 ut
879 1570 1169 1606 Commentator
1196 1571 1288 1615 vult,
1309 1569 1376 1605 sed

315 1621 454 1658 eodem
470 1622 599 1658 modo.
617 1621 716 1658 Dicit
735 1629 863 1658 autem
884 1633 999 1669 usque
1017 1623 1068 1658 ad
1080 1622 1271 1667 elementa,
1289 1621 1377 1669 quia

315 1674 354 1710 id
383 1674 488 1722 quod
507 1682 564 1710 est
585 1673 761 1710 ultimum
781 1674 819 1710 in
845 1674 1057 1721 cognitione
1074 1675 1093 1695 '¹‘
1123 1682 1178 1710 est
1205 1674 1374 1710 materia.

316 1727 420 1763 Nam
448 1726 605 1764 materia
634 1734 690 1762 est
715 1733 870 1774 propter
892 1727 1077 1773 formam3
1106 1727 1230 1762 forma
1249 1733 1376 1762 autern

318 1787 374 1815 est
400 1780 447 1816 ab
477 1787 608 1826 agente
636 1786 792 1827 propter
818 1779 958 1825 finem,
989 1779 1058 1815 nisi
1087 1779 1168 1826 ipsa
1196 1779 1242 1815 sit
1269 1779 1375 1815 finis:

316 1839 358 1868 ut
375 1839 466 1880 puta
481 1832 501 1852 ²¹⁸
521 1831 681 1868 dicimus
700 1832 805 1880 quod
823 1839 978 1879 propter
997 1843 1124 1868 secare
1144 1843 1245 1867 serra
1263 1832 1378 1868 habet

318 1885 465 1931 dentes,
502 1891 537 1920 et
564 1884 705 1920 ferreos
739 1891 887 1932 oportet
922 1896 988 1920 eos
1018 1896 1098 1920 esse
1126 1891 1168 1920 ut
1196 1884 1268 1920 sint
1302 1884 1377 1932 apti

318 1937 368 1974 ad
395 1936 602 1973 secandum
622 1942 645 1972 ²².

373 1991 409 2026 6.
439 1989 586 2025 Deinde
611 2000 699 2024 cum
720 1987 827 2024 dicit:
847 1990 984 2025 Innata
1004 1994 1127 2025 autem
1150 1996 1232 2035 etc.,
1254 1996 1377 2025 osten-

320 2042 373 2079 dit
399 2042 503 2090 quod
522 2041 617 2077 inter
635 2040 818 2089 principia
837 2049 986 2088 oportet
1009 2041 1352 2089 praedeterminare
1367 2039 1380 2062 ²

321 2095 367 2131 de
400 2093 749 2130 universalioribus:
789 2100 825 2129 et
858 2093 981 2141 primo
1017 2094 1179 2130 ostendit
1210 2094 1284 2130 hoc
1311 2107 1380 2142 per

321 2146 526 2191 rationem3
547 2145 715 2182 secundo
729 2157 798 2192 per
811 2146 1001 2192 quaedam
1017 2146 1132 2192 signa,
1154 2145 1230 2182 ibiz‘
1247 2148 1379 2183 Totum

321 2198 456 2234 enim*
484 2205 551 2234 etc.
583 2197 693 2234 Circa
720 2197 886 2244 primum
914 2198 1021 2245 ponit
1039 2198 1152 2233 talem
1182 2198 1378 2234 rationem.

323 2252 497 2287 Innatum
527 2257 583 2286 est
610 2249 720 2286 nobis
747 2257 788 2285 ut
805 2250 1060 2298 procedamus
1081 2250 1348 2297 cognoscendo
1363 2257 1383 2278 Ι*

322 2303 369 2338 ab
399 2302 442 2339 iis
471 2314 567 2350 quae
602 2309 689 2338 sunt
715 2301 825 2338 nobis
858 2302 977 2349 magis
1006 2310 1110 2349 nota,
1142 2302 1181 2338 in
1211 2314 1255 2339 ea
1283 2315 1381 2350 quae

322 2362 409 2391 sunt
428 2354 547 2401 magis
567 2362 656 2391 nota
676 2362 851 2399 naturae;
882 2355 948 2391 sed
973 2367 1018 2390 ea
1037 2367 1136 2402 quae
1160 2363 1246 2391 sunt
1274 2356 1384 2392 nobis

322 2407 443 2455 magis
462 2413 563 2453 nota,
584 2414 671 2444 sunt
699 2407 867 2453 confusa,
888 2407 1013 2454 qualia
1032 2414 1118 2443 sunt
1135 2407 1384 2454 universalia3

324 2471 412 2507 ergo
433 2466 582 2508 oportet
599 2471 670 2496 nos
690 2460 737 2496 ab
758 2460 778 2480 Ψ
805 2459 1080 2496 universalibus
1109 2460 1158 2496 ad
1185 2460 1385 2508 singularia

322 2512 543 2561 procedere.

378 2577 414 2612 7.
444 2565 506 2601 Ad
529 2563 871 2601 manifestationem
892 2571 1019 2600 autem
1035 2565 1056 2586 *²
1075 2565 1221 2613 primae
1244 2577 1385 2613 propo-

325 2617 479 2663 sitionis,
500 2617 642 2654 inducit
669 2617 774 2664 quod
793 2629 870 2653 non
891 2624 977 2653 sunt
996 2618 1132 2654 eadem
1152 2618 1272 2665 magis
1296 2626 1385 2654 nota

326 2670 436 2706 nobis
464 2676 501 2705 et
527 2668 739 2705 secundum
767 2677 959 2715 naturam3
990 2669 1058 2705 sed
1086 2670 1146 2706 illa
1175 2683 1271 2718 quae
1301 2678 1387 2706 sunt

327 2721 446 2768 magis
474 2728 564 2757 nota
592 2721 802 2757 secundum
831 2729 1016 2768 naturam,
1038 2730 1124 2758 sunt
1151 2723 1276 2759 minus
1297 2730 1386 2759 nota

1422 302 1632 338 secundum
1662 315 1744 339 nos.
1775 304 1824 339 Et
1852 303 1940 351 quia
1959 303 2026 340 iste
2056 311 2112 340 est
2139 305 2316 341 naturalis
2346 305 2485 341 modus

1423 354 1503 390 sive
1532 355 1551 375 '¹‘
1580 355 1674 391 ordo
1699 355 1937 402 addiscendi,
1962 365 2003 392 ut
2022 357 2196 393 veniatur
2216 370 2237 393 a
2257 357 2367 393 nobis
2388 358 2485 394 notis

1423 407 1472 443 ad
1491 407 1618 453 ignota
1646 408 1773 454 nobis;
1802 409 1890 445 inde
1925 417 1980 445 est
2008 410 2112 457 quod
2141 418 2289 458 oportet
2317 423 2387 446 nos
2423 411 2486 447 de-

1422 459 1554 495 venire
1592 471 1636 495 ex
1665 461 1872 497 notioribus
1901 462 2011 498 nobis
2049 463 2097 499 ad
2134 463 2281 499 notiora
2316 470 2483 499 naturae.

1424 512 1648 548 Notandum
1678 522 1805 550 autem
1835 523 1890 550 est
1917 516 2021 562 quod
2050 516 2153 551 idem
2184 515 2271 551 dicit
2294 523 2383 551 nota
2404 528 2485 552 esse

1425 572 1580 601 naturae
1595 571 1606 584 ⁹
1623 573 1658 601 et
1677 574 1766 602 nota
1781 567 2007 615 simpliciter.
2027 568 2252 616 Simpliciter
2271 576 2398 604 autem
2419 581 2486 604 no-

2513 362 2523 371 *
2531 361 2612 381 modus
2620 361 2670 381 sive
2677 366 2727 382 om.

2513 388 2580 408 codd.
2593 393 2641 408 exc.
2656 393 2693 408 ec.

1425 617 1520 653 tiora
1549 625 1646 665 sunt,
1674 631 1771 666 quae
1801 620 2012 656 secundum
2033 633 2072 656 se
2097 628 2183 656 sunt
2211 621 2368 657 notiora.
2392 622 2488 657 Sunt

1426 677 1554 706 autem
1579 671 1789 707 secundum
1811 685 1850 708 se
1875 673 2034 719 notiora,
2056 685 2154 720 quae
2174 674 2259 721 plus
2278 675 2419 710 habent
2439 675 2486 710 de

1427 723 1597 759 entitate:
1628 724 1716 771 quia
1744 727 2049 774 unumquodque
2079 726 2330 773 cognoscibile
2358 734 2413 762 est
2433 727 2486 762 in-

1427 783 1611 823 quantum
1641 784 1696 812 est
1725 789 1802 813 ens.
1838 778 1958 825 Magis
1987 786 2114 814 autem
2145 779 2243 814 entia
2271 787 2368 826 sunt,
2390 792 2486 827 quae

1427 836 1513 864 sunt
1541 829 1660 875 magis
1689 829 1727 865 in
1755 838 1858 866 actu:
1888 831 1988 867 unde
2018 831 2086 867 ista
2115 831 2280 868 maxime
2310 839 2396 867 sunt
2425 845 2487 868 co-

1427 881 1648 927 gnoscibilia
1675 890 1842 918 naturae.
1873 884 1997 919 Nobis
2026 891 2153 919 autem
2180 896 2199 919 e
2221 896 2407 920 converso
2428 897 2488 920 ac-

1428 933 1526 980 cidit,
1549 945 1594 969 eo
1615 934 1720 981 quod
1739 947 1809 971 nos
1827 936 2070 983 procedimus
2091 936 2332 984 intelligendo
2354 937 2401 973 de
2421 949 2488 985 po-

1427 986 1541 1022 tentia
1561 986 1598 1021 in
1618 994 1762 1032 actum;
1786 995 1821 1023 et
1838 988 2066 1036 principium
2096 989 2319 1036 cognitionis
2339 997 2488 1026 nostrae

1428 1046 1483 1074 est
1502 1051 1524 1074 a
1543 1039 1792 1086 sensibilibus,
1814 1052 1910 1088 quae
1940 1049 2025 1077 sunt
2053 1042 2270 1088 materialia,
2302 1049 2338 1078 et
2361 1042 2489 1078 intelli-

1427 1091 1551 1138 gibilia
1570 1091 1608 1126 in
1627 1093 1814 1139 potentia:
1840 1093 1942 1129 unde
1962 1094 2022 1129 illa
2042 1102 2128 1130 sunt
2146 1094 2249 1142 prius
2269 1094 2378 1130 nobis
2399 1102 2489 1131 nota

1428 1156 1543 1191 quarn
1560 1145 1788 1180 substantiae
1808 1154 2012 1193 separatae,
2029 1159 2127 1193 quae
2143 1154 2229 1182 sunt
2244 1147 2362 1194 magis
2378 1155 2489 1183 notae

1428 1197 1640 1232 secundum
1655 1205 1841 1244 naturam,
1857 1206 1898 1234 ut
1912 1206 2014 1246 patet
2028 1199 2066 1234 in
2087 1200 2117 1234 II
2134 1200 2349 1247 Metaphys.
2368 1201 2387 1220 '³‘
2400 1200 2491 1236 Non

1429 1261 1518 1296 ergo
1539 1249 1626 1285 dicit
1645 1250 1791 1286 notiora
1817 1258 1985 1297 naturae,
2007 1251 2113 1299 quasi
2134 1259 2266 1288 natura
2288 1260 2492 1299 cognoscat

1430 1313 1490 1347 ea;
1512 1303 1579 1338 sed
1598 1302 1686 1350 quia
1705 1310 1791 1339 sunt
1810 1303 1959 1339 notiora
1978 1301 1991 1327 Ε
2010 1304 2222 1340 secundum
2242 1316 2282 1340 se
2303 1312 2339 1340 et
2358 1317 2490 1341 secun-

1430 1354 1521 1390 dum
1536 1355 1731 1402 propriam
1746 1363 1932 1392 naturam.
1946 1356 2044 1392 Dicit
2059 1364 2187 1393 autem
2203 1357 2349 1393 notiora
2365 1363 2400 1393 et
2413 1369 2491 1393 cer-

1429 1408 1536 1452 tiora,
1553 1408 1642 1454 quia
1661 1407 1698 1443 in
1722 1408 1883 1445 scientiis
1909 1421 1987 1445 non
2012 1409 2203 1457 quaeritur
2224 1411 2243 1430 *
2265 1409 2491 1457 qualiscum-

1429 1471 1504 1507 que
1534 1460 1709 1507 cognitiO,
1733 1461 1801 1497 sed
1830 1461 2051 1508 cognitionis
2081 1462 2277 1498 certitudo.

1482 1512 1542 1548 Ad
1577 1513 1806 1549 intellectum
1845 1522 1973 1550 autem
2004 1516 2024 1536 ’¹‘
2051 1514 2240 1551 secundae
2266 1514 2491 1563 propositio-

1430 1564 1498 1611 nis,
1529 1565 1727 1602 sciendum
1748 1573 1803 1602 est
1821 1567 1927 1614 quod
1947 1569 2103 1615 confusa
2123 1567 2184 1603 hic
2205 1568 2379 1603 dicuntur
2394 1579 2492 1614 quae

1432 1616 1624 1653 continent
1656 1618 1694 1653 in
1723 1630 1762 1653 se
1791 1618 1915 1666 aliqua
1944 1620 1982 1655 in
2009 1619 2176 1668 potentia
2206 1626 2242 1655 et
2269 1619 2490 1656 indistincte.

1431 1669 1479 1704 Et
1507 1669 1595 1716 quia
1625 1681 1854 1716 cognoscere
1893 1672 2033 1719 aliquid
2061 1672 2288 1719 indistincte,
2319 1672 2491 1708 medium

1432 1728 1487 1757 est
1514 1721 1609 1757 inter
1635 1734 1772 1770 puram
1800 1724 2008 1770 potentiam
2039 1731 2073 1760 et
2102 1732 2228 1760 actum
2261 1725 2492 1772 perfectum,

1431 1773 1531 1820 ideo,
1562 1775 1654 1810 dum
1682 1774 1889 1812 intellectus
1918 1784 2046 1813 noster
2070 1777 2242 1824 procedit
2262 1778 2308 1813 de
2327 1777 2495 1825 potentia

1432 1825 1470 1862 in
1498 1832 1636 1874 actum,
1655 1827 1780 1875 Primo
1810 1829 1971 1865 occurrit
1990 1830 2061 1865 sibi
2082 1830 2282 1865 confusum
2303 1842 2420 1877 quam
2442 1830 2494 1866 di-

1433 1879 1630 1925 stinctum3
1653 1880 1719 1916 sed
1736 1888 1823 1916 tunc
1844 1889 1899 1918 est
1922 1882 2075 1918 scientia
2096 1883 2285 1929 completa
2304 1883 2341 1919 in
2361 1890 2446 1919 actu
2461 1884 2493 1929 ²¹⁶,
2524 1891 2532 1898 '

1434 1932 1587 1979 quando
1620 1933 1839 1981 pervenitur
1872 1947 1940 1982 per
1978 1935 2247 1972 resolutionem
2286 1935 2334 1972 ad
2369 1935 2495 1972 distin-

1434 1993 1533 2021 ctam
1563 1986 1818 2032 cognitionem
1846 1987 2119 2036 principiorum
2150 1994 2185 2024 et
2205 1989 2493 2024 elementorum.

1435 2039 1483 2074 Et
1510 2038 1605 2074 haec
1634 2046 1688 2074 est
1716 2039 1809 2075 ratio
1839 2052 1954 2087 quare
1985 2041 2142 2077 confusa
2171 2047 2256 2076 sunt
2274 2041 2398 2089 primo
2428 2053 2496 2077 no-

1435 2090 1491 2126 bis
1519 2098 1610 2127 nota
1638 2103 1753 2139 quam
1783 2092 1964 2130 distincta.
2000 2094 2117 2139 Quod
2145 2100 2274 2129 autem
2301 2093 2496 2130 universa-

1434 2143 1483 2179 lia
1515 2144 1587 2180 sint
1615 2144 1772 2181 confusa
1801 2145 2043 2182 manifestum
2073 2154 2147 2192 est,
2183 2146 2272 2193 quia
2303 2146 2495 2183 universa-

1435 2195 1483 2231 lia
1511 2197 1703 2233 continent
1731 2197 1769 2234 in
1797 2210 1836 2233 se
1865 2210 1952 2234 suas
1981 2199 2125 2247 species
2147 2203 2159 2218 ⁰
2178 2198 2216 2234 in
2243 2199 2431 2246 potentia,
2463 2206 2498 2235 et

1422 2248 1502 2306 „qni
1520 2248 1587 2284 scit
1606 2249 1745 2297 aliquid
1764 2250 1803 2286 in
1821 2250 2024 2288 universali
2053 2252 2120 2288 scit
2147 2251 2239 2287 illud
2266 2251 2495 2298 indistincte3

1437 2308 1527 2336 tunc
1570 2309 1697 2337 autem
1740 2302 1976 2349 distinguitur
2019 2304 2098 2340 eius
2127 2303 2311 2351 cognitio,
2342 2305 2496 2352 quando

1440 2355 1742 2402 unumquodque
1772 2367 1906 2391 eorum
1935 2369 2032 2404 quae
2066 2357 2304 2393 continentur
2331 2357 2499 2405 potentia

1439 2406 1477 2442 in
1504 2406 1719 2454 universali,
1745 2415 1830 2443 actu
1851 2409 2103 2455 cognoscitur:
2125 2409 2190 2456 qui
2211 2409 2312 2445 enim
2333 2410 2400 2446 scit
2420 2410 2498 2446 ani-

1440 2459 1527 2505 mal,
1549 2471 1627 2495 non
1647 2460 1714 2495 scit
1733 2460 1912 2496 rationale
1928 2461 1948 2481 ²¹²
1964 2461 2033 2497 nisi
2052 2462 2090 2497 in
2109 2461 2287 2510 potentia.
2305 2463 2413 2499 Prius
2433 2475 2498 2499 au—

1439 2519 1517 2547 tem
1546 2519 1601 2548 est
1629 2512 1724 2548 scire
1754 2512 1894 2560 aliquid
1921 2513 1959 2549 in
1986 2514 2154 2561 potentia
2178 2526 2294 2562 quam
2324 2515 2362 2551 in
2391 2523 2496 2552 actu:

1441 2564 1652 2600 secundum
1685 2565 1794 2612 igitur
1825 2566 1927 2601 hunc
1960 2567 2133 2617 ordinem
2166 2566 2497 2616 addiscendi-quo

1439 2617 1683 2665 procedimus
1712 2617 1758 2653 de
1787 2618 1961 2665 potentia‘
1987 2619 2024 2654 in
2054 2627 2198 2666 actum,
2231 2620 2334 2668 prius
2369 2620 2498 2668 quoad

1440 2681 1510 2706 nos
1539 2677 1594 2706 est
1622 2669 1714 2706 seire
1745 2670 1884 2706 animal
1913 2683 2029 2718 quam
2058 2672 2267 2709 hominem.

1495 2723 1529 2758 8.
1561 2722 1802 2758 Contrarium
1832 2730 1959 2760 autem
1987 2724 2075 2760 huic
2101 2724 2251 2762 videtur
2281 2737 2361 2761 esse
2394 2726 2498 2773 quod

378 2832 406 2865 η)
424 2835 464 2857 est
477 2832 640 2864 principium
660 2835 755 2857 motus.
767 2846 785 2850 -
799 2831 860 2856 Om.
875 2832 990 2861 PEGab;
1008 2833 1113 2865 insuper
1125 2834 1190 2858 EGa
1205 2839 1314 2866 pergunt
1333 2842 1384 2859 non
1435 2835 1525 2866 primo
1544 2836 1723 2860 determinare
1742 2836 1774 2860 Ο.
1788 2849 1808 2854 -
1819 2836 1900 2860 Linea
1918 2843 1973 2868 seq.
1987 2843 2034 2868 pro
2056 2837 2297 2866 universalior-ibus,
2318 2837 2391 2861 codd.
2411 2845 2464 2861 exc.
2478 2838 2499 2861 B

324 2870 365 2893 est
382 2874 477 2896 causa5
496 2868 515 2892 P
536 2872 561 2892 et
579 2867 606 2896 b,
627 2874 678 2892 non
698 2870 785 2891 tamen
805 2870 844 2891 est
861 2874 956 2892 causa:
974 2869 1108 2900 sequimur
1126 2874 1225 2893 ceteros
1239 2870 1313 2894 codd.

379 2900 403 2936 0)
423 2902 538 2927 Utitur...
552 2902 705 2934 copulatim.
719 2916 737 2920 -
750 2901 800 2926 Pro
814 2901 910 2931 utitur,
931 2902 1031 2927 utimur
1045 2903 1076 2934 Z;
1097 2903 1153 2928 istis
1169 2904 1316 2929 nominibus
1330 2912 1384 2929 om.

326 2937 492 2967 PEGHNab;
510 2945 558 2970 pro
577 2937 729 2962 disiunctim
749 2941 774 2961 et
791 2937 943 2968 copulatim,
960 2937 1090 2962 PEGHNb
1106 2938 1281 2964 disiunctione
1299 2944 1324 2964 et
1342 2946 1385 2964 co-

321 2973 469 3004 pulatione,
489 2973 530 2997 ed.
545 2979 562 2996 a
577 2972 751 2997 disiunctione
770 2977 795 2996 et
812 2972 966 3003 copulative,
981 2973 1000 2996 Z
1015 2973 1165 2998 distinctive
1184 2979 1209 2998 et
1228 2975 1384 3005 copulative,

325 3007 347 3031 F
366 3007 504 3032 disiunctis
523 3011 548 3031 et
565 3007 708 3038 copulatis,
727 3007 751 3031 R
770 3007 892 3032 distincte
910 3012 935 3031 et
952 3008 1080 3039 copulate,
1100 3014 1147 3033 cet.
1163 3017 1215 3033 exc.
1230 3009 1277 3033 KT
1291 3009 1385 3034 distin-

325 3042 389 3066 ctim
409 3047 434 3066 et
445 3042 598 3073 copulatim.
617 3043 766 3066 Lectionem
780 3042 927 3074 adoptatam
941 3050 972 3066 ex
985 3043 1032 3067 KT
1046 3043 1244 3068 conformiorem
1259 3045 1386 3068 contextui

328 3083 386 3100 esse
405 3077 547 3101 credimus:
567 3077 675 3108 explicat
693 3078 761 3101 enim
781 3085 802 3101 s.
816 3077 866 3102 Th.
885 3085 964 3110 quare
982 3078 1134 3102 Aristoteles
1149 3079 1180 3102 ad
1195 3080 1298 3103 nomina
1306 3080 1385 3111 prin-

327 3110 406 3142 cipia,
424 3118 527 3139 causae,
546 3112 681 3140 elementa,
696 3112 873 3137 disiunctiwtm
887 3112 1036 3144 particulam
1051 3116 1099 3138 aut
1111 3113 1260 3138 adhibuerit.
1274 3128 1293 3132 -
1306 3114 1386 3139 Paulo

328 3145 433 3170 inferius
452 3153 499 3178 pro
518 3146 683 3171 demonstrat
697 3152 755 3171 ante
770 3154 820 3178 per
837 3155 960 3178 causam,
980 3148 1054 3172 codd.
1068 3156 1121 3172 exc.
1135 3149 1181 3173 EG
1195 3149 1290 3173 habent
1308 3157 1387 3179 πων-ο,-

329 3180 396 3204 linea
414 3187 470 3212 seq.
488 3188 535 3212 pro
553 3181 646 3210 etiam,
665 3182 735 3213 quod
754 3182 871 3207 DEGHN
890 3191 956 3214 om.,
975 3183 993 3207 S
1012 3183 1072 3215 legit
1090 3183 1169 3208 etiam
1183 3191 1244 3215 per.

383 3215 401 3246 ι)
419 3215 488 3239 sicut
505 3218 532 3239 et
550 3216 576 3240 in
595 3216 662 3240 libro
680 3217 782 3241 Poster.
795 3231 816 3236 —
830 3217 883 3242 Pab
902 3219 990 3250 legunt
1007 3218 1076 3242 sicut
1089 3218 1179 3250 primo
1198 3219 1265 3243 libro
1284 3219 1385 3244 Foster.

329 3250 441 3279 dicitur,·
455 3250 532 3274 etiam
546 3250 592 3274 EG
605 3251 701 3275 addunt
715 3251 825 3276 dicitur:
838 3253 884 3277 sed
899 3261 921 3277 s.
930 3253 980 3277 Th.
993 3260 1045 3277 non
1060 3254 1166 3277 intendit
1178 3255 1310 3286 assignare
1324 3255 1385 3286 quid

329 3285 481 3309 Aristoteles
500 3292 531 3308 eo
550 3285 607 3309 loco
625 3285 704 3314 dicat,
724 3286 770 3310 sed
789 3287 850 3318 quid
869 3287 902 3311 ibi
915 3288 1014 3320 faciat,
1035 3295 1129 3320 nempe
1142 3289 1243 3320 probat
1260 3296 1298 3314 ex
1315 3297 1384 3314 com-

330 3319 404 3344 muni
421 3319 559 3351 opinione,·
577 3320 634 3343 ideo
647 3321 799 3351 adoptamus
814 3321 949 3346 lectionem
965 3323 1074 3346 aliorum
1088 3324 1162 3347 codd.
1171 3337 1191 3342 -
1204 3324 1266 3348 Ead.
1280 3325 1323 3348 lin.
1338 3333 1385 3357 pro

329 3355 464 3386 opinatur,
479 3354 532 3378 Pab
547 3355 634 3385 legunt
647 3355 795 3386 experitur.
809 3369 828 3375 —-
841 3356 921 3381 Paulo
935 3357 1039 3381 inferius
1053 3358 1110 3381 loco
1123 3358 1291 3389 accipiamus,
1306 3360 1385 3384 EGab

329 3388 424 3414 habent
442 3389 607 3421 recipiamus.

383 3424 408 3456 κ)
428 3427 454 3449 et
465 3426 599 3457 ferreos...
612 3424 649 3449 ad
666 3425 817 3449 secandum.
828 3426 895 3450 —Ita
913 3426 1029 3456 PEGab;
1048 3430 1096 3451 cet.
1113 3435 1176 3452 vero
1189 3429 1275 3457 codd..
1295 3429 1340 3461 qui
1358 3433 1387 3454 ut

331 3457 368 3491 (et
383 3462 412 3484 ut
430 3459 535 3489 DHRZ,
554 3462 580 3483 et
599 3462 628 3483 ut
645 3459 683 3484 sic
701 3460 760 3492 MN)
779 3460 832 3485 sint
849 3461 908 3493 apti
922 3461 959 3486 ad
971 3462 1127 3491 secandum,
1148 3466 1252 3494 oportet
1274 3470 1317 3488 eos
1331 3464 1386 3496 (eos

330 3501 384 3519 om.
398 3494 430 3527 B)
449 3501 504 3519 esse
520 3495 633 3526 ferreos.

384 3527 411 3561 λ)
426 3530 682 3561 praedeterminare.
694 3543 712 3551 -·
725 3530 902 3556 determinare
924 3532 1011 3563 AMR;
1033 3532 1112 3564 prius
1136 3532 1313 3558 determinare
1331 3534 1371 3558 LS

845 3596 862 3612 κ

683 3671 700 3684 Q

1439 2869 1557 2904 EG(H?)
1578 2871 1666 2902 legunt
1689 2871 1895 2900 universalibus;
1914 2871 2029 2895 ostendit
2047 2871 2096 2896 hoc
2114 2880 2166 2896 om.
2186 2873 2204 2896 P
2220 2877 2244 2896 et
2265 2872 2293 2901 b,
2313 2872 2429 2897 ostendit
2446 2880 2499 2897 om.

1439 2905 1511 2929 EGa.
1526 2920 1545 2924 —
1559 2905 1638 2930 Linea
1655 2913 1709 2938 seq.
1724 2914 1771 2938 pro
1785 2906 1876 2939 signa,
1896 2913 1912 2930 a
1923 2907 1937 2931 b
1957 2911 1982 2930 et
2000 2907 2074 2930 codd.
2090 2915 2142 2931 exc.
2162 2907 2219 2931 sGS
2233 2907 2328 2932 habent
2341 2907 2447 2932 similia.
2461 2907 2500 2932 Cf.

1439 2947 1464 2963 Π·
1478 2947 1494 2972 9
1504 2958 1510 2970 ›
1530 2948 1605 2972 seqq·
2265 2969 2269 2974 .

1493 2975 1520 3008 μ)
1542 2976 1693 3000 Innatum...
1706 2977 1896 3009 cognoscendo.
1909 2991 1927 2994 —
1941 2977 1982 3001 Sic
1999 2977 2087 3009 legunt
2100 2977 2200 3002 codices
2216 2978 2244 3010 (S
2258 2978 2283 3002 in
2298 2978 2500 3010 cognoscendo).

1440 3010 1459 3033 P
1474 3017 1533 3034 cum
1551 3018 1569 3034 a
1580 3011 1594 3034 b
1614 3011 1688 3042 legit:
1709 3011 1806 3035 Innata
1825 3014 1864 3036 est
1883 3011 1956 3036 nobis
1974 3012 2018 3036 via
2039 3010 2066 3045 (a
2078 3012 2091 3036 b
2111 3013 2231 3037 omittunt
2249 3011 2304 3047 via)
2325 3016 2354 3037 ut
2367 3013 2501 3044 proceda-

1440 3052 1497 3069 mus
1517 3045 1674 3077 incipiendo.

1492 3080 1515 3112 ν)
1536 3080 1604 3105 idem
1625 3081 1714 3105 dicit...
1727 3081 1891 3112 simpliciter.
1903 3095 1921 3100 -
1935 3082 1983 3106 Ed.
1997 3089 2014 3106 a
2027 3082 2115 3112 habet,
2135 3090 2186 3107 non
2207 3083 2275 3108 idem
2290 3084 2355 3108 dicit
2369 3087 2432 3108 nota
2446 3091 2501 3108 esse

1440 3117 1554 3139 naturae
1571 3118 1598 3140 et
1616 3118 1680 3140 nota
1698 3116 1861 3147 simpliciter,
1877 3124 1955 3148 quem
1974 3125 2087 3142 errorem
2107 3118 2122 3142 b
2141 3119 2222 3142 voluit
2240 3119 2376 3150 corrigere,
2391 3127 2438 3150 pro
2453 3126 2499 3143 na-

1439 3152 1516 3174 turae
1534 3151 1654 3182 ponendo
1674 3151 1755 3175 nobis.
1774 3151 1847 3175 Hanc
1867 3151 2002 3176 lectionem
2016 3152 2035 3176 P
2050 3153 2160 3182 retinuit,
2176 3154 2221 3177 sed
2240 3153 2346 3186 insuper
2360 3153 2429 3178 idem
2442 3162 2499 3178 mu-

1439 3185 1501 3209 tavit
1519 3185 1545 3209 in
1563 3186 1664 3210 eadem.
1690 3186 1828 3218 Sequimur
1846 3194 1937 3211 omnes
1957 3188 2070 3211 codices:
2095 3195 2207 3220 quorum
2226 3188 2301 3212 lectio
2321 3189 2420 3212 videtur
2438 3190 2499 3213 ado-

1439 3221 1541 3251 ptanda,
1561 3221 1621 3253 quia
1639 3221 1745 3245 intentio
1764 3229 1785 3245 s.
1800 3221 1925 3251 Thomae,
1945 3226 1974 3246 ut
1992 3230 2022 3246 ex
2041 3223 2210 3254 sequentibus
2224 3227 2301 3255 patet,
2316 3228 2356 3247 est
2374 3224 2500 3256 explicare

1440 3263 1507 3287 quae
1526 3256 1577 3279 sint
1595 3257 1694 3280 notiora
1711 3261 1824 3286 naturae,
1838 3261 1863 3281 et
1875 3257 1907 3281 ad
1926 3257 1975 3281 hoc
1993 3257 2206 3282 manifestandum
2228 3263 2300 3282 notat
2318 3259 2388 3290 quod
2400 3259 2498 3284 Aristo-

1439 3291 1504 3315 teles
1519 3298 1548 3314 ea
1559 3298 1626 3323 quae
1641 3291 1712 3323 prius
1728 3291 1787 3315 dixit
1800 3294 1864 3315 nota
1877 3295 1997 3320 naturae,
2009 3292 2176 3324 postmodum
2189 3293 2248 3316 dicit
2262 3295 2326 3317 nota
2336 3293 2500 3326 simpliciter.

1494 3324 1516 3358 ξ)
1532 3326 1591 3350 Non
1607 3333 1698 3358 ergo...
1713 3330 1774 3350 sunt
1794 3327 1934 3351 notiora.-
1945 3327 1994 3350 Pro
2008 3334 2079 3358 ergo,
2096 3327 2168 3358 quod
2181 3327 2262 3358 NRz;
2283 3336 2330 3360 pro
2349 3329 2421 3358 dicit,
2434 3329 2498 3354 dici-

1440 3368 1498 3385 mus
1512 3361 1540 3390 13,
1560 3361 1658 3385 dicitur
1673 3362 1705 3391 H,
1719 3361 1844 3386 dicuntur
1861 3362 1894 3391 M,
1909 3362 2014 3386 dicatur
2033 3362 2062 3391 N,
2077 3362 2150 3386 dicat
2167 3362 2225 3393 RZ;
2245 3369 2292 3394 pro
2306 3364 2420 3394 notiora,
2436 3368 2499 3389 nota

1441 3395 1554 3424 PEGab,
1574 3401 1599 3420 et
1617 3397 1650 3420 ita
1669 3396 1734 3420 linea
1754 3397 1886 3428 sequenti;
1905 3404 1952 3428 pro
1970 3396 2058 3428 quasi,
2078 3397 2141 3428 quia
2160 3397 2225 3427 Pab,
2246 3398 2353 3423 notiora
2371 3400 2447 3432 quasi
2465 3400 2498 3430 F;

1439 3437 1471 3454 ea
1489 3431 1610 3455 omittunt
1628 3431 1699 3463 GpE.
1740 3427 1744 3433 ’

1494 3465 1520 3498 ο)
1535 3466 1604 3490 Suas
1618 3466 1722 3497 species.
1735 3479 1753 3484 —
1765 3466 1800 3489 Ita
1820 3465 2041 3498 PEFGHMNR23
2060 3474 2110 3491 sua
2124 3467 2252 3501 inferiora
2266 3469 2497 3500 ABCIKOTUXY,

1440 3507 1503 3524 suas
1521 3501 1618 3532 species
1637 3502 1677 3525 vel
1695 3508 1743 3525 sua
1767 3500 1895 3533 inferiora
1914 3501 1950 3531 D,
1970 3508 2020 3526 sua
2039 3501 2168 3535 inferiora
2187 3504 2227 3528 vel
2244 3511 2306 3529 suas
2328 3505 2425 3536 species
2449 3506 2497 3530 LS.

1441 3535 1478 3559 Cf.
1498 3543 1523 3559 n.
1538 3543 1563 3568 9.

2518 1208 2527 1216 ¹
2542 1207 2679 1228 S.Th.lect.
2688 1213 2702 1228 1.

2617 1308 2629 1338 ’ξ

2519 1421 2527 1429 ·
2534 1420 2664 1447 requiritur
2669 1420 2720 1446 pah,

2518 1447 2650 1473 acquiritur
2660 1453 2701 1467 MN.

2519 1525 2528 1534 ⁹
2537 1530 2593 1545 vero
2603 1523 2671 1545 codd.
2681 1530 2731 1546 exc.

2518 1556 2554 1571 sc.

2556 1889 2682 1910 secundum
2705 1894 2732 1909 a-

2523 1918 2582 1936 clum
2598 1916 2665 1945 codd.
2683 1921 2734 1946 cicc.

2523 1946 2563 1963 εει
2571 1948 2584 1962 o
2593 1948 2631 1969 qui
2641 1946 2734 1963 omittit.

2525 2476 2534 2484 ‘
2549 2474 2691 2521 &rationale
2704 2480 2717 2495 x»

2525 2507 2540 2522 a
2565 2516 2568 2521 .
