2950 4004
1408 182 1435 208 ἢ

482 289 552 325 138

1099 288 1444 326 PHYSICORUM
1471 289 1820 326 ARISTOTELIS
1849 291 1943 327 LIB.
1975 292 2023 328 III

1153 481 1452 538 LECTIO
1490 482 1972 540 DUODECIMA

783 631 840 662 EX
863 632 1058 662 TRADlTA
1081 631 1360 663 DEFlNlTIONE
1385 632 1560 663 INFINITI
1585 631 1856 665 ASSIGNATUR
1879 635 2014 667 RATIO
2037 636 2191 668 EORUM
2216 637 2335 675 QUAE

1298 693 1356 723 DE
1380 692 1572 723 lNFlNlTO
1596 692 1823 725 DICUNTUR

473 820 578 854 Κατοὶ
599 819 701 866 λόγον
726 816 764 853 δὲ
788 823 963 866 συμβαίνει
991 825 1048 855 καὶ
1074 824 1115 856 τὸ
1139 825 1236 857 κατά
1267 824 1442 870 πρόσθεσιν
1475 826 1533 870 μὲν

540 865 588 907 μή
613 867 698 897 εἰναι
722 866 830 898 δοκεῖν
865 867 1000 912 ἄπειρον
1027 868 1132 907 οὕτως
1157 868 1244 902 ὥστε
1275 869 1404 908 παντὸς
1439 871 1536 915 ὑπερ-

541 909 676 949 βάλλειν
702 910 873 956 μεγέθους,
894 911 948 943 ἐπὶ
974 912 1038 948 τήν
1063 909 1222 958 διαίρεσιν
1247 909 1284 945 δὲ
1309 911 1407 946 εἶναι·
1428 913 1535 957 περιέ-

540 965 643 997 χεται
667 958 731 1000 γάρ
756 957 798 993 ὠς
820 957 840 992 ’ἡ
859 955 921 992 ὕλη
948 956 1042 994 ἐντός
1067 959 1125 989 καὶ
1150 958 1192 990 τό
1219 957 1369 1003 ἄπειρον,
1389 959 1535 1004 περιέχει

540 999 578 1031 δὲ
603 998 644 1030 τὸ
669 1002 767 1036 είδος.
1217 1036 1221 1040 ,

474 1040 631 1089 Εύλόγως
655 1038 693 1075 δὲ,
716 1047 772 1076 καὶ
799 1043 840 1076 τὸ
866 1044 898 1076 ἐν
923 1045 982 1087 μὲν
1007 1046 1055 1086 τῷ
1076 1044 1200 1090 ἀριθμῷ
1222 1043 1307 1079 εἶναι
1326 1047 1381 1079 ἐπὶ
1398 1046 1441 1079 τό
1459 1047 1536 1080 ἑλά-

539 1097 657 1133 χιστον
685 1087 809 1133 πέρας,
836 1088 890 1120 ἐπὶ
915 1086 953 1121 δὲ
977 1089 1018 1122 τὸ
1044 1092 1159 1122 πλεῖον
1186 1091 1251 1122 αἰεὶ
1283 1090 1412 1129 παντὸς
1439 1093 1538 1136 ὑπερ-

542 1132 676 1173 βάλλειν
703 1133 870 1174 πλήθους,
898 1133 952 1166 ἐπὶ
978 1130 1015 1165 δὲ
1040 1136 1107 1167 τῶν
1133 1134 1280 1181 μεγεθῶν
1311 1136 1534 1176 τούναντίον,

541 1178 596 1208 ἐπὶ
620 1177 679 1218 μὲν
705 1177 746 1209 τό
772 1177 919 1210 ἔλαττον
946 1179 1076 1217 παντὸς
1102 1179 1324 1224 ὑπερβάλλειν
1355 1179 1534 1227 μεγέθους,

541 1222 595 1253 ἐπὶ
621 1221 658 1253 δὲ
683 1221 724 1253 τό
751 1222 862 1266 μεῖζον
888 1222 934 1267 μή
961 1220 1046 1255 εἶναι
1071 1222 1209 1270 μέγεθος
1237 1224 1386 1269 ἄπειρον.
1423 1227 1535 1257 Αἴτιον

540 1264 570 1296 δ’
594 1263 646 1298 ὅτι
665 1265 706 1297 τὸ
732 1265 764 1297 ἕν
790 1267 880 1298 ἐστιν
902 1264 1109 1312 ἀδιαίρετον,
1130 1267 1146 1299 ὅ
1164 1280 1198 1300 τι
1217 1280 1276 1312 περ
1297 1267 1335 1301 ἂν
1355 1270 1387 1300 ἓν
1414 1268 1448 1311 ᾗ,
1468 1270 1536 1301 οἷον

543 1309 713 1355 ἄνθρωπος
739 1311 783 1347 εἷς
811 1310 981 1355 ἄνθρωπος
1005 1314 1062 1343 καὶ
1085 1312 1123 1344 οὐ
1145 1314 1277 1344 πολλοί·
1307 1314 1322 1345 6
1347 1308 1374 1344 δ’
1402 1312 1535 1357 ἀριθμός

542 1356 632 1386 ἐστιν
659 1355 730 1391 ἑνός
755 1356 857 1387 πλείω
882 1358 940 1388 καὶ
965 1357 1057 1388 ποσά
1076 1355 1183 1389 ἅττα·
1203 1356 1282 1389 ὥστ’
1306 1357 1435 1403 ἀνάγκη
1454 1358 1537 1394 στῆ-

542 1410 596 1430 ναι
621 1400 677 1431 ἐπὶ
703 1398 743 1430 τὸ
771 1395 976 1445 ἀδιαίρετον.
1015 1401 1066 1433 Τά
1089 1401 1153 1447 γάρ
1178 1397 1239 1433 δύο
1271 1403 1329 1432 καὶ
1360 1404 1440 1444 τρία
1472 1414 1538 1434 πα-

540 1442 674 1488 ρώνυμα
707 1443 864 1488 ὀνόματά
894 1445 1006 1486 ἐστιν,
1041 1446 1158 1489 ὁμοίως
1184 1441 1303 1477 δὲκαὶ
1328 1447 1395 1478 τῶν
1427 1445 1536 1478 ἄλλων

543 1488 687 1532 ἀριθμῶν
714 1487 871 1526 ἕκαστος·

478 1529 533 1562 ἐπὶ
558 1533 595 1564 δὲ
621 1533 661 1565 τὸ
687 1534 800 1564 πλεῖον
828 1533 879 1565 ἀεὶ
912 1532 984 1564 ἔστι
1017 1533 1152 1568 νοῆσαι·
1181 1533 1312 1577 ἄπειροι
1340 1534 1404 1580 γάρ
1431 1536 1465 1566 αἱ
1491 1529 1538 1565 δι-

540 1579 704 1622 χοτομίαι
736 1578 798 1609 τοῦ
830 1576 1000 1622 μεγέθους.
1032 1576 1135 1608 Ὥστε
1168 1572 1307 1622 δυνάμει
1339 1578 1397 1622 μέν
1425 1579 1536 1620 ἐστιν,

542 1623 689 1667 ἐνεργείᾳ
715 1616 746 1651 δ’
771 1621 822 1652 οὔ·
851 1621 924 1653 ἀλλ’
947 1621 997 1653 ἀεὶ
1024 1620 1228 1665 ὑπερβάλλει
1254 1623 1295 1654 τό
1318 1622 1538 1666 λαμβανόμε-

540 1677 607 1707 νον,
635 1665 764 1702 παντὸς
789 1665 971 1710 ὡρισμένου
997 1664 1156 1703 πλήθους.
1194 1666 1285 1697 Ἀλλ’
1311 1668 1349 1699 οὑ
1373 1667 1537 1713 χωριστὸς

541 1711 557 1741 6
585 1709 719 1754 ἀριθμός
745 1709 842 1747 οὗτος
869 1711 931 1748 τῆς
957 1705 1172 1755 διχοτομίας,
1193 1706 1272 1742 οὐδὲ
1296 1711 1386 1755 μένει
1405 1713 1426 1749 ἢ
1445 1712 1541 1744 ἀπει-

541 1756 614 1796 ρία,
643 1755 733 1786 ἀλλά
756 1757 911 1800 γίνεται,
942 1754 1053 1797 ὥσπερ
1078 1756 1135 1786 καὶ
1162 1755 1178 1786 ὁ
1202 1754 1319 1799 χρόνος
1342 1758 1400 1787 καὶ
1428 1757 1444 1788 ὀ
1471 1756 1538 1800 άρι-

540 1799 619 1842 θμός
646 1799 707 1830 τοῦ
731 1798 864 1844 χρόνου.

469 1841 548 1873 Ἐπὶ
572 1838 609 1874 δὲ
642 1844 709 1874 τῶν
741 1843 888 1889 μεγεθῶν
922 1842 1124 1874 τούναντίον
1155 1842 1240 1874 ἐστί·
1266 1837 1449 1888 διαιρεῖται
1481 1844 1539 1888 μέν

540 1887 604 1932 γάρ
630 1887 674 1923 εἰς
703 1886 826 1932 ἄπειρα
857 1886 898 1919 τό
931 1885 1079 1931 συνεχές·
1107 1886 1162 1918 ἐπὶ
1192 1882 1229 1918 δὲ
1262 1886 1303 1919 τό
1334 1889 1446 1931 μεῖζον
1480 1888 1539 1920 οὐκ

542 1933 633 1963 ἔστιν
661 1931 810 1975 ἄπειρον.
839 1930 938 1962 ’Ὀσον
963 1931 1028 1976 γάρ
1060 1926 1237 1976 ἐνδέχεται
1267 1927 1351 1964 δυνά
1380 1944 1406 1963 ει
1432 1929 1537 1972 εἶναι,

540 1977 598 2007 καὶ
624 1975 772 2022 ἐνεργείᾳ
803 1971 980 2021 ἐνδέχεται
1019 1976 1185 2007 τοσοῦτον
1217 1973 1314 2008 εἶναι.
1343 1977 1437 2009 ‘ssav’
1467 1977 1539 2009 ἐπεὶ

543 2020 678 2063 ἄπειρον
705 2018 802 2052 οὐδέν
830 2013 902 2053 ἑστῖ
954 2019 1064 2066 ε’γεθος
1085 2019 1258 2061 αἰσθητόν,
1279 2019 1339 2052 οὐκ
1363 2016 1540 2067 ἐνδέχεται

542 2064 671 2101 παντὸς
699 2065 886 2110 ὑπερβολήν
910 2076 996 2097 ειναι
1016 2063 1197 2108 ὡρισμένου
1215 2064 1387 2110 μεγέθους·
1408 2068 1456 2102 εἴη
1475 2066 1539 2112 γάρ

544 2108 581 2141 ἂν
607 2120 640 2140 τι
666 2111 728 2141 τοῦ
755 2110 897 2151 οὐρανοῦ
923 2110 1046 2154 μεῖζον.

544 2149 573 2184 δ’
604 2153 739 2198 ἀπειρόν
773 2154 810 2185 οὐ
844 2154 974 2187 ταύτὸν
1005 2154 1037 2185 ἐν
1069 2152 1201 2199 μεγέθει
1228 2155 1286 2184 καὶ
1316 2153 1444 2190 κινήσει
1480 2156 1540 2186 καὶ

541 2197 659 2243 χρόνῳ,
686 2200 727 2236 ὠς
753 2201 814 2242 μία
839 2210 889 2235 τις
915 2198 1026 2242 φύσις,
1056 2197 1146 2232 ἀλλά
1169 2197 1210 2230 τὸ
1237 2197 1373 2239 ὕστερον
1398 2197 1540 2243 λέγεται

540 2242 636 2274 κατά
661 2242 702 2273 τὸ
728 2243 904 2286 πρότερον,
925 2243 993 2275 οἷον
1017 2245 1141 2281 κίνησις
1168 2242 1226 2286 μὲν
1254 2241 1307 2274 ὅτι
1333 2242 1373 2274 τὸ
1398 2241 1539 2287 μέγεθος

542 2287 589 2329 ἐφ’
614 2285 651 2316 οὗ
672 2291 819 2319 κινεῖται
843 2285 864 2323 ἦ
891 2288 1092 2321 ἀλλοιοῦται
1118 2286 1138 2323 ἦ
1165 2285 1367 2327 αὐξάνεται,
1389 2287 1404 2318 6
1477 2285 1538 2325 ’νος

541 2327 579 2363 δὲ
603 2326 662 2362 διά
686 2332 750 2368 την
775 2335 913 2368 κίνησιν.
948 2333 1014 2363 Νῦν
1040 2333 1099 2376 μὲν
1126 2329 1181 2362 οὖν
1207 2330 1364 2375 χρώμεθα
1386 2341 1537 2372 τουτοις,

543 2375 680 2413 ὕστερον
706 2375 743 2408 δὲ
769 2375 997 2420 πειρασόμεθα
1013 2377 1122 2422 λέγειν
1140 2377 1198 2406 καὶ
1217 2379 1250 2407 τί
1267 2374 1357 2407 ἐστιν
1378 2373 1536 2414 ἕκαστον,

541 2422 598 2451 καὶ
624 2417 713 2452 διότι
739 2421 805 2452 πᾶν
831 2419 969 2466 μέγεθος
995 2422 1038 2458 εἱς
1065 2419 1187 2466 μεγέθη
1213 2415 1397 2464 διαιρετόν.

475 2152 520 2184 Τὸ

476 2505 544 2539 Οὐκ
571 2508 764 2552 ἀφαιρεῖται
788 2503 816 2539 δ’
840 2509 855 2539 6
871 2507 970 2554 λόγος
999 2504 1075 2541 οὐδὲ
1100 2508 1178 2546 τούς
1197 2507 1456 2552 μαθηματικούς
1473 2507 1537 2544 τήν

543 2550 693 2597 θεωρίαν,
715 2553 855 2596 ἀναιρῶν
875 2551 981 2590 οὕτως
1007 2550 1091 2584 εἶναι
1116 2553 1157 2585 τό
1183 2553 1333 2597 ἄπειρον,
1353 2550 1430 2584 ὥστ’
1451 2552 1539 2596 ἐνερ-

541 2599 617 2642 γείᾳ
644 2595 728 2630 εἶναι
753 2598 808 2629 ἐπὶ
834 2597 897 2633 τήν
925 2597 1028 2638 αὔξην
1059 2599 1099 2634 ὠς
1127 2592 1357 2638 άδιεξίτητον·
1381 2591 1457 2628 οὐδὲ
1473 2597 1538 2642 γᾶρ
1577 2616 1579 2618 ·

542 2642 598 2672 νῦν
623 2636 763 2674 δέονται
789 2641 851 2673 τοῦ
878 2641 1016 2685 ἀπείρου
1043 2638 1121 2674 οὐδὲ
1141 2643 1304 2687 χρῶνται,
1325 2640 1416 2672 ἀλλά
1435 2640 1536 2684 μόνον

543 2682 627 2716 εἶναι
653 2686 731 2724 ὅσην
759 2685 796 2719 ἂν
823 2685 1016 2725 βούλωνται
1041 2687 1105 2724 τήν
1131 2684 1398 2730 πεπερασμένην·
1427 2686 1475 2726 τῷ
1501 2680 1538 2717 δὲ

542 2732 688 2775 μεγίστῳ
714 2729 846 2777 μεγέθει
872 2731 931 2763 τὸν
963 2731 1068 2763 αὐτόν
1103 2731 1176 2763 ἔστι
1209 2728 1403 2773 τετμῆσθαι
1434 2729 1536 2783 λόγον

544 2776 764 2810 ὀπηλικονοῦν
782 2774 921 2819 μέγεθος
941 2775 1064 2819 ἕτερον.
1079 2775 1181 2807 ’Ώστε
1199 2774 1279 2819 πρὸς
1297 2774 1354 2818 μὲν
1373 2774 1414 2805 τό
1428 2769 1537 2816 δεΐςαι

544 2819 677 2857 ἐκείνοις
704 2816 800 2852 οὐδὲν
822 2817 953 2862 διοίσει,
974 2821 1014 2852 τό
1032 2815 1070 2852 δὲ
1086 2817 1172 2851 εἶναι
1191 2820 1222 2851 ἒν
1241 2823 1312 2856 τοῖς
1331 2815 1421 2850 οὖσιν
1440 2818 1538 2852 ἔσται

543 2863 727 2919 μεγέθεσιν.

473 2903 566 2939 Ἐπεὶ
592 2909 629 2941 ὸεῖ
654 2909 701 2940 τά
726 2911 823 2941 αἴτια
848 2905 1008 2953 διῄρηται
1039 2908 1227 2953 τετραχῶς,
1254 2906 1393 2951 φανερὸν
1420 2906 1472 2940 ὅτι
1497 2908 1537 2944 ὠς

545 2951 605 2991 ὕλη
632 2953 673 2985 τό
700 2953 836 2996 ἄπειρόν
863 2953 953 2985 ἐστιν
981 2955 1110 2993 α’ίτιον,
1136 2954 1195 2983 καὶ
1221 2951 1275 2984 ὅτι
1301 2952 1342 2984 τό
1368 2951 1426 2995 μὲν
1453 2949 1537 2983 εἶναι

545 2999 638 3038 αὐτῷ
672 2996 844 3041 στέρησις,
884 2998 924 3030 τό
953 2993 989 3029 δὲ
1020 2995 1095 3029 καθ’
1124 2996 1211 3028 αὐτὸ
1246 2997 1463 3040 ὑποκείμενον
1497 2995 1538 3028 τὸ

545 3041 677 3087 συνεχὲς
702 3044 758 3073 καὶ
786 3041 961 3079 αἰσθητόν.
998 3043 1186 3073 Φαίνονται
1210 3035 1247 3072 δὲ
1273 3040 1399 3078 πάντες
1425 3042 1482 3071 καὶ
1509 3042 1538 3071 ol

547 3086 642 3117 ἄλλοι
667 3087 707 3123 ὠς
734 3085 795 3129 ὕλῃ
821 3086 983 3131 χρώμενοι
1008 3086 1056 3127 τῷ
1084 3083 1220 3128 ἀπείρῳ·
1247 3079 1299 3116 διὸ
1323 3086 1381 3116 καὶ
1408 3084 1538 3116 ἄτοπον

546 3130 586 3161 τό
611 3130 763 3175 περιέχον
790 3135 894 3162 ποιεῖν
922 3129 1024 3170 αὑτό,
1045 3130 1135 3161 ἀλλά
1159 3129 1206 3173 μή
1225 3129 1265 3162 τὸ
1287 3128 1536 3174 περιεχόμενον.

531 3307 669 3334 vaopsts
686 3323 719 3327 -—
742 3315 764 3334 1.
780 3307 990 3343 Argumentum
1012 3312 1039 3334 et
1054 3305 1155 3333 divisio
1173 3311 1299 3332 textus.-
1312 3312 1339 3332 2.
1356 3305 1398 3332 De
1420 3303 1535 3341 apposi-

478 3345 557 3373 tione
579 3353 605 3373 et
629 3346 767 3374 divisione
782 3345 985 3382 magnitudinis
1000 3345 1028 3373 in
1044 3345 1196 3373 infinitum.
1213 3343 1287 3371 Cu'm
1303 3346 1396 3371 forma
1417 3343 1452 3372 sit
1466 3353 1536 3372 con-

479 3384 571 3412 tinens
586 3392 613 3412 et
627 3386 786 3420 terminata,
803 3385 921 3413 materia
942 3392 1038 3413 autem
1053 3384 1234 3413 contineatur
1248 3390 1275 3411 et
1289 3383 1324 3411 sit
1345 3383 1535 3418 interminata,

480 3430 507 3451 ct
534 3433 599 3451 cum
621 3424 650 3451 in
675 3425 916 3461 magnitudinibus
944 3434 994 3461 per
1020 3423 1190 3452 divisionem
1218 3423 1391 3459 procedatur
1418 3432 1435 3451 a
1457 3429 1534 3458 toto,

481 3463 560 3498 quod
582 3463 666 3491 habet
687 3464 826 3492 rationem
848 3464 965 3498 formae,
990 3464 1026 3492 ad
1048 3470 1150 3499 partes,
1173 3471 1246 3499 quae
1268 3462 1373 3490 habent
1394 3461 1534 3490 rationem

482 3501 625 3535 materiae,
647 3512 696 3537 per
717 3502 927 3539 appositionem
949 3512 1016 3531 vero
1039 3503 1211 3539 procedatur
1237 3511 1252 3529 e
1266 3510 1419 3535 converso,
1448 3501 1534 3530 ratio-

480 3540 612 3568 nabiliter
626 3541 731 3569 dictum
754 3549 795 3570 est
816 3552 901 3578 supra
923 3543 1010 3577 (Lect.
1026 3550 1059 3576 x,
1076 3551 1104 3570 n.
1123 3543 1166 3577 5),
1181 3542 1261 3578 quod
1282 3540 1376 3569 nullus
1397 3540 1535 3568 terminus

482 3579 640 3609 inveniatur
667 3580 715 3616 qui
739 3590 798 3608 non
823 3582 1038 3609 transcendatur
1059 3591 1109 3617 per
1131 3580 1271 3609 infinitam
1300 3579 1486 3615 divisionem3
1507 3586 1535 3608 et

482 3619 561 3655 quod
583 3619 617 3646 sit
638 3619 733 3655 aliqua
754 3620 939 3648 determinata
965 3620 1124 3657 quantitas,
1147 3629 1233 3657 quarn
1256 3619 1366 3648 infinita
1393 3618 1535 3656 appositio

1590 829 1607 847 *
1631 829 1814 860 Secundum
1836 830 1991 862 rationem
2022 839 2130 864 autem
2162 834 2283 874 accidit,
2308 842 2339 866 et
2361 842 2396 867 ut
2419 837 2508 878 quod
2538 843 2585 868 est
2607 847 2654 868 se·-

1658 873 1801 904 cundurn
1823 874 2058 915 appositionem
2081 887 2147 908 non
2171 888 2237 909 esse
2255 879 2398 910 videatur
2427 878 2587 912 infinitum
2610 881 2654 913 sic

1653 923 1689 948 ut
1712 926 1843 948 omnem
1865 919 1992 950 excedat
2018 921 2280 961 magnitudinem,
2303 923 2336 953 in
2360 923 2514 956 divisione
2546 931 2655 956 autem

1658 971 1734 992 esse.
1760 961 1950 993 Continetur
1965 963 2051 994 enim
2072 964 2154 996 sicut
2168 965 2297 997 materia
2312 966 2397 998 intus
2420 974 2452 999 et
2472 967 2653 1009 infinitum3

1658 1005 1798 1036 continet
1821 1013 1928 1037 autem
1951 1007 2080 1048 species.

1591 1047 1606 1064 *
1623 1049 1860 1081 Rationabiliter
1874 1057 1982 1082 autem
2004 1058 2050 1083 est
2073 1059 2104 1084 et
2125 1052 2158 1083 in
2182 1063 2316 1085 numero
2339 1054 2471 1095 quidem
2499 1056 2539 1086 ad
2561 1056 2654 1089 mini-

1658 1103 1750 1124 mum
1782 1103 1890 1125 versus
1914 1104 1980 1126 esse
2003 1096 2194 1135 terminum,
2225 1098 2266 1127 ad
2295 1097 2367 1138 plus
2398 1105 2507 1130 autem
2530 1110 2655 1141 semper

1658 1147 1790 1167 omnem
1811 1138 1958 1170 excellere
1981 1140 2237 1171 multitudinem:
2258 1140 2292 1171 in
2310 1140 2579 1182 magnitudinibus
2599 1153 2658 1175 au-

1658 1187 1723 1211 tem
1746 1191 1763 1211 e
1787 1181 1954 1222 contrario,
1981 1183 2013 1214 in
2044 1184 2150 1215 minus
2185 1184 2317 1225 quidem
2347 1186 2493 1217 excedere
2524 1195 2656 1218 omnem

1659 1225 1921 1266 magnitudinem,
1948 1228 2003 1258 sed
2025 1227 2058 1258 in
2082 1228 2184 1258 maius
2215 1238 2281 1259 non
2304 1238 2371 1260 esse
2403 1229 2657 1270 magnitudinem

1658 1268 1823 1300 infinitam.
1849 1270 1954 1301 Causa
1977 1278 2084 1302 autem
2100 1279 2156 1311 est,
2173 1273 2248 1313 quia
2271 1282 2374 1304 unum
2391 1280 2438 1305 est
2454 1273 2655 1314 indivisibile,

1658 1314 1886 1354 quodcumque
1915 1325 2018 1346 unum
2041 1316 2090 1355 sit,
2106 1322 2143 1346 ut
2165 1316 2265 1347 homo
2298 1326 2381 1348 unus
2412 1317 2513 1348 homo
2537 1325 2567 1350 et
2589 1329 2656 1350 non

1659 1357 1761 1388 multi.
1786 1358 1946 1389 Numerus
1969 1366 2077 1390 autem
2100 1366 2147 1390 est
2169 1370 2235 1390 uno
2259 1360 2361 1401 plura,
2377 1368 2407 1392 et
2420 1369 2538 1402 quanta
2560 1372 2655 1404 quae-

1660 1402 1743 1431 dam.
1757 1401 1863 1439 Quare
1879 1412 2005 1434 necesse
2015 1410 2062 1434 est
2071 1410 2151 1434 stare
2167 1404 2206 1434 ad
2221 1404 2418 1436 indivisibile.
2430 1405 2504 1437 Duo
2517 1416 2656 1448 namque

1660 1453 1690 1476 et
1712 1445 1769 1476 tria
1793 1446 2027 1478 denominativa
2042 1447 2173 1478 nomina
2196 1455 2288 1482 sunt:
2313 1448 2454 1480 similiter
2471 1457 2502 1481 et
2520 1450 2657 1482 aliorum

1658 1499 1868 1520 numerorum
1891 1491 2122 1532 unusquisque.

1594 1535 1629 1565 In
1654 1534 1725 1575 plus
1749 1540 1856 1564 autem
1879 1544 2004 1576 semper
2027 1543 2073 1567 est
2094 1535 2285 1576 intelligere:
2311 1536 2451 1568 infinitae
2474 1537 2560 1568 enim
2583 1545 2658 1570 sunt

1660 1578 1876 1618 bipartitiones
1892 1579 2127 1619 magnitudinis.
2152 1579 2258 1617 Quare
2280 1580 2422 1620 potentia
2441 1581 2572 1622 quidem
2594 1588 2656 1621 est,

1660 1629 1731 1653 actu
1755 1632 1830 1653 vero
1854 1631 1939 1653 non:
1965 1624 2019 1654 sed
2043 1633 2167 1664 semper
2189 1625 2309 1655 excedit
2331 1632 2496 1666 acceptum
2526 1635 2658 1658 omnem

1660 1666 1898 1697 determinatam
1921 1668 2169 1699 multitudinem.
2184 1668 2247 1699 Sed
2270 1678 2337 1699 non
2364 1676 2524 1710 separatus
2547 1678 2593 1702 est
2605 1670 2657 1702 hic

1659 1720 1811 1740 numerus
1839 1720 1856 1740 a
1884 1711 2052 1743 decisione.
2085 1713 2197 1753 Neque
2225 1719 2332 1743 manet
2362 1713 2514 1752 infinitas,
2544 1715 2599 1746 sed
2621 1714 2658 1746 fit

1661 1764 1796 1794 semper,
1820 1754 1900 1785 sicut
1922 1762 1953 1786 et
1975 1763 2102 1796 tempus
2126 1763 2156 1786 et
2178 1767 2331 1788 numerus
2354 1757 2516 1798 temporis.

1593 1847 1608 1863 *
1626 1848 1660 1878 In
1683 1849 1954 1889 magnitudinibus
1969 1856 2076 1880 autem
2100 1851 2293 1881 contrarium
2316 1858 2372 1882 est.
2391 1851 2552 1884 Dividitur
2570 1852 2657 1884 enim

1661 1892 1694 1922 in
1717 1892 1839 1924 infinita
1863 1893 2067 1932 continuum;
2090 1894 2123 1924 in
2146 1894 2249 1925 maius
2272 1901 2379 1925 autem
2397 1905 2464 1926 non
2487 1903 2533 1927 est
2554 1897 2587 1927 in
2609 1897 2657 1928 in-

1661 1936 1798 1968 finitum.
1823 1937 1989 1974 Quantum
2005 1937 2091 1968 enim
2106 1938 2259 1978 contingit
2277 1939 2419 1979 potentia
2437 1949 2515 1978 esse,
2535 1947 2566 1971 et
2584 1946 2656 1972 actu

1662 1981 1816 2021 contingit
1847 1988 1972 2012 tantum
2006 1991 2082 2012 esse.
2116 1982 2221 2019 Quare
2254 1992 2328 2013 cum
2352 1982 2391 2013 sit
2419 1982 2542 2014 infinita
2567 1985 2656 2015 nulla

1661 2025 1848 2065 magnitudo
1865 2025 2028 2064 sensibilis,
2045 2035 2110 2056 non
2127 2026 2279 2066 contingit
2295 2036 2456 2057 excessum
2468 2037 2535 2058 esse
2551 2027 2656 2059 omnis

1662 2069 1884 2099 determinatae
1916 2069 2161 2109 magnitudinis:
2186 2077 2266 2101 esset
2290 2070 2374 2101 enim
2397 2071 2507 2112 utique
2535 2071 2656 2114 aliquid

1662 2113 1748 2143 caelo
1772 2113 1884 2152 maius.

1594 2154 1609 2171 *
1627 2156 1790 2187 Infinitum
1805 2164 1912 2187 autem
1934 2167 2000 2187 non
2016 2157 2101 2188 idem
2124 2164 2170 2188 est
2185 2157 2217 2188 in
2233 2164 2326 2188 motu
2342 2164 2373 2188 et
2388 2158 2605 2198 magnitudine
2625 2165 2656 2190 et

1660 2207 1815 2240 tempore,
1839 2207 1992 2241 tanquam
2015 2211 2079 2231 una
2101 2202 2259 2242 quaedam
2281 2208 2406 2232 natura:
2427 2203 2481 2232 sed
2499 2202 2656 2242 posterius

1661 2243 1775 2274 dicitur
1797 2245 1974 2274 secundum
1993 2244 2088 2285 prius·
2114 2245 2157 2276 Ut
2179 2252 2287 2276 motus
2317 2245 2448 2286 quidem
2471 2245 2546 2286 quia
2568 2246 2656 2288 prius

1661 2294 1707 2319 est
1730 2288 1928 2328 magnitudo,
1952 2288 1982 2318 in
2008 2299 2071 2329 qua
2093 2295 2240 2320 movetur
2262 2296 2317 2320 aut
2339 2289 2486 2320 alteratur
2504 2296 2560 2321 aut
2581 2299 2656 2333 aug·

1660 2339 1838 2371 mentatur;
1865 2339 1991 2373 tempus
2015 2340 2122 2363 autem
2152 2340 2281 2374 propter
2305 2340 2441 2364 motum.
2466 2333 2561 2365 Nunc
2587 2334 2656 2376 qui—

1661 2377 1735 2407 dem
1750 2376 1836 2407 enim
1848 2376 1968 2407 utimur
1978 2377 2042 2416 his;
2059 2377 2214 2417 posterius
2230 2383 2336 2408 autem
2352 2377 2542 2408 tentabimus
2554 2378 2656 2410 dicere

1660 2427 1691 2452 et
1714 2421 1792 2461 quid
1814 2427 1861 2451 est
1890 2421 2158 2462 unumquodque,
2182 2427 2213 2452 et
2235 2421 2311 2462 quia
2333 2421 2439 2452 omnis
2465 2421 2653 2462 magnitudo

1660 2463 1700 2496 sit
1721 2465 1755 2495 in
1778 2465 2010 2505 magnitudines
2034 2465 2205 2496 divisibilis.

1593 2508 1608 2524 *
1622 2509 1697 2540 Non
1719 2516 1862 2540 removet
1883 2516 1991 2540 autem
2006 2509 2085 2540 ratio
2105 2508 2342 2540 mathematicos
2360 2519 2378 2539 a
2394 2508 2654 2549 consideratione,

1660 2552 1804 2584 auferens
1828 2553 1871 2583 sic
1895 2563 1961 2583 esse
1984 2553 2103 2594 aliquid
2118 2552 2289 2592 infinitum,
2313 2560 2350 2584 ut
2371 2560 2442 2584 actu
2461 2553 2502 2584 sit
2519 2553 2554 2584 in
2577 2563 2653 2595 aug-

1659 2604 1805 2628 mentum
1827 2597 2029 2628 intransibile.
2046 2598 2158 2638 Neque
2181 2596 2266 2628 enim
2289 2597 2332 2628 sic
2354 2597 2496 2637 indigent
2517 2597 2654 2638 infinito,

1659 2651 1763 2682 neque
1786 2648 1928 2672 utuntur:
1953 2642 2007 2672 sed
2030 2642 2136 2672 solum
2156 2651 2223 2672 esse
2237 2648 2533 2682 quantumcumque
2557 2642 2656 2673 velint

1659 2685 1792 2716 finitam.
1809 2686 1964 2716 Maximae
1981 2693 2087 2717 autem
2102 2685 2312 2725 magnitudini
2328 2686 2504 2716 secundum
2520 2685 2655 2717 eandem

1659 2730 1739 2760 inest
1763 2730 1859 2760 secari
1886 2730 2058 2768 rationem,
2082 2736 2378 2771 quantumcumque
2405 2729 2593 2770 magnitudo
2615 2729 2656 2761 sit

1660 2775 1764 2805 altera.
1798 2774 1904 2811 Quare
1935 2774 1975 2805 ad
2000 2774 2283 2805 demonstrandum
2314 2774 2445 2815 quidem
2471 2774 2527 2805 illo
2554 2773 2654 2805 modo

1660 2818 1738 2849 nihil
1771 2818 1883 2849 differt:
1915 2828 1981 2849 esse
2012 2825 2119 2849 autem
2150 2818 2182 2848 in
2214 2817 2415 2849 existentibus
2447 2818 2505 2849 erit
2534 2817 2654 2859 magni-

1659 2862 1832 2893 tudinibus.
2154 2868 2165 2879 Γ

1593 2905 1608 2922 *
1625 2906 1787 2944 Quoniam
1807 2912 1913 2937 autem
1929 2916 2039 2936 causae
2064 2905 2179 2936 dlvisae
2202 2913 2276 2937 sunt
2298 2905 2530 2947 quadrifariam,
2553 2905 2654 2936 mani-
2680 2915 2689 2924 ·

1659 2951 1776 2981 festum
1792 2950 1880 2990 quod
1897 2950 1977 2981 sicut
2000 2949 2128 2980 materia
2143 2949 2304 2981 infinitum
2323 2959 2416 2981 causa
2432 2956 2492 2980 est:
2517 2955 2549 2980 et
2563 2949 2653 2990 quod

1660 3005 1726 3026 esse
1749 2994 1880 3035 quidem
1901 2993 1962 3034 ipsi
1979 2993 2111 3034 privatio
2135 3000 2198 3024 est:
2223 3003 2278 3034 per
2295 3003 2328 3024 se
2343 3000 2450 3024 autern
2473 2992 2651 3024 subiectum

1660 3038 1850 3069 continuum
1879 3037 1986 3077 ipsum
2009 3044 2040 3068 et
2062 3037 2207 3068 sensibile
2237 3044 2292 3068 est.
2317 3037 2470 3069 Videntur
2492 3043 2599 3068 autem
2622 3043 2654 3068 et

1655 3092 1766 3113 omnes
1790 3081 1841 3112 alii
1865 3082 1946 3112 sicut
1969 3081 2097 3112 materia
2120 3087 2242 3112 utentes
2273 3080 2407 3112 infinito.
2436 3081 2528 3112 Unde
2552 3088 2583 3112 et
2605 3081 2653 3111 in-

1659 3126 1847 3158 conveniens
1879 3132 1924 3156 est
1949 3124 2112 3156 continens
2142 3125 2249 3165 ipsum
2279 3125 2394 3164 facere,
2426 3132 2456 3156 et
2482 3134 2548 3156 non
2578 3134 2652 3156 con-

1660 3177 1793 3202 tentum.

1590 3313 1650 3332 non
1671 3302 1930 3331 transcendat-3.
1953 3303 1995 3330 De
2017 3301 2128 3330 infinito
2143 3301 2171 3329 in
2187 3300 2313 3329 numeris
2333 3309 2384 3337 per
2405 3300 2652 3338 comparationem

1590 3344 1627 3372 ad
1648 3342 1875 3380 magnitudines3
1903 3348 1930 3370 et
1950 3341 2045 3378 primo
2066 3341 2226 3378 assignatur
2251 3340 2324 3368 ratio
2350 3349 2439 3377 quare
2467 3340 2496 3369 in
2524 3339 2651 3369 numeris

1590 3382 1733 3411 invenitur
1760 3382 1862 3419 aliquis
1885 3381 2024 3410 terminus
2048 3381 2077 3409 in
2106 3380 2200 3409 minus
2225 3389 2312 3417 quem
2338 3389 2398 3408 non
2426 3386 2468 3408 est
2496 3379 2651 3408 dividendo

1589 3422 1806 3451 transcendere:
1829 3431 1897 3450 nam
1919 3430 2006 3449 omne
2027 3430 2133 3455 unum,
2155 3420 2326 3457 inquantum
2347 3429 2454 3455 unum,
2469 3426 2511 3448 est
2525 3418 2651 3447 indivisi-

1589 3461 1659 3497 bile;
1674 3462 1770 3490 omnis
1790 3468 1887 3490 autem
1908 3469 2045 3489 numerus
2061 3459 2212 3488 resolvitur
2233 3459 2262 3487 in
2283 3469 2390 3487 unum:
2405 3459 2479 3487 ratio
2500 3458 2577 3487 enim
2595 3467 2650 3486 nu—

1589 3501 1660 3529 meri
1681 3507 1723 3529 est
1744 3501 1824 3538 quod
1845 3500 1880 3529 sit
1901 3501 1982 3537 plura
2010 3509 2086 3535 uno;
2107 3508 2176 3537 ergo
2197 3498 2299 3527 divisio
2327 3497 2440 3527 numeri
2461 3504 2516 3527 stat
2540 3497 2570 3526 in
2590 3503 2647 3541 ter-

1590 3541 1669 3569 mino
1691 3539 1862 3568 indivisibili.
1877 3556 1896 3561 -
1909 3549 1938 3575 4.
1955 3539 2089 3568 Secundo
2103 3538 2262 3575 assignatur
2282 3537 2355 3566 ratio
2373 3546 2462 3575 quare
2475 3537 2505 3565 in
2519 3545 2647 3580 numeris

1590 3579 1698 3608 additio
1714 3580 1831 3608 excedat
1845 3588 1964 3607 ornnem
1979 3577 2197 3606 determinatam
2212 3577 2432 3605 multitudinem.
2448 3575 2556 3604 Divisio
2570 3583 2648 3603 emm

1590 3625 1687 3647 causat
1716 3618 1943 3653 multitudinem3
1971 3618 2049 3645 unde
2077 3623 2186 3654 quanto
2211 3617 2275 3653 plus
2300 3615 2435 3644 dividitur
2462 3613 2646 3652 magnitudo,

2680 846 2692 858 ⁸
2706 846 2763 876 cap.
2777 852 2815 870 vn.
2824 846 2895 871 Ten.

2681 872 2718 901 67.

2680 1066 2692 1078 ⁸
2705 1066 2774 1089 ‘rm-
2788 1066 2828 1090 68.

2682 1866 2694 1878 ⁸
2707 1866 2776 1889 rm.
2790 1867 2828 1896 ⁶⁹·

2680 2170 2692 2181 ⁸
2705 2169 2775 2191 Text.
2788 2175 2827 2198 7⁰·

2680 2521 2691 2531 ⁶
2704 2518 2773 2542 Ten.
2786 2526 2817 2549 7¹·

2703 2914 2772 2937 Text.
2785 2920 2820 2944 ⁷²·
