2898 3996
199 729 209 739 '
224 728 260 751 Cf.
274 733 338 750 num.
349 728 370 749 6.

441 277 518 314 350

435 367 531 393 vum
550 355 679 401 unius;
709 361 745 390 et
763 353 816 390 sic
834 353 957 389 forma
985 359 1020 389 et
1047 350 1305 399 susceptivum
1332 350 1382 388 ad
1401 350 1495 389 invi-

439 420 523 445 cem
539 408 724 446 dicuntur.
746 405 786 442 Si
801 416 890 452 ergo
910 411 997 442 sunt
1009 405 1117 452 plura
1130 403 1254 451 prima
1268 403 1494 452 susceptiva,

398 462 405 469 “
436 472 590 497 necesse
619 466 675 496 est
702 458 805 507 quod
839 457 912 494 sint
938 457 1064 505 plures
1091 462 1247 492 naturae
1279 463 1493 504 susceptae:

437 520 501 549 aut
523 513 554 549 si
582 519 637 548 est
662 523 739 547 una
757 517 890 547 natura
913 515 1097 562 suscepta,
1124 519 1278 544 necesse
1307 514 1363 544 est
1389 508 1494 556 quod

437 563 482 601 sit
508 576 630 601 unum
656 563 825 612 primum
853 560 1121 609 susceptivum.

495 628 551 654 12.
572 615 720 653 Deinde
740 626 828 652 cum
847 613 949 651 dicit:
969 613 1031 649 Sic
1057 623 1151 662 ergo
1171 623 1245 649 non
1267 612 1389 649 solum
1410 618 1492 658 etc„

437 668 625 705 concludit
651 667 756 716 quod
783 665 983 714 requiritur
1017 664 1170 701 tertium
1197 663 1247 701 ad
1282 665 1357 701 hoc
1389 663 1494 712 quod

437 721 560 769 aliqua
588 719 660 757 sint
687 717 955 768 comparabilia
974 717 1006 754 *.
1028 717 1077 754 Et
1097 716 1184 754 dicit
1211 716 1316 764 quod
1344 723 1494 765 oportet

437 786 482 810 ea
509 785 607 822 quae
635 779 722 809 sunt
749 769 1028 820 comparabilia,
1050 781 1128 806 non
1156 769 1281 806 solum
1304 781 1384 806 non
1412 781 1493 806 esse

437 825 665 873 aequivoca,
694 823 799 872 quod
833 830 911 860 erat
946 822 1135 870 primum;
1173 821 1241 858 sed
1269 821 1382 858 etiam
1414 833 1494 858 non

435 879 575 915 habere
595 876 856 922 differentiam,
878 886 1002 923 neque
1018 886 1064 911 ex
1081 881 1187 922 parte
1207 873 1363 910 subiecti
1380 873 1494 923 primi

435 930 474 968 in
502 941 578 979 quo
617 928 756 978 aliquid
784 927 980 976 recipitur,
1009 926 1115 974 quod
1143 933 1223 963 erat
1259 926 1492 973 secundum;

436 994 559 1031 neque
575 994 620 1019 ex
634 988 738 1031 parte
759 981 838 1017 eius
857 979 961 1028 quod
981 979 1167 1028 recipitur,
1184 979 1288 1027 quod
1304 986 1359 1017 est
1372 980 1496 1017 forma

434 1035 497 1072 vel
525 1042 656 1071 natura
679 1040 705 1079 ‘;
735 1041 771 1070 et
798 1034 872 1070 hoc
901 1039 955 1069 est
977 1032 1140 1069 tertium.
1167 1032 1217 1068 Et
1245 1032 1498 1081 exemplificat

1055 272 1400 309 PHYSICORUM
1424 271 1774 309 ARISTOTELIS
1803 272 1897 308 LIB.
1926 271 1996 309 VII

1550 350 1597 387 de
1629 350 1704 387 hoc
1731 349 1852 387 tex-tio.
1888 349 1990 397 Quia
2022 350 2127 388 color
2154 350 2334 390 dividitur
2356 352 2408 390 ·.in
2445 353 2615 391 diversas

1549 401 1871 451 species?coloris:
1899 402 2002 441 unde
2022 414 2102 439 non
2121 411 2177 440 est
2197 405 2455 453 comparabile
2479 418 2613 444 secun-

1550 454 1643 491 dum
1671 454 1777 502 quod
1805 455 1853 492 de
1882 454 1935 492 eis
1961 454 2220 504 praedicatum
2249 456 2336 494 licet
2361 469 2442 496 non
2468 458 2617 497 dicatur

1548 506 1776 555 aequivoce,
1815 514 1851 544 et
1877 506 1963 544 licet
1990 507 2104 545 etiam
2130 509 2271 546 habeat
2295 521 2418 548 unum
2444 511 2613 560 primum

1549 559 1773 607 subiectum,
1789 559 1896 609 quod
1916 567 1972 598 est
1989 561 2220 610 superficies,
2241 561 2422 611 quodest
2442 563 2613 612 primum

1549 611 1762 649 subiectum
1780 613 1940 661 generis,
1961 625 2040 651 non
2059 620 2188 650 autem
2211 614 2368 652 alicuius
2390 615 2533 664 speciei
2547 628 2613 654 co*-

1548 663 1648 701 loris.
1676 665 1768 702 Non
1796 665 1898 702 enirn
1925 677 2132 715 possumus
2153 666 2278 704 dicere
2306 667 2399 716 quid
2420 667 2467 705 sit
2492 669 2617 717 magis

1549 717 1772 765 coloratum,
1801 725 1930 755 utrum
1950 719 2081 756 album
2107 719 2171 757 vel
2197 719 2366 768 nigrum:
2394 721 2491 758 haec
2509 721 2612 760 enim

1549 769 1783 818 comparatio
1817 783 1896 808 non
1929 779 2028 809 esset
2053 772 2265 810 secundum
2293 772 2460 821 aliquam
2492 774 2621 812 deter·-

1548 821 1731 860 minatam
1759 823 1928 872 speciem
1957 825 2114 872 coloris,
2145 825 2213 863 sed
2240 826 2452 864 secundum
2485 826 2617 876 ipsum

1549 875 1719 912 colorem
1761 887 2022 915 communem.
2061 878 2283 916 Secundum
2323 890 2418 916 vero
2454 880 2586 918 album
2600 908 2611 928 ,

1549 927 1653 976 quod
1672 940 1752 965 non
1771 928 1950 966 dividitur
1967 929 2007 967 in
2027 930 2194 968 diversas
2213 931 2371 981 species,
2386 939 2512 981 potest
2529 931 2621 970 fieri.

1551 981 1786 1070 cffipparatio
1806 982 1982 1020 omniurn
2007 983 2199 1032 alborum,
2217 991 2261 1021 ut
2284 984 2429 1022 dicatur
2451 984 2543 1034 quid
2566 985 2613 1023 sit

1550 1044 1572 1070 a
1613 1045 1682 1071 ius.

489 1199 508 1234 ι)
528 1199 599 1232 quod
616 1202 656 1224 est
667 1199 761 1233 forma
778 1198 819 1223 vel
837 1201 969 1223 natura.-
982 1198 1022 1223 vel
1035 1201 1135 1223 natura
1152 1205 1207 1223 om.
1219 1198 1239 1223 Ρ
1258 1203 1284 1224 et
1295 1197 1482 1230 Venet'x5515
1501 1199 1602 1232 priores
1616 1199 1741 1225 editiones
1755 1205 1781 1225 et
1794 1197 2051 1234 AKNTVXYssijpc
2071 1200 2144 1233 quod
2162 1203 2203 1227 est
2214 1201 2343 1236 jor-malit
2363 1204 2475 1233 natura,
2493 1206 2619 1240 compte

434 1243 482 1269 pro
501 1235 572 1268 quod
590 1237 629 1260 est
640 1235 736 1268 forma
754 1234 795 1259 vel
813 1237 919 1259 natura.
