2982 4022
287 850 297 860 '⁶
325 849 477 876 Philosophus

287 882 334 896 om.
343 876 376 896 ab
384 879 404 896 et
413 875 480 896 codd.

285 908 335 923 cxc.
345 908 471 923 DFHMNRYZ.

284 1162 294 1172 ⁶
303 1161 362 1182 Infra
373 1162 416 1183 hoc
424 1168 487 1183 num.

281 1745 291 1755 “
305 1744 367 1765 Lcct.
382 1748 430 1769 seq.

279 1851 290 1860 ¹·
304 1850 374 1871 Num.
390 1849 412 1870 6.

278 1907 289 1917 ⁸
303 1905 373 1927 Num.
389 1911 410 1933 9.

277 1960 288 1970 *
309 1959 430 1986 opiniones
449 1963 492 1978 Erc-

278 1991 362 2007 fluunz.

279 2070 289 2080 '¹
304 2068 367 2089 disce
383 2069 419 2088 tat
433 2066 491 2087 ed.a

280 2099 301 2116 ct
316 2095 359 2115 cod
379 2110 383 2115 .
399 2099 448 2114 exc.
464 2099 492 2114 Eo

280 2127 329 2142 vsa.

279 2148 290 2158 '⁶
305 2147 375 2168 Num.
389 2153 414 2172 4.

279 2440 290 2450 '⁴‘
322 2439 388 2460 huius
423 2438 490 2459 codd.

278 2464 424 2491 (exc.nnvz?)

280 3309 290 3318 ⁸
302 3308 361 3329 sicut
373 3309 453 3329 nnat».

282 3334 303 3344 '³
318 3334 387 3356 Num.
403 3341 450 3363 seq.

533 274 581 322 76

585 353 733 379 SYNOPSIS.
746 367 783 374 —
799 362 821 379 i.
837 353 1047 389 Argumentum
1063 358 1090 380 et
1105 352 1206 380 divisio
1221 358 1321 381 textus.
1337 370 1357 374 -
1371 361 1398 381 2.
1414 353 1522 390 Opinio
1545 363 1594 382 eo-

530 400 595 418 rum
617 392 666 428 qui
687 398 827 428 negarunt
854 401 915 419 esse
937 392 1081 420 fortunam
1103 398 1130 420 et
1158 401 1255 420 casum
1277 399 1394 429 propter
1415 393 1486 421 duas
1507 393 1594 422 ratio-

530 439 596 458 nes:
619 433 647 466 a)
670 431 746 465 Quia
767 431 866 459 omnia
882 440 956 468 quae
971 431 1104 459 dicuntur
1125 431 1184 460 fieri
1208 441 1226 460 a
1249 441 1325 467 casu,
1341 433 1447 460 habent
1468 433 1594 470 aliquam

530 479 646 498 causam
668 470 895 504 determinatam,
911 471 996 499 aliam
1015 480 1033 499 a
1047 471 1171 499 fortuna.
1187 487 1205 492 —
1223 472 1248 499 3.
1264 472 1291 507 h)
1308 472 1384 506 Quia
1403 472 1500 500 nullus
1520 473 1595 501 anti-

530 519 654 546 quorum
676 509 848 537 naturalium
865 510 973 547 aliquid
994 510 1193 539 determinavit
1214 511 1249 539 de
1270 511 1394 540 fortuna.
1410 528 1430 533 -
1443 521 1470 547 4.
1488 512 1593 541 Osten-

530 548 606 576 ditur
624 550 703 585 quod
725 549 930 577 inconveniens
951 550 1035 578 fuerit
1055 550 1190 587 antiquos
1211 551 1354 579 naturales
1375 560 1436 579 non
1458 551 1592 580 determi—

529 597 612 616 nasse
634 589 670 615 de
691 598 760 616 casu
780 595 808 617 et
829 589 951 617 fortuna.
974 589 1072 618 Primo
1091 589 1159 627 quia
1187 597 1403 627 assumpserunt
1424 590 1478 619 sibi
1499 592 1591 619 deter-

529 627 639 655 minare
661 637 761 656 causas
782 637 882 656 eorum
905 629 1089 666 quaefiunt,
1111 630 1202 658 multa
1222 636 1319 658 autem
1345 630 1417 658 fiunt
1438 639 1456 658 a
1475 631 1591 659 fortuna

529 674 556 694 et
578 677 653 695 casu.
679 684 697 688 —
723 668 747 696 5.
771 669 904 696 Secundo
926 668 994 705 quia
1015 675 1064 697 aut
1093 675 1264 706 putaverunt
1284 669 1429 698 fortunam
1451 679 1513 698 esse
1541 677 1590 708 aut

527 716 606 734 non:
635 707 665 734 in
694 707 788 743 primo
815 717 883 736 casu
910 707 1115 736 inconveniens
1143 708 1195 736 fuit
1221 709 1301 745 quod
1329 710 1365 737 de
1393 718 1427 737 ea
1452 718 1513 737 non
1540 710 1590 737 de-

527 746 766 783 terminaverunt,
788 747 818 775 in
840 749 968 776 secundo
989 757 1057 776 casu
1080 748 1285 776 inconveniens
1306 748 1357 776 fuit
1380 749 1459 785 quod
1484 758 1518 777 ea
1538 749 1589 777 ali-

670 862 681 873 .
791 846 968 889 ostquam
995 840 1250 888 Philosophus
1276 841 1295 861 ³¹²
1323 839 1587 877 determinavit

779 892 838 929 de
853 893 1059 930 manifestis
1079 892 1278 941 speciebus
1299 900 1336 929 et
1354 892 1480 929 modis
1501 905 1587 929 cau-

525 1055 616 1085 tuna
646 1056 681 1086 et
710 1062 809 1086 casn.
832 1051 880 1086 Et
909 1050 1006 1087 circa
1034 1051 1108 1087 hoc
1138 1050 1214 1087 duo
1243 1049 1349 1087 facit:
1378 1050 1504 1099 primo
1534 1051 1587 1088 di-

527 1101 574 1137 cit
594 1101 639 1138 de
660 1114 737 1150 quo
759 1109 814 1138 est
841 1102 1014 1148 intentio;
1036 1103 1204 1144 secundo
1232 1103 1474 1152 prosequitur
1499 1116 1588 1152 pro-

522 1154 702 1202 positum,
723 1154 797 1191 ibi:
831 1155 992 1196 Quidam
1021 1156 1120 1193 enim
1147 1156 1182 1193 si
1205 1156 1279 1193 sint
1304 1157 1323 1177 ²⁸
1353 1163 1420 1193 ete.

577 1206 677 1243 Dicit
705 1219 793 1255 ergo
830 1207 955 1256 primo
986 1209 1091 1257 quod
1119 1209 1233 1246 etiam
1271 1210 1421 1246 fortuna
1459 1217 1495 1246 et
1527 1221 1586 1246 ca-

524 1271 587 1295 sus
617 1267 884 1308 computantur
911 1261 1007 1298 inter
1035 1274 1178 1309 causas,
1201 1274 1289 1298 cum
1314 1262 1432 1299 multa
1461 1262 1585 1300 dican-

524 1320 584 1348 tur
611 1312 694 1349 fieri
717 1314 779 1350 vel
809 1326 892 1350 esse
911 1320 927 1335 α
949 1314 1061 1351 etiam
1079 1322 1235 1364 propter
1258 1315 1449 1352 fortunam
1470 1323 1507 1352 et
1526 1327 1584 1352 ca-

524 1377 621 1402 sum.
638 1366 686 1401 Et
701 1365 787 1403 ideo
808 1367 877 1404 tria
893 1367 1168 1405 consideranda
1183 1375 1270 1404 sunt
1285 1368 1331 1405 de
1347 1368 1417 1405 eis:
1434 1367 1583 1415 scilicet,

523 1418 721 1467 quomodo
761 1420 1074 1457 reducantur'ad
1112 1433 1243 1457 causas
1280 1419 1512 1469 praedictas;
1550 1429 1585 1458 et

521 1470 659 1507 iterum
687 1480 815 1510 utrum
835 1473 985 1510 fortuna
1004 1480 1040 1509 et
1056 1486 1164 1510 casus
1180 1473 1252 1510 sint
1265 1473 1380 1521 idem,
1401 1475 1463 1510 vel
1483 1473 1584 1511 aliud

523 1531 559 1560 et
587 1523 705 1570 aliud3
737 1533 773 1562 et
800 1526 935 1562 iterum
965 1525 1055 1574 quid
1085 1526 1130 1562 sit
1159 1538 1266 1562 casus
1295 1534 1331 1563 et
1358 1527 1520 1563 fortuna.

575 1577 723 1614 Deinde
753 1591 840 1615 cum
869 1578 976 1615 dicit:
1016 1579 1175 1620 Quidam
1204 1579 1302 1615 enim
1334 1580 1369 1615 si
1392 1579 1467 1615 sint
1493 1586 1583 1626 etc.,

519 1628 650 1678 incipit
673 1631 719 1667 de
740 1631 888 1668 fortuna
913 1639 949 1668 et
977 1644 1066 1668 casu
1095 1631 1366 1668 determinare:
1397 1638 1433 1668 et
1459 1632 1583 1680 primo

520 1683 628 1731 ponit
651 1683 851 1732 opiniones
873 1683 1051 1730 aliorum;
1081 1685 1250 1722 secundo
1275 1684 1500 1721 determinat
1518 1697 1583 1722 ve-

521 1735 680 1783 ritatem,
696 1737 767 1774 ibi:
788 1737 959 1774 Primum
981 1737 1129 1785 quidem
1149 1738 1264 1787 igitur
1283 1738 1462 1785 quoniam
1480 1738 1499 1758 '¹‘
1515 1745 1581 1774 etc.

521 1788 632 1825 Circa
655 1790 823 1837 primum
851 1789 959 1839 ponit
981 1798 1055 1826 tres
1084 1790 1304 1839 opiniones:
1335 1791 1502 1827 secunda
1530 1790 1583 1827 in-

521 1841 619 1889 cipit,
635 1842 708 1879 ibi:
729 1844 824 1879 Sunt
840 1848 964 1888 autem
984 1843 1135 1891 quidam
1152 1843 1217 1891 qui
1234 1844 1328 1893 caeli
1343 1844 1452 1880 huius
1466 1844 1486 1864 ³¹²
1501 1851 1583 1890 etc.;

520 1894 627 1930 tertia
647 1895 714 1932 ibi:
741 1897 836 1932 Sunt
852 1901 976 1932 autem
996 1897 1148 1944 quidam
1169 1897 1300 1944 quibus
1318 1896 1464 1933 videtur
1479 1897 1498 1918 ³¹⁶
1514 1904 1582 1947 etp.

521 1947 631 1983 Circa
649 1948 817 1996 primum
839 1948 915 1986 duo
943 1949 1044 1986 facit:
1065 1949 1189 1998 primo
1206 1949 1313 1998 ponit
1328 1949 1550 1998 opinionem
1565 1950 1584 1970 *

520 2001 737 2047 negantium
758 2002 948 2038 fortunam
969 2009 1005 2038 et
1025 2014 1167 2049 casum,
1190 2009 1226 2038 et
1249 2002 1411 2039 rationes
1432 2015 1583 2049 eorum;

520 2054 688 2091 secundo
720 2055 882 2103 disputat
911 2056 930 2076 ³⁸
960 2055 1006 2092 de
1036 2056 1149 2091 altera
1178 2055 1387 2103 rationum,
1417 2055 1484 2092 ibi:
1513 2056 1588 2092 Sed

519 2107 590 2142 hoc
617 2107 786 2144 mirabile
815 2109 834 2128 ’³
864 2114 931 2144 etc.
1387 2124 1389 2126 ¹

575 2171 609 2196 2.
632 2160 730 2197 Dicit
750 2172 838 2208 ergo
858 2160 995 2209 primo,
1018 2159 1123 2209 quod
1143 2160 1298 2209 quidam
1319 2160 1586 2197 dubitaverunt

521 2224 569 2248 an
597 2212 747 2250 fortuna
768 2221 804 2250 et
823 2225 932 2250 casus
962 2221 1105 2250 essent:
1128 2221 1164 2250 et
1182 2221 1417 2261 negaverunt
1437 2226 1482 2250 ea
1502 2225 1583 2250 esse

521 2265 669 2303 duabus
689 2266 907 2303 rationibus.
925 2267 1099 2313 Quarum
1118 2266 1243 2315 prima
1262 2274 1329 2313 est,
1346 2266 1434 2315 quia
1455 2266 1584 2303 omnia

518 2318 590 2355 ista
619 2332 717 2368 quae
747 2319 921 2356 dicuntur
940 2319 1023 2356 fieri
1051 2331 1073 2355 a
1094 2331 1183 2355 casu
1209 2320 1272 2356 vel
1297 2320 1457 2366 fortuna,
1478 2319 1582 2356 inve—

520 2371 673 2409 niuntur
704 2373 844 2409 habere
878 2372 1043 2421 aliquam
1078 2385 1232 2408 causam
1272 2371 1581 2419 determinatam,

520 2425 632 2462 aliam
653 2438 675 2462 a
694 2426 854 2462 fortuna.
872 2426 921 2462 Et
939 2425 1046 2474 ponit
1065 2425 1286 2462 huiusmodi
1306 2425 1326 2446 ’³‘
1347 2426 1581 2474 exemplum:

520 2478 550 2514 si
580 2478 682 2515 enim
719 2478 851 2526 aliquis
885 2478 1043 2515 veniens
1072 2477 1121 2514 ad
1150 2478 1296 2525 forum,
1323 2477 1491 2515 inveniat
1519 2478 1582 2514 ali-

521 2544 636 2580 quem
666 2531 864 2568 hominem
895 2543 1010 2580 quem
1037 2531 1192 2567 volebat
1219 2531 1400 2578 invenire,
1428 2531 1475 2568 de
1504 2543 1581 2580 quo

520 2593 648 2621 tamen
677 2597 754 2620 non
783 2583 1009 2632 opinabatur
1037 2591 1122 2620 ante
1151 2584 1256 2632 quod
1285 2591 1382 2620 esset
1410 2596 1498 2620 eum
1527 2584 1581 2620 in-

519 2645 713 2684 venturus,
736 2637 895 2674 dicimus
915 2637 1020 2686 quod
1040 2637 1207 2673 inventio
1232 2637 1327 2673 illius
1350 2636 1516 2673 hominis
1536 2637 1583 2673 sit

521 2704 543 2727 a
572 2691 742 2727 fortuna:
768 2690 836 2726 sed
871 2690 983 2726 huius
1022 2689 1250 2727 inventionis
1288 2701 1401 2726 causa
1430 2697 1485 2726 est
1511 2702 1579 2726 vo-

520 2745 643 2780 luntas
664 2742 815 2780 emendi
835 2742 863 2790 β,
885 2749 1040 2792 propter
1067 2755 1185 2791 quam
1204 2742 1271 2779 ivit
1290 2742 1339 2779 ad
1358 2743 1495 2789 forum,
1515 2742 1579 2779 ubi

522 2804 600 2833 erat
627 2797 686 2833 ille
715 2808 830 2845 quem
859 2795 1013 2832 invenit.
1037 2796 1086 2832 Et
1114 2795 1281 2832 similiter
1310 2802 1365 2832 est
1391 2795 1429 2832 in
1459 2795 1580 2832 omni-

520 2850 592 2885 bus
621 2849 699 2886 aliis
727 2861 825 2897 quae
855 2849 1029 2886 dicuntur
1049 2861 1131 2885 esse
1160 2861 1182 2885 a
1210 2849 1381 2894 fortuna;
1409 2848 1496 2897 quia
1515 2849 1580 2885 ha-

520 2902 610 2938 bent
629 2902 794 2950 aliquam
823 2902 935 2938 aliam
956 2913 1111 2938 causam
1138 2909 1287 2950 praeter
1310 2902 1510 2938 fortunam.
1532 2902 1581 2938 Et

520 2954 573 2990 sic
601 2955 750 2991 fortuna
786 2967 865 2991 non
892 2954 1043 2991 videtur
1078 2967 1159 2991 esse
1194 2966 1307 2991 causa
1341 2954 1514 3001 alicuius,
1545 2961 1581 2990 et

519 3019 588 3056 per
616 3019 854 3056 consequens
882 3019 952 3043 nec
989 3007 1130 3055 aliquid
1160 3019 1261 3043 esse:
1291 3007 1380 3056 quia
1407 3019 1485 3043 non
1512 3019 1581 3055 po-

519 3060 646 3096 nimus
675 3060 866 3096 fortunam
894 3059 965 3096 nisi
993 3060 1216 3107 inquantum
1246 3059 1369 3108 aliqua
1401 3059 1580 3107 ponimus

520 3125 601 3149 esse
631 3125 653 3149 a
682 3113 841 3149 fortuna.

575 3167 608 3203 3.
640 3165 857 3202 Secundam
887 3164 1072 3201 rationem
1099 3165 1207 3213 ponit
1235 3164 1307 3200 ibi:
1337 3164 1522 3206 Quoniam
1550 3164 1584 3200 si

519 3218 662 3268 aliquid
680 3226 748 3255 etc.
775 3219 823 3255 Et
847 3216 934 3255 dicit
962 3217 1066 3266 quod
1086 3217 1116 3253 si
1137 3217 1286 3254 fortuna
1311 3216 1449 3265 aliquid
1471 3224 1578 3263 esset,

519 3271 791 3309 inconveniens
824 3270 1016 3308 videretur
1049 3269 1168 3316 (sicut
1195 3282 1284 3307 vere
1319 3277 1373 3306 est
1400 3269 1580 3306 inconve-

519 3324 646 3373 niens,
675 3333 717 3361 ut
746 3325 764 3346 ’¹‘
789 3324 884 3361 infra
909 3324 951 3345 *⁹⁵
975 3323 1212 3369 ostendetur)
1242 3330 1277 3359 et
1306 3321 1581 3359 dubitationem

573 3439 599 3471 α)
613 3439 676 3471 fieri
694 3439 735 3463 vel
752 3445 815 3463 esse.
827 3452 846 3457 -
858 3444 914 3463 esse
932 3437 972 3462 vel
983 3437 1049 3469 fieri
1066 3435 1318 3466 DEFGHMNRYZ;
1337 3435 1417 3460 etiam
1436 3443 1489 3460 om.
1508 3435 1575 3459 EFG

519 3474 579 3503 HN;
599 3479 707 3505 pergunt
726 3474 780 3503 EG,
795 3481 812 3498 a
823 3474 940 3506 fortuna
959 3475 985 3497 et
1002 3479 1074 3497 casu.
1384 3482 1386 3484 v

573 3507 598 3540 β)
618 3509 729 3533 emendi.
748 3522 768 3526 —
786 3508 866 3533 eundi
891 3508 1014 3540 DszG,
1033 3515 1121 3540 margo
1140 3507 1162 3532 N
1188 3507 1228 3532 vel
1245 3505 1363 3536 emendi;
1381 3505 1428 3530 has
1452 3505 1578 3530 variantes

519 3543 641 3568 lectiones
661 3544 790 3575 componit
804 3544 835 3572 Η,
849 3543 929 3568 eundi
943 3543 983 3568 vel
1001 3541 1200 3567 emendi.—Pro
1215 3544 1329 3574 propter·
1348 3548 1434 3573 quam,
1455 3548 1507 3573 qua
1526 3541 1578 3571 ΚΖ,

516 3585 567 3610 per
581 3585 659 3610 quam
674 3578 733 3607 EQ
748 3586 794 3610 pro
810 3578 864 3607 ivit,
881 3578 951 3602 venit
965 3578 994 3602 F.
1008 3591 1025 3596 —
1039 3578 1101 3602 Post
1114 3585 1192 3602 unam
1212 3577 1313 3607 lineam,
1328 3584 1375 3609 pro
1393 3576 1456 3608 quia
1475 3575 1583 3605 habent,

520 3620 586 3645 quae
605 3613 699 3638 habent
718 3613 982 3643 AEGKLOQSVXa,
997 3613 1068 3645 quod
1081 3613 1178 3637 habent
1196 3617 1244 3637 cet.
1255 3612 1330 3637 codd.
1345 3619 1397 3637 exc.
1411 3611 1444 3636 Y.
1455 3625 1475 3631 -
1489 3611 1515 3636 ln
1530 3610 1580 3636 fine

1169 276 1514 313 PHYSICORUM
1541 277 1890 315 ARISTOTELIS
1920 280 2013 316 LIB.
2045 281 2076 316 11

1649 356 1766 392 quando
1787 355 1831 384 usi
1853 363 1928 384 sunt.
1944 373 1962 378 —
1977 358 2004 385 6.
2026 358 2126 386 Altera
2146 358 2245 394 opinio
2267 367 2367 387 eorum
2391 360 2441 397 qui
2462 360 2593 390 dixerunt
2613 371 2711 390 casum

1649 404 1710 422 esse
1738 404 1853 423 causam
1874 396 1944 424 caeli
1966 403 1994 424 et
2018 397 2148 425 omniurn
2177 397 2301 434 partium
2323 399 2433 428 mundi.
2448 417 2467 422 -
2482 410 2508 437 7.
2530 402 2712 438 improbatur

1648 434 1755 470 duplici
1782 435 1902 463 ratione.
1930 437 1958 471 a)
1984 436 2113 464 Mirabile
2134 443 2207 465 esset
2228 437 2363 466 animalia
2383 445 2410 467 et
2430 439 2542 476 plantas
2568 450 2628 470 non
2649 441 2711 470 fieri

1648 482 1665 501 a
1685 474 1800 502 fortuna
1824 476 1877 503 sed
1897 476 1933 503 ab
1955 475 2051 512 aliqua
2079 476 2268 505 determinata
2295 486 2389 512 causa,
2411 478 2471 507 fieri
2492 486 2590 508 autem
2611 489 2629 509 a
2642 490 2711 509 casu

1647 513 1757 541 caelum
1779 520 1806 542 et
1822 523 1856 542 ea
1877 523 1951 551 quae
1972 521 2039 543 sunt
2060 515 2203 544 nobiliora
2221 516 2295 544 inter
2315 517 2468 546 sensibilia.
2484 535 2504 540 -
2517 519 2545 547 8.
2561 519 2588 555 b)
2603 521 2639 548 Et
2651 520 2711 548 for-

1646 559 1747 581 tunam
1775 562 1836 581 esse
1858 553 1888 581 in
1913 554 2011 590 caelis,
2033 555 2083 583 ubi
2110 555 2255 583 evidenter
2275 555 2345 583 nihil
2367 565 2435 585 casu
2455 556 2556 594 agitur,
2577 568 2638 587 non
2658 569 2710 588 au-

1646 598 1705 620 tem
1727 592 1756 620 in
1778 593 1822 620 his
1849 593 2039 629 inferioribus,
2061 594 2110 622 ubi
2131 595 2221 623 multa
2241 594 2374 623 videntur
2395 596 2560 634 contingere
2581 606 2599 626 a
2618 598 2708 627 fortu-

1646 640 1693 659 na.
1709 648 1728 653 -
1738 641 1765 668 9.
1780 632 1878 661 Tertia
1891 633 1992 669 opinio
2014 635 2206 670 quorundam,
2221 635 2301 671 quod
2321 635 2438 663 fortuna
2458 635 2494 664 sit
2514 635 2610 673 aliqua
2623 646 2710 667 causa

1645 670 1731 699 altior
1756 671 1840 699 nobis
1862 671 2068 708 immanifesta,
2090 673 2172 710 quasi
2193 673 2302 710 aliquid
2329 674 2473 703 divinum:
2497 685 2570 712 quae
2591 676 2708 713 quidem

1644 709 1744 746 opinio
1766 711 1896 747 quamvis
1911 711 2014 740 habeat
2035 721 2131 740 veram
2145 713 2279 749 radicem,
2295 723 2356 742 non
2377 720 2474 742 tamen
2495 715 2568 743 bene
2583 715 2627 744 usi
2641 722 2708 745 sunt

1643 749 1762 777 nomine
1783 750 1923 779 fortunae.

1643 841 1816 889 afferens,
1842 853 1958 890 quare
1978 843 2103 880 nullus
2135 843 2375 893 antiquorum
2396 845 2611 894 sapientum
2640 847 2705 895 qui

1644 893 1991 931 determinaverunt
2010 896 2030 917 Ψ
2046 895 2094 932 de
2113 896 2234 933 causis
2253 898 2502 944 generationis
2522 906 2559 936 et
2578 911 2705 936 corru-

1642 946 1793 997 ptionis,
1810 946 1949 995 aliquid
1970 947 2233 985 determinavit
2253 950 2300 986 de
2319 951 2485 988 fortuna:
2511 951 2589 999 sed,
2611 952 2706 989 sicut

1642 998 1813 1046 videtur,
1842 999 1932 1036 nihil
1957 1000 2209 1048 opinabantur
2227 1001 2278 1038 illi
2297 1002 2439 1051 antiqui
2469 998 2551 1041 esse'
2579 1017 2602 1041 a
2629 1006 2703 1042 for-

1642 1059 1744 1088 tuna.
1766 1053 1814 1088 Et
1842 1051 1895 1088 sic
1921 1053 2016 1089 haec
2050 1053 2217 1090 secunda
2245 1054 2338 1091 ratio
2367 1055 2599 1094 sumitur‘ex
2623 1057 2703 1106 opi-

1642 1104 1757 1141 nione
1785 1104 2028 1154 antiquorum
2057 1105 2294 1154 naturalium,

1694 1169 1731 1204 4.
1761 1157 1911 1195 Deinde
1944 1170 2031 1195 cum
2062 1158 2171 1195 dicit:
2205 1159 2279 1195 Sed
2303 1160 2375 1196 lzoc
2410 1159 2582 1198 mirabile
2614 1169 2700 1209 etc.,

1642 1209 1840 1258 disputat*
1857 1210 1904 1247 de
1923 1211 1995 1247 hac
2015 1211 2183 1248 secunda
2202 1211 2358 1259 ratione,
2375 1213 2578 1251 ostendens
2597 1214 2703 1262 quod

1641 1274 1754 1311 supra
1772 1263 1792 1284 *
1806 1271 2069 1312 supposuerat,
2090 1263 2230 1300 scilicet
2245 1265 2350 1314 quod
2364 1265 2636 1303 inconveniens
2656 1267 2702 1304 sit

1640 1315 1815 1364 antiquos
1843 1317 2030 1353 naturales
2062 1329 2140 1353 non
2169 1317 2437 1355 determinasse
2471 1318 2518 1356 de
2549 1331 2639 1356 casu
2667 1327 2704 1356 et

1640 1368 1806 1405 fortuna:
1837 1375 1872 1405 et
1899 1369 1974 1405 hoc
2001 1369 2139 1417 probat
2167 1369 2315 1406 duabus
2344 1370 2562 1409 rationibus.
2598 1373 2701 1419 Qua—

1640 1433 1725 1457 rum
1752 1421 1916 1469 primam
1934 1421 2042 1469 ponit
2070 1420 2220 1459 dicens:
2241 1430 2276 1458 et
2295 1422 2315 1443 *²
2343 1422 2514 1460 mirabile
2539 1423 2701 1472 videtur,

1639 1473 1734 1510 sicut
1754 1481 1790 1510 et
1816 1486 1907 1510 vere
1937 1481 2002 1521 est,
2023 1474 2127 1522 quod
2156 1474 2298 1524 antiqui
2325 1477 2512 1513 naturales
2541 1476 2589 1513 de
2613 1489 2703 1514 casu

1640 1534 1676 1563 et
1709 1526 1860 1563 fortuna
1893 1538 1973 1563 non
2007 1527 2366 1565 determinaverunt.
2404 1530 2703 1578 Assumpserunt

1640 1578 1742 1615 enim
1762 1578 1832 1615 sibi
1857 1579 2105 1616 determinare
2126 1592 2258 1616 causas
2278 1591 2412 1617 eorum
2434 1582 2453 1602 ³*
2473 1593 2570 1630 quae
2590 1582 2701 1630 fiunt;

1640 1633 1758 1668 multa
1787 1638 1915 1668 autem
1944 1639 2030 1668 sunt
2048 1644 2147 1680 quae
2167 1633 2186 1653 *
2206 1633 2303 1669 fiunt
2321 1646 2344 1670 a
2363 1634 2511 1671 fortuna
2535 1642 2572 1671 et
2595 1647 2700 1682 casu3

1638 1685 1741 1722 unde
1762 1684 1810 1721 de
1838 1684 1988 1721 fortuna
2014 1692 2050 1721 et
2079 1697 2168 1722 casu
2198 1685 2447 1723 determinare
2477 1687 2700 1726 debuerunt.

1640 1738 1677 1774 N
1681 1750 1724 1774 ec
1743 1745 1968 1774 excusantur
1994 1745 2150 1786 propter
2176 1737 2359 1776 rationem
2388 1751 2502 1788 supra
2522 1741 2542 1761 '¹‘
2561 1740 2701 1778 dictam

1640 1791 1894 1832 destruentem
1910 1790 2100 1828 fortunam
2112 1798 2149 1827 et
2168 1802 2314 1828 casum:
2331 1791 2419 1840 quia
2433 1792 2518 1830 licet
2526 1793 2702 1831 homines

1639 1855 1717 1880 non
1744 1843 1959 1891 ignorarent
1979 1844 1998 1864 ²*
2018 1843 2123 1892 quod
2160 1844 2338 1892 contingit
2356 1845 2536 1882 reducere
2563 1857 2702 1883 unum-

1639 1908 1833 1944 quemque
1854 1896 2031 1933 effectum
2055 1895 2094 1933 in
2119 1896 2285 1945 aliquam
2310 1909 2476 1945 causam,
2497 1898 2592 1935 sicut
2611 1898 2702 1936 dixit

1638 1949 1831 1998 praedicta
1850 1949 1979 1997 opinio
2005 1949 2201 1986 destruens
2220 1949 2411 1987 fortunam
2431 1957 2468 1987 et
2487 1963 2630 1999 casum,
2646 1952 2700 1989 ni-

1639 2002 1844 2038 hilominus
1868 2009 1998 2038 tamen
2014 2009 2235 2050 posuerunt,
2255 2014 2334 2039 non
2362 2003 2534 2041 obstante
2552 2004 2625 2041 hac
2643 2017 2700 2042 ra-

1639 2048 1753 2102 tione,
1775 2054 1964 2102 quaedam
1983 2053 2066 2091 fieri
2086 2067 2108 2091 a
2127 2055 2276 2092 fortuna
2295 2062 2332 2091 et
2350 2056 2540 2104 quaedam
2564 2069 2642 2094 non
2666 2057 2698 2094 ⁸.

1640 2107 1751 2144 Unde
1780 2107 1869 2155 ipsis
1897 2107 2133 2155 philosophis
2161 2108 2392 2145 naturalibus
2423 2109 2595 2146 facienda
2623 2117 2701 2147 erat

1640 2160 1783 2196 mentio
1805 2160 1853 2197 de
1872 2160 2020 2197 fortuna
2051 2167 2086 2196 et
2115 2171 2219 2207 casn,
2245 2161 2377 2198 saltem
2398 2168 2440 2198 ut
2460 2161 2702 2200 ostenderent

1640 2213 1776 2249 falsum
1798 2225 1878 2249 esse
1909 2212 2034 2261 aliqua
2056 2212 2138 2249 fieri
2168 2225 2190 2249 a
2218 2213 2367 2250 fortuna
2395 2221 2432 2250 et
2459 2226 2567 2261 casu;
2597 2222 2634 2252 et
2659 2222 2702 2252 ut

1640 2265 1872 2313 assignarent
1898 2265 2082 2302 rationem
2117 2277 2232 2313 quare
2261 2266 2453 2315 quaedam
2481 2267 2702 2306 dicebantur

1640 2331 1721 2355 esse
1751 2331 1773 2355 a
1800 2319 1950 2355 fortuna
1978 2325 2014 2354 et
2041 2318 2230 2367 quaedam
2258 2331 2347 2356 non.
2378 2320 2463 2356 Nec
2481 2319 2594 2358 etiam
2612 2333 2699 2370 pos-

1639 2378 1726 2408 sunt
1753 2371 1922 2407 excusari
1956 2375 1969 2397 ⁷
2001 2383 2071 2419 per
2102 2371 2176 2407 hoc
2209 2371 2313 2419 quod
2340 2384 2448 2409 casus
2481 2380 2518 2409 et
2549 2373 2700 2411 fortuna

1639 2425 1907 2461 reducerentur
1923 2425 1942 2445 ⁵⁸
1957 2423 1996 2460 in
2016 2423 2181 2472 aliquam
2202 2436 2401 2461 causarum
2422 2425 2470 2461 ab
2490 2425 2543 2462 eiS
2557 2426 2696 2474 posita-

1639 2489 1738 2514 rum:
1768 2489 1847 2514 non
1876 2476 1977 2513 enim
2006 2476 2258 2524 opinabantur
2276 2477 2381 2526 quod
2401 2477 2551 2515 fortuna
2570 2478 2616 2516 sit
2633 2479 2697 2516 ali-

1638 2530 1729 2578 quid
1758 2542 1892 2566 eorum
1925 2541 2023 2578 quae
2058 2529 2330 2566 arbitrabantur
2359 2539 2440 2567 esse
2470 2543 2622 2580 causas,
2655 2539 2698 2569 ut

1638 2582 1841 2619 amicitiam
1870 2590 1934 2618 aut
1961 2582 2064 2619 litem
2092 2589 2156 2618 aut
2183 2582 2325 2630 aliquid
2351 2582 2583 2621 huiusmodi.

1695 2637 1726 2672 5.
1749 2635 1966 2672 Secundam
1991 2634 2175 2671 rationem
2194 2635 2307 2686 ponit·
2328 2635 2397 2672 ibi:
2426 2637 2696 2675 Inconveniens

1637 2689 1752 2738 igitur
1771 2694 1823 2725 est
1842 2695 1909 2725 etc.
1935 2688 1984 2724 Et
2004 2687 2091 2724 dicit
2105 2689 2209 2736 quod
2228 2688 2501 2726 inconveniens
2523 2697 2578 2726 est
2591 2690 2697 2738 quod

1637 2741 1779 2790 antiqui
1799 2741 1986 2778 naturales
2003 2742 2023 2762 ²³²
2039 2740 2267 2789 reliquerunt
2285 2747 2442 2778 tractare
2466 2741 2514 2779 de
2533 2742 2694 2790 fortuna,

1636 2795 1716 2832 sive
1744 2801 1973 2842 putaverunt
1999 2794 2190 2842 fortunam
2210 2806 2292 2830 esse
2321 2794 2400 2832 sive
2429 2807 2524 2832 non:
2554 2796 2642 2844 quia
2665 2795 2696 2833 si

1634 2842 1864 2896 putaverunt
1891 2847 2080 2883 fortunam
2101 2858 2194 2894 esse,
2215 2846 2487 2884 inconveniens
2506 2847 2573 2885 fuit
2591 2848 2696 2898 quod

1637 2900 1683 2937 de
1709 2912 1753 2936 ea
1776 2912 1854 2936 non
1884 2899 2246 2946 determinaverunt;
2267 2900 2297 2936 si
2318 2912 2412 2937 vero
2436 2912 2514 2937 non
2537 2908 2695 2949 putave-

1636 2960 1723 2990 runt
1741 2953 1931 2989 fortunam
1948 2965 2042 2999 esse,
2061 2952 2332 2990 inconveniens
2351 2952 2419 2989 fuit
2444 2953 2548 3001 quod
2568 2965 2613 2990 ea
2631 2953 2694 2990 ali-

1636 3005 1788 3054 quando
1803 3005 1860 3042 usi
1876 3012 1976 3051 sunt;
1994 3004 2087 3042 sicut
2101 3002 2367 3053 Empedocles,
2384 3005 2477 3054 qui*
2488 3005 2576 3043 dixit
2590 3007 2695 3055 quod

1636 3070 1700 3095 aer
1728 3070 1805 3105 non
1834 3070 1986 3106 semper
2013 3057 2200 3094 adunatur
2219 3058 2389 3106 superius
2417 3071 2531 3107 supra
2554 3066 2693 3096 terram

1636 3110 1742 3159 quasi
1771 3111 1845 3147 hoc
1874 3110 1907 3146 ei
1935 3110 1980 3147 sit
2006 3111 2195 3157 naturale,
2221 3111 2290 3148 sed
2317 3110 2405 3159 quia
2432 3111 2482 3148 ita
2510 3111 2645 3149 accidit
2672 3125 2695 3150 a

1637 3176 1737 3200 casu.
1759 3163 1858 3199 Dicit
1877 3163 1978 3199 enirn
1999 3163 2103 3211 quod
2123 3163 2276 3211 quando
2296 3164 2461 3202 mundus
2485 3172 2540 3202 est
2560 3165 2690 3213 factus,

1635 3216 1698 3252 lite
1737 3215 1983 3263 distinguente
2018 3216 2222 3263 elementa,
2252 3216 2386 3253 accidit
2413 3217 2519 3266 quod
2556 3229 2621 3255 aer
2652 3230 2693 3255 se

1637 3268 1783 3317 collegit
1806 3266 1819 3290 δ
1839 3269 1876 3305 in
1905 3269 2016 3306 istum
2045 3269 2184 3315 locum,
2211 3276 2247 3305 et
2266 3269 2360 3306 sicut
2392 3277 2482 3306 tunc
2511 3270 2690 3318 cucurrit,

1636 3321 1686 3358 ita
1714 3333 1866 3370 semper
1893 3329 2011 3358 stante
2045 3321 2115 3359 isto
2144 3321 2290 3359 mundo
2329 3335 2481 3360 cursum
2518 3320 2691 3361 habebit:

1632 3435 1731 3459 numeri
1745 3443 1792 3467 pro
1805 3435 1895 3467 aliqua
1906 3435 2038 3467 ponimus,
2053 3435 2164 3461 di'ci'mus
2177 3435 2286 3468 aliquod
2299 3436 2327 3464 Β,
2342 3435 2454 3460 dicimus
2467 3435 2570 3468 aliquid
2581 3434 2636 3466 HN,
2652 3435 2691 3460 di-

1631 3470 1714 3496 cimus
1733 3471 1823 3502 aliqua
1841 3470 2012 3495 DEFGMRZ.

1685 3505 1711 3538 γ)
1731 3506 1786 3531 Nec
1805 3505 1883 3530 etiam
1899 3508 2047 3537 possuntt.-
2061 3505 2102 3531 Sic
2121 3506 2211 3538 legunt
2229 3506 2311 3535 codd„
2330 3513 2383 3531 exc.
2402 3505 2569 3538 STVXpAIO
2588 3505 2631 3538 qui
2646 3504 2691 3529 ha-

1633 3540 1695 3565 bent
1714 3541 1759 3565 Sic
1782 3541 1861 3565 eriam
1882 3544 2007 3572 possunt,
2031 3541 2076 3566 sed
2100 3541 2138 3566 sic
2156 3545 2195 3565 est
2220 3540 2348 3573 corruptio
2367 3540 2432 3573 signi
2452 3547 2512 3569 nec,
2535 3539 2567 3564 de
2585 3547 2639 3572 quo
2658 3539 2690 3565 cf.

1634 3576 1830 3601 Praefationem.
1851 3575 1912 3606 Pas,
1933 3576 1978 3601 Sic
1996 3575 2075 3600 etiam
2094 3582 2146 3600 non
2161 3578 2282 3607 possunt.

1688 3610 1712 3645 ὃ)
1731 3618 1758 3636 se
1776 3611 1953 3644 collegit-se
1971 3610 2071 3644 colligit
2090 3610 2147 3635 edd.
2161 3610 2214 3639 ab,
2229 3610 2335 3643 collegit
2353 3616 2380 3636 se
2398 3609 2485 3641 BCsL,
2497 3609 2597 3643 colligit
2615 3616 2643 3635 se
2657 3609 2690 3635 ΑΙ

2733 913 2745 925 ⁸
2757 913 2922 937 determinavit
2932 922 2947 938 r

2734 939 2770 967 alb
2778 943 2799 962 et
2807 940 2875 963 codd.
2880 947 2946 964 exc.»

2732 971 2835 1014 zonunsz
2844 971 2866 989 et
2873 973 2946 996 marg.

2729 1227 2741 1239 ⁹
2764 1226 2814 1250 alec
2843 1230 2881 1251 tae
2905 1229 2945 1251 νει

2851 1261 2888 1282 rz,
2907 1254 2944 1277 di-

2730 1282 2820 1308 neptae
2833 1284 2877 1303 cet.
2891 1287 2940 1304 exe.

2729 1311 2825 1355 Pilum.
2840 1338 2916 1362 praee.

2729 1437 2741 1449 ⁸
2748 1437 2812 1466 qnod
2817 1438 2886 1461 codd.
2892 1444 2942 1460 exe.

2729 1469 2857 1491 Aixoorvx.

2730 1594 2740 1606 “
2754 1598 2834 1616 eorum
2847 1592 2901 1617 omi
2911 1601 2943 1618 οι·

2727 1626 2862 1670 &faida

2727 1750 2739 1762 ⁴⁸
2753 1750 2823 1773 Num.
2838 1757 2913 1780 praee.

2728 1855 2935 1884 ‘ignor-emm&

2727 2065 2738 2076 ⁵
2743 2064 2807 2112 {eri
2814 2070 2830 2086 a
2833 2064 2939 2093 fortuna

2727 2097 2740 2112 a
2758 2090 2780 2112 d.
2795 2097 2891 2114 mimia».

2725 2437 2735 2446 ·
2749 2436 2891 2459 reducamur
2907 2443 2937 2460 m

2723 2468 2773 2510 ἕξ,
2794 2462 2937 2486 reducantur

2722 2752 2734 2764 ⁸
2748 2751 2884 2780 philosopha·
2902 2758 2934 2775 n«

2722 2784 2757 2806 n,
2771 2784 2820 2801 om.
2833 2778 2885 2801 rab.

2720 3015 2732 3027 ·
2745 3015 2786 3043 qm·
2799 3021 2846 3038 om.
2863 3015 2932 3038 codd.

2721 3047 2770 3063 exc.
2785 3047 2806 3064 r.
