2898 3996
186 3466 194 3473 '
211 3464 271 3486 Lect.
288 3471 361 3492 praec.

408 314 484 357 270

1032 298 1378 336 PHYSICORUM
1404 298 1752 335 ARISTOTELIS
1782 298 1876 335 LIB.
1905 299 1957 337 VI

1131 491 1432 547 LEcT10
1471 450 1856 548 SECUNDA

559 635 594 667 SI
617 634 879 667 MAGNITUDO
902 635 959 665 EX
982 634 1314 665 INDIVISIBILIBUS
1337 633 1636 674 COMPONITUR‚
1658 635 1821 667 MOTUM
1844 636 1902 667 EX
1925 635 1975 667 IIS
1998 635 2194 667 COMPONI
2219 635 2444 667 OPORTET:

1098 694 1229 726 HUIUS
1258 692 1589 725 IMPOSSIBILITAS
1617 694 1898 728 OSTENDITUR

409 819 476 850 Τοῦ
500 813 531 849 δ’
552 817 662 849 αὑτοῦ
685 816 789 863 λόγου
812 817 870 848 καὶ
895 814 1034 862 μέγεθος
1059 817 1117 847 καὶ
1133 814 1252 861 χρόνον
1268 815 1327 846 καὶ
1343 816 1469 851 κίνησιν
1523 816 1543 835 ⁴⁵
1566 817 1719 848 Eiusdem
1732 824 1839 849 autem
1862 818 1991 850 rationis
2014 825 2060 849 est
2082 824 2112 849 et
2136 818 2388 858 magnitudinem
2410 825 2440 849 et
2461 824 2588 859 tempus
2616 822 2626 832 ·
2640 821 2694 850 Seq·
2709 827 2792 851 etp-¹·

477 861 512 902 ἐξ
539 858 739 905 ἀδιαιρέτων
764 859 972 907 συγκεῖσθαι,
989 861 1048 891 καὶ
1066 855 1266 904 διαιρεῖσθαι
1290 859 1335 896 εὶς
1361 853 1474 890 ἀδιαί-

476 917 560 950 ρετα
585 904 606 942 ἦ
631 903 745 949 μηθέν.

410 950 516 986 Δῆλον
542 944 571 980 δ’
600 949 637 981 ὲκ
669 944 787 980 τῶνδε·
813 948 841 979 εἱ
871 948 935 994 γάρ
961 946 1003 980 τὸ
1031 946 1169 993 μέγεθος
1201 945 1236 987 ἐξ
1269 940 1469 989 ἀδιαιρέτων

476 993 667 1039 σύγκειται,
685 994 743 1024 καὶ
761 992 781 1028 τ’,
803 994 926 1029 κίνησις
953 992 973 1028 ’ἡ
999 990 1126 1024 τούτου
1151 990 1187 1032 ἐξ
1210 992 1289 1022 ἴσων
1309 989 1469 1026 κινήσεων

477 1037 577 1069 ἔσται
603 1032 823 1081 ἀδιαιρέτων,

410 1082 478 1114 οἷον
503 1082 530 1113 εἰ
555 1082 596 1113 τό
621 1082 695 1111 ΑΒΓ
722 1081 758 1112 ἐκ
784 1081 849 1112 τῶν
869 1080 941 1110 ΑΒΓ
960 1079 1052 1112 ἐστὶν
1072 1075 1288 1124 ἀδιαιρέτων,
1307 1079 1328 1115 ἢ
1345 1080 1469 1115 κίνησις

477 1126 522 1168 ἐφ’
552 1125 590 1163 ἧς
616 1126 707 1166 ΔΕΖ,
733 1125 773 1161 ἦν
798 1122 933 1161 ἐκινήθη
960 1124 1002 1157 ‘ro'
1019 1124 1044 1154 Ω
1061 1123 1116 1156 ἐπὶ
1142 1124 1203 1161 τῆς
1229 1123 1304 1154 ΔΒΓ
1326 1118 1473 1154 διαστά-

475 1181 570 1211 σεως,
596 1168 742 1201 ἕκαστον
767 1169 808 1202 τὸ
834 1168 933 1212 μέρος
958 1168 1028 1212 ἔχει
1054 1166 1261 1210 ἀδιαίρετον.

409 1253 447 1284 Εἰ
471 1248 508 1284 δέ
534 1251 705 1295 παρούσης
736 1251 895 1290 κινήσεως
927 1251 1057 1298 ἀνάγκη
1087 1250 1249 1283 κινεῖσθαί
1275 1262 1329 1291 τι,
1359 1253 1417 1282 καὶ
1443 1250 1471 1282 εἰ

474 1298 618 1329 κινεῖταί
644 1308 691 1338 τι,
711 1299 867 1340 παρεῖναι
890 1298 1032 1337 κίνησιν,
1050 1297 1109 1327 καὶ
1134 1295 1175 1328 τὸ
1191 1293 1353 1327 κινεῖσθαι
1371 1295 1470 1326 ἔσται

476 1339 510 1381 ἐξ
537 1338 752 1385 ἀδιαιρέτων.
779 1340 824 1372 Te
849 1339 907 1385 μὲν
933 1335 975 1376 δή
993 1340 1018 1371 Α
1036 1338 1169 1376 ἐκινήθη
1196 1339 1237 1371 τὸ
1261 1340 1286 1369 Ω
1307 1338 1370 1375 τήν
1388 1338 1429 1371 τὸ
1447 1338 1471 1368 Δ

473 1384 666 1429 κινούμενον
698 1387 844 1426 κίνησιν,
875 1384 916 1416 τὸ
948 1379 986 1416 δὲ
1009 1385 1034 1415 Β
1058 1384 1122 1421 τήν
1152 1383 1193 1416 τὸ
1222 1385 1268 1424 Ε,
1298 1383 1357 1414 καὶ
1382 1382 1423 1414 τὸ
1447 1383 1469 1412 Γ

475 1430 638 1466 ὡσαύτως
662 1428 725 1465 τήν
752 1428 793 1460 τὸ
817 1430 852 1460 Ζ.

409 1473 447 1504 Et
471 1469 514 1510 δή
542 1472 672 1519 ἀνάγκη
699 1472 740 1506 τὸ
765 1471 956 1516 κινούμενον
990 1470 1091 1503 ποθέν
1118 1483 1176 1503 ποι
1200 1470 1247 1515 μή
1274 1469 1345 1514 ἅμα
1373 1472 1470 1501 κινεῖ-

476 1516 554 1550 σθαι
582 1519 640 1549 καὶ
671 1517 865 1552 κεκινῆσθαι
891 1515 929 1548 οὖ
955 1515 1095 1548 ἐκινεῖτο
1123 1514 1179 1547 ὅτε
1213 1517 1355 1548 ἐκινεῖτο
1379 1513 1469 1556 (οἷον

477 1563 504 1593 εἰ
528 1560 665 1604 Θηβαζέ
690 1572 741 1598 τις
790 1556 910 1602 αδίζει,
936 1556 1107 1591 ἀδύνατον
1135 1557 1206 1603 ἅμα
1232 1553 1381 1601 βαδίζειν
1405 1556 1472 1594 θή-

477 1606 559 1648 βαζε
583 1607 641 1637 καὶ
668 1605 759 1645 βαβα
786 1604 892 1635 ικέναι
915 1603 1086 1646 Θήβαζε)·

409 1650 474 1686 τήν
499 1645 536 1681 δὲ
560 1650 601 1681 τὸ
626 1650 651 1680 Α
675 1648 738 1685 τήν
766 1649 871 1692 ἀμερῆ
906 1648 1048 1679 ἐκινεῖτο
1078 1646 1118 1679 τὰ
1144 1648 1187 1688 Ω,
1215 1647 1236 1689 ᾖ
1263 1648 1282 1684 ἡ
1308 1646 1350 1679 ‘ro‘
1376 1646 1400 1676 Δ
1422 1648 1470 1677 κί-

475 1704 564 1730 νησις
590 1694 715 1737 παρῆν.
737 1691 830 1724 ’“Ὠστ’
860 1692 888 1723 εἰ
913 1691 970 1736 μὲν
998 1690 1135 1736 ὕστερον
1160 1687 1295 1729 διῆλθεν
1321 1690 1342 1727 ἦ
1366 1685 1468 1732 διῄει,

474 1733 629 1780 διαιρετὴ
664 1736 702 1768 ἀν
733 1739 797 1775 εἴη·
824 1735 882 1768 ὅτε
907 1736 971 1782 γάρ
996 1730 1103 1778 διῄει,
1138 1736 1217 1769 οὔτε
1244 1733 1357 1780 ἠρέμει
1390 1734 1470 1766 οὔτε

474 1777 683 1822 διεληλύθει,
717 1781 806 1813 ἀλλά
837 1780 968 1824 μεταξύ
994 1778 1045 1818 ἦν.
1073 1781 1111 1811 Εἰ
1134 1781 1162 1811 δ’
1194 1780 1265 1825 ἅμα
1293 1777 1470 1823 διέρχεται

473 1827 532 1857 καὶ
562 1821 737 1862 διελήλυθε
770 1825 811 1858 τὸ
842 1820 980 1866 βαδίζον
1015 1823 1072 1857 ὅτε
1105 1820 1261 1868 βαδίζει,
1290 1823 1470 1865 βεβαδικὸς

476 1868 545 1902 ἐκεῖ
569 1870 667 1902 ἔσται
697 1871 755 1902 καὶ
786 1868 1000 1913 κεκινημένον
1025 1867 1064 1900 οὗ
1090 1873 1246 1901 κινεῖται.
1281 1869 1318 1900 Εἰ
1343 1864 1381 1903 δὲ
1405 1868 1470 1906 τήν

476 1915 533 1959 μὲν
561 1913 640 1951 ὅλην
665 1914 728 1950 την
755 1914 828 1944 ΑΒΓ
853 1916 998 1945 κινεῖταί
1025 1924 1071 1953 τι,
1097 1916 1155 1945 καὶ
1180 1915 1200 1950 ἡ
1225 1916 1350 1951 κίνησις
1377 1915 1398 1951 ἦ
1423 1924 1474 1944 κι-

474 1962 585 1990 νεῖται
610 1958 657 1991 τά
681 1959 754 1989 ΔΕΖ
782 1958 866 1998 ἐστί,
894 1957 957 1995 τήν
983 1954 1011 1989 δ’
1034 1957 1140 2002 ἀμερῆ
1166 1957 1230 1995 τήν
1255 1958 1280 1989 A
1306 1957 1400 1991 οὐθὲν
1424 1969 1473 1989 κι-

476 2006 599 2044 νεῖται,
628 1999 716 2034 ἀλλά
740 2004 928 2041 κεκίνηται,
951 2003 999 2039 εἴη
1028 2001 1066 2034 ἂν
1092 2003 1112 2038 ἡ
1137 2005 1263 2040 κίνησις
1289 2003 1349 2035 οὐκ
1372 2004 1408 2036 ἐκ
1423 2013 1472 2034 κι-

475 2046 623 2087 νήσεων,
652 2047 724 2079 ἀλλ’
755 2047 790 2078 ἐκ
813 2046 1030 2090 κινημάτων,

408 2093 466 2124 καὶ
491 2092 533 2124 τὸ
557 2091 750 2127 κεκινῆσθαί
777 2103 810 2124 τι
835 2091 882 2132 μή
906 2090 1112 2135 κινούμενον·
1138 2089 1202 2126 τήν
1227 2089 1291 2135 γὰρ
1317 2092 1342 2123 Α
1361 2087 1474 2128 διελή-

474 2134 570 2167 λυθεν
596 2135 634 2167 οὐ
659 2132 793 2176 διεξιόν.
822 2134 923 2167 Ὥστε
949 2135 1048 2168 ἔσται
1073 2146 1107 2166 τι
1133 2133 1349 2175 βεβαδικέναι
1370 2131 1474 2180 μηδέ-

477 2191 563 2212 ποτε
597 2175 749 2222 βαδίζον·
787 2178 919 2216 ταύτην
954 2179 1018 2225 γάρ
1049 2175 1226 2219 βεβάδικεν
1261 2180 1298 2211 οὐ
1333 2176 1470 2223 βαδίζον

477 2223 624 2261 ταύτην.

410 2269 447 2300 Ei
474 2267 528 2300 οὖν
563 2266 692 2313 ἀνάγκη
720 2266 740 2304 ἦ
767 2267 896 2312 ἠρεμεῖν
928 2266 948 2303 ἦ
977 2265 1140 2299 κινεῖσθαι
1172 2269 1261 2308 πᾶν,
1292 2267 1409 2311 ἠρεμεῖ
1434 2263 1472 2300 δὲ

474 2311 548 2345 καθ’
572 2312 716 2344 ἕκαστον
744 2313 808 2345 τῶν
834 2313 921 2352 ΑΒΓ,
944 2310 1022 2344 ὥστ’
1048 2311 1146 2343 ἔσται
1172 2324 1206 2343 τι
1231 2313 1373 2356 συνεχῶς
1399 2311 1472 2355 ἦρε-

477 2358 559 2400 μοῦν
592 2357 663 2400 ἅμα
693 2359 750 2388 καὶ
782 2355 988 2400 κινούμενον·
1016 2355 1080 2392 τήν
1105 2355 1168 2400 γάρ
1194 2356 1268 2387 ΑΒΓ
1297 2357 1374 2393 ὅλην
1409 2356 1472 2388 ἐκι-

476 2405 579 2442 νεῖτο,
605 2402 663 2433 καὶ
687 2400 801 2445 ἠρέμει
828 2401 940 2432 ὁτιοῦν
965 2399 1074 2444 μέρος,
1101 2399 1190 2431 ὥστε
1213 2403 1271 2432 καὶ
1297 2401 1424 2433 πᾶσαν.

410 2485 476 2516 Καὶ
502 2483 530 2515 εἰ
555 2483 613 2527 μὲν
640 2483 686 2515 τά
712 2482 892 2525 ἀδιαίρετα
921 2483 982 2519 τῆς
1015 2483 1109 2523 ΔΕΖ,
1135 2481 1279 2520 κινήσεις
1310 2481 1470 2521 κινήσεως

479 2539 528 2560 πα
552 2527 650 2565 ούσης
681 2524 843 2572 ἐνδέχοιτ’
875 2525 912 2558 ἀν
938 2527 984 2571 μη
1009 2525 1189 2568 κινεῖσθαι,
1218 2526 1293 2559 ἀλλ’
1323 2527 1469 2571 ἠρεμεῖν·

477 2573 504 2604 εἱ
524 2539 562 2604 δὲ
579 2572 624 2616 μη
642 2571 799 2613 κινήσεις,
819 2570 883 2608 τήν
907 2574 1034 2608 κίνησιν
1060 2571 1106 2615 μή
1132 2571 1167 2603 ἑκ
1185 2570 1345 2608 κινήσεων
1371 2569 1468 2604 εἶναι.

463 2678 612 2705 SYNorsts.
630 2693 663 2698 --
686 2686 708 2704 1.
723 2677 935 2713 Argumentum
948 2682 976 2703 et
991 2675 1092 2704 divisio
1107 2681 1208 2704 textus.
1223 2676 1270 2703 Ad
1285 2675 1472 2712 compositio-

411 2727 478 2745 nem
501 2726 533 2745 ex
554 2716 772 2745 indivisibilibus
786 2716 829 2744 vel
847 2715 1017 2743 divisionem
1039 2715 1069 2743 in
1084 2724 1118 2744 ea
1139 2716 1219 2752 quod
1239 2715 1348 2751 attinet,
1371 2716 1473 2744 eadem

412 2757 485 2785 ratio
507 2763 549 2785 est
563 2757 598 2784 de
613 2755 808 2793 magnitudine
823 2761 851 2783 et
865 2762 996 2792 tempore
1011 2762 1039 2783 et
1053 2761 1144 2784 motu.
1155 2772 1174 2776 —
1186 2762 1213 2783 2.
1229 2755 1393 2784 Subdivisio
1413 2762 1475 2783 tex-

412 2803 466 2824 tus.
491 2796 610 2824 Ponitur
631 2795 779 2824 conclusio
801 2796 899 2832 quoad
920 2802 1033 2823 motum
1051 2801 1182 2832 respectu
1203 2795 1408 2832 magnitudinis
1422 2804 1474 2831 per

413 2846 501 2873 quam
515 2836 615 2864 transit
630 2842 725 2864 motus
740 2852 759 2856 —
775 2835 800 2863 3.
816 2835 1048 2871 Exemplificatur
1062 2834 1219 2863 conclusio.
1236 2834 1302 2863 Alia
1315 2834 1472 2863 subdivisio

413 2882 512 2903 textus.
528 2892 547 2897 -
561 2885 590 2910 4.
614 2876 824 2903 Praenotamen
835 2875 975 2912 primum.
998 2875 1164 2903 Secundum
1178 2883 1393 2912 quamcumque
1407 2883 1472 2911 par-

413 2921 471 2943 tem
493 2915 648 2951 praesentis
672 2921 768 2942 motus
789 2923 904 2942 necesse
919 2921 960 2942 est
981 2914 1090 2951 aliquid
1109 2914 1232 2950 moveri,
1255 2921 1282 2942 et
1303 2924 1318 2942 e
1333 2923 1472 2943 converso

414 2954 437 2982 si
458 2954 565 2991 aliquid
587 2961 732 2988 movetur,
761 2960 875 2990 oportet
899 2955 979 2990 quod
1004 2954 1078 2982 adsit
1099 2954 1152 2982 sibi
1173 2954 1275 2991 aliquis
1296 2960 1402 2982 motus.
1431 2955 1473 2982 Ex

414 2993 458 3021 his
473 2994 600 3030 sequitur
614 2994 693 3030 quod
708 2994 825 3030 singulis
839 2993 967 3030 partibus
982 2994 1185 3031 magnitudinis
1200 3003 1251 3030 per
1261 3003 1348 3031 quam
1363 2993 1472 3031 aliquid

415 3040 555 3068 movetur,
577 3033 769 3069 respondeant
789 3033 916 3070 singulae
938 3040 1031 3070 partes
1047 3039 1152 3062 motus.
1175 3034 1386 3062 Praenotamen
1401 3034 1473 3062 alte-

416 3082 491 3100 rum.
520 3073 607 3107 Quod
629 3078 759 3100 movetur
780 3074 815 3101 de
836 3083 895 3101 uno
919 3073 1044 3101 termino
1066 3073 1096 3101 in
1117 3073 1221 3109 aliurn,
1252 3074 1417 3110 inquantum
1446 3079 1474 3101 et

415 3112 528 3149 quando
550 3118 696 3146 movetur,
718 3121 778 3140 non
799 3119 893 3148 potest
914 3113 1000 3140 simul
1026 3119 1133 3141 motum
1155 3122 1226 3141 esse.
1256 3113 1473 3141 Manifestantur

415 3152 486 3179 haec
507 3152 564 3179 duo
586 3152 812 3188 praenotamina.
834 3168 852 3172 —
877 3152 901 3180 5.
924 3153 1065 3180 Probatur
1086 3153 1166 3190 quod
1194 3153 1217 3181 si
1245 3152 1413 3190 magnitudo
1439 3161 1473 3181 ex

414 3191 527 3227 punctis
542 3191 733 3228 componitur,
743 3198 854 3219 motum
871 3192 1006 3228 componi
1028 3201 1143 3220 necesse
1158 3199 1200 3220 est
1214 3202 1275 3221 non
1289 3201 1322 3220 ex
1337 3192 1472 3228 motibus,

416 3231 465 3258 sed
487 3240 520 3258 ex
542 3231 699 3259 momentis.
726 3231 832 3259 Mobile
861 3231 936 3259 enirn
959 3233 1118 3260 secundum
1140 3231 1342 3268 impartibilem
1362 3232 1473 3269 magni-

415 3269 521 3298 tudiniS
536 3277 644 3307 partem
662 3270 770 3299 moveri
785 3270 898 3308 nequit;
914 3271 981 3308 quia
996 3271 1019 3299 si
1034 3278 1205 3307 moveretur,
1228 3278 1373 3308 oporteret
1386 3272 1473 3300 talem

416 3316 526 3345 partem
548 3319 608 3338 esse
637 3310 819 3346 divisibilem,
841 3311 878 3338 ad
902 3311 957 3339 hoc
984 3318 1016 3339 ut
1042 3312 1228 3348 responderet
1252 3311 1370 3347 mobili,
1393 3312 1473 3348 quod

417 3349 572 3378 successive
593 3357 724 3378 movetur
745 3357 772 3378 ct
792 3359 852 3378 non
873 3357 967 3387 potest
988 3350 1072 3379 simul
1094 3350 1203 3379 moveri
1217 3357 1245 3379 et
1266 3357 1379 3379 motum
1400 3360 1471 3379 esse.

484 3459 493 3465 2
506 3458 524 3467 ι

1592 868 1623 892 et
1645 868 1772 892 motum
1794 872 1831 893 ex
1854 862 2095 893 indivisibilibus
2120 862 2272 903 componi
2304 869 2335 894 et
2364 862 2462 892 dxvrdi
2485 872 2519 893 m
2541 861 2589 893 in-

1574 905 1768 944 .divisibilia,
1784 913 1847 937 aut
1869 906 1959 937 nihil.

1524 948 1542 968 *
1555 949 1761 980 Manifestum
1781 956 1828 981 est
1845 957 1952 981 autem
1968 960 2006 980 ex
2021 949 2080 981 his.
2101 950 2133 981 Si
2150 950 2236 981 enim
2251 949 2437 991 magnitudo
2454 959 2491 981 ex
2509 949 2590 981 indi-

1591 993 1765 1024 visibilibus
1782 994 1996 1034 componitur,
2007 1000 2038 1024 et
2051 1000 2159 1024 motus
2174 994 2231 1034 qui
2243 993 2339 1025 huius
2355 1001 2411 1033 est,
2424 1003 2462 1024 ex
2475 1004 2589 1035 aequa-

1591 1036 1674 1067 libus
1698 1037 1755 1068 erit
1777 1037 1917 1068 motibus
1940 1037 2191 1070 indivisibilibus-

1525 1081 1569 1112 Ut
1595 1080 1621 1111 si
1644 1081 1711 1122 ipsa
1735 1081 1817 1113 ΑΒΕ
1846 1091 1883 1112 ex
1905 1081 1989 1113 ΑΒΕ
2016 1088 2063 1112 est
2087 1080 2348 1119 indivisibilibus,
2372 1087 2403 1111 et
2425 1087 2533 1112 motus
2555 1081 2590 1112 in

1591 1135 1658 1165 quo
1681 1125 1784 1164 DEZ,
1817 1126 1994 1156 secundum
2017 1135 2114 1165 quem
2144 1130 2273 1155 motum
2300 1130 2347 1155 est
2368 1123 2476 1165 ipsum
2503 1124 2534 1156 O
2555 1125 2590 1155 in

1591 1169 1694 1209 spatio
1710 1169 1799 1209 quod
1822 1175 1868 1200 est
1889 1169 1990 1208 ΑΒΕ,
2009 1177 2270 1209 unamquamque
2285 1174 2408 1208 partem
2430 1166 2524 1199 habet
2541 1167 2590 1199 in-

1592 1212 1789 1243 divisibilem.

1523 1254 1542 1273 *
1557 1255 1589 1287 Si
1602 1255 1697 1296 igitur
1715 1255 1884 1296 praesentis
1901 1262 2008 1286 motus
2024 1265 2149 1286 necesse
2163 1254 2284 1286 moveri
2296 1265 2352 1296 per
2367 1255 2507 1297 aliqum
2520 1265 2590 1296 par—

1590 1306 1666 1338 tem,
1691 1305 1721 1330 et
1739 1299 1764 1329 si
1783 1305 1949 1329 moveatur
1971 1299 2101 1340 aliquid,
2125 1299 2232 1329 adesse
2255 1305 2397 1339 motum;
2417 1305 2447 1330 et
2469 1299 2591 1331 moveri

1591 1343 1649 1374 erit
1679 1353 1716 1373 ex
1742 1342 1992 1374 indivisibilibus.
2025 1343 2209 1374 Secundum
2231 1342 2326 1383 igitur
2347 1345 2377 1374 A
2395 1349 2522 1374 motum
2545 1350 2591 1375 est

1590 1386 1698 1427 ipsum
1725 1386 1771 1426 0,
1794 1393 1885 1417 motu
1909 1396 1975 1428 quo
1999 1387 2028 1417 D
2056 1393 2218 1426 movetur3
2248 1387 2424 1418 secundum
2450 1397 2527 1418 vero
2548 1387 2591 1427 B,

1591 1440 1657 1471 quo
1680 1430 1788 1470 ipsum
1806 1430 1850 1468 Ε;
1875 1436 1905 1461 et
1927 1430 2104 1462 secundum
2126 1430 2166 1469 C,
2189 1440 2256 1471 quo
2278 1430 2387 1471 ipsum
2408 1431 2444 1462 Z.

1523 1472 1539 1489 *
1552 1474 1584 1505 Si
1599 1474 1694 1514 igitur
1710 1484 1836 1505 necesse
1850 1481 1896 1505 est
1910 1475 1998 1515 quod
2012 1481 2160 1506 movetur
2173 1475 2258 1505 unde
2272 1481 2303 1506 et
2316 1485 2394 1516 quo,
2415 1484 2481 1506 non
2495 1474 2592 1507 simul

1590 1517 1711 1549 moveri
1735 1524 1766 1549 et
1788 1525 1915 1549 motum
1942 1528 2025 1558 esse,
2046 1529 2112 1560 quo
2131 1518 2233 1550 movit
2256 1519 2386 1560 quando
2409 1525 2519 1550 movet
2541 1516 2594 1562 (ut

1591 1562 1616 1592 si
1631 1562 1758 1592 Thebas
1773 1562 1813 1592 ali
1837 1562 1886 1593 uis
1901 1562 1940 1601 it,
1959 1562 2155 1604 impossibile
2169 1569 2216 1594 est
2232 1562 2329 1594 simul
2349 1563 2394 1594 ire
2409 1563 2536 1594 Thebas
2560 1569 2592 1595 et

1590 1605 1682 1636 ivisse
1705 1572 1863 1649 Thebacsg:

1524 1650 1708 1681 Secundum
1732 1652 1762 1681 A
1790 1649 1885 1690 igitur
1914 1650 2103 1691 impartibile
2133 1657 2261 1682 motum
2291 1657 2338 1682 est
2360 1651 2391 1682 O
2415 1650 2592 1682 secundum

1591 1694 1679 1735 quod
1697 1694 1804 1734 ipsum
1818 1694 1846 1725 D
1863 1701 1972 1725 motus
1986 1695 2100 1726 aderat.
2118 1695 2224 1732 Quare
2245 1695 2271 1725 si
2289 1694 2445 1735 posterius
2460 1695 2592 1736 quidem

1592 1737 1749 1769 devenerit
1771 1748 1870 1779 quam
1892 1738 1988 1777 venit,
2012 1738 2164 1771 divisibile
2188 1739 2298 1780 utique
2318 1738 2384 1770 erit.
2402 1739 2488 1770 Cum
2504 1739 2591 1770 enim

1590 1781 1720 1820 veniret,
1737 1791 1840 1822 neque
1868 1782 2048 1822 quiescebat
2072 1793 2176 1824 neque
2195 1783 2373 1822 transierat,
2397 1783 2452 1814 sed
2469 1783 2503 1814 in
2525 1793 2592 1814 me-

1592 1825 1645 1856 dio
1669 1831 1743 1856 erat.
1759 1825 1792 1856 Si
1811 1832 1918 1856 autem
1941 1825 2036 1857 simul
2054 1826 2174 1858 venerit
2196 1833 2226 1857 et
2243 1826 2330 1858 venit
2351 1826 2491 1866 veniens,
2517 1837 2593 1858 cum

1590 1869 1687 1907 venit,
1701 1876 1833 1900 ventum
1847 1869 1891 1900 ibi
1907 1870 1979 1908 erit,
2004 1876 2034 1900 et
2047 1876 2175 1901 motum
2190 1880 2257 1901 esse
2278 1870 2333 1901 ubi
2356 1877 2512 1902 movetur.
2524 1871 2543 1891 *
2557 1870 2592 1903 Si

1590 1923 1666 1944 vero
1692 1914 1868 1944 secundum
1886 1919 1992 1944 totum
2009 1913 2092 1945 ΑΒΕ
2112 1920 2278 1944 moveatur
2303 1914 2438 1955 aliquid,
2466 1921 2497 1945 et
2519 1924 2592 1946 mo—

1592 1964 1643 1989 tus
1668 1967 1735 1998 quo
1761 1963 1908 1988 movetur
1925 1957 2008 1989 DEZ
2033 1964 2094 1996 est;
2123 1958 2299 1989 secundum
2322 1965 2430 1989 autem
2451 1958 2592 1999 imparti-

1592 2001 1654 2032 bile
1677 2003 1706 2032 A
1729 2001 1808 2031 nihil
1830 2008 1992 2041 movetur,
2015 2002 2070 2032 sed
2085 2009 2213 2033 motum
2231 2008 2292 2040 est;
2313 2002 2371 2033 erit
2393 2001 2504 2044 utique
2519 2012 2591 2034 mo-

1592 2052 1643 2076 tus
1666 2055 1733 2076 non
1757 2055 1794 2075 ex
1817 2045 1968 2084 motibus,
1993 2046 2048 2076 sed
2071 2056 2108 2076 ex
2130 2045 2312 2077 momentis.

1525 2089 1566 2120 Et
1588 2096 1714 2120 motum
1746 2099 1812 2119 esse
1836 2089 1954 2130 aliquid
1985 2099 2051 2120 non
2079 2096 2221 2120 motum:
2252 2090 2427 2120 secundum
2455 2089 2541 2121 enim
2562 2091 2593 2121 A

1593 2133 1733 2164 transivit
1762 2143 1827 2163 non
1859 2133 2020 2164 transiens.
2051 2134 2156 2170 Quare
2189 2133 2246 2164 erit
2277 2133 2396 2174 aliquid
2427 2133 2594 2165 transitum

1594 2187 1671 2215 esse,
1695 2187 1761 2207 non
1784 2177 1955 2217 aliquando
1971 2177 2138 2208 transiens:
2162 2177 2243 2207 hanc
2267 2177 2506 2215 enimvtransivit
2527 2187 2594 2208 non

1594 2221 1745 2251 transiens
1767 2220 1858 2251 hanc.

1526 2265 1544 2284 *
1555 2265 1587 2296 Si
1598 2265 1692 2305 igitur
1702 2274 1827 2295 necesse
1842 2271 1888 2295 est
1902 2271 1956 2295 aut
1967 2264 2126 2305 quiescere
2135 2271 2190 2295 aut
2205 2264 2327 2295 moveri
2342 2274 2450 2304 omne,
2460 2264 2595 2306 quiescit
2621 2272 2630 2282 ·

1595 2315 1700 2339 autem
1718 2319 1773 2349 per
1788 2309 2044 2349 unumquodque
2059 2318 2172 2339 eorum
2186 2318 2267 2350 quae
2284 2315 2358 2340 sunt
2372 2311 2402 2340 A
2416 2309 2442 2340 B
2459 2308 2502 2348 C;
2518 2318 2592 2350 ergo

1594 2359 1640 2383 est
1662 2352 1781 2393 aliquid
1801 2352 1950 2383 continue
1967 2353 2131 2393 quiescens
2150 2352 2246 2383 simul
2268 2359 2298 2383 et
2321 2353 2411 2394 quod
2435 2359 2592 2385 movetur.

1593 2398 1652 2428 Per
1674 2403 1776 2427 totam
1799 2396 1884 2427 enim
1906 2396 1990 2428 ABC
2006 2397 2203 2435 movebatur,
2229 2402 2260 2427 et
2279 2397 2459 2437 quiescebat
2481 2407 2593 2428 secun-

1594 2441 1672 2471 dum
1695 2440 1868 2481 quamlibet
1891 2447 2030 2481 partem:
2054 2450 2151 2481 quare
2174 2447 2205 2471 et
2227 2450 2284 2480 per
2306 2446 2417 2471 totam.

1526 2485 1568 2516 Et
1589 2485 1615 2515 si
1633 2484 1831 2515 indivisibilia
1847 2494 1928 2525 quae
1947 2491 2021 2515 sunt
2043 2485 2141 2523 DEZ,
2162 2490 2270 2515 motus
2293 2491 2378 2523 sunt,
2394 2491 2485 2516 motu
2504 2494 2592 2525 prae-

1594 2535 1680 2559 sente
1705 2529 1864 2569 continget
1886 2528 1996 2569 utique
2024 2539 2091 2559 non
2121 2527 2257 2566 moveri,
2288 2529 2343 2558 sed
2366 2528 2536 2569 quiescere.
2559 2529 2592 2560 Si

1593 2580 1701 2605 autem
1720 2583 1786 2603 non
1810 2579 1884 2603 sunt
1906 2579 2024 2612 motus,
2049 2578 2175 2603 motum
2198 2581 2265 2602 non
2290 2582 2326 2603 ex
2349 2573 2490 2604 motibus
2513 2582 2590 2605 esse.

1525 2676 1556 2704 Si
1578 2685 1647 2713 ergo
1670 2676 1782 2704 dicatur
1795 2677 1876 2713 quod
1890 2676 1997 2705 mobile
2019 2683 2152 2705 movetur
2172 2685 2224 2714 per
2244 2683 2336 2706 totam
2353 2677 2592 2715 magnitudinem,

1525 2715 1565 2744 ita
1586 2716 1667 2753 quod
1688 2717 1848 2744 secundum
1875 2715 2063 2752 impartibiles
2085 2716 2291 2754 magnitudinis
2318 2723 2414 2753 partes
2441 2726 2503 2745 non
2527 2725 2592 2746 mo-

1526 2762 1635 2791 veatur,
1657 2756 1708 2784 sed
1729 2761 1842 2784 tantum
1859 2762 1975 2784 motum
1997 2756 2041 2791 sit,
2063 2756 2192 2793 sequitur
2212 2757 2293 2794 quod
2307 2763 2404 2785 motus
2425 2766 2486 2785 non
2499 2756 2536 2785 sit
2554 2765 2590 2786 ex

1525 2795 1652 2823 motibus
1674 2796 1725 2824 sed
1746 2804 1780 2824 ex
1801 2796 1969 2830 momentis-,-
1990 2796 2058 2833 quia
2079 2796 2195 2824 cuilibet
2215 2795 2289 2833 parti
2305 2796 2510 2834 magnitudinis
2530 2805 2593 2825 non

1524 2836 1681 2872 respondet
1707 2835 1762 2863 nisi
1784 2841 1975 2863 momentum.
1998 2852 2017 2857 -
2038 2836 2065 2864 6.
2092 2835 2271 2872 Impossibile
2296 2842 2393 2864 autern
2414 2842 2457 2864 est
2478 2842 2592 2864 motum

1525 2874 1664 2912 componi
1683 2884 1716 2903 ex
1731 2875 1896 2903 momentis.
1918 2876 1946 2910 α)
1968 2875 2077 2911 Primo,
2099 2875 2168 2912 quia
2189 2881 2356 2913 sequeretur
2379 2876 2459 2912 quod
2482 2874 2591 2913 aliquid

1525 2914 1561 2943 sit
1582 2921 1695 2943 motum
1723 2915 1804 2952 quod
1830 2915 1910 2951 prius
1930 2923 1991 2943 non
2014 2916 2199 2944 movebatur:
2229 2915 2301 2944 sicut
2327 2921 2424 2943 autem
2451 2914 2523 2943 nihil
2549 2921 2592 2943 est

1525 2954 1710 2991 praeteritum
1732 2955 1813 2991 quod
1834 2964 1894 2983 non
1914 2954 1967 2982 fuit
1980 2963 2124 2991 praesens,
2146 2955 2186 2983 ita
2205 2963 2259 2983 nec
2279 2960 2392 2983 motum
2413 2963 2475 2983 esse
2495 2959 2592 2991 potest

1526 2995 1605 3031 quod
1626 3003 1686 3022 non
1712 2994 1764 3022 fuit
1789 2994 1819 3022 in
1840 2994 1959 3022 moveri.
1980 3009 1999 3014 —
2022 3003 2048 3031 7.
2071 2994 2103 3029 b)
2128 2995 2292 3030 Praeterea,
2323 2993 2354 3022 in
2379 2993 2496 3031 singulis
2523 3002 2591 3030 par-

1525 3033 1601 3062 tibus
1627 3033 1846 3062 indivisibilibus
1875 3033 2033 3070 quiesceret
2061 3033 2186 3069 mobile,
2218 3043 2284 3062 cum
2311 3042 2363 3070 per
2389 3032 2452 3070 ipsa
2480 3032 2591 3061 moveri

1526 3082 1586 3101 non
1606 3073 1714 3110 possit3
1738 3082 1806 3110 ergo
1829 3082 1882 3110 per
1901 3079 1992 3101 totam
2013 3073 2241 3110 magnitudinem
2262 3072 2396 3110 quiescit:
2419 3072 2592 3109 supponitur

1526 3119 1622 3141 autem
1645 3122 1697 3149 per
1723 3119 1814 3141 totam
1835 3111 1960 3148 moveri;
1994 3112 2080 3141 simul
2108 3122 2176 3150 ergo
2207 3119 2340 3141 movetur
2366 3118 2394 3141 et
2421 3112 2550 3149 quiescit.
2571 3128 2592 3134 -

1526 3153 1553 3181 8.
1576 3154 1601 3188 c)
1623 3153 1764 3188 Demum,
1793 3152 1838 3180 vel
1859 3151 1906 3180 illa
1927 3152 2107 3181 indivisibilia
2128 3158 2226 3180 motus
2247 3158 2313 3180 sunt
2338 3158 2366 3180 et
2391 3151 2454 3188 ipsa
2475 3158 2590 3188 motus,

1525 3192 1570 3220 vel
1591 3201 1660 3220 non.
1682 3191 1712 3220 Si
1733 3197 1800 3220 sunt
1822 3197 1935 3227 motus,
1961 3201 2028 3220 cum
2053 3191 2270 3220 indivisibilibus
2293 3191 2420 3228 partibus
2449 3191 2592 3229 magnitu-

1526 3231 1601 3260 dinis
1621 3232 1824 3268 respondeant,
1842 3231 2002 3260 secundum
2023 3240 2095 3269 quas
2111 3241 2172 3260 non
2193 3230 2224 3259 fit
2245 3237 2350 3267 motus,
2367 3231 2495 3268 sequitur
2509 3239 2591 3268 prae-

1527 3278 1605 3300 sente
1628 3278 1711 3299 motu
1726 3271 1833 3300 mobile
1856 3280 1917 3299 non
1938 3271 2056 3307 moveri,
2079 3277 2180 3300 contra
2194 3270 2319 3308 primam
2342 3270 2591 3308 suppositionem:

1527 3311 1551 3340 si
1572 3317 1668 3340 autem
1691 3319 1751 3339 non
1773 3317 1839 3339 sunt
1854 3317 1965 3346 motus,
1987 3310 2172 3348 componitur
2193 3317 2289 3340 motus
2310 3319 2344 3339 ex
2365 3320 2427 3339 non
2447 3310 2591 3347 motibus;

1527 3351 1607 3388 quod
1627 3350 1832 3381 inconveniens
1852 3350 1974 3379 videtur.

447 3478 455 3486 .
508 3451 723 3517 fffflgszuia
756 3452 917 3489 rationes
955 3465 1068 3501 supra
1090 3453 1110 3474 ²*
1137 3452 1282 3501 positae
1320 3452 1476 3490 manife-
1532 3453 1593 3490 hic
1611 3454 1631 3474 *
1651 3453 1848 3491 ostendere
1878 3452 1981 3503 quod
2011 3453 2146 3491 eadem
2169 3452 2262 3490 ratio
2292 3460 2348 3490 est
2375 3452 2422 3490 de
2449 3449 2591 3499 magni·
2618 3460 2628 3469 ·

579 3501 620 3518 ”“’
664 3505 794 3541 stiores
820 3513 905 3542 sunt
933 3505 971 3542 in
999 3506 1097 3542 linea
1126 3513 1162 3542 et
1191 3505 1269 3542 aliis
1290 3505 1476 3542 continuis
1531 3506 1661 3543 tudine
1678 3514 1714 3543 et
1732 3514 1904 3555 tempore
1925 3514 1961 3543 et
1983 3513 2102 3543 motu.
2128 3506 2177 3542 Et
2197 3505 2375 3543 dividitur
2401 3505 2440 3542 in
2466 3510 2591 3553 partes

486 3592 493 3603 ,
529 3586 531 3589 ⁴
559 3577 612 3600 ι,
645 3557 928 3605 quantitatibus
942 3558 1170 3606 positionem
1186 3557 1423 3605 habentibus,
1439 3557 1478 3595 in
1534 3558 1643 3596 duas:
1672 3559 1797 3607 primo
1825 3558 2006 3608 proponit
2032 3558 2235 3604 intentum;
2266 3557 2435 3595 secundo
2454 3556 2591 3605 probat

516 3507 630 3587 :iss-⁹2
654 3556 657 3570 s

556 3579 646 3637 ‘⁸³44

2615 847 2684 870 Text.
2699 855 2724 876 4.

2616 953 2625 963 ”
2640 952 2708 975 Text.
2722 957 2743 981 5.

2617 1264 2627 1274 ·
2641 1262 2710 1287 Text.
2725 1263 2748 1289 6.

2618 1481 2629 1493 ⁹
2642 1479 2712 1504 Text.
2724 1487 2749 1510 7.

2619 1877 2748 1900 ‘Text.8.

2643 2271 2712 2295 Text.
2725 2277 2751 2300 9.

2618 3461 2834 3509 wiffam

647 3610 800 3657 quibus
814 3610 966 3659 proprie
977 3610 1166 3648 invenitur
1181 3618 1384 3658 contactuS,
1396 3611 1477 3648 vult
1531 3612 1782 3660 propositum,
1800 3611 1869 3648 ibi:
1884 3611 2133 3658 Manifestum
2148 3616 2203 3648 est
2213 3615 2338 3648 autem
2353 3621 2405 3646 ex
2417 3609 2474 3646 his
2489 3609 2509 3631 ‘¹
2521 3615 2588 3645 etc.
2618 3618 2628 3629 ·
2643 3616 2715 3640 Num·
2729 3623 2778 3646 κει-
