2898 3996
1111 248 1220 284 CAP.
1249 247 1354 293 VIII,
1385 246 1535 282 LECT.
1564 245 1686 282 XVIII

256 367 258 370 ,
315 341 394 367 non
421 328 569 365 album:
599 328 629 364 si
652 335 780 364 tamen
799 326 1035 363 continuetur
1053 325 1207 362 reflexio
1228 325 1371 372 absque

77 644 94 684 J?
105 650 149 672 noc
162 654 211 671 om.
227 654 291 675 nqrz

76 679 163 731 παῖς
173 675 234 697 hanc
243 680 292 696 om.

177 801 193 826 δ

315 380 598 430 interpositione
631 379 775 428 quietis.
812 380 897 415 Hoc
933 386 1060 415 autem
1089 385 1144 414 est
1175 376 1371 413 manifeste

315 433 560 483 impossibile,
572 433 675 480 quod
694 431 805 468 simul
824 431 891 468 fiat
908 443 986 467 non
1005 430 1134 466 album
1154 437 1190 466 et
1204 439 1371 465 corrum—

315 493 427 536 patur
458 497 537 522 non
564 486 705 521 album.
738 485 830 520 Non
863 495 952 531 ergo
981 490 1035 519 est
1062 481 1239 530 possibile
1268 479 1371 528 quod

317 545 444 575 motus
473 537 635 574 reflexus
667 536 725 578 sit,
739 535 948 572 continuus.
965 555 990 562 -
1004 535 1110 570 Haec
1124 540 1251 570 autem
1279 531 1371 568 ratio

318 591 367 628 ad
389 589 670 638 generationem
696 595 732 625 et
760 587 1042 636 corruptionem
1060 585 1246 634 pertinere
1269 584 1373 621 vide-

317 650 388 680 tur.
418 643 467 679 Et
497 648 652 691 propter
682 641 756 677 hoc
782 641 814 686 ⁵⁵,
834 639 932 676 hanc
958 638 1142 674 rationem
1176 636 1264 674 dicit
1291 648 1372 672 esse

319 694 438 743 magis
464 693 659 743 propriam
691 704 807 742 quam
835 690 1072 740 praemissas,
1103 689 1191 737 quia
1217 689 1256 726 in
1284 701 1372 725 con-

318 745 539 785 tradictoriis
557 745 676 792 magis
705 749 860 793 apparet
887 742 991 790 quod
1014 754 1092 778 non
1113 748 1272 790 possunt
1292 753 1373 777 esse

320 799 431 836 simul
457 810 551 836 vera
573 795 598 834 δ.
627 797 676 833 Et
702 803 831 832 tamen
858 793 961 843 quod
990 793 1123 837 dicitur
1155 793 1193 831 in
1221 805 1373 842 genera-

320 851 422 889 tione
442 848 478 887 et
496 847 747 898 corruptione,
769 846 978 884 extenditur
1001 846 1050 883 ad
1076 858 1210 883 omnes
1229 852 1372 891 motus;

319 902 409 952 quia
433 902 473 939 in
501 901 670 949 quolibet
696 906 804 936 motu
832 906 888 935 est
913 898 1101 947 quaedam
1129 897 1318 946 generatio
1340 905 1375 933 et

321 953 522 1002 corruptio.
552 952 656 990 Sicut
683 951 784 989 enim
811 951 851 988 in
873 951 1092 988 alteratione
1119 957 1318 998 generatur
1341 957 1376 985 et

321 1005 573 1054 corrumpitur
591 1005 719 1041 album
737 1005 801 1041 vel
827 1015 906 1040 non
933 1004 1074 1049 album,
1094 1002 1144 1038 ita
1171 1010 1207 1038 et
1225 1002 1265 1038 in
1282 1014 1375 1050 quo-

262 1061 265 1063 ’
320 1058 410 1096 libet
437 1058 509 1095 ali'o
537 1064 657 1094 motu.

64 1218 99 1245 ᾖ*
109 1220 173 1243 Lea.
185 1225 227 1247 vu,
239 1225 294 1246 1104.

374 1111 411 1147 6.
439 1109 610 1147 Tertiam
629 1109 814 1146 rationem
832 1107 948 1157 ponit
969 1106 1040 1144 ibi:
1059 1106 1231 1155 Amplius
1254 1117 1327 1143 non
1346 1106 1380 1142 si

321 1163 537 1200 continuum
578 1169 646 1198 etc.
665 1175 673 1198 :
702 1167 801 1210 quae
837 1160 917 1198 talis
951 1167 1016 1197 est.
1056 1159 1160 1196 Sicut
1193 1170 1306 1207 supra
1341 1158 1379 1194 in

321 1215 452 1264 quinto
463 1215 665 1252 *habitum
684 1221 750 1261 est,
770 1225 849 1251 non
868 1220 923 1250 est
941 1211 1195 1250 necessarium
1214 1211 1245 1248 si
1264 1211 1379 1247 conti-

2403 245 2477 289 435

1425 335 1543 359 nuum
1572 330 1626 359 est
1653 330 1814 371 tempus,
1853 322 1957 371 quod
1992 329 2146 370 propter
2173 322 2247 358 hoc
2283 329 2409 358 motus
2437 321 2482 358 sit

1416 375 1635 411 continuus.
1675 376 1803 412 Motus
1842 375 1943 412 enim
1981 375 2214 411 diversarum
2248 374 2480 422 specierum,

1426 427 1493 464 etsi
1507 427 1709 464 succedant
1728 427 1798 463 sibi
1811 427 1850 463 in
1865 434 2036 475 tempore
2057 426 2246 472 continuo,
2258 438 2335 462 non
2354 434 2482 463 tamen

1426 487 1511 516 sunt
1540 479 1724 526 continui,
1755 478 1822 515 sed
1851 487 2123 527 consequenter
2150 491 2188 515 se
2208 479 2404 525 habentes3
2435 490 2480 515 eo

1426 532 1530 579 quod
1550 539 1698 580 oportet
1717 531 1983 568 continuorum
2000 544 2080 568 esse
2099 543 2220 568 unum
2236 543 2482 567 communem

1426 583 1650 629 terminum3
1681 583 1954 621 contrariorum
1982 591 2108 620 autem
2135 590 2170 619 et
2185 585 2204 604 ³¹*
2225 584 2348 631 specie
2378 583 2482 620 diffe-
2511 594 2519 603 ·

1427 636 1598 682 rentium,
1619 643 1659 672 ut
1678 635 1858 672 albedinis
1878 644 1914 673 et
1933 636 2143 684 nigredinis,
2160 647 2237 671 non
2259 642 2383 683 potest
2402 647 2482 672 esse

1425 700 1525 728 unus
1554 688 1767 724 communis
1786 689 1979 725 terminus.
2010 689 2109 725 Cum
2135 687 2243 735 igitur
2266 696 2391 724 motus
2419 688 2483 736 qui

1428 748 1482 777 est
1509 741 1556 777 ab
1585 742 1619 776 A
1647 740 1685 776 in
1714 741 1757 787 C,
1787 740 1831 776 sit
1859 741 2063 777 contrarius
2084 740 2203 776 motui
2231 740 2295 788 qui
2323 747 2377 776 est
2405 753 2427 776 a
2453 741 2483 776 C

1427 793 1465 829 in
1492 794 1527 829 A
1554 792 1592 829 in
1620 804 1863 840 quocumque
1891 805 2026 841 genere
2056 800 2201 839 motus,
2229 800 2271 828 ut
2306 804 2418 840 supra
2446 792 2485 829 in

1428 844 1559 893 quinto
1571 846 1591 866 ’¹‘
1603 852 1797 881 ostensum
1813 852 1878 892 est,
1890 845 2119 894 impossibile
2140 852 2195 881 est
2213 845 2317 893 quod
2335 844 2392 881 isti
2408 844 2483 881 duo

1428 905 1555 934 motus
1583 897 1654 934 sint
1682 897 1847 934 continui
1865 898 1914 934 ad
1940 898 2124 944 invicem,
2147 897 2258 933 etiam
2287 897 2317 933 si
2335 904 2484 945 tempus

1431 959 1563 986 eorum
1583 949 1628 986 sit
1647 949 1880 996 continuum,
1900 950 2000 986 nulla
2022 949 2238 998 interposita
2257 949 2391 997 quiete.
2412 950 2485 985 Re-

1429 1001 1607 1049 linquitur
1638 1013 1726 1048 ergo
1756 1002 1860 1050 quod
1892 1009 2018 1038 motus
2050 1002 2211 1038 reflexus
2240 1002 2341 1037 nullo
2365 1001 2483 1038 modo

1429 1061 1552 1102 potest
1576 1065 1657 1090 esse
1677 1054 1885 1090 continuus.
1898 1055 2000 1090 -Est
2023 1061 2149 1090 autem
2170 1053 2485 1090 considerandum

1432 1105 1535 1154 quod
1563 1105 1724 1142 rationes
1751 1106 1981 1154 praemissae
2010 1106 2182 1142 dicuntur
2209 1106 2369 1155 logicae,
2399 1106 2485 1154 quia

1431 1158 1642 1206 procedunt
1657 1170 1703 1194 ex
1716 1157 1944 1205 quibusdam
1964 1158 2241 1205 communibus,
2257 1158 2394 1194 scilicet
2408 1170 2453 1194 ex
2466 1158 2486 1179 '¹‘

1432 1210 1659 1259 proprietate
1687 1210 1972 1247 contrariorum.

376 1378 402 1414 ὃ)
421 1382 476 1405 esse
492 1378 572 1404 simut
590 1385 690 1403 vem.-
701 1377 924 1408 BFHLMNOST;
938 1377 1017 1402 simul
1030 1384 1085 1402 esse
1104 1383 1168 1402 vera
1185 1376 1246 1405 EG,
1260 1383 1324 1401 vera
1342 1382 1397 1401 esse
1419 1375 1498 1400 simul
1515 1376 1551 1405 D,
1580 1382 1634 1400 esse
1652 1375 1730 1400 simul
1748 1377 1847 1399 natura
1872 1374 1926 1399 Pab
1949 1378 1974 1399 et
1998 1374 2079 1398 maior
2097 1381 2157 1406 pars
2181 1368 2324 1398 ceterorum
2346 1373 2419 1398 codd.
2429 1380 2436 1403 3
2455 1373 2486 1397 de

325 1413 452 1448 aliquibus
469 1419 558 1439 utrum
576 1416 594 1438 π
611 1412 722 1438 habeant
739 1420 771 1437 an
789 1411 812 1437 ὖ·
829 1420 881 1436 non
899 1412 988 1444 liquet.

2535 593 2558 614 in
2573 592 2609 614 ΡΙ),

2511 853 2523 863 “
2537 852 2599 873 Lect.
2609 858 2657 879 vui,
2669 858 2691 873 n.
2709 857 2722 879 7

2513 884 2563 906 sqq.

2514 1164 2523 1173 ‘¹
2535 1169 2564 1184 ex
2572 1168 2618 1184 om.
2629 1167 2721 1183 amm.-

2510 1188 2694 1217 proprietatibus
2708 1193 2724 1208 n

2514 1221 2638 1237 EFGHNORZ.
