2898 3996
1143 233 1253 271 CAP.
1282 234 1352 281 VI,
1383 233 1532 269 LECT.
1562 234 1649 270 XIII
2406 245 2478 280 411

886 444 1185 501 LECTIO
1222 442 1856 499 DECIMATERTIA

605 587 882 619 OSTENDITUR
904 586 1071 617 PRIMUM
1093 583 1268 615 MOVENS
1292 583 1391 614 ESSE
1414 584 1677 615 PERPETUUM
1701 585 1758 615 ET
1783 585 1953 616 OMNINO
1978 584 2205 623 IMMOBILE,

873 641 1065 673 RATIONE
1089 641 1261 671 SUMPTA
1283 640 1340 670 EX
1363 640 1582 671 PRINCIPIIS
1604 641 1881 672 MOVENTIBUS
1899 658 1917 664 -·

706 698 982 731 OSTENDITUR
1005 696 1184 727 INSUPER
1204 696 1325 734 QUOD
1349 697 1504 727 PRIMUS
1527 697 1677 728 MOTUS
1700 697 1780 728 EST
1805 698 2098 729 SEMPITERNUS

317 822 377 852 καὶ
402 819 502 852 ποίλιν
528 817 709 860 ἐπιβλέψας
734 815 790 848 ἐπὶ
815 816 877 853 τοὶς
902 815 1006 861 ἀρχοὶς
1024 815 1090 848 τῶν
1107 816 1300 847 κινούντων.
1328 815 1374 847 Τό

382 863 441 908 μὲν
470 859 514 899 δή
538 859 622 892 εἶναι
649 861 744 893 ἄττα
775 861 841 892 τῶν
877 859 981 892 ὄντων
1009 859 1031 892 οἳ
1055 859 1114 892 ὁτὲ
1138 859 1196 903 μὲν
1228 863 1373 890 κινεῖται

383 906 442 938 ὁτὲ
465 901 495 936 δ’
524 903 651 949 ἠρεμεῖ,
676 902 829 948 φανερόν.
854 905 919 935 Καὶ
945 899 1004 935 διὰ
1027 902 1153 935 τούτου
1178 901 1296 948 γέγονε
1314 899 1373 939 δῆ-

379 951 436 980 λον
464 948 517 981 ὅτι
542 948 621 980 οὔτε
647 947 765 980 πάντα
798 951 942 980 κινεῖται
974 947 1053 979 οὔτε
1084 946 1202 978 πάντα
1236 946 1369 990 ἠρεμεῖ,

381 992 460 1025 οὕτε
485 993 533 1025 τοὶ
555 992 614 1036 μὲν
641 990 693 1024 ἀεὶ
718 991 846 1036 ἠρεμεῖ,
865 991 912 1023 τοὶ
935 986 963 1022 δ’
987 989 1037 1023 ἀεὶ
1061 994 1220 1022 κινεῖται·
1245 990 1292 1022 τοὶ
1308 990 1371 1035 γαρ

381 1034 696 1080 ἐπαμφοτερίζοντα
727 1036 785 1067 καὶ
817 1031 961 1078 δύναμιν
990 1034 1117 1079 ἔχοντα
1143 1034 1204 1066 τοῦ
1231 1034 1288 1066 ὁτὲ
1314 1033 1371 1077 μὲν

378 1081 539 1112 κινεῖσθαι
565 1079 624 1113 ὁτὲ
648 1075 677 1111 δ’
705 1079 852 1124 ἠρεμεῖν,
877 1078 1022 1110 δείκνυσι
1043 1080 1115 1122 περὶ
1142 1078 1267 1110 αὐτῶν.

306 1212 404 1244 Ἐπεὶ
429 1206 466 1242 δὲ
497 1209 546 1243 τοὶ
574 1210 632 1253 μὲν
667 1210 820 1242 τοιαῦτα
852 1203 943 1245 δῆλα
974 1209 1081 1250 πᾶσι,
1113 1206 1304 1252 βουλόμεθα
1335 1202 1374 1240 δὲ

379 1250 488 1295 δεῖξαι
511 1255 576 1285 καὶψ
595 1257 666 1286 τοῖν
691 1250 780 1285 δυοῖν
807 1251 971 1296 ἑκατέραν
999 1252 1062 1289 τήν
1086 1251 1194 1295 φύσιν,
1221 1251 1273 1285 ὅτι
1299 1252 1372 1284 ἔστι

379 1299 428 1330 τοὶ
451 1299 510 1341 μέν
537 1298 589 1330 ἀεὶ
617 1298 775 1338 ἀκίνητα,
795 1297 842 1330 ταὶ
862 1292 891 1328 δ’
914 1296 964 1328 ἀεὶ
988 1295 1180 1339 κινούμενα,
1200 1295 1372 1339 προϊόντες

379 1337 407 1373 δ’
437 1342 492 1374 ἐπὶ
525 1343 631 1374 τοῦτο
659 1343 718 1373 καὶ
748 1340 860 1379 θέντες
893 1339 984 1372 ἅπαν
1017 1340 1058 1373 τὸ
1088 1339 1280 1382 κινούμενον
1307 1340 1372 1372 ὑπό

379 1398 470 1423 τινος
493 1384 668 1426 κινεῖσθαι,
685 1387 744 1417 καὶ
761 1386 857 1417 τοῦτ’
878 1381 963 1416 εἶναι
988 1382 1010 1421 ἦ
1036 1385 1194 1421 ἀκίνητον
1220 1383 1241 1421 ἦ
1265 1383 1375 1415 κινού-

379 1441 490 1474 μενον,
511 1432 568 1461 καὶ
591 1429 784 1473 κινούμενον
810 1427 831 1465 ἦ
857 1429 906 1472 ὑφ’
929 1429 1037 1461 αὑτοῦ
1061 1428 1081 1464 ἦ
1105 1429 1159 1460 ὑπ’
1183 1428 1286 1460 ἄλλου
1306 1426 1370 1469 ἀεί,

379 1472 588 1518 προήλθομεν
614 1474 669 1505 ἐπὶ
694 1473 735 1505 τό
759 1473 875 1513 λαβεῖν
902 1471 955 1505 ὅτι
980 1473 1046 1505 τῶν
1063 1471 1261 1516 κινουμένων
1280 1472 1370 1504 ἐστὶν

379 1517 487 1562 ἀρχή,
512 1517 712 1561 κινουμένων
737 1516 796 1560 μὲν
823 1517 839 1548 ὃ
865 1516 952 1548 αὐτό
978 1516 1081 1549 ἑαυτό
1105 1516 1205 1560 κινεῖξ,
1233 1515 1370 1549 πάντων

376 1556 414 1592 δὲ
439 1561 480 1593 τό
507 1560 684 1598 ἀκίνητον·
713 1561 836 1604 ὁρῶμεν
861 1556 898 1592 δὲ
927 1562 983 1592 καὶ
1016 1561 1161 1604 φανερῶς
1194 1559 1278 1592 ὄντα
1302 1572 1372 1592 τοι-

378 1605 472 1637 αὔτα
499 1605 520 1636 οἳ
538 1609 627 1636 -κινεῖ
650 1604 744 1637 αὐτοὶ
768 1603 891 1646 ἑαυτά,
911 1605 978 1636 οἷον
998 1605 1038 1636 τό
1057 1605 1122 1636 τῶν
1141 1603 1296 1649 ἐμψύχων
1313 1606 1370 1636 καὶ

378 1649 420 1681 τό
445 1649 512 1681 τῶν
537 1647 640 1691 ζῴων.
653 1647 762 1695 γένος.

311 1733 434 1766 Ταῦτα
457 1728 501 1770 δή
525 1736 582 1766 καὶ
607 1729 710 1775 ’δόξαν
737 1738 892 1779 παρεῖχε,
910 1733 957 1778 μή
982 1732 1059 1766 ποτ’
1080 1728 1256 1778 ἐνδέχεται
1281 1737 1370 1772 κίνη-

376 1790 427 1810 σιν
453 1778 642 1824 ἐγγίνεσθαι
673 1779 719 1822 μή
752 1777 854 1810 οὖσαν
886 1777 989 1819 ὅλως,
1020 1773 1079 1810 δια
1107 1777 1148 1810 τὸ
1173 1779 1206 1810 ἐν
1232 1778 1368 1816 τούτοις

346 1845 349 1848 «
378 1823 456 1867 ὁρᾶν
482 1823 570 1866 ἡμᾶς
596 1823 702 1854 τοῦτο
720 1834 758 1854 συ
788 1822 915 1862 βαῖνον·
935 1823 1082 1858 ἀκίνητα
1099 1822 1163 1867 γοίρ
1182 1834 1267 1854 ποτε
1287 1822 1370 1854 ὄντα

374 1870 518 1899 κινεῖται
544 1866 659 1907 πάλιν,
686 1868 727 1903 ὠς
776 1870 855 1898 οκεῖ.
883 1867 993 1899 Τοῦτο
1018 1862 1062 1902 δή
1087 1861 1138 1897 δεῖ
1157 1867 1289 1908 λαβεῖν,
1316 1865 1369 1898 ὅτι

375 1912 454 1955 μίαν
478 1913 604 1947 κίνησιν
631 1910 724 1942 αὐτοὶ
746 1914 840 1952 κινεῖ,
859 1912 916 1942 καὶ
943 1909 995 1943 ὅτι
1021 1909 1155 1947 ταύτην
1181 1911 1218 1942 οὐ
1239 1913 1367 1954 κυρίως·

376 1955 413 1986 οὗ
437 1955 501 2000 γσὶρ
526 1953 561 1996 ἑξ
587 1955 697 1986 αὐτοῦ
722 1955 763 1987 τὸ
789 1956 921 1995 αἴτιον,
953 1954 1024 1987 ἀλλ’
1055 1953 1169 1986 ἔνεισιν
1197 1954 1298 1987 ἄλλαι
1322 1966 1370 1985 κι-

375 1997 485 2037 νήσεις
509 1999 645 2042 φυσικαὶ
670 2001 740 2036 τοῖς
764 1997 879 2041 ζῴοις,
907 1999 944 2036 ἃς
970 1998 1007 2030 οὐ
1031 1999 1205 2030 κινοῦνται
1230 1994 1267 2029 δι’
1294 1999 1369 2030 ἑαυ-

376 2043 456 2083 τῶν,
484 2043 551 2074 οἷον
578 2042 728 2083 αὔξησις,
747 2043 865 2085 φθίσις,
886 2041 1055 2083 ἀναπνοη,
1077 2043 1114 2080 ἃς
1137 2046 1280 2074 κινεῖται
1304 2043 1368 2075 τῶν

375 2086 466 2128 ζῴων
491 2085 636 2118 ἕκαστον
670 2086 813 2130 ἠρεμοῦν
844 2087 903 2118 καὶ
929 2086 966 2118 οὗ
994 2085 1185 2129 κινούμενον
1219 2087 1282 2122 την
1315 2087 1365 2130 ὑφ’

376 2131 502 2162 ἑαυτοῦ
525 2132 663 2167 κίνησιν.
701 2129 838 2162 Τούτων
862 2125 891 2161 δ’
920 2131 1030 2162 αἴτιον
1055 2130 1096 2161 τὰ
1127 2129 1278 2174 περιέχον
1311 2133 1367 2161 καὶ

376 2174 490 2206 πολλοὶ
513 2175 579 2206 τῶν
604 2173 788 2215 εἰσιόντων,
809 2174 875 2206 οἷον
901 2173 993 2206 ἐνίων
1015 2173 1136 2217 τροφή·
1156 2173 1368 2215 πεττομένης

375 2218 439 2264 γάρ
463 2213 676 2259 καθεύδουσι,
695 2214 946 2262 διακρινομένης
971 2213 1002 2248 δ’
1025 2218 1214 2262 ἐγείρονται
1237 2219 1294 2249 καὶ
1319 2229 1368 2248 κι-

375 2263 485 2293 νοῦσιν
517 2261 679 2303 ἑαυτούς,
714 2263 776 2299 τῆς
808 2260 941 2306 πρώτης
974 2259 1078 2306 ἀρχῆς
1105 2261 1220 2302 ἔξωθεν
1254 2262 1365 2298 οὔσης.

375 2306 431 2337 Διό
457 2306 516 2337 οὐκ
542 2306 592 2338 ἀεὶ
615 2307 789 2338 κινοῦνται
813 2307 955 2350 συνεχῶς
982 2307 1032 2349 ὑφ’
1055 2306 1181 2338 αὐτῶν·
1203 2306 1285 2337 ἄλλο
1302 2306 1366 2350 γοὶρ

375 2350 416 2382 τὸ
450 2350 561 2381 κινοῦν
595 2350 683 2381 αὐτό
717 2348 908 2393 κινούμενον
947 2351 1005 2381 καὶ
1039 2348 1257 2392 μεταβάλλον
1288 2350 1368 2393 πρὸς

375 2393 519 2425 ἕκαστον
546 2395 612 2425 τῶν
636 2393 816 2427 κινούντων
843 2393 965 2426 ἑαυτοί.
985 2394 1043 2425 Ἐν
1069 2395 1152 2426 πᾶσι
1177 2390 1214 2425 δὲ
1231 2392 1367 2431 τούτοις

373 2441 518 2470 κινεῖται
542 2437 583 2470 τό
606 2439 717 2469 κινοῦν
743 2438 875 2482 πρῶτον
899 2439 962 2481 ζκαὶ
986 2438 1028 2469 τό
1053 2439 1162 2470 αἴτιον
1189 2439 1250 2469 τοῦ
1278 2436 1367 2469 αὐτό

374 2481 479 2514 ἑαυτό
502 2485 601 2513 κινεῖν
635 2483 684 2526 ὐφ’
715 2482 843 2522 αὑτοῦ,
869 2481 964 2513 κατα
996 2480 1204 2524 συμβεβηκός
1236 2480 1365 2525 μέντοι·

400 2525 586 2565 εταβσίλλει
609 2526 674 2571 γοὲρ
700 2526 758 2558 τόν
784 2525 891 2557 τόπον
917 2525 958 2557 τό
983 2527 1098 2568 σῶμα,
1125 2525 1211 2557 ὥστε
1242 2527 1300 2557 καὶ
1325 2525 1367 2557 τὸ

375 2581 408 2601 εν
433 2570 482 2610 τῷ
507 2569 640 2613 σώματι
658 2568 692 2601 ὃν
709 2571 767 2602 καί
785 2570 825 2602 τό
843 2570 875 2601 ἐν
893 2570 939 2612 τῇ
957 2572 1101 2615 μοχλείᾳ
1118 2571 1228 2601 κινοῦν
1248 2569 1364 2602 ἑαυτό.

301 2653 361 2694 Ἐξ
386 2653 427 2685 ὧν
461 2653 534 2686 ἔστι
567 2655 747 2686 πιστεῦσαι
778 2653 851 2696 ὅτι,
880 2656 967 2687 εἴτι
992 2655 1064 2688 ἐστὶ
1098 2657 1163 2688 τῶν
1198 2655 1366 2692 ἀκινήτων

375 2697 433 2742 μὲν
457 2696 638 2729 κινούντων
663 2694 714 2739 δέ,
731 2700 790 2730 καὶ
815 2699 927 2731 αὐτῶν
951 2698 1148 2743 κινουμένων
1173 2699 1269 2731 κατοὶ
1288 2712 1367 2743 συμ-

375 2740 530 2783 βεβηκός,
551 2737 720 2774 ἀδύνατον
737 2743 860 2787 συνεχῆ
884 2744 1009 2780 κίνησιν
1027 2747 1139 2774 κινεῖν.
1159 2741 1254 2775 ‘'sse-‘r'
1276 2746 1366 2787 εἴπερ

378 2783 508 2831 ἀνάγκη
534 2798 608 2817 συνε
636 2787 678 2823 ὥς
703 2783 789 2818 εἶναι
812 2789 952 2827 κίνησιν,
971 2783 1055 2818 εἶναί
1082 2798 1116 2817 τι
1140 2782 1191 2818 δεῖ
1214 2787 1255 2818 τὸ
1281 2788 1366 2831 πρῶ-

375 2840 434 2862 τον
459 2830 569 2861 κινοῦν
622 2833 778 2871 κίνητον,
809 2832 865 2862 καὶ
891 2829 937 2874 μή
962 2831 1058 2862 κατοὲ
1083 2830 1312 2874 συμβεβηκός,
1339 2832 1366 2862 εἰ

374 2873 512 2918 μέλλει,
549 2873 703 2915 καθάπερ
739 2876 900 2918 εἴπομεν,
939 2873 1071 2906 ἔσεσθαι
1105 2874 1136 2906 ἐν
1171 2879 1241 2912 τοῖς
1277 2874 1365 2906 οὖσιν

375 2916 550 2955 ἄπαυστός
581 2930 631 2956 τις
656 2919 714 2950 καὶ
741 2917 911 2956 ἀθάνατος
939 2920 1083 2959 κίνησις,
1109 2919 1166 2950 καὶ
1191 2918 1298 2963 μένειν
1324 2919 1366 2951 τό

375 2961 409 2994 ὃν
436 2962 523 2994 αὐτὸ
549 2962 580 2993 ἐν
607 2963 701 3003 αὐτῷ
729 2963 787 2994 καὶ
813 2960 844 2995 ἐν
870 2963 917 3003 τῷ
944 2962 1056 3003 αὐτῷ·
1082 2963 1145 3000 τῆς
1170 2963 1233 3008 γαρ
1261 2964 1364 3008 ἀρχῆς

374 3006 534 3050 μενούσης
562 3005 691 3052 ἀνάγκη
717 3008 775 3038 καὶ
800 3006 840 3039 τό
866 3007 932 3038 πᾶν
951 3006 1058 3050 μένειν
1079 3007 1213 3051 συνεχὲς
1233 3006 1265 3039 ὃν
1285 3007 1364 3052 πρός

375 3049 440 3085 τὴν
466 3048 585 3104 ἀρχήν.

307 3091 374 3124 Οὐκ
399 3093 471 3126 ἔστι
495 3089 532 3125 δε
557 3092 668 3126 ταύτό
694 3093 735 3126 τό
757 3092 921 3125 κινεῖσθαι
944 3094 1040 3126 κατοί
1070 3094 1278 3137 συμβεβηκὸς
1312 3095 1361 3138 ὐφ’

375 3137 484 3169 αὐτοῦ
506 3138 565 3169 καὶ
590 3138 640 3182 ὑφ’
662 3137 789 3182 ἑτέρου·
815 3137 857 3169 τό
882 3137 940 3181 μὲν
964 3138 1028 3183 γάρ
1054 3138 1106 3179 ὐφ’
1128 3137 1242 3182 ἑτέρου
1262 3137 1367 3182 ύποίρ-

373 3192 426 3225 χει
449 3182 507 3213 καὶ
531 3181 597 3212 τῶν
623 3182 655 3213 ἑν
681 3183 728 3222 τῷ
756 3181 882 3224 οὐρανῷ
908 3182 1009 3218 ἐνίαις
1037 3179 1168 3226 ἀρχαῖς,
1189 3181 1251 3214 ὅσα
1275 3183 1365 3213 πλεί-

375 3236 428 3262 ους
453 3224 591 3268 φέρεται
614 3224 729 3269 φοροίς,
749 3223 890 3268 θάτερον
914 3220 953 3256 δὲ
976 3228 1047 3262 τοῖς
1073 3225 1231 3268 φθαρτοῖς
1249 3224 1362 3269 μόνον.

302 3268 411 3300 Ἀλλά,
433 3268 499 3312 μήν
522 3269 552 3299 εἴ
574 3267 614 3312 γέ
637 3269 710 3300 ἐστί
736 3279 769 3300 τι
796 3269 847 3300 ἀεὶ
880 3268 1057 3309 τοιοῦτον,
1082 3269 1192 3299 κινοῦν
1224 3270 1282 3311 μέν
1307 3279 1363 3309 τι,

377 3312 536 3349 ἀκίνητον
561 3306 600 3342 δὲ
623 3311 711 3344 αὐτὸ
734 3314 792 3342 καὶ
819 3306 946 3351 ἀΐδιον,
974 3310 1105 3356 ἀνάγκη
1130 3313 1188 3343 καὶ
1213 3311 1254 3344 τὸ
1279 3312 1367 3354 πρῶ-

376 3367 435 3388 τον
461 3356 527 3388 ὑπὸ
552 3354 679 3387 τούτου
702 3354 893 3399 κινούμενον
921 3349 1026 3386 ἀίδιον
1051 3352 1150 3387 εἶναι.

301 3399 400 3432 Ἔστι
424 3394 462 3431 δὲ
488 3399 593 3431 τοῦτο
619 3395 720 3435 δῆλον
746 3398 804 3442 μὲν
828 3400 887 3430 καὶ
912 3399 948 3430 ἐκ
971 3398 1034 3430 τοῦ
1059 3398 1104 3442 μή
1132 3397 1170 3430 ἂν
1197 3397 1304 3435 α”λλως
1322 3395 1364 3429 εἷ-

375 3455 430 3475 ναι
453 3443 580 3489 γένεσιν
605 3444 662 3474 καὶ
686 3441 807 3487 φθοράν
831 3443 890 3473 καὶ
914 3441 1109 3486 μεταβολήν
1135 3445 1204 3479 τοῖς
1236 3442 1361 3483 ἄλλοις,

375 3488 404 3519 εἰ
428 3488 474 3531 μή
507 3498 541 3520 τι
571 3486 699 3523 κινήσει
729 3485 934 3530 κινούμενον·
960 3485 1000 3518 τὸ
1025 3485 1083 3529 μὲν
1115 3485 1178 3531 γοίρ
1205 3483 1362 3522 ἀκίνητον

375 3531 446 3568 τῆνν
465 3530 574 3567 αὐτὴν
601 3531 651 3563 ἀεὶ
682 3529 808 3567 κινήσει
834 3529 892 3563 τόν
918 3527 1023 3562 αὐτόν
1048 3528 1175 3574 τρόπον
1201 3531 1258 3560 καὶ
1284 3531 1362 3573 μίαν

1427 818 1443 836 *
1466 818 1507 848 Et
1522 817 1637 848 iterum
1656 818 1855 848 considerans
1869 818 2022 858 principia
2041 818 2248 848 moventium.
2265 819 2340 849 Esse
2358 819 2487 860 quidem
2515 830 2524 838 «

1493 861 1588 902 igitur
1611 862 1766 902 quaedam
1790 872 1902 892 eorum
1918 872 1998 902 quae
2018 868 2101 900 sunt,
2126 872 2206 902 quae
2230 862 2400 903 aliquando
2417 863 2487 903 qui-

1494 906 1566 935 dem
1584 912 1762 944 moventur,
1786 906 1955 946 aliquando
1971 912 2077 936 autem
2092 906 2268 946 quiescunt,
2284 907 2488 937 manifestum

1494 955 1549 980 est.
1582 950 1623 979 Et
1646 956 1774 989 propter
1803 950 1864 980 hoc
1892 949 2095 980 manifestum
2118 949 2236 980 factum
2260 956 2306 980 est
2335 950 2488 990 quoniam

1493 1002 1596 1032 neque
1620 993 1727 1023 omnia
1751 1000 1919 1023 moventur
1937 1003 2040 1034 neque
2070 993 2177 1023 omnia
2193 993 2368 1033 quiescunt,
2384 1004 2487 1034 neque

1493 1036 1553 1065 alia
1576 1046 1700 1076 semper
1722 1043 1889 1067 moventur
1919 1044 1948 1068 et
1971 1037 2030 1067 alia
2049 1047 2173 1076 semper
2195 1037 2371 1077 quiescunt.
2397 1038 2487 1075 Quae

1494 1089 1632 1119 namque
1663 1087 1735 1110 sunt
1765 1080 1950 1121 utrobique,
1975 1087 2005 1111 et
2035 1081 2210 1120 potentiam
2238 1088 2311 1111 sunt
2342 1081 2487 1111 habentia

1495 1123 1561 1153 eius
1577 1123 1665 1163 quod
1682 1130 1727 1153 est
1742 1123 1912 1163 aliquando
1927 1124 2056 1164 quidem
2070 1124 2201 1162 moveri,
2218 1124 2388 1165 aliquando
2411 1134 2486 1155 vero

1494 1166 1663 1207 quiescere,
1688 1167 1904 1197 demonstrant
1928 1168 1965 1197 de
1989 1168 2046 1199 his.

1428 1210 1591 1248 Quoniam
1605 1217 1711 1240 autem
1729 1210 1914 1240 huiusmodi
1938 1212 2086 1242 omnibus
2110 1212 2274 1242 manifesta
2292 1218 2375 1250 sunt,
2395 1212 2486 1242 volu-

1493 1264 1565 1284 mus
1584 1261 1691 1285 autem
1707 1255 1920 1285 demonstrare
1936 1262 1966 1285 et
1980 1256 2119 1285 duorum
2143 1263 2310 1296 utramque
2329 1263 2484 1294 naturam,

1493 1298 1647 1339 quoniam
1663 1305 1737 1329 sunt
1751 1298 1811 1328 alia
1826 1298 1956 1339 quidem
1968 1309 2091 1339 semper
2102 1297 2291 1337 immobilia,
2306 1299 2365 1329 alia
2381 1306 2487 1329 autem

1493 1352 1574 1383 quae
1598 1353 1722 1382 semper
1744 1350 1922 1373 moventur.
1946 1343 2152 1373 Procedentes
2175 1349 2282 1373 autem
2304 1343 2336 1372 in
2360 1343 2432 1380 hoc,
2457 1349 2488 1373 et

1493 1393 1707 1426 proponentes
1735 1396 1832 1416 omne
1855 1387 1943 1427 quod
1966 1394 2112 1417 movetur
2140 1387 2177 1416 ab
2206 1387 2313 1426 aliquo
2347 1387 2485 1424 moveri,

1494 1437 1524 1460 et
1546 1430 1607 1460 hoc
1631 1441 1697 1461 esse
1721 1437 1775 1461 aut
1797 1430 1961 1460 immobile
1988 1438 2043 1461 aut
2061 1431 2150 1471 quod
2173 1437 2329 1467 movetur,
2350 1437 2381 1460 et
2399 1430 2488 1470 quod

1492 1482 1639 1505 movetur
1661 1481 1716 1505 aut
1738 1485 1756 1504 a
1779 1474 1882 1514 seipso
1906 1480 1961 1504 aut
1983 1475 2020 1504 ab
2037 1475 2099 1505 alio
2121 1482 2262 1514 semper:
2284 1474 2486 1504 deveniemus

1491 1519 1525 1549 in
1547 1519 1610 1549 hoc
1632 1519 1790 1559 accipere,
1816 1518 1969 1558 quoniam
1998 1528 2110 1549 eorum
2138 1528 2218 1559 quae
2242 1524 2411 1548 moventur
2441 1524 2487 1548 est

1491 1563 1695 1603 principium,
1712 1572 1824 1592 eorum
1845 1562 1975 1602 quidem
1987 1572 2068 1603 quae
2084 1569 2263 1600 moventur,
2277 1562 2364 1602 quod
2379 1561 2487 1601 ipsum

1493 1607 1633 1647 seipsum
1663 1613 1788 1644 movet,
1818 1605 1964 1636 omnium
1998 1613 2104 1636 autem
2131 1605 2306 1636 immobile.
2332 1605 2486 1640 Videmus

1493 1651 1578 1680 enim
1602 1657 1631 1681 et
1654 1650 1817 1680 manifeste
1842 1659 1907 1679 esse
1936 1649 2128 1680 eiuscemodi
2156 1660 2237 1690 quae
2260 1655 2391 1679 movent
2418 1649 2486 1689 ipsa

1492 1695 1603 1734 seipsa,
1628 1701 1663 1725 ut
1686 1694 1898 1724 animatorum
1922 1700 1952 1724 et
1974 1694 2160 1724 animalium
2182 1703 2292 1733 genus.

1426 1739 1512 1768 Haec
1536 1745 1641 1768 autem
1670 1745 1700 1768 et
1730 1737 1915 1777 opinionem
1942 1738 2131 1776 praebebant
2160 1747 2199 1767 ne
2223 1737 2303 1767 forte
2327 1736 2487 1776 contingat

1491 1788 1618 1812 motum
1640 1781 1707 1811 fieri
1731 1791 1804 1811 cum
1827 1791 1893 1811 non
1916 1781 1955 1811 sit
1973 1781 2125 1820 omnino,
2149 1788 2278 1821 propter
2300 1781 2331 1810 id
2348 1781 2436 1821 quod
2452 1780 2485 1809 in

1490 1826 1538 1856 his
1561 1825 1705 1855 videmus
1729 1825 1790 1855 hoc
1815 1824 2008 1864 contingere:
2026 1825 2202 1855 immobilia
2225 1825 2310 1855 enim
2326 1834 2400 1855 cum
2423 1824 2486 1854 sint

1491 1869 1672 1910 aliquando,
1689 1875 1858 1899 moventur
1871 1868 1996 1907 iterum,
2014 1869 2093 1899 sicut
2107 1869 2239 1899 videtur.
2253 1869 2270 1887 *
2284 1869 2355 1899 Hoc
2379 1875 2485 1898 autern

1492 1920 1617 1954 oportet
1633 1913 1781 1953 accipere,
1794 1912 1948 1953 quoniam
1962 1913 2138 1943 secundum
2154 1923 2256 1943 unum
2273 1918 2399 1942 motum
2414 1912 2484 1952 ipsa

1490 1964 1634 1995 movent,
1664 1963 1694 1987 et
1721 1957 1809 1997 quod
1842 1957 2017 1987 secundum
2039 1956 2124 1987 hunc
2154 1966 2220 1986 non
2246 1956 2381 1996 proprie.
2410 1957 2484 1986 Non

1491 2002 1576 2032 enim
1592 2011 1629 2031 ex
1644 2000 1747 2040 seipso
1765 2007 1811 2031 est
1827 2011 1929 2039 causa,
1941 2001 1995 2031 sed
2011 2001 2118 2031 insunt
2133 2000 2184 2030 alii
2203 2007 2310 2030 motus
2326 2000 2482 2030 naturales

1491 2044 1888 2083 animalibus‚'secundum
1911 2054 1993 2084 quos
2016 2055 2083 2075 non
2106 2051 2274 2074 moventur
2292 2054 2348 2084 per
2371 2043 2483 2083 seipsa,

1489 2096 1526 2120 ut
1549 2095 1756 2128 augmentum
1785 2095 1814 2119 et
1838 2088 2073 2119 decrementum
2104 2095 2134 2118 et
2161 2087 2339 2128 respiratio,
2368 2087 2484 2128 quibus

1489 2139 1636 2163 movetur
1654 2132 1840 2163 animalium
1855 2133 2110 2172 unumquodque
2133 2132 2307 2172 quiescens,
2321 2142 2395 2162 cum
2418 2141 2484 2161 non

1489 2182 1636 2206 movetur
1650 2186 1668 2206 a
1684 2176 1787 2215 seipso
1803 2182 1938 2206 motum.
1952 2177 2080 2206 Horum
2095 2183 2200 2206 autem
2215 2186 2308 2206 causa
2320 2175 2484 2206 continens

1490 2227 1520 2250 et
1542 2220 1644 2250 multa
1666 2219 1866 2257 intrantium,
1891 2227 1926 2250 ut
1949 2221 2151 2260 quorundam
2174 2219 2380 2250 alimentum:
2405 2220 2483 2249 dum

1491 2264 1637 2304 coquitur
1660 2263 1744 2293 enim
1767 2263 1946 2301 dormiunt,
1971 2263 2145 2303 disgregato
2169 2270 2286 2301 autem,
2306 2270 2438 2303 surgunt
2454 2270 2484 2293 et

1490 2314 1619 2337 movent
1633 2307 1744 2347 seipsa,
1761 2316 1835 2336 cum
1849 2307 1989 2346 primum
2008 2307 2197 2348 principium
2219 2314 2302 2337 extra
2318 2307 2366 2337 sit.
2391 2307 2483 2337 Unde

1489 2362 1556 2381 non
1579 2360 1702 2390 semper
1725 2357 1894 2381 moventur
1917 2351 2066 2381 continue
2089 2361 2107 2380 a
2135 2350 2258 2390 seipsis:
2284 2350 2368 2380 aliud
2398 2350 2483 2380 enim

1490 2402 1535 2426 est
1550 2404 1693 2433 movens,
1710 2394 1816 2434 ipsum
1840 2394 1927 2435 quod
1950 2401 2096 2425 movetur
2112 2401 2142 2424 et
2157 2401 2294 2432 mutans,
2311 2394 2350 2424 ad
2365 2404 2482 2424 unum-

1489 2439 1640 2480 quodque
1657 2438 1855 2468 moventium
1871 2438 1981 2478 seipsa.
2001 2439 2036 2468 In
2056 2438 2204 2468 omnibus
2227 2444 2334 2468 autem
2349 2438 2398 2467 his
2414 2448 2482 2468 mo-

1489 2490 1579 2513 vetur
1595 2482 1735 2522 primum
1749 2492 1881 2512 movens
1898 2489 1927 2512 et
1939 2492 2031 2512 causa
2054 2482 2160 2521 ipsum
2179 2482 2318 2522 seipsum
2331 2482 2480 2511 movendi

1489 2537 1508 2557 a
1530 2527 1645 2566 seipso,
1665 2526 1840 2556 secundum
1856 2526 1998 2556 accidens
2013 2533 2134 2556 tamen:
2154 2532 2256 2556 mutat
2273 2525 2357 2555 enim
2371 2525 2481 2555 locum

1490 2577 1620 2610 corpus;
1643 2579 1739 2610 quare
1756 2576 1786 2600 et
1804 2570 1892 2610 quod
1906 2570 1938 2600 in
1955 2579 2086 2610 corpore
2103 2569 2246 2608 existens,
2261 2576 2291 2600 et
2306 2569 2479 2599 necessario

1489 2624 1620 2645 movens
1645 2614 1793 2654 seipsum.

1421 2658 1439 2676 '³‘
1449 2659 1496 2689 Ex
1510 2658 1625 2699 quibus
1645 2664 1691 2688 est
1706 2657 1783 2688 scire
1793 2656 1867 2697 quia
1883 2657 1908 2687 si
1924 2656 2042 2697 aliquid
2054 2663 2100 2687 est
2111 2656 2325 2686 immobilium
2337 2655 2478 2696 quidem,

1488 2701 1686 2733 moventium
1705 2708 1828 2738 autem,
1846 2707 1876 2731 et
1891 2701 2034 2741 ipsorum
2049 2710 2129 2740 quae
2147 2700 2321 2731 secundum
2338 2699 2478 2730 accidens

1488 2752 1666 2784 moventur,
1684 2745 1878 2785 impossibile
1891 2752 1936 2775 est
1949 2744 2100 2775 continuo
2115 2751 2205 2774 motu
2222 2754 2359 2774 movere.
2372 2743 2478 2780 Quare

1488 2790 1514 2820 si
1530 2799 1655 2820 necesse
1672 2795 1717 2820 est
1729 2789 1859 2829 quidem
1876 2789 2023 2819 continue
2043 2798 2109 2818 esse
2121 2795 2257 2826 motum,
2271 2797 2337 2818 esse
2353 2794 2479 2827 oportet

1487 2833 1605 2874 aliquid
1629 2834 1769 2874 primum
1791 2843 1923 2863 movens
1951 2832 2130 2870 immobile,
2155 2839 2185 2863 et
2208 2842 2273 2870 non
2303 2832 2478 2862 secundum

1487 2877 1645 2915 accidens;
1669 2877 1694 2907 si
1719 2877 1819 2915 debet,
1843 2877 1923 2907 sicut
1946 2877 2091 2913 diximus,
2107 2875 2140 2906 in
2159 2876 2196 2906 iis
2216 2885 2296 2916 quae
2320 2882 2394 2905 sunt
2412 2885 2478 2905 esse

1487 2921 1676 2952 incessabilis
1693 2920 1823 2961 quidam
1846 2927 1876 2951 et
1898 2920 2084 2951 immortalis
2100 2926 2218 2958 motus,
2237 2925 2267 2949 et
2282 2929 2407 2949 manere
2423 2929 2478 2949 ens

1486 2966 1520 2996 in
1543 2965 1646 3005 seipso
1671 2965 1777 3005 ipsum
1792 2971 1822 2995 et
1844 2965 1876 2994 in
1901 2964 2023 2994 eodem.
2041 2964 2198 3004 Principio
2219 2963 2304 2993 enim
2319 2970 2476 3001 manente,

1487 3019 1612 3039 necesse
1636 3015 1666 3039 et
1689 3018 1785 3039 omne
1808 3018 1945 3047 manere,
1962 3008 2050 3048 quod
2067 3008 2255 3038 continuum
2278 3014 2324 3037 est
2339 3007 2378 3037 ad
2393 3007 2478 3046 prin-

1488 3063 1615 3093 ciplum.

1419 3097 1493 3127 Non
1517 3103 1562 3127 est
1584 3102 1691 3127 autem
1713 3096 1798 3126 idern
1822 3095 1942 3125 moveri
1965 3095 2139 3125 secundum
2161 3094 2302 3124 accidens
2331 3103 2349 3122 a
2372 3092 2474 3131 seipso

1486 3146 1517 3171 et
1532 3141 1570 3170 ab
1589 3140 1696 3171 altero.
1713 3140 1762 3170 Ab
1779 3139 1875 3170 altero
1893 3139 1978 3168 enim
1992 3139 2072 3168 inest
2088 3144 2118 3168 et
2133 3147 2243 3168 eorum
2259 3146 2339 3177 quae
2354 3142 2427 3166 sunt
2442 3135 2475 3165 in

1487 3184 1572 3214 caelo
1589 3184 1779 3224 quibusdam
1795 3182 1964 3222 principiis,
1982 3190 2200 3221 quaecumque
2217 3180 2391 3210 secundum
2403 3179 2474 3218 plu-

1485 3237 1533 3258 res
1545 3227 1687 3258 feruntur
1698 3233 1815 3257 motus:
1829 3226 1962 3256 alterum
1974 3232 2080 3255 autem
2091 3223 2344 3263 corruptibilibus
2356 3222 2471 3253 solum.

1419 3270 1484 3301 *At
1503 3281 1577 3301 vero
1594 3271 1620 3300 si
1635 3270 1754 3310 aliquid
1774 3276 1819 3300 est
1837 3278 1961 3308 semper
1976 3267 2170 3304 huiusmodi,
2183 3276 2315 3296 movens
2331 3266 2471 3307 quidem,

1484 3314 1648 3344 immobile
1671 3320 1777 3344 autem
1801 3319 1831 3343 et
1852 3312 1958 3352 ipsum
1981 3318 2179 3351 perpetuum,
2203 3320 2327 3340 necesse
2343 3316 2389 3340 est
2411 3309 2472 3350 pri-

1484 3368 1576 3388 mum
1599 3357 1686 3398 quod
1709 3362 1855 3386 movetur
1877 3356 1915 3385 ab
1939 3355 2010 3392 hoc,
2034 3361 2222 3394 perpetuum
2245 3364 2320 3384 esse.

1419 3401 1491 3431 Hoc
1514 3408 1620 3432 autem
1644 3407 1689 3430 est
1712 3399 1913 3429 manifestum
1936 3398 2065 3438 quidem
2081 3405 2111 3428 et
2127 3408 2163 3428 ex
2179 3407 2217 3427 eo
2232 3398 2320 3438 quod
2337 3407 2402 3427 non
2426 3404 2473 3428 est

1484 3444 1632 3484 possibile
1655 3444 1742 3474 aliter
1770 3452 1835 3472 esse
1865 3441 2098 3481 generationem
2121 3448 2151 3471 et
2175 3441 2410 3480 corruptionem
2441 3448 2472 3471 et

1471 3488 1692 3518 ‘mutationem
1715 3486 1797 3524 aliis,
1822 3485 1881 3515 nisi
1897 3485 2015 3525 aliquid
2038 3491 2163 3515 moveat
2181 3485 2268 3525 quod
2296 3491 2469 3515 moveatur.

1485 3531 1651 3562 Immobile
1667 3530 1796 3571 quidem
1809 3529 1894 3559 enim
1910 3529 2046 3559 eundem
2062 3538 2184 3569 semper
2199 3528 2339 3559 movebit
2358 3528 2471 3559 eodem

2548 828 2602 856 Seq.
2624 834 2675 856 cap.
2694 835 2727 850 vx.

2514 855 2581 876 Text.
2596 861 2622 882 50

2513 1874 2522 1882 '¹
2537 1872 2604 1894 Text.
2618 1879 2648 1900 5¹·

2506 2663 2515 2672 ·
2530 2660 2596 2683 Text.
2610 2667 2643 2689 52·

2500 3273 2509 3283 ¹
2524 3271 2590 3293 Text.
2604 3277 2638 3300 53.
