2898 3996
248 830 258 839 '
309 835 356 851 om.
370 835 431 851 noar

485 282 560 319 310

539 359 615 397 Sed
642 372 720 397 non
755 357 933 406 contingit
967 357 1058 394 illud
1091 357 1195 405 quod
1232 363 1428 403 movetur,
1459 367 1540 392 esse

485 412 683 461 quiescens
710 412 749 448 in
775 419 948 459 tempore
975 410 1185 446 secundum
1210 409 1368 456 aliquid:
1396 407 1541 444 accide-

486 472 542 501 ret
569 465 670 501 enirn
698 463 803 512 quod
839 462 999 511 aliquid,
1036 462 1128 498 dum
1156 461 1282 509 fertur,
1311 460 1540 509 quiesceret;

486 517 589 565 quod
609 524 664 553 est
682 515 925 564 impossibile.
942 513 1179 562 Relinquitur
1194 525 1283 561 ergo
1303 513 1406 562 quod
1425 523 1541 548 omne

486 569 589 618 quod
617 575 810 614 movetur,
830 566 1013 615 quamdiu
1041 573 1238 614 movetur,
1268 577 1465 614 nunquam
1486 570 1541 600 est

484 621 523 658 in
549 633 628 658 uno
657 628 693 657 et
720 620 858 657 eodem
885 630 954 667 per
981 619 1057 655 duo
1086 630 1203 666 nunc,
1232 618 1300 655 sed
1326 630 1396 666 per
1422 627 1542 653 unum

542 685 621 710 um.

485 674 573 772 SOI9.
603 726 652 762 Et
678 725 752 761 hoc
778 730 880 773 patet
906 723 945 760 in
972 730 1080 759 mom
1107 723 1226 759 locali.
1257 722 1313 759 Sit
1336 721 1437 758 enim
1461 732 1542 757 ma-

484 777 639 825 gnitudo
667 777 748 823 AC,
770 784 806 813 et
825 775 1010 813 dividatur
1033 775 1071 811 in
1091 775 1167 811 duo
1187 774 1314 811 media
1336 774 1375 810 in
1398 779 1540 822 puncto

433 845 439 850 ·
483 830 536 876 B,
566 837 602 866 et
629 829 832 878 accipiatur
862 827 1016 875 aliquod
1054 839 1191 875 corpus
1222 826 1328 875 quod
1364 825 1410 862 sit
1437 826 1472 862 Ο
1499 826 1539 872 *,

484 882 640 930 aequale
659 881 819 930 utrique,
848 880 986 917 scilicet
1011 880 1078 916 AB
1104 887 1140 916 et
1166 879 1251 926 BC,
1281 886 1318 915 et
1341 885 1542 915 moveatur

483 934 530 971 de
557 935 624 970 AB
652 934 691 970 in
717 934 794 970 BC.
826 932 865 969 Si
884 939 1011 969 autern
1035 931 1263 980 accipiantur
1280 931 1364 968 loca
1383 930 1542 967 totaliter

483 987 531 1023 ab
550 986 714 1023 invicem
735 985 915 1032 distincta,
933 997 1011 1021 non
1031 991 1087 1020 est
1104 984 1165 1020 hic
1184 983 1352 1032 accipere
1373 983 1443 1020 nisi
1463 985 1540 1021 duo

482 1039 586 1075 loca:
615 1038 682 1075 sed
700 1038 941 1074 manifestum
970 1044 1024 1073 est
1042 1037 1147 1085 quod
1171 1036 1312 1073 mobile
1331 1048 1410 1073 non
1429 1036 1540 1073 simul

482 1092 549 1128 sed
567 1090 778 1128 successive
803 1089 938 1127 deserit
957 1089 1126 1138 primum
1146 1089 1273 1126 locum
1303 1096 1339 1126 et
1357 1089 1541 1126 subintrat

1111 278 1454 316 PHYSICORUM
1482 276 1830 314 ARISTOTELIS
1859 277 1953 313 LIB.
1983 277 2034 313 VI

1595 354 1828 400 secundum;
1857 354 1961 391 unde
1985 354 2197 392 secundum
2225 355 2330 404 quod
2357 356 2463 394 locus
2487 363 2543 394 est
2565 356 2659 394 divi-

1595 407 1708 444 sibilis
1728 407 1766 443 in
1794 406 1996 453 infinitum,
2026 407 2238 444 secundum
2266 409 2341 445 hoc
2368 408 2661 459 multiplicantur

1595 461 1678 496 loca
1694 460 1713 480 ’³‘
1728 459 1766 495 in
1794 458 1995 496 infinitum.
2026 459 2127 506 Quia
2154 459 2185 497 si
2213 459 2402 498 dividatur
2427 462 2495 498 AB
2519 461 2559 499 in
2581 461 2659 500 duo

1595 511 1722 548 media
1740 511 1778 548 in
1797 518 1938 559 puncto
1954 513 2002 559 D,
2019 519 2060 550 et.
2074 513 2139 549 BC
2159 512 2199 549 in
2218 512 2295 549 duo
2314 513 2443 550 media
2461 513 2500 551 in
2517 521 2659 563 puncto

1595 565 1645 611 E,
1675 563 1918 601 manifestum
1943 571 1999 601 est
2025 564 2131 613 quod
2158 565 2229 602 DE
2259 565 2328 603 erit
2354 566 2450 603 alius
2477 567 2583 604 locus
2610 567 2658 604 ab

1594 623 1767 664 utroque.
1795 617 1844 653 Et
1868 616 2037 654 similiter
2063 629 2216 666 semper
2243 617 2430 655 divisione
2457 619 2566 667 facta,
2593 619 2662 657 fiet

1595 668 1688 705 alius
1721 669 1838 706 locus.
1877 670 1927 706 Et
1953 669 2056 706 ide‘rn
2087 670 2199 707 etiam
2223 670 2244 692 *²
2268 671 2511 708 manifestum
2539 677 2596 710 est
2621 671 2661 710 in

1595 721 1832 758 alteratione:
1863 721 1952 771 quia
1975 722 2081 771 quod
2099 722 2147 760 de
2175 723 2262 760 albo
2286 723 2415 761 transit
2434 723 2474 762 in
2497 723 2658 772 nigrum,-

1594 785 1663 822 per
1685 773 1853 811 infinitos
1871 775 2009 822 gradus
2028 775 2211 813 albedinis
2235 783 2272 813 et
2293 776 2498 824 nigredinis
2521 783 2559 813 et
2579 788 2660 814 me-

1596 825 1747 863 diorum
1776 827 1949 864 colorum
1975 828 2326 876 pertransit-Non
2344 837 2474 866 tamen
2492 829 2661 878 sequitur

1595 878 1700 928 quod
1729 891 1817 916 cum
1846 879 1919 916 sint
1941 879 2088 918 infinita
2109 881 2248 929 media,
2279 881 2384 931 quod
2411 883 2516 920 nullo
2538 883 2659 921 modo

1594 931 1712 980 possit
1733 931 1924 980 perveniri
1942 932 1991 970 ad
2009 933 2204 980 ultimum;
2229 934 2317 983 quia
2334 934 2556 973 huiusmodi
2578 947 2659 973 me-

1595 983 1657 1021 dia
1675 985 1760 1021 loca
1779 994 1858 1022 non
1885 992 1972 1022 sunt
1998 985 2146 1023 infinita
2172 986 2211 1023 in
2230 994 2327 1035 actu,
2347 987 2415 1025 sed
2434 987 2473 1026 in
2490 987 2659 1038 potentia

1595 1043 1761 1084 tantum3
1795 1037 1890 1074 sicut
1922 1045 1959 1075 et
1984 1038 2206 1086 magnitudo
2235 1051 2315 1077 non
2342 1046 2399 1077 est
2425 1040 2547 1079 divisa
2573 1047 2660 1080 actu

1594 1089 1634 1126 in
1660 1089 1862 1138 infinitum,
1883 1090 1952 1128 sed
1978 1089 2018 1128 in
2043 1091 2213 1140 potentia
2241 1091 2448 1130 divisibilis.

2687 469 2697 478 ·
2712 467 2828 492 [mom.

2688 682 2698 692 ·
2717 682 2787 705 enam
2803 688 2852 707 om.
