2950 4004
324 1093 338 1126 β

225 1203 234 1211 ·
244 1203 327 1229 posset
341 1201 391 1223 rab.

223 1256 233 1266 ⁸
248 1255 359 1283 differunt
371 1261 407 1276 tc.

223 1836 233 1846 ⁸
248 1836 317 1857 Num.
333 1842 355 1863 9.

222 1942 232 1950 *
248 1941 318 1962 Num.
334 1947 366 1962 10.

227 2152 238 2162 ⁴
252 2151 322 2172 Num.
337 2156 349 2172 2
364 2155 428 2178 seqq.

224 2261 314 2282 ⁸Num.
324 2267 347 2282 ιο
359 2266 436 2288 seqq.-

226 2287 374 2314 sequentibus
399 2293 438 2308 co-

226 2314 289 2335 dices
304 2319 353 2335 cxc.
367 2319 388 2334 1..

226 2419 236 2428 ⁴*
245 2418 277 2438 sit
289 2417 356 2439 codd.
368 2423 415 2439 cxc.

226 2450 268 2465 cro
282 2444 319 2466 ab.

470 287 539 312 122

464 353 670 390 sideratum
700 359 754 389 est
781 353 990 389 uniforme:
1021 365 1099 390 non
1128 358 1183 389 est
1211 364 1301 400 ergo
1337 352 1524 399 assignare

465 406 651 443 rationem
680 418 796 454 quare
825 405 944 453 magis
963 406 1002 442 in
1022 418 1098 442 una
1125 411 1230 454 parte
1251 405 1342 442 illud
1361 405 1524 453 spatium

465 459 510 496 sit
536 471 704 496 vacuum
733 471 755 495 a
784 470 942 507 corpore
971 470 1089 506 quam
1121 458 1160 494 in
1188 457 1269 494 alia.
1301 458 1341 494 Si
1371 469 1458 505 ergo
1487 457 1526 494 in

465 511 590 560 aliqua
608 519 714 560 parte
733 511 828 547 illius
857 510 965 559 spatii
985 511 1176 548 invenitur
1203 510 1424 558 magnitudo
1446 522 1526 546 cor-

464 565 604 613 poralis
631 564 744 600 huius
772 563 906 600 mundi
925 570 960 609 α,
990 571 1141 612 oportet
1163 563 1268 611 quod
1295 563 1334 599 in
1363 562 1527 611 qualibet

463 624 569 666 parte
588 617 683 653 illius
703 616 811 664 spatii
830 616 1044 653 inveniatur
1063 616 1187 664 aliqua
1202 615 1423 663 magnitudo
1445 627 1526 651 cor-

464 669 604 718 poralis
624 669 718 705 sicut
745 681 842 717 quae
865 675 920 705 est
938 669 1049 706 huius
1077 668 1228 705 mundi:
1251 676 1287 705 et
1305 668 1358 704 sic
1378 675 1526 716 oportet

465 735 602 771 corpus
622 734 703 758 esse
732 721 921 758 infinitum
946 721 1041 758 sicut
1069 729 1105 758 et
1124 721 1300 770 spatium:
1329 721 1391 758 vel
1412 720 1525 756 etiam

465 782 613 823 oportet
631 774 798 810 mundos
828 786 908 811 esse
938 774 1116 821 infinitos,
1136 781 1178 810 ut
1197 773 1438 810 Democritus
1457 785 1526 820 po—

464 828 547 864 suit.
568 826 652 864 Alia
680 826 772 863 ratio
799 835 853 863 est
872 826 920 863 ad
935 826 1039 863 idem
1064 825 1365 870 ostendendum;
1386 825 1477 872 quia
1496 824 1526 860 si

465 888 520 917 est
547 879 737 916 infinitum
772 879 956 928 spatium,
987 886 1051 915 aut
1088 886 1143 916 est
1169 890 1337 915 vacuum
1374 884 1439 914 aut
1472 884 1526 913 est

463 934 632 982 plenum.
651 932 690 968 Si
712 938 765 968 est
783 933 952 980 plenum,
968 932 1129 968 habetur
1146 930 1398 979 propositum,
1420 929 1524 978 quod

464 986 510 1023 sit
538 997 674 1033 corpus
700 984 906 1021 infinitum:
937 984 967 1020 si
995 991 1122 1020 autem
1151 993 1207 1020 est
1229 995 1410 1030 vacuum,
1437 994 1525 1018 curn

463 1050 630 1076 vacuum
660 1036 749 1073 nihil
778 1037 878 1074 aliud
907 1037 952 1073 sit
980 1049 1097 1084 quam
1126 1037 1232 1073 locus
1257 1047 1336 1072 non
1361 1035 1523 1083 repletus

465 1102 636 1140 corpore,
648 1089 835 1138 possibilis
850 1097 978 1126 tamen
993 1089 1128 1138 repleri
1138 1087 1167 1135 β,
1179 1101 1334 1126 necesse
1351 1095 1405 1124 est
1420 1087 1525 1136 quod

464 1145 494 1181 si
523 1152 578 1180 est
602 1142 765 1191 spatium
794 1142 996 1189 infinitum,
1018 1143 1064 1179 sit
1082 1141 1196 1178 etiam
1215 1143 1322 1178 locus
1345 1140 1524 1186 infinitus,

464 1197 528 1246 qui
555 1195 707 1245 possit*
726 1195 860 1244 repleri
890 1207 1060 1244 corpore.
1091 1196 1139 1231 Et
1166 1194 1217 1231 ita
1236 1192 1425 1243 oportebit
1444 1204 1524 1229 esse

465 1261 601 1298 corpus
630 1247 832 1295 infinitum,
863 1248 951 1296 quia
979 1247 1018 1284 in
1044 1246 1235 1296 perpetuis
1265 1258 1344 1283 non
1365 1245 1526 1282 differt*

465 1301 679 1349 contingere
710 1308 746 1337 et
774 1313 868 1338 esse.
907 1300 1018 1338 Unde
1048 1301 1078 1337 si
1107 1299 1286 1347 contingit
1313 1299 1441 1335 locum
1470 1297 1524 1334 in-

463 1355 613 1393 finitum
643 1353 777 1403 repleri
806 1365 983 1402 corpore,
1013 1360 1163 1401 oportet
1190 1352 1314 1389 dicere
1347 1350 1453 1400 quod
1481 1351 1527 1387 sit

463 1409 627 1456 repletus
661 1419 820 1455 corpore
849 1406 1007 1443 infinito.
1047 1406 1213 1442 Necesse
1253 1416 1340 1451 ergo
1377 1403 1527 1440 videtur

465 1461 589 1498 dicere
618 1460 724 1509 quod
751 1460 797 1496 sit
825 1471 962 1508 corpus
990 1458 1191 1495 infinitum.

517 1526 552 1562 7.
583 1513 730 1549 Deinde
761 1524 848 1548 cum
879 1511 985 1548 dicit:
1014 1511 1144 1547 Habet
1174 1514 1299 1546 autem
1331 1508 1524 1544 dubitatio-

464 1578 548 1603 nem
570 1573 656 1612 etc.,
688 1564 814 1602 obiicit
842 1564 879 1600 in
909 1563 1149 1600 contrarium.
1171 1563 1220 1598 Et
1240 1561 1337 1598 circa
1364 1561 1439 1597 hoc
1457 1560 1527 1597 tria

463 1619 558 1655 facit.
589 1618 717 1654 Primo
747 1617 910 1654 ostendit
938 1616 1199 1665 quaestionem
1230 1626 1312 1651 esse
1341 1613 1526 1651 dubitabi-

463 1673 551 1717 lem,
573 1683 621 1707 ne
651 1671 814 1707 rationes
833 1669 1064 1718 praemissae
1094 1668 1251 1705 omnino
1271 1678 1407 1703 verum
1437 1678 1526 1703 con-

464 1725 613 1761 cludere
642 1724 862 1769 videantur;
892 1722 1061 1759 secundo
1092 1720 1255 1758 ostendit
1279 1727 1373 1768 quot
1400 1719 1526 1755 modis

464 1777 596 1814 dicitur
622 1776 824 1822 infinitum,
854 1775 920 1811 ibi:
949 1775 1120 1811 Primum
1149 1785 1242 1822 ergo
1279 1772 1527 1808 determinan-

463 1831 551 1866 dum
567 1830 587 1850 *²
609 1836 691 1875 etc.;
715 1829 823 1865 tertio
843 1827 951 1877 ponit
978 1827 1141 1863 rationes
1171 1825 1218 1862 ad
1247 1824 1526 1861 ostendendum

463 1882 652 1919 infinitum
687 1894 766 1918 non
787 1893 881 1928 esse,
902 1880 969 1916 ibi:
999 1879 1215 1928 Separabile
1242 1877 1389 1926 quidem
1409 1877 1526 1926 igitur

464 1947 541 1972 esse
556 1936 575 1954 ⁴*
606 1942 673 1971 etc.

520 1989 554 2024 8.
584 1987 684 2024 Dicit
712 1998 800 2033 ergo
835 1985 959 2033 primo
998 1982 1103 2033 qu6d
1132 1982 1313 2020 dubitatio
1344 1990 1398 2018 est
1431 1981 1527 2018 circa

465 2039 674 2087 infinitum,
712 2046 840 2075 utrum
879 2038 924 2075 sit
959 2039 1022 2074 vel
1050 2049 1128 2074 non
1165 2036 1230 2072 sit:
1269 2035 1386 2072 multa
1425 2034 1526 2071 enirn

465 2092 712 2142 impossibilia
745 2097 1029 2140 consequuntur
1060 2089 1104 2126 iis
1132 2088 1197 2138 qui
1223 2094 1372 2137 ponunt
1404 2086 1526 2123 infini-

465 2153 547 2183 tum
568 2145 725 2182 omnino
746 2157 824 2181 non
845 2156 937 2190 esse,
959 2143 1053 2179 sicut
1073 2154 1119 2179 ex
1137 2140 1353 2190 praemissis
1370 2141 1389 2161 ²³³
1407 2147 1526 2188 patet;

467 2206 503 2236 et
540 2199 653 2235 etiam
688 2197 730 2234 iis
764 2197 827 2246 qui
861 2203 1010 2245 ponunt
1043 2195 1232 2232 infinitum
1271 2206 1370 2241 esse,
1409 2193 1527 2229 multa

466 2251 641 2289 accidunt
668 2249 925 2298 impossibilia,
955 2256 996 2285 ut
1025 2260 1069 2288 ex
1098 2245 1452 2295 consequentibus*
1471 2257 1526 2281 ra-

465 2305 629 2342 tionibus
657 2303 810 2352 patebit.
841 2303 908 2339 Est
937 2302 1048 2338 etiam
1076 2299 1257 2337 dubitatio
1287 2298 1445 2347 qualiter
1471 2297 1525 2334 in-

465 2358 615 2395 finitum
644 2356 699 2403 sit,
729 2363 855 2392 utrum
885 2354 1022 2391 scilicet
1049 2353 1094 2390 sit
1122 2352 1262 2401 aliquid
1288 2364 1357 2400 per
1384 2364 1424 2388 se
1454 2350 1527 2387 exi-

466 2418 577 2457 stens,
595 2409 689 2446 sicut
708 2409 897 2458 quaedam
912 2405 1129 2452 substantia;
1149 2406 1212 2443 vel
1232 2405 1326 2442 sicut
1339 2405 1359 2426 '¹‘
1373 2404 1527 2452 aliquod

466 2463 639 2500 accidens
676 2474 744 2510 per
771 2474 810 2497 se
844 2460 1075 2497 conveniens
1109 2458 1218 2495 alicui
1252 2465 1423 2503 naturae;
1463 2462 1528 2492 aut

466 2523 599 2553 neutro
628 2514 746 2551 modo
776 2514 821 2550 sit
850 2513 1012 2560 (scilicet
1039 2523 1162 2560 neque
1190 2523 1260 2560 per
1288 2523 1328 2546 se
1353 2511 1525 2556 existens,

466 2570 560 2606 sicut
580 2567 795 2614 substantia,
817 2579 940 2615 neque
962 2566 1056 2602 sicut
1075 2564 1249 2601 accidens
1268 2575 1337 2612 per
1365 2564 1438 2609 se),
1459 2561 1526 2597 sed

467 2622 727 2667 nihilominus,
748 2620 779 2656 si
798 2627 854 2656 est
881 2619 1068 2667 accidens,
1090 2623 1145 2654 est
1164 2615 1317 2665 aliquod
1336 2614 1526 2651 infinitum

468 2675 690 2712 continuum
705 2678 730 2720 ⁷,
753 2680 788 2709 et
816 2672 941 2721 aliqua
968 2669 1113 2708 infinita
1132 2667 1343 2705 secundum
1363 2666 1527 2703 multitu-

468 2729 608 2765 dinem.
639 2726 715 2764 Sed
744 2724 909 2762 maxime
936 2723 1097 2772 pertinet
1115 2721 1164 2758 ad
1184 2719 1526 2756 considerationem

466 2779 682 2830 philosophi
702 2777 890 2824 naturalis,
919 2776 950 2812 si
979 2782 1034 2812 est
1052 2774 1176 2822 aliqua
1195 2772 1415 2820 magnitudo
1444 2784 1526 2808 sen-

468 2834 582 2870 sibilis
602 2831 757 2869 infinita:
787 2842 877 2866 narn
906 2827 1126 2876 magnitudo
1152 2824 1335 2862 sensibilis
1365 2832 1420 2861 est
1446 2836 1526 2861 ma—

468 2886 624 2934 gnitudo
653 2882 841 2921 naturalis.

523 2951 558 2986 9.
588 2936 737 2974 Deinde
772 2947 859 2971 cum
893 2932 995 2970 dicit:
1028 2932 1200 2968 Primum
1233 2941 1324 2980 ergo
1359 2929 1527 2966 determi-

470 2991 635 3027 nandum
665 2994 718 3025 est
745 2996 830 3034 etc.,
861 2985 1023 3022 ostendit
1042 2991 1134 3033 quot
1161 2982 1286 3020 modis
1312 2982 1446 3019 dicitur
1474 2981 1527 3018 in-

469 3043 636 3080 finitum:
659 3049 694 3077 et
712 3040 819 3090 ponit
839 3040 932 3076 duas
961 3037 1165 3075 divisiones
1185 3034 1328 3072 infiniti.
1355 3035 1528 3081 Quarum

523 3157 550 3189 α)
571 3155 703 3181 invenitur
718 3152 874 3187 magnitudo
893 3151 1040 3183 corporalis
1055 3150 1132 3175 huius
1147 3150 1247 3175 mundi.
1260 3164 1279 3168 —
1292 3150 1327 3174 lta
1342 3150 1451 3182 legimus
1467 3157 1526 3174 cum

470 3192 511 3217 ab
530 3197 555 3216 et
574 3191 648 3216 codd.
662 3197 714 3215 exc.
729 3189 806 3220 HsX3
826 3188 892 3219 HpX
910 3186 968 3211 hab.
984 3187 1039 3217 lac.;
1059 3185 1116 3210 Psx
1136 3185 1242 3210 habent:
1267 3185 1418 3210 inveniatur
1436 3185 1527 3216 aliqua

471 3227 627 3260 magnitudo
646 3224 792 3257 corporalis
810 3223 878 3248 sicut
896 3229 962 3254 quae
981 3224 1019 3246 est
1038 3221 1115 3246 huius
1130 3220 1230 3249 mundi,
1246 3219 1407 3244 materialiter
1422 3219 1527 3252 quidem

471 3262 628 3287 conformius
652 3259 833 3293 sequentibus,
853 3257 899 3282 sed
918 3257 1003 3282 minus
1029 3261 1114 3281 tamen
1134 3256 1213 3286 bene3
1233 3263 1291 3279 nam
1317 3255 1357 3279 hic
1377 3263 1397 3279 s.
1411 3254 1527 3279 Thomas

471 3297 586 3330 loquitur
605 3297 636 3321 de
655 3301 716 3320 noto
735 3300 759 3320 et
779 3293 897 3319 distincto
922 3299 1030 3324 corpore
1049 3291 1125 3316 huius
1150 3290 1252 3319 mundi,
1273 3295 1298 3314 et
1316 3290 1374 3314 ideo
1392 3290 1528 3322 particulae

472 3333 680 3357 indeterminatae
698 3330 789 3363 aliqua
808 3334 832 3354 et
851 3328 919 3355 sicut
937 3334 1003 3361 quae
1023 3329 1061 3351 est
1080 3334 1131 3351 non
1151 3330 1210 3351 sunt
1228 3325 1269 3350 hic
1288 3325 1320 3349 ita
1340 3325 1370 3349 ad
1390 3332 1445 3349 rem
1464 3325 1529 3349 sicut

472 3367 547 3392 infra.
1371 3383 1374 3385 .

526 3401 551 3434 β)
568 3402 700 3433 possibilis
719 3404 806 3425 tamen
828 3398 933 3431 repleri.
946 3412 965 3418 -
977 3398 1012 3422 Ita
1030 3397 1092 3427 DH;
1106 3395 1231 3429 possibile
1250 3398 1336 3421 tamen
1361 3394 1458 3427 repleri
1476 3394 1527 3426 PR,

470 3437 594 3468 possibile
613 3436 708 3468 repleri
727 3436 807 3463 Fsah,
823 3434 957 3466 possibilis
976 3432 1073 3464 repleri
1091 3437 1140 3456 cet.

526 3471 553 3504 γ)
564 3471 610 3495 sed
620 3471 796 3499 nihilominus,
807 3469 830 3494 si
843 3472 882 3494 est
891 3469 1019 3497 accidens,
1031 3470 1070 3492 est
1079 3466 1188 3499 aliquod
1202 3465 1332 3499 infinitum
1343 3465 1504 3490 continuum.
1512 3479 1529 3483 -

474 3507 493 3530 Ρ
512 3506 581 3534 solim
600 3506 646 3530 sed
666 3505 834 3530 nihilominus
852 3505 919 3529 sicut
939 3502 972 3537 (si
990 3503 1059 3528 sicut
1077 3502 1122 3534 sC)
1142 3501 1263 3527 accidens
1281 3503 1320 3526 ese
1333 3503 1359 3525 et
1374 3500 1423 3531 (est
1435 3503 1461 3525 et
1475 3500 1529 3524 abr.

474 3541 532 3573 ρΗ)
552 3541 658 3571 aliquod
677 3540 766 3570 (aliud
781 3540 820 3564 ed.
834 3541 866 3570 a)
887 3539 1017 3572 infinitum
1038 3539 1074 3569 (ee
1088 3537 1145 3562 add.
1159 3536 1233 3571 pEG)
1249 3535 1401 3562 continuum
1421 3536 1462 3560 ed.
1475 3542 1492 3560 a
1505 3540 1530 3560 et

475 3576 549 3599 codd.
564 3583 615 3599 exc.
630 3575 732 3605 DLOS;
752 3575 773 3598 D
793 3574 954 3605 singulariter
972 3579 1001 3598 ut
1020 3573 1099 3597 solet:
1118 3572 1165 3597 sed
1189 3571 1356 3596 nihilominus
1375 3570 1398 3595 si
1416 3570 1451 3595 sit
1463 3570 1530 3596 acci-

476 3610 538 3635 dens
557 3609 665 3641 aliquod
684 3609 813 3641 infinitum
833 3609 963 3637 confinem
982 3609 996 3633 b
1015 3613 1064 3633 stat
1079 3614 1138 3632 cum
1153 3607 1231 3632 Los:
1250 3606 1297 3631 sed
1316 3605 1484 3631 nihilominus
1498 3605 1532 3638 (si

1093 274 1436 311 PHYSICORUM
1464 275 1812 313 ARISTOTELIS
1842 277 1935 313 LIB.
1967 278 2015 313 ΙΙΙ

1579 354 1786 444 primatie&
1820 355 2034 392 communis
2067 355 2213 392 infinito
2243 363 2279 393 et
2307 358 2484 395 omnibus
2515 358 2640 407 priva-

1580 414 1654 444 tive
1712 415 1801 444 lctis.

1634 460 1737 496 Nam
1768 461 1787 481 ²²⁴
1815 459 1996 496 invisibile
2028 454 2162 497 dicitur
2194 460 2403 510 tripliciter,
2437 464 2498 500 vel
2535 463 2640 512 quod

1556 545 1559 548 .
1581 524 1659 549 non
1688 521 1742 550 est
1770 521 1902 561 aptum
1930 520 2061 549 natum
2089 512 2220 560 videri,
2250 521 2292 550 ut
2317 527 2411 562 vox,
2436 527 2533 564 quae
2561 528 2640 554 non

1581 573 1637 601 est
1665 565 1712 602 de
1740 577 1877 613 genere
1895 565 2117 611 visibilium;
2137 566 2199 603 vel
2228 566 2333 615 quod
2360 568 2460 604 male
2478 567 2638 616 videtur,

1581 617 1675 654 sicut
1694 619 1799 667 quod
1817 617 1968 655 videtur
1994 618 2033 654 in
2063 619 2226 655 obscuro
2256 626 2320 655 aut
2339 631 2361 656 a
2380 620 2552 665 remotis;
2578 622 2640 658 vel

1580 671 1685 718 quod
1703 678 1835 707 natum
1864 677 1919 707 est
1945 670 2066 707 videri
2087 678 2122 708 et
2140 683 2218 708 non
2236 672 2396 720 videtur,
2418 672 2513 709 sicut
2536 673 2640 720 quod

1582 730 1636 758 est
1665 723 1823 759 omnino
1852 723 1890 759 in
1918 722 2092 760 tenebris.
2124 723 2186 760 Sic
2213 724 2322 772 igitur
2350 732 2386 761 et
2413 737 2491 762 uno
2521 726 2639 762 modo

1581 774 1714 811 dicitur
1741 775 1948 823 infinitum,
1984 777 2089 824 quod
2122 788 2201 813 non
2239 785 2293 813 est
2330 785 2461 814 natum
2494 777 2641 814 transiri

1581 829 1686 872 (nam
1706 827 1894 864 infinitum
1915 827 2016 865 idem
2033 835 2088 865 est
2107 829 2211 876 quod
2231 830 2490 876 intransibile):
2513 838 2548 867 et
2565 830 2641 867 hoc

1581 885 1635 915 est
1663 879 1752 928 quia
1780 887 1835 916 est
1855 880 1902 916 de
1922 892 2058 927 genere
2086 881 2372 919 intransibilium
2387 880 2412 930 ὅ,
2433 882 2528 919 sicut
2546 882 2640 920 indi-

1579 931 1740 968 visibilia
1765 939 1807 968 ut
1842 939 2005 980 punctus
2034 939 2070 969 et
2096 933 2237 980 forma;
2270 947 2340 983 per
2371 947 2488 984 quem
2526 935 2640 973 etiam

1580 984 1742 1021 modum
1762 984 1895 1021 dicitur
1911 996 1988 1021 vox
2007 984 2213 1022 invisibilis.
2230 1007 2254 1014 -
2269 987 2355 1024 Alio
2374 988 2394 1008 '⁸
2411 987 2530 1025 modo
2551 987 2641 1026 dici-

1579 1044 1639 1073 tur
1667 1037 1873 1084 infinitum,
1908 1037 2013 1086 quod
2045 1044 2229 1086 quantum
2259 1046 2314 1076 est
2345 1040 2392 1076 de
2421 1052 2473 1086 se,
2493 1041 2640 1078 transiri

1579 1096 1715 1138 potest,
1736 1090 1803 1127 sed
1825 1089 1903 1126 eius
1932 1089 2107 1126 transitus
2126 1102 2205 1127 non
2231 1098 2355 1139 potest
2377 1092 2510 1140 perfici
2529 1106 2552 1130 a
2571 1105 2639 1130 no—

1580 1141 1653 1189 bis,
1684 1142 1779 1179 sicut
1806 1143 1838 1179 si
1867 1141 2011 1179 dicatur
2036 1142 2272 1190 profunditas
2300 1143 2415 1180 maris
2443 1156 2525 1181 esse
2557 1145 2640 1182 infi-

1580 1194 1676 1231 nita:
1705 1195 1767 1232 vel
1796 1194 1826 1231 si
1853 1201 1978 1243 potest
1995 1194 2144 1243 perfici,
2173 1201 2302 1232 tamen
2328 1196 2392 1234 vix
2412 1203 2554 1233 etcum
2574 1196 2641 1234 dif-

1580 1247 1764 1294 ficultate,
1804 1247 1899 1283 sicut
1935 1247 1966 1283 si
2004 1247 2176 1284 dicamus
2213 1249 2318 1297 quod
2345 1248 2414 1286 iter
2447 1261 2570 1299 usque
2601 1249 2641 1288 in

1582 1299 1727 1336 Indiam
1742 1305 1753 1320 ¹
1773 1307 1828 1336 est
1846 1299 2049 1336 infinitum.
2080 1300 2129 1336 Et
2155 1307 2359 1350 utrumque
2378 1301 2536 1339 istorum
2555 1314 2639 1351 per-

1580 1351 1670 1388 tinet
1698 1351 1748 1388 ad
1767 1352 1842 1388 hoc
1869 1351 1975 1400 quod
1995 1359 2050 1388 est
2069 1364 2150 1389 esse
2170 1353 2269 1390 male
2291 1355 2490 1392 transibile.
2507 1375 2531 1383 -
2547 1355 2639 1392 Ter-

1580 1404 1631 1440 tio
1661 1404 1779 1441 modo
1807 1404 1942 1441 dicitur
1969 1404 2171 1452 infinitum,
2191 1406 2298 1454 quod
2316 1414 2372 1443 est
2390 1414 2520 1444 natum
2541 1415 2640 1446 tran-

1581 1457 1643 1493 siri
1673 1457 1780 1505 quasi
1808 1458 1856 1494 de
1883 1469 2020 1505 genere
2048 1458 2298 1495 transibilium
2326 1459 2507 1507 existens,
2536 1461 2641 1508 quod

1580 1517 1710 1546 tamen
1738 1522 1816 1546 non
1835 1510 1949 1547 habet
1967 1510 2166 1548 transitum
2194 1511 2243 1548 ad
2269 1511 2405 1559 finem3
2425 1512 2515 1549 ut'si
2544 1520 2643 1550 esset

1581 1562 1705 1611 aliqua
1725 1562 1824 1600 linea
1847 1574 1926 1600 non
1946 1563 2091 1600 habens
2118 1563 2334 1611 terminum,
2354 1565 2416 1601 vel
2436 1577 2642 1613 quaecum-

1581 1627 1655 1664 que
1675 1615 1747 1652 alia
1766 1615 1964 1663 quantitas:
1986 1622 2023 1652 et
2041 1615 2262 1665 sic-proprie
2283 1617 2417 1655 dicitur
2439 1617 2640 1656 infinitum.

1634 1668 1759 1704 Aliam
1789 1668 2015 1705 divisionem
2042 1669 2237 1718 propriam
2264 1669 2399 1707 infiniti
2432 1670 2541 1719 ponit
2567 1670 2639 1708 ibi:

1580 1720 1752 1768 Amplius
1785 1721 1970 1768 infinitum
2005 1728 2090 1768 etc.,
2121 1721 2249 1759 dicens
2272 1721 2287 1748 ζ
2315 1723 2420 1771 quod
2452 1722 2640 1760 infinitum

1583 1773 1716 1810 dicitur
1742 1774 1804 1810 vel
1839 1785 1908 1822 per
1935 1773 2232 1822 appositionem,
2262 1775 2358 1811 sicut
2383 1775 2423 1812 in
2451 1775 2640 1823 numeris;

1582 1833 1646 1862 aut
1674 1825 1886 1863 secundum
1916 1825 2161 1874 divisionem,
2191 1826 2286 1864 sicut
2311 1827 2351 1864 in
2378 1826 2642 1876 magnitudini-

1582 1879 1674 1925 bus;
1704 1886 1768 1928 aut
1795 1886 1957 1927 utroque
1986 1878 2117 1926 modo,
2147 1879 2241 1916 sicut
2267 1879 2306 1916 in
2334 1887 2519 1929 tempore.

2668 468 2681 513 Z
2694 466 2756 488 sicut
2767 466 2820 489 add.
2835 473 2879 490 rou

2765 887 2781 912 ὃ

2667 995 2677 1004 ·
2691 999 2748 1015 vero
2757 993 2812 1016 add.
2826 999 2879 1017 Ασιι

2667 1026 2778 1043 nos-ruz.

1642 1944 1698 1968 10.
1728 1931 1876 1968 Deinde
1905 1943 1993 1968 cum
2018 1931 2122 1969 dicit:
2151 1932 2368 1981 Separabile
2395 1933 2543 1981 quidem
2570 1933 2641 1983 igi·
2671 1945 2679 1953 ·

1581 1989 1642 2020 tur
1661 1991 1743 2032 etc.,
1763 1984 1871 2033 ponit
1890 1983 2054 2021 rationes
2073 1984 2123 2021 ad
2142 1985 2421 2022 excludendum
2437 1985 2639 2024 infinitum:

1582 2043 1618 2073 et
1644 2037 1770 2085 primo
1799 2037 1848 2074 ad
1877 2036 2156 2074 excludendum
2188 2037 2378 2086 infinitum
2406 2045 2640 2087 separatum,

1582 2089 1687 2138 quod
1714 2089 1896 2126 Platonici
1920 2097 2145 2138 posuerunt;
2171 2089 2338 2127 secundo
2368 2090 2418 2128 ad
2441 2090 2651 2129 excluden-

1583 2142 1675 2178 dum
1704 2142 1894 2179 infinitum
1913 2154 1935 2178 a
1953 2142 2067 2179 rebus
2095 2142 2346 2190 sensibilibus,
2366 2142 2434 2180 ibi:
2459 2143 2641 2181 Rationa-

1581 2195 1701 2231 hiliter
1720 2194 1867 2243 quidem
1883 2194 1999 2243 igitur
2010 2195 2029 2216 *
2045 2202 2114 2232 etc.
2133 2194 2243 2231 Circa
2256 2195 2423 2244 primum
2442 2196 2550 2245 ponit
2567 2203 2643 2233 tres
2669 2205 2679 2215 ·

1582 2247 1756 2284 rationes.
1788 2247 1898 2283 Circa
1926 2259 2088 2295 quarum
2119 2247 2284 2296 primam
2314 2247 2402 2285 dicit
2429 2241 2545 2298 quod‘
2570 2247 2640 2286 im-

1579 2300 1759 2348 possibile
1780 2307 1835 2336 est
1861 2299 2052 2336 infinitum
2082 2311 2163 2337 esse
2191 2309 2407 2349 separatum
2436 2313 2458 2338 a
2485 2298 2641 2339 sensibi-v

1581 2352 1696 2400 libus⁷
1726 2352 1775 2389 ita
1804 2351 1910 2402 quod
1928 2351 2063 2400 *ipsum
2079 2353 2099 2374 ²⁴
2121 2352 2316 2390 infinitum
2344 2353 2391 2402 sit
2414 2352 2555 2404 aliquid
2571 2366 2642 2404 per

1581 2417 1620 2442 se
1650 2405 1809 2442 existens
1834 2404 1866 2451 ²⁸,
1896 2403 1991 2441 sicut
2022 2404 2204 2441 Platonici
2232 2413 2450 2454 posuerunt.
2482 2404 2582 2453 Quia
2609 2406 2642 2445 si

1579 2457 1732 2506 ponitur
1759 2457 1950 2493 infinitum
1969 2469 2052 2493 esse
2080 2457 2220 2506 aliquid
2247 2464 2475 2507 separatum,
2492 2465 2556 2495 aut
2571 2454 2639 2504 ha-

1581 2511 1644 2547 bet
1671 2509 1835 2558 aliquam
1856 2509 2101 2557 quantitatem
2121 2509 2279 2556 (scilicet
2299 2509 2518 2548 continuam
2541 2507 2640 2561 quae
2659 2540 2664 2545 .

1582 2569 1636 2599 est
1654 2562 1888 2610 magnitudo,
1909 2569 1972 2598 aut
1990 2561 2191 2599 discretam
2218 2574 2316 2610 quae
2337 2570 2392 2600 est
2409 2563 2638 2611 multitudo),

1581 2622 1645 2651 aut
1673 2627 1761 2651 non.
1785 2614 1824 2651 Si
1849 2615 1868 2635 ’³‘
1898 2622 1952 2651 est
1980 2613 2185 2652 substantia
2213 2615 2292 2652 sine
2321 2615 2514 2653 accidente
2533 2615 2639 2666 quod

1581 2675 1637 2704 est
1664 2667 1885 2715 magnitudo
1913 2668 1974 2704 vel
2004 2668 2024 2688 '¹‘
2052 2667 2264 2715 multitudo,
2286 2675 2434 2717 oportet
2452 2667 2556 2718 quod
2584 2669 2639 2707 in—

1581 2720 1730 2757 finitum
1760 2720 1805 2756 sit
1831 2719 2071 2757 indivisibile:
2102 2720 2190 2769 quia
2217 2733 2332 2757 omne
2362 2720 2545 2758 divisibile
2576 2723 2640 2759 vel

1582 2780 1637 2809 est
1673 2785 1856 2809 numerus
1891 2773 1954 2809 vel
1990 2772 2223 2820 magnitudo.
2261 2773 2300 2809 Si
2337 2781 2465 2810 autem
2499 2774 2640 2824 aliquid

1583 2833 1637 2862 est
1655 2825 1899 2872 indivisibile,
1926 2837 2004 2862 non
2025 2825 2092 2862 erit
2110 2825 2300 2862 infinitum
2320 2825 2391 2863 nisi
2409 2826 2534 2876 primo
2556 2837 2639 2864 mo-

1583 2878 1650 2925 do,
1680 2878 1819 2915 scilicet
1844 2885 1958 2926 prout
1986 2878 2118 2915 dicitur
2150 2878 2290 2927 aliquid
2318 2878 2506 2917 infinitum
2534 2880 2640 2928 quod

1582 2943 1660 2967 non
1689 2938 1743 2967 est
1771 2938 1901 2979 aptum
1930 2938 2061 2968 natum
2089 2930 2247 2978 transiri,
2276 2931 2370 2968 sicut
2397 2930 2531 2968 dicitur
2561 2943 2639 2969 vox

1583 2983 1793 3020 invisibilis:
1823 2983 1891 3020 sed
1914 2984 1988 3020 hoc
2015 2991 2071 3020 est
2088 2991 2237 3032 praeter
2264 2983 2510 3022 intentionem
2529 2996 2638 3033 prae-

1584 3035 1697 3072 sentis
1725 3035 1967 3084 quaestionis,
1997 3048 2073 3084 qua
2092 3036 2310 3083 quaerimus
2339 3037 2386 3074 de
2414 3035 2573 3085 infinito,
2603 3045 2640 3075 et

1580 3150 1638 3174 add.
1653 3149 1688 3181 O)
1702 3149 1738 3174 sit
1756 3149 1877 3174 accidens
1893 3156 1943 3181 per
1961 3148 2083 3174 accidens
2105 3152 2145 3174 est
2163 3150 2242 3175 etiam
2261 3149 2311 3183 (est
2330 3154 2356 3176 et
2370 3150 2410 3176 Ob
2431 3157 2455 3176 et
2469 3151 2515 3185 sL)
2530 3153 2640 3186 aliquod

1581 3184 1711 3217 infinitum
1730 3183 1892 3209 continuum.

1633 3218 1658 3251 ὃ)
1677 3219 1740 3251 quia
1758 3222 1797 3244 est
1816 3219 1848 3244 de
1865 3226 1961 3253 genere
1981 3219 2222 3245 intransibilium.—
2237 3220 2287 3245 Pro
2304 3220 2375 3253 quia,
2394 3222 2465 3254 quod
2479 3222 2538 3247 edd.
2551 3222 2594 3248 ab
2613 3227 2639 3248 et

1581 3254 1655 3279 codd.
1669 3261 1721 3279 exc.
1736 3254 1827 3279 LORS
1839 3259 1864 3279 et
1877 3254 1920 3279 CY
1935 3254 1979 3287 qui
1994 3262 2047 3279 orn.
2057 3255 2119 3287 quia
2132 3257 2171 3279 est
2177 3262 2185 3284 ‚·
2204 3263 2251 3288 pro
2266 3255 2481 3288 intransibilium,
2496 3264 2548 3282 non
2563 3260 2638 3283 tran-

1580 3289 1694 3314 sibilium
1713 3289 1770 3314 edd.
1785 3289 1827 3314 ab
1846 3295 1871 3315 et
1890 3289 1963 3314 codd.
1982 3297 2035 3314 exc.
2050 3289 2145 3315 DLRS.
2157 3303 2176 3309 -
2190 3290 2246 3315 Lin.
2261 3298 2317 3323 seq.
2336 3298 2384 3323 pro
2403 3291 2511 3325 forma,
2531 3293 2640 3326 sor-mae

1581 3324 1782 3349 DEGHMORZ.

1635 3360 1656 3391 ε)
1677 3359 1727 3384 iter
1746 3366 1826 3392 usque
1845 3359 1871 3384 in
1893 3359 2006 3384 Indiam.
2020 3373 2038 3378 -
2052 3360 2103 3385 iter
2117 3367 2197 3392 usque
2210 3360 2247 3385 ad
2262 3360 2370 3386 ludeam
2384 3362 2425 3386 ed.
2438 3369 2463 3392 α,
2477 3362 2591 3394 spatium
2605 3362 2638 3387 ab

1582 3395 1683 3419 oriente
1702 3394 1727 3419 in
1747 3395 1867 3420 occidens
1881 3395 1910 3426 L,
1925 3395 1976 3420 iter
1995 3402 2075 3427 usque
2088 3395 2125 3420 ad
2146 3395 2248 3420 Indicxm
2267 3399 2307 3421 est
2323 3396 2348 3420 in
2387 3397 2442 3421 alia
2459 3397 2511 3422 l’ra
2523 3396 2638 3429 spatium

1582 3430 1615 3454 ab
1634 3429 1735 3454 oriente
1754 3430 1779 3454 in
1799 3430 1918 3455 occidens
1937 3431 1967 3461 ὃς
1987 3431 2151 3455 amanuensis
2170 3431 2290 3463 expungit
2307 3397 2370 3463 injff

1635 3464 1660 3497 ζ)
1681 3464 1732 3489 ibi:
1750 3467 1799 3490 Am
1819 3465 1870 3490 Iius
1890 3465 2020 3498 infinitum
2040 3469 2089 3490 etc.
2115 3465 2212 3491 dicens.
2225 3479 2244 3484 -
2257 3466 2327 3491 Haec
2345 3474 2398 3491 om.
2411 3473 2429 3491 a
2447 3471 2472 3492 et
2490 3466 2564 3492 codd.
2585 3473 2638 3491 exc.

1584 3500 1631 3524 LS.
1645 3513 1663 3518 -
1675 3500 1782 3532 insuper
1799 3473 1835 3525 gb
1854 3501 1942 3532 legunt
1961 3499 2011 3525 ibi.-
2028 3500 2149 3532 Amplius
2167 3503 2254 3525 autem
2270 3500 2414 3534 infinitum,
2435 3501 2482 3527 sed
2500 3508 2548 3526 nec
2567 3501 2638 3533 ipsae

1584 3535 1678 3560 habent
1690 3539 1778 3560 autem
1793 3535 1819 3560 in
1831 3540 1909 3560 textu.
1921 3549 1939 3554 -·
1953 3535 2003 3560 Pro
2019 3535 2090 3568 quod
2104 3535 2243 3567 infinitum,
2257 3540 2332 3567 prout
2345 3535 2440 3561 habent
2455 3535 2553 3566 PFHR,
2567 3535 2639 3567 quod

1584 3577 1660 3595 omne
1681 3570 1812 3603 infinitum
1831 3570 1880 3599 Ls,
1899 3570 1961 3602 quia
1982 3569 2112 3603 infinitum
2133 3570 2173 3594 ed.
2186 3577 2203 3594 α
2222 3576 2247 3595 et
2266 3575 2312 3596 cet.
2328 3583 2347 3591 ·-
2360 3570 2410 3595 Pro
2425 3577 2476 3603 per
2493 3570 2638 3602 appositio-

1586 3612 1651 3635 nem,
1666 3605 1809 3630 secundum
1827 3605 2018 3637 appositionem
2038 3604 2240 3629 DEGHMORZ.

2668 2363 2678 2373 ·
2691 2363 2767 2391 φησι
2785 2369 2835 2387 om.
2851 2369 2880 2386 m

2667 2395 2735 2443 μῖξιν
2743 2421 2771 2438 ee
2777 2416 2881 2442 existen

2666 2442 2808 2490 ffi's.⁰⁰“'
2817 2480 2820 2483 Ι
2828 2448 2878 2466 etc.

2667 2625 2676 2634 ·
2696 2627 2774 2647 autem
2794 2625 2847 2648 add.
2866 2631 2880 2647 Ρ
2936 2622 2947 2642 Γ

2666 2650 2744 2700 {milve
2756 2677 2823 2700 mh.
