2898 3996
4 1105 5 1108 ¹
80 1105 214 1128 ···.prnec.

42 1325 47 1327 .
76 1319 80 1322 ·
131 1316 141 1322 ·=
163 1305 237 1327 pubet

178 1337 236 1353 num

41 1471 45 1478 ¹
78 1472 236 1498 mantem

122 3001 180 3017 XVI!-

113 3153 163 3170 vm.
174 3154 234 3176 n.15.

223 3584 225 3586 -
259 3561 364 3610 quod
383 3561 507 3609 aliqua
526 3568 754 3598 moveantur
771 3561 809 3597 in
829 3561 972 3610 seipsis,
1001 3561 1039 3598 id
1059 3569 1115 3598 est
1133 3574 1211 3598 non
1229 3574 1315 3610 pro—

1111 279 1221 315 CAP.
1251 279 1321 325 IX,
1352 279 1502 315 LECT.
1532 279 1584 316 XI

264 359 368 409 quod
399 359 429 395 C
457 358 496 395 in
524 357 671 406 aequali
707 365 879 406 tempore
908 357 1105 406 pertransit
1138 357 1263 405 ipsum
1291 357 1322 392 Β

265 419 301 448 et
327 411 452 459 ipsum
481 412 526 447 A.
558 412 658 458 Ergo
691 417 841 459 tempus
878 410 917 447 in
954 422 1030 458 quo
1060 410 1090 445 C
1125 409 1324 458 pertransit

264 463 394 501 omnia
420 464 463 509 Β,
485 470 540 500 est
558 463 714 511 aequale
739 462 901 511 tempori
928 462 966 499 in
986 474 1061 510 quo
1085 461 1323 510 pertransivit

265 516 392 553 omnia
429 517 475 552 A.
506 517 679 564 Tempus
716 523 843 551 autem
877 514 915 550 in
953 526 1029 563 quo
1059 514 1090 549 C
1124 513 1324 562 pertransit

265 568 394 605 omnia
422 569 473 616 Β,
500 575 555 604 est
582 568 739 616 aequale
767 566 930 615 tempori
968 567 1006 602 in
1034 577 1110 613 quo
1141 567 1171 601 C
1199 566 1261 602 vel
1290 567 1320 601 B

263 620 462 670 pertransit
488 620 732 657 medietatem
750 619 921 667 ipsorum
949 620 994 665 A,
1015 623 1063 654 ut'
1084 617 1225 654 dictum
1255 625 1320 654 est.

263 674 472 710 Probatum
502 680 556 709 est
575 680 702 709 autem
732 671 836 719 quod
855 678 1006 718 tempus
1033 670 1072 706 in
1095 682 1172 717 quo
1196 670 1321 718 ipsum

264 727 295 762 B
314 725 510 775 pertransit
529 725 770 762 medietatem
789 723 960 771 ipsorum
979 724 1026 768 A,
1048 729 1102 758 est
1121 722 1322 759 dimidium

263 778 446 828 temporis
465 778 503 814 in
531 789 608 826 quo
634 777 664 813 C
693 775 893 824 pertransit
910 774 1040 811 omnia
1067 777 1113 811 A.
1144 776 1245 822 Ergo
1266 788 1322 811 se-

264 831 390 880 quitur
417 829 520 878 quod
557 829 756 866 dimidium
785 827 830 863 sit
858 827 1016 876 aequale
1054 828 1187 875 dup10;
1218 828 1323 876 quod

266 890 320 920 est
338 881 580 930 impossibile.

317 936 423 971 Haec
436 933 546 982 igitur
560 939 615 969 est
633 933 725 969 ratio
741 932 918 969 Zenonis.
941 931 1017 968 Sed
1032 931 1160 968 incidit
1172 932 1212 969 in
1226 932 1322 968 falsi-

263 994 378 1023 tatem
396 986 646 1034 praedictam:
676 985 764 1034 quia
792 984 931 1021 scilicet
949 984 1083 1032 accipit
1108 985 1212 1033 quod
1233 985 1263 1021 C
1284 985 1322 1021 in

264 1039 403 1076 eodem
426 1047 598 1087 tempore
616 1045 849 1086 pertranseat
866 1038 896 1073 B
922 1044 1217 1073 contra-motum
1237 1045 1273 1073 et
1287 1039 1321 1073 A

263 1091 478 1140 quiescens;
499 1091 603 1139 quod
623 1099 677 1127 est
696 1091 843 1136 falsum,
865 1097 906 1126 ut
925 1101 1039 1137 supra
1057 1090 1076 1110 '¹‘
1091 1089 1233 1126 dictum
1254 1097 1320 1126 est.

314 1156 326 1180 1
341 1156 371 1181 1.
382 1144 531 1181 Deinde
547 1155 635 1180 cum
651 1143 748 1180 dicit:
756 1143 891 1191 Neque
901 1142 1016 1191 igitur
1023 1142 1226 1178 secundum
1238 1149 1320 1189 etc.‚

262 1197 370 1246 ponit
389 1196 573 1233 rationem
598 1208 673 1245 qua
700 1197 806 1232 Zeno
828 1195 1049 1232 excludebat
1071 1195 1321 1231 mutationem

228 1281 237 1285 t
263 1261 362 1297 quae
391 1257 446 1285 est
472 1249 569 1285 inter
605 1247 902 1285 contradictoria.
932 1247 1093 1284 Dicebat
1127 1247 1228 1284 enim
1256 1247 1319 1284 sic.

265 1302 392 1338 Omne
421 1301 526 1350 quod
554 1308 730 1348 mutatur,
753 1301 845 1338 dum
874 1307 1051 1347 mutatur,
1078 1300 1116 1336 in
1145 1308 1278 1337 neutro
1301 1302 1320 1321 3

262 1354 514 1391 terminorum
535 1361 606 1390 est:
636 1354 724 1402 quia
744 1353 836 1390 dum
857 1360 911 1389 est
935 1352 974 1389 in
1001 1353 1164 1389 termino
1189 1365 1211 1390 a
1230 1365 1319 1402 quo,

262 1407 436 1444 nondum
465 1413 646 1452 mutatur3
673 1407 766 1443 dum
785 1413 913 1442 autem
943 1412 997 1441 est
1016 1405 1054 1442 in
1081 1405 1243 1442 termino
1272 1406 1321 1442 ad

262 1471 391 1508 quem,
413 1459 488 1496 iam
504 1465 692 1495 mutatum
713 1465 778 1495 est.
801 1458 840 1494 Si
859 1470 948 1505 ergo
963 1458 983 1478 3
998 1458 1138 1506 aliquid
1157 1465 1323 1495 mutetur

263 1512 311 1548 de
339 1524 417 1549 uno
447 1510 734 1548 contradictorio
754 1510 793 1547 in
812 1510 925 1558 aliud,
947 1510 1041 1547 sicut
1069 1510 1116 1547 de
1135 1523 1213 1547 non
1234 1511 1320 1548 albo

262 1564 300 1601 in
328 1565 469 1612 album,
491 1563 658 1612 sequitur
675 1563 781 1612 quod
805 1563 897 1600 dum
926 1571 1102 1610 mutatur,
1122 1576 1248 1612 neque
1277 1564 1323 1600 sit

262 1617 391 1654 album
418 1629 544 1665 neque
571 1629 650 1653 non
678 1617 826 1662 album;
855 1617 960 1663 quod
994 1623 1048 1652 est
1075 1616 1320 1664 impossibile.

315 1669 421 1706 Licet
440 1677 569 1707 autem
596 1669 671 1705 hoc
698 1669 970 1705 inconveniens
990 1676 1168 1717 sequatur
1192 1669 1321 1717 aliqui-

261 1722 345 1769 bus,
367 1722 430 1771 qui
449 1728 597 1771 ponunt
615 1721 839 1770 impartibile
868 1721 1027 1768 moveri,
1049 1728 1177 1758 tamen
1197 1722 1319 1768 nobis,

262 1775 327 1824 qui
344 1774 525 1823 ponimus
554 1774 658 1822 quod
678 1786 792 1810 omne
813 1774 918 1822 quod
937 1780 1116 1810 movetur
1135 1781 1191 1810 est
1210 1774 1320 1822 parti-

261 1827 347 1874 bile,
359 1828 504 1864 nullum
519 1826 653 1863 accidit
666 1826 911 1875 impossibile.
928 1826 1019 1862 Non
1035 1825 1137 1863 enim
1159 1834 1318 1875 oportet,

261 1879 292 1916 si
310 1892 389 1917 non
408 1887 463 1916 est
481 1887 603 1916 toturn
623 1879 661 1915 in
681 1879 796 1915 altero
822 1886 1088 1925 extremorum,
1109 1879 1215 1927 quod
1233 1892 1320 1928 pro-

259 1939 343 1981 pter
369 1933 444 1969 hoc
471 1945 550 1969 non
576 1931 695 1981 possit
727 1931 799 1968 dici
827 1938 891 1967 aut
919 1931 1048 1967 album
1072 1939 1136 1968 aut
1163 1944 1242 1968 non
1272 1933 1322 1969 al-

260 1985 366 2022 bum.
389 1984 579 2033 Contingit
598 1984 700 2021 enirn
720 1983 825 2033 quod
852 1996 929 2020 una
947 1996 1035 2032 pars
1060 1984 1139 2021 eius
1159 1984 1205 2021 sit
1223 1985 1319 2032 alba,

262 2045 298 2074 et
325 2038 396 2074 alia
423 2050 502 2075 non
530 2038 625 2074 alba.
653 2037 744 2073 Non
773 2044 900 2073 autem
935 2037 1068 2074 dicitur
1100 2037 1240 2086 aliquid
1269 2039 1319 2074 al-

261 2090 355 2127 bum
385 2103 430 2127 ex
458 2102 504 2127 eo
534 2090 639 2138 quod
666 2097 788 2126 totum
813 2089 858 2126 sit
884 2089 1116 2136 huiusmodi,
1137 2090 1205 2127 sed
1233 2091 1322 2139 quia

260 2143 387 2191 plures
416 2150 452 2179 et
485 2142 768 2191 principaliores
804 2149 930 2190 partes
967 2150 1053 2179 sunt
1080 2143 1192 2189 tales,
1223 2155 1320 2191 quae

262 2195 382 2243 magis
409 2195 586 2244 propriae
614 2202 701 2231 sunt
728 2201 838 2231 natae
875 2195 967 2231 tales
996 2207 1096 2231 esse:
1126 2195 1214 2243 quia
1242 2208 1320 2232 non

261 2248 364 2285 idern
394 2255 449 2284 est
476 2260 554 2284 non
583 2259 664 2284 esse
693 2247 732 2283 in
759 2247 845 2293 hoc,
867 2255 904 2283 et
923 2259 1001 2284 non
1030 2260 1111 2284 esse
1140 2255 1263 2285 totum
1282 2248 1321 2285 in

261 2301 347 2348 hoc,
380 2300 518 2337 scilicet
546 2300 584 2336 in
612 2300 698 2336 albo
727 2300 788 2336 vel
805 2301 918 2336 ῧῖκ’11011
948 2301 1046 2336 albo.
1077 2301 1125 2336 Et
1145 2301 1248 2349 quod
1269 2301 1322 2337 di-

262 2359 364 2390 ctum
385 2359 440 2389 est
459 2353 506 2390 de
525 2353 612 2390 albo
632 2353 694 2389 vel
711 2353 730 2373 3
745 2365 823 2389 non
843 2353 942 2399 albo,
963 2353 1246 2400 intelligendum
1267 2361 1322 2390 est

261 2405 310 2442 de
339 2418 422 2443 esse
448 2406 511 2443 vel
539 2418 617 2442 non
646 2418 727 2442 esse
756 2405 982 2454 simpliciter,
1014 2413 1050 2442 et
1075 2405 1114 2442 in
1143 2407 1321 2443 omnibus

261 2471 358 2507 quae
375 2466 620 2507 opponuntur
634 2458 846 2494 secundum
863 2458 1211 2506 contradictionem,
1228 2459 1322 2496 sicut

261 2511 425 2548 calidum
454 2518 490 2548 et
517 2523 595 2547 non
624 2510 804 2557 calidum,
835 2518 872 2547 et
898 2511 1128 2548 huiusmodi.
1161 2513 1322 2561 Semper

194 2587 201 2593 ·
261 2564 363 2600 enim
392 2563 580 2613 oportebit
607 2563 712 2611 quod
740 2563 785 2599 sit
811 2563 849 2600 in
878 2564 994 2600 altero
1021 2565 1185 2601 contra*
1202 2577 1322 2614 oppo-

260 2616 419 2653 sitorum
446 2616 536 2653 illud
565 2616 669 2664 quod
689 2623 872 2664 mutatur,
902 2616 991 2664 quia
1015 2616 1322 2655 denominabitur

261 2669 307 2706 ab
338 2681 383 2706 eo
412 2668 518 2716 quod
543 2668 784 2717 principalius
816 2669 927 2706 inest:
952 2669 1020 2706 sed
1048 2682 1126 2706 non
1154 2670 1322 2720 sequitur

260 2721 365 2770 quod
393 2733 546 2769 semper
582 2721 628 2757 sit
660 2728 782 2758 toturn
812 2722 850 2758 in
877 2729 1011 2758 neutro
1041 2730 1319 2771 extremorum,

259 2781 301 2810 ut
328 2775 435 2810 Zeno
454 2773 621 2822 putabat.

314 2826 520 2863 Sciendum
541 2833 597 2862 est
622 2833 749 2862 autem
779 2826 883 2874 quod
906 2827 1001 2862 haec
1029 2828 1225 2875 responsio
1246 2829 1320 2865 suf-

258 2875 339 2916 ficit'
355 2878 404 2915 ad
431 2878 692 2927 repellendum
717 2878 900 2916 rationem
921 2879 1102 2926 Zenonis,
1133 2881 1236 2928 quod
1259 2881 1321 2917 hic

258 2931 512 2980 principaliter
547 2930 761 2968 intenditur.
807 2932 1016 2978 Quomodo
1058 2940 1185 2970 autem
1224 2933 1320 2970 circa

259 2985 334 3021 hoc
361 2997 401 3021 se
429 2985 567 3021 habeat
598 2983 748 3031 veritas,
769 2984 807 3021 in
836 2985 1002 3021 octavo*
1015 2985 1162 3033 plenius
1196 2994 1319 3023 osten-

260 3037 379 3073 detur.
399 3037 491 3073 Non
511 3037 612 3073 enim
627 3036 666 3073 in
682 3037 849 3085 quolibet
866 3049 1002 3074 verum
1023 3045 1087 3085 est,
1109 3038 1213 3087 quod
1231 3051 1319 3088 pars

260 3096 345 3125 ante
364 3096 510 3138 partem
530 3090 705 3126 alteretur
716 3090 778 3126 vel
797 3097 1011 3138 generetur,
1032 3090 1100 3127 sed
1115 3091 1317 3139 aliquando

259 3147 382 3177 toturn
410 3141 532 3189 simul,
553 3149 594 3178 ut
619 3154 731 3190 supra
751 3143 771 3163 3
791 3142 933 3179 dictum
954 3150 1029 3188 est;
1059 3150 1096 3180 et
1122 3152 1212 3180 tunc
1238 3157 1318 3181 non

259 3194 374 3230 habet
392 3193 520 3230 locum
538 3194 634 3231 haec
651 3195 860 3244 responsio,
882 3196 949 3232 sed
967 3195 1028 3231 illa
1049 3209 1147 3245 quae
1166 3198 1319 3245 ponitur

259 3258 299 3282 1n
326 3253 475 3282 octavo.

319 3309 376 3334 12.
410 3297 558 3335 Deinde
587 3310 674 3335 curn
708 3299 815 3336 dicit:
843 3301 985 3336 Iterum
1019 3306 1143 3337 autem
1177 3301 1213 3338 in
1247 3301 1317 3337 cir-

172 3364 233 3389 que
260 3350 343 3387 culo
382 3357 471 3397 etc.‚
506 3350 617 3387 solvit
653 3351 837 3388 rationem
874 3352 1060 3399 Zenonis,
1099 3365 1176 3401 qua
1202 3354 1223 3374 '¹²
1255 3353 1318 3390 de-

209 3401 232 3432 νῖ
260 3403 426 3440 struebat
444 3410 592 3439 motum
617 3403 867 3451 sphaericum.
902 3403 1061 3441 Dicebat
1084 3404 1185 3441 enim
1214 3406 1318 3453 quod

259 3468 338 3492 non
371 3463 425 3492 est
458 3455 636 3504 possibile
665 3456 805 3505 aliquid
834 3456 1059 3493 circulariter
1089 3457 1151 3493 vel
1184 3458 1318 3505 sphae-

259 3508 334 3545 rice
372 3508 545 3555 moveri,
588 3508 650 3545 vel
687 3521 932 3557 quocumque
974 3509 1046 3545 alio
1085 3509 1230 3557 modo,
1268 3509 1318 3546 ita

2362 279 2433 315 315

1377 357 1584 403 grediendo
1622 369 1644 393 a
1671 358 1755 394 loco
1794 357 1831 394 in
1860 370 1937 406 quo
1966 365 2072 404 sunt,
2102 358 2169 394 sed
2202 358 2241 394 in
2272 358 2436 406 ipsomet

1378 409 1474 445 loco.
1505 411 1553 445 Et
1581 410 1655 446 hoc
1691 410 1879 458 probabat
1915 410 1977 446 tali
2005 410 2159 446 ratione.
2192 410 2318 446 Omne
2347 410 2436 447 illud

1378 462 1480 508 quod
1506 474 1576 510 per
1609 462 1763 510 aliquod
1800 470 1950 510 tempus
1988 462 2200 499 secundum
2242 470 2364 498 toturn
2402 469 2438 498 et

1376 520 1500 561 partes
1536 521 1590 550 est
1618 514 1655 550 in
1691 527 1768 550 uno
1799 522 1835 550 et
1864 514 2002 551 eodem
2030 515 2136 561 loco,
2168 514 2339 563 quiescit:
2369 514 2437 550 sed

1378 566 1507 602 omnia
1535 566 1754 603 huiusmodi
1779 574 1865 602 sunt
1892 567 1930 603 in
1955 568 2093 604 eodem
2122 568 2206 603 loco
2237 574 2273 603 et
2301 567 2381 615 ipsa
2401 574 2438 603 et

1376 625 1501 665 partes
1530 631 1663 655 eorum
1692 619 1902 655 secundum
1941 619 2094 668 aliquod
2122 626 2292 668 tempus,
2324 619 2436 655 etiam

1379 670 1470 706 dum
1498 679 1692 718 ponuntur
1710 672 1874 708 moveri:
1905 684 1994 719 ergo
2015 672 2182 720 sequitur
2203 672 2306 720 quod
2326 671 2437 708 simul

1378 731 1606 759 moveantur
1643 731 1679 759 et
1712 724 1923 772 quiescant3
1959 725 2064 772 quod
2103 732 2156 760 est
2190 724 2436 772 impossibile.

1431 775 1529 811 Huic
1549 783 1675 812 autem
1695 776 1829 812 rationi
1853 776 1982 813 obviat
2002 777 2255 825 Philosophus
2281 776 2436 825 duplici-

1377 834 1443 863 ter.
1464 828 1593 865 Primo
1624 835 1807 876 quantum
1837 829 1885 865 ad
1904 830 1978 865 hoc
2001 830 2105 878 quod
2126 829 2283 876 dixerat,
2312 837 2437 877 partes

1377 881 1559 928 sphaerae
1589 888 1715 917 motae
1744 893 1825 917 esse
1854 881 1893 917 in
1913 881 2051 918 eodem
2078 882 2163 918 loco
2187 894 2256 930 per
2284 881 2437 930 aliquod

1376 939 1543 981 tempus:
1565 940 1694 970 contra
1722 933 1828 981 quod
1860 934 2079 970 Aristoteles
2105 934 2192 971 dicit
2219 934 2324 982 quod
2351 947 2436 982 par-

1376 991 1431 1021 tes
1460 985 1642 1033 sphaerae
1670 993 1798 1022 motae
1818 986 1856 1022 in
1883 987 1984 1022 nullo
2005 994 2178 1035 tempore
2202 994 2288 1022 sunt
2315 986 2352 1022 in
2374 999 2437 1022 eo-

1378 1037 1466 1073 dem
1495 1038 1592 1074 loco.
1628 1039 1734 1074 Zeno
1765 1038 1867 1075 enim
1901 1039 2109 1087 accipiebat
2145 1040 2272 1076 locum
2301 1039 2434 1075 totius:

1378 1097 1413 1125 et
1439 1102 1575 1125 verum
1605 1098 1660 1125 est
1687 1091 1792 1139 quod
1812 1091 1904 1127 dum
1934 1092 2095 1139 sphaera
2122 1099 2310 1138 movetur,
2335 1092 2437 1128 nulla

1374 1153 1463 1190 pars
1492 1142 1564 1178 exit
1593 1149 1694 1178 extra
1723 1143 1850 1179 locum
1886 1143 1998 1180 totius
2027 1145 2230 1192 sphaerae3
2260 1144 2328 1180 sed
2355 1144 2436 1180 Ari-

1376 1195 1526 1230 stoteles
1545 1194 1710 1243 loquitur
1734 1195 1780 1231 de
1800 1196 1954 1243 proprio
1974 1197 2058 1232 loco
2077 1197 2204 1245 partis,
2226 1197 2436 1233 secundum

1376 1246 1480 1295 quod
1506 1259 1594 1295 pars
1613 1254 1738 1295 potest
1764 1248 1906 1284 habere
1925 1249 2064 1285 locum.
2086 1249 2240 1285 Dictum
2261 1257 2316 1286 est
2335 1250 2435 1286 enim

1375 1299 1413 1335 in
1433 1307 1566 1348 quarto
1589 1300 1609 1320 ³¹⁸
1636 1301 1740 1348 quod
1767 1308 1892 1348 partes
1921 1301 2087 1337 continui
2115 1309 2201 1338 sunt
2228 1302 2266 1338 in
2293 1303 2377 1338 loco
2398 1302 2437 1338 in
2466 1309 2474 1317 ·
2509 1313 2533 1328 00
2553 1314 2584 1329 *1¹
2600 1314 2614 1329 1¹

1375 1353 1556 1400 potentia.
1574 1353 1819 1389 Manifestum
1836 1360 1891 1389 est
1906 1361 2034 1389 autem
2050 1353 2087 1389 in
2103 1362 2210 1390 motu
2226 1355 2435 1402 sphaerico,

1377 1405 1482 1454 quod
1500 1417 1588 1453 pars
1608 1412 1727 1442 mutat
1745 1405 1942 1454 proprium
1963 1406 2103 1453 locum,
2125 1406 2193 1443 sed
2213 1419 2290 1443 non
2309 1409 2437 1443 locum

1375 1457 1509 1494 totius:
1531 1457 1619 1506 quia
1637 1457 1703 1494 ubi
1723 1457 1792 1494 fuit
1840 1471 1918 1494 una
1935 1471 2041 1507 pars,
2063 1459 2230 1495 succedit
2249 1459 2319 1495 alia
2336 1472 2436 1508 pars.

1430 1511 1608 1547 Secundo
1638 1510 1768 1547 obviat
1795 1510 1844 1547 ad
1871 1511 2104 1559 praedictam
2132 1512 2299 1548 Zenonis
2327 1512 2437 1548 ratio-

1376 1575 1486 1610 nem,
1512 1571 1695 1611 quantum
1724 1563 1771 1600 ad
1800 1564 1874 1599 hoc
1902 1564 2007 1612 quod
2035 1564 2144 1611 dixit,
2174 1565 2279 1613 quod
2315 1572 2437 1601 totum

2466 1467 2474 1474 '
2482 1465 2542 1492 finit
2553 1472 2662 1493 ηερωερ-

1375 1623 1505 1652 manet
1531 1616 1569 1652 in
1590 1616 1729 1652 eodem
1752 1617 1837 1652 loco
1857 1629 1926 1665 per
1946 1617 1966 1637 3
1986 1624 2148 1665 tempus.
2171 1618 2312 1654 Contra
2332 1618 2437 1666 quod
2466 1626 2474 1635 ”
2489 1631 2522 1646 αι
2540 1632 2569 1647 uo
2600 1631 2613 1646 a

1376 1668 1595 1705 Aristoteles
1630 1669 1728 1715 dicit,
1757 1669 1863 1716 quod
1892 1669 2004 1706 etiarn
2025 1677 2146 1706 totum
2175 1682 2327 1718 semper
2354 1683 2436 1706 mu-

1375 1728 1474 1757 tatur
1502 1721 1541 1758 in
1574 1721 1690 1757 alium
1719 1721 1868 1758 locum:
1903 1722 2006 1770 quod
2040 1723 2092 1758 sic
2119 1730 2232 1771 patet.
2273 1723 2335 1759 Ad
2362 1723 2437 1759 hoc

1377 1774 1480 1810 enirn
1509 1774 1616 1822 quod
1653 1774 1725 1810 sint
1763 1774 1839 1810 duo
1869 1775 1953 1811 loca
1982 1775 2151 1822 diversa,
2181 1788 2260 1812 non
2289 1783 2438 1824 oportet

1378 1826 1482 1874 quod
1517 1839 1617 1863 unus
1654 1826 1803 1863 illorum
1841 1827 2014 1864 locorum
2051 1828 2097 1864 sit
2134 1828 2294 1864 totaliter
2335 1835 2438 1865 extra

1377 1879 1511 1925 alium;
1541 1880 1609 1916 sed
1647 1880 1879 1928 quandoque
1917 1880 2072 1928 quidem
2111 1881 2299 1917 secundus
2331 1882 2437 1918 locus

1378 1939 1433 1968 est
1458 1931 1596 1980 partim
1626 1932 1848 1969 coniunctus
1876 1933 2001 1981 primo
2030 1934 2130 1980 loco,
2161 1941 2197 1970 et
2222 1933 2360 1982 partim
2389 1935 2436 1970 ab

1377 1996 1423 2020 eo
1453 1984 1605 2031 divisus,
1626 1992 1668 2021 ut
1685 1992 1810 2033 potest
1839 1985 1876 2021 in
1894 1985 1952 2021 his
1981 1986 2209 2023 considerari
2238 1999 2335 2034 quae
2355 1999 2437 2023 mo-

1376 2045 1513 2074 ventur
1532 2045 1640 2074 motu
1659 2045 1773 2074 rect0.
1796 2037 1835 2074 Si
1865 2038 1967 2074 enim
1987 2039 2142 2087 aliquod
2167 2039 2327 2076 cubitale
2357 2052 2437 2076 cor-

1374 2102 1447 2139 pus
1476 2097 1680 2127 moveatur
1709 2090 1755 2127 de
1784 2092 1850 2127 AB
1879 2092 1964 2127 loco
1999 2091 2037 2128 in
2065 2092 2130 2128 BC
2158 2092 2307 2139 locum,
2343 2105 2437 2141 quo-

1377 2155 1462 2179 rum
1490 2150 1649 2192 uterque
1677 2144 1784 2179 locus
1812 2144 1858 2180 sit
1878 2146 1896 2165 3
1918 2144 2104 2190 cubitalis3
2140 2144 2232 2181 dum
2261 2152 2439 2182 movetur
2467 2155 2504 2201 ‘0⁸

1377 2195 1424 2231 ab
1452 2207 1531 2232 uno
1560 2196 1646 2232 loco
1674 2196 1713 2232 in
1741 2196 1869 2243 alium,
1891 2204 2040 2245 oportet
2067 2197 2172 2246 quod
2207 2198 2345 2246 partim
2374 2198 2437 2235 de-

1377 2255 1475 2284 serat
1502 2260 1623 2284 unum
1645 2255 1680 2284 et
1708 2248 1929 2285 subintret*
1950 2250 2084 2296 alium;
2114 2250 2208 2286 sicut
2236 2250 2266 2286 si
2292 2250 2439 2287 deserat

1378 2300 1424 2337 de
1453 2301 1538 2336 loco
1566 2301 1633 2336 AB
1667 2309 1852 2349 quantum
1882 2309 1937 2338 est
1963 2304 2056 2350 AD,
2087 2303 2309 2340 subintrabit
2327 2303 2365 2340 in
2385 2304 2438 2340 10-

1377 2365 1466 2389 cum
1494 2353 1559 2389 BC
1580 2361 1773 2402 quantum
1802 2362 1857 2390 est
1884 2355 1963 2391 BE.
1993 2355 2239 2392 Manifestum
2265 2364 2320 2393 est
2348 2369 2436 2404 ergo

1377 2405 1482 2454 quod
1509 2406 1615 2442 locus
1644 2407 1713 2443 DE
1743 2413 1798 2442 est
1826 2407 1918 2443 alius
1947 2420 1969 2443 a
1989 2408 2074 2444 loco
2103 2410 2182 2455 AB,
2203 2421 2282 2445 non
2309 2416 2438 2446 tamen

1376 2458 1537 2495 totaliter
1564 2459 1612 2495 ab
1643 2471 1688 2495 eo
1718 2459 1927 2506 seiunctus,
1958 2460 2025 2496 sed
2061 2460 2209 2509 partim.
2242 2461 2281 2498 Si
2309 2469 2437 2498 autem

1378 2511 1529 2548 daretur
1547 2511 1652 2560 quod
1672 2511 1732 2548 illa
1750 2524 1838 2560 pars
1857 2512 2008 2549 mobilis
2028 2525 2126 2561 quae
2147 2513 2364 2550 subintrat*
2381 2527 2437 2551 se-

1378 2564 1546 2600 cundum
1562 2565 1702 2611 locum,
1724 2565 1984 2612 regrederetur
2004 2565 2042 2602 in
2060 2573 2207 2614 partem
2227 2567 2299 2602 loci
2319 2579 2436 2614 quarn

1377 2617 1519 2653 mobile
1535 2616 1683 2664 deserit,
1705 2625 1829 2654 essent
1844 2618 1921 2666 duo
1937 2619 2037 2665 loca,
2069 2626 2104 2655 et
2123 2625 2251 2655 tamen
2275 2619 2313 2656 in
2332 2621 2434 2656 nullo

1377 2669 1424 2706 ab
1445 2669 1609 2706 invicem
1630 2678 1818 2719 separata;
1844 2671 1911 2708 sed
1939 2672 2063 2707 solum
2076 2703 2078 2706 ,
2093 2671 2285 2708 differrent
2304 2685 2436 2709 secun-

1378 2722 1470 2759 dum
1499 2722 1697 2770 rationem,
1727 2724 1938 2760 secundum
1967 2725 2072 2772 quod
2102 2724 2329 2773 principium
2363 2726 2436 2762 loci

2464 1658 2535 1674 DDDDD

2505 2153 2525 2174 it
2542 2153 2606 2174 locus
2620 2159 2676 2180 mn,

2466 2181 2475 2201 l
2491 2186 2530 2201 cus
2545 2186 2592 2201 om.
2608 2186 2643 2201 rn.

2466 2262 2475 2271 *
2490 2261 2513 2281 in
2528 2260 2581 2281 add.
2596 2266 2619 2281 n.

2465 2522 2475 2530 '
2490 2521 2513 2542 in
2533 2521 2585 2542 add.
2605 2521 2640 2542 ab
2655 2525 2676 2543 et

2466 2547 2533 2568 codd.
2544 2553 2595 2568 exc.
2609 2554 2648 2569 nn.

1376 2774 1414 2811 in
1430 2775 1586 2812 diversis
1606 2775 1719 2823 signis
1735 2776 1964 2825 acciperetur
1974 2778 2004 2823 ²¹²,
2027 2777 2091 2813 ubi
2107 2777 2245 2813 scilicet
2262 2785 2317 2814 est
2334 2778 2435 2827 prin-
2464 2788 2533 2808 ἀι-ει
2550 2793 2572 2808 w
2583 2793 2611 2808 ur
2623 2794 2651 2809 »a

1377 2827 1517 2876 cipium
1546 2828 1718 2875 mobilis,
1748 2829 1844 2866 idest
1881 2829 2034 2878 aliquod
2069 2829 2218 2877 signum
2260 2832 2366 2878 quod
2397 2831 2436 2868 in

1376 2880 1508 2917 mobili
1537 2881 1716 2929 accipitur
1743 2889 1785 2918 ut
1802 2882 2045 2931 principium:
2077 2890 2112 2918 et
2140 2882 2191 2919 sic
2221 2891 2330 2920 erunt
2357 2884 2434 2920 duo

1375 2934 1458 2970 loca
1487 2934 1699 2971 secundum
1727 2934 1924 2982 rationem,
1946 2937 2013 2972 sed
2040 2948 2139 2972 unus
2167 2936 2272 2972 locus
2301 2948 2434 2974 secun-

1376 2987 1468 3023 dum
1496 2987 1720 3024 subiectum.
1752 2988 1801 3023 Et
1829 2988 1881 3024 sic
1918 2988 2199 3036 intelligendum
2243 2996 2297 3025 est
2332 2990 2435 3038 quod

1374 3038 1435 3075 hic
1464 3039 1566 3086 dicit,
1597 3039 1701 3088 quod
1729 3052 1807 3077 non
1836 3048 1892 3077 est
1919 3041 2054 3078 eadem
2085 3041 2274 3078 circulatio
2303 3054 2435 3079 secun-

1375 3091 1466 3128 dum
1487 3092 1592 3140 quod
1611 3092 1790 3141 accipitur
1808 3094 1878 3129 ut*
1893 3094 2076 3143 incipiens
2096 3095 2143 3130 ab
2163 3095 2210 3140 A,
2233 3102 2268 3130 et
2286 3103 2328 3131 ut
2346 3095 2434 3131 inci-
2486 3108 2500 3122 u
2527 3108 2540 3122 0
2589 3109 2616 3124 m

1371 3144 1480 3192 piens
1500 3157 1522 3180 a
1549 3145 1596 3192 B,
1628 3152 1663 3181 et
1689 3153 1731 3181 ut
1748 3146 1930 3194 incipiens
1950 3159 1973 3183 a
2001 3147 2044 3194 C,
2065 3147 2127 3183 vel
2147 3159 2169 3182 a
2188 3158 2433 3196 quocumque

1373 3196 1446 3233 alio
1489 3196 1617 3244 signo;
1657 3197 1727 3234 nisi
1755 3199 1848 3235 forte
1887 3198 2032 3236 dicatur
2069 3199 2204 3235 eadem
2243 3199 2431 3236 circulatio

1373 3249 1554 3296 subiecto,
1576 3250 1671 3286 sicut
1684 3251 1851 3287 musicus
1866 3252 1984 3287 homo
2002 3259 2038 3287 et
2056 3252 2187 3297 homo,
2209 3251 2297 3299 quia
2310 3264 2430 3288 unum

1373 3301 1507 3338 accidit
1535 3303 1648 3339 alteri.
1670 3303 1780 3339 Unde
1805 3303 2045 3339 manifestum
2067 3310 2122 3339 est
2149 3304 2253 3351 quod
2281 3316 2432 3353 semper

1374 3354 1420 3390 de
1447 3367 1525 3391 uno
1555 3355 1721 3391 circulari
1741 3356 1826 3391 loco
1847 3363 2024 3392 movetur
2043 3355 2080 3391 in
2106 3357 2276 3404 alterum,
2299 3364 2335 3393 et
2353 3370 2431 3394 non

1371 3406 1548 3454 quiescit,
1573 3415 1615 3443 ut
1642 3408 1747 3443 Zeno
1775 3408 1939 3455 probare
1968 3408 2154 3445 nitebatur
2169 3410 2200 3445 3.
2223 3410 2271 3445 Et
2291 3409 2429 3447 eodem

1371 3459 1550 3499 modolse
1575 3460 1689 3495 habet
1717 3466 1753 3495 et
1776 3460 1814 3495 in
1834 3461 1994 3508 sphaera
2023 3468 2059 3496 et
2086 3460 2124 3497 in
2153 3462 2330 3498 omnibus
2351 3463 2430 3505 aliis

1371 3523 1468 3559 quae
1497 3511 1591 3547 infra
1610 3513 1736 3547 locum
1755 3512 1952 3560 proprium
1978 3521 2197 3561 moventur,
2229 3514 2323 3552 sicut
2350 3513 2446 3553 rota'

1372 3570 1408 3599 et
1435 3564 1612 3599 columna
1640 3564 1701 3599 vel
1729 3564 1912 3613 quidquid
1941 3565 2042 3602 aliud
2074 3566 2304 3605 huiusmodi.

1273 3620 1415 3648 ··-›x<⁴-

2459 3418 2468 3426 '
2486 3417 2608 3439 videbatur
2626 3424 2670 3440 nm:

2459 3449 2524 3470 roan,
2535 3444 2670 3466 intendeba-

2459 3473 2497 3491 tur
2510 3477 2551 3498 An,
2566 3471 2670 3492 intende-

2459 3496 2498 3518 bat
2512 3503 2532 3518 0.
