2898 3996
83 1315 92 1323 ”
102 1314 173 1336 Num.
184 1318 213 1334 12.
221 1315 294 1340 -post

84 1340 152 1363 codd.
163 1345 212 1362 exc.
221 1345 269 1361 κε.

24 1905 32 1908 -’
82 1893 94 1905 ⁸
107 1896 192 1915 motum
210 1893 279 1915 codd.

84 1925 132 1942 exc.
147 1926 198 1942 uz.

33 2013 36 2029 3
83 1999 92 2009 ·
106 2000 190 2020 motum
204 2005 259 2020 nun.

82 2052 91 2061 ”
103 2051 233 2073 attenditur
240 2052 292 2073 vab.

81 2161 92 2172 ³
105 2161 222 2183 rationem
243 2167 291 2183 om.

11 2373 12 2377 ¹
79 2369 91 2380 ⁸
106 2369 130 2391 S.
140 2369 184 2390 Th.
194 2369 244 2390 lect.
256 2375 291 2395 x1;

8 2405 10 2412 >
80 2395 133 2417 Did.
146 2395 186 2417 lib.
198 2402 230 2422 ιι,
240 2401 291 2423 cap.

80 2427 112 2448 rx,
127 2427 150 2443 n.
164 2427 185 2443 2.

84 2627 95 2638 ⁸
109 2626 173 2648 Lect.
182 2632 198 2654 ι,
211 2632 235 2647 n.
246 2626 268 2648 6.

81 2994 91 3005 '
102 2995 185 3016 tertius
193 2997 217 3016 et
225 2995 293 3023 quin-

82 3022 119 3042 tus
146 3027 194 3043 om.
223 3021 292 3042 codd.

82 3052 132 3069 exc.
145 3053 212 3073 neom
227 3047 292 3068 scili-

82 3074 118 3094 cet
130 3073 183 3095 add.
197 3079 252 3094 ma.

24 3098 38 3121 «-
18 3011 42 3086 vsdzfs.
17 2933 41 3002 ³153*ae

85 3255 95 3264 “
110 3254 206 3282 Quium
225 3254 293 3276 codd.

86 3285 134 3302 exc.
153 3286 292 3306 noaz-rutro.

1156 290 1266 326 CAP.
1295 290 1346 337 v,
1376 289 1640 341 LECT.VV111

322 376 376 405 est
403 369 441 405 in
468 370 748 417 aegritudinem,
779 377 834 406 est
859 381 957 406 unus
993 376 1028 404 et
1054 368 1156 405 idem
1185 368 1373 414 subiecto,

320 420 388 457 sed
416 433 489 457 non
518 428 572 458 est
597 423 693 459 idem
721 434 798 459 esse
825 422 910 469 ipsis
939 419 963 467 ὅ,
994 421 1087 457 idest
1116 421 1291 457 differunt
1318 432 1375 456 ra-

319 472 433 519 tione,
455 486 501 509 eo
529 475 645 511 modo
674 487 749 522 quo
778 486 856 511 non
880 480 935 510 est
962 473 1063 509 idern
1083 473 1290 509 secundum
1319 484 1374 509 ra—

319 524 462 561 tionem
487 527 635 563 moveri
655 539 677 563 a
695 527 867 572 sanitate,
893 533 929 562 et
946 525 1092 562 moveri
1113 525 1151 562 in
1179 525 1374 572 aegritudi-

320 589 408 613 nem
435 583 461 622 ‘;
482 579 571 626 quia
588 591 686 615 unus
712 579 889 627 importat
906 577 1164 614 habitudinem
1182 585 1307 614 motus
1326 577 1374 614 ad

319 629 519 666 terminum
547 643 569 667 a
597 643 685 679 quo,
711 631 802 667 alius
831 637 957 667 autem
992 629 1251 666 habitudinem
1279 629 1374 665 eius-

321 681 408 717 dem
425 690 550 719 motus
570 683 619 719 ad
636 683 837 719 terminum
860 683 910 719 ad
928 694 1052 730 quem.
1075 683 1166 718 Non
1185 690 1240 718 est
1267 682 1374 729 igitur

320 734 537 782 accipienda
551 735 790 772 contrarietas
808 742 933 771 motus
952 734 1160 771 secundum
1175 734 1375 770 contrarie-

320 793 434 822 tatem
452 787 561 823 unius
580 787 726 824 termini
755 788 803 824 ad
826 787 950 823 alium.

372 850 408 884 4.
429 839 576 876 Deinde
598 852 683 876 curn
711 839 814 876 dicit:
833 840 968 887 Neque
995 839 1060 886 qui
1082 845 1135 875 est
1152 850 1201 875 ex
1228 844 1373 876 contra-

321 890 377 926 rio
408 898 488 937 etc.,
509 892 670 928 ostendit
698 892 800 940 quod
825 891 1065 928 contrarietas
1093 899 1267 927 motuum
1295 903 1373 928 non

322 949 377 978 est
404 943 622 992 accipienda
645 944 852 981 secundum
872 943 1171 980 contrarietatem
1197 944 1373 980 termino-

321 1006 404 1031 rum
432 1008 476 1031 ex
504 996 639 1044 quibus
666 996 794 1045 incipit
819 1003 955 1032 motus.
986 996 1035 1032 Et
1060 996 1134 1032 hoc
1168 995 1284 1031 tribus
1317 1007 1373 1032 ra-

320 1046 494 1095 tionibus,
516 1060 674 1097 quarum
700 1049 822 1097 prima
840 1048 920 1085 talis
950 1055 1015 1085 est.
1044 1049 1131 1084 Duo
1156 1055 1281 1083 motus
1309 1048 1373 1096 qui

319 1098 358 1135 in
394 1099 494 1136 idem
528 1101 705 1147 tendunt,
735 1113 813 1137 non
849 1108 935 1137 sunt
971 1099 1161 1137 contrarii:
1195 1099 1263 1136 sed
1297 1099 1372 1136 duo

320 1159 444 1188 motus
464 1165 508 1188 ex
532 1153 723 1190 contrariis
751 1153 979 1199 recedentes,
1008 1160 1168 1201 possunt
1190 1152 1228 1188 in
1255 1164 1374 1188 unum

322 1211 357 1239 et
375 1203 476 1241 idem
503 1206 670 1252 tendere3
694 1205 806 1242 simul
832 1206 930 1242 enim
950 1205 1082 1242 accidit
1109 1205 1258 1250 mutari,
1279 1204 1375 1241 idest

322 1257 535 1304 aequaliter,
567 1270 610 1294 ex
630 1257 814 1294 contrario
842 1258 882 1294 in
901 1257 1128 1294 contrarium
1156 1264 1219 1294 aut
1236 1256 1275 1293 in
1294 1269 1373 1293 me-

323 1308 439 1355 dium,
467 1317 507 1345 ut
525 1317 656 1358 postea
674 1311 693 1332 '¹‘
713 1310 869 1355 dicetur3
899 1317 935 1346 et
953 1309 1006 1346 sic
1034 1322 1079 1346 ex
1106 1316 1264 1358 utroque
1285 1321 1373 1345 con-

321 1361 432 1397 trario
471 1362 647 1409 contingit
673 1363 712 1399 in
748 1374 866 1398 unum
902 1362 1070 1399 medium
1106 1361 1252 1398 mutari.
1283 1362 1374 1398 Non

323 1425 410 1461 ergo
447 1422 572 1451 motus
608 1421 761 1463 propter
788 1415 862 1450 hoc
898 1422 984 1451 sunt
1017 1413 1209 1461 contrarii,
1237 1413 1324 1462 quia
1351 1426 1374 1450 a

322 1466 512 1503 contrariis
539 1467 721 1515 incipiunt
747 1466 905 1503 moveri.

378 1519 409 1554 5.
432 1519 646 1556 Secundam
665 1519 848 1555 rationem
866 1518 974 1567 ponit
996 1518 1063 1555 ibi:
1094 1518 1167 1554 Sed
1191 1519 1315 1567 magis
1335 1518 1372 1554 in

321 1572 549 1607 contrarium
587 1572 727 1608 mutari
762 1578 850 1616 etc.;
883 1583 980 1619 quae
1008 1571 1088 1607 talis
1126 1578 1191 1606 est.
1221 1571 1279 1606 Ex
1311 1570 1372 1606 illo

321 1623 538 1671 accipienda
566 1631 621 1660 est
648 1623 739 1660 ratio
769 1623 1035 1660 contrarietatis
1063 1623 1101 1659 in
1132 1630 1249 1670 motu,
1271 1623 1373 1671 quod

320 1675 439 1722 magis
467 1676 552 1712 facit
577 1683 724 1712 motum
753 1687 833 1712 esse
863 1675 1107 1711 contrarium:
1132 1675 1200 1711 sed
1229 1682 1374 1711 contra—

321 1727 430 1764 rietas
466 1728 712 1764 terminorum
747 1728 796 1764 ad
835 1739 931 1776 quos
973 1734 1098 1763 motus
1135 1726 1372 1773 terminatur,

321 1780 439 1827 magis
466 1780 615 1817 videtur
643 1792 725 1817 esse
754 1792 866 1816 causa
894 1779 1161 1816 contrarietatis
1188 1786 1372 1825 motuum,

321 1844 435 1880 quam
471 1832 708 1869 contrarietas
746 1832 991 1868 terminorum
1027 1844 1049 1867 a
1077 1831 1212 1880 quibus
1248 1830 1376 1879 incipit

320 1893 461 1931 motus;
478 1885 565 1933 quia
585 1897 671 1921 cum
687 1884 771 1921 dico
790 1890 914 1920 motus
932 1883 1128 1931 *incipere
1144 1896 1166 1920 a
1182 1883 1375 1920 contrariis

321 1938 498 1985 terminis,
515 1937 598 1974 dico
614 1937 864 1973 remotionem
879 1936 1164 1982 contrarietatis;
1182 1947 1267 1972 cum
1280 1948 1374 1972 vero

322 1990 405 2027 dico
425 1997 548 2026 motus
566 1990 586 2009 *
601 1989 780 2026 accedere
801 1988 848 2025 ad
869 1988 1062 2035 contraria,
1085 1988 1169 2024 dico
1190 1988 1375 2036 acceptio—

320 2055 409 2079 nem
429 2041 711 2078 contrarietatis:
737 2053 825 2087 ergo
850 2053 927 2076 non
942 2040 1120 2088 accipitur
1140 2042 1159 2061 ’Κ
1175 2040 1374 2076 contrarie-

321 2103 375 2131 tas
402 2102 575 2131 motuum
600 2094 807 2130 secundum
835 2093 1036 2129 terminum
1063 2105 1085 2129 a
1113 2104 1188 2141 quo
1217 2100 1371 2129 tantum.

374 2148 408 2184 6.
431 2146 599 2183 Tertiam
622 2146 807 2182 rationem
828 2145 847 2165 *
867 2145 974 2193 ponit
999 2145 1068 2181 ibi:
1088 2146 1139 2180 Et
1158 2145 1292 2181 dicitur
1310 2157 1376 2181 au-

319 2205 390 2236 tem
425 2199 674 2247 unusquisque
694 2206 775 2243 etc.;
797 2209 892 2246 quae
912 2197 992 2233 talis
1013 2203 1077 2233 est.
1099 2196 1159 2232 Ab
1189 2209 1234 2232 eo
1255 2209 1276 2232 a
1300 2209 1375 2244 quo

319 2252 458 2300 aliquid
485 2251 614 2299 recipit
650 2263 793 2287 nornen
827 2257 864 2285 et
892 2249 1077 2297 speciem,
1107 2248 1236 2296 recipit
1264 2249 1376 2285 etiam

320 2303 630 2350 contrarietatem,
652 2314 737 2339 cum
757 2302 997 2338 contrarietas
1021 2301 1066 2337 sit
1088 2301 1296 2338 differentia
1320 2313 1376 2337 se-

319 2357 485 2393 cundum
513 2356 685 2402 formam,
705 2362 745 2390 ut
772 2361 873 2402 patet
900 2353 938 2390 in
966 2354 1000 2389 X
1023 2354 1238 2401 Metaphys.
1261 2354 1279 2374 *
1300 2353 1376 2389 Sed

318 2408 575 2457 unusquisque
593 2414 718 2443 motus
736 2406 854 2453 magis
875 2405 1017 2452 dicitur,
1038 2405 1132 2442 idest
1154 2405 1376 2443 denomina-

317 2469 388 2508 tur,
419 2468 455 2497 et
481 2459 647 2508 speciem
667 2458 796 2507 recipit
816 2470 837 2494 a
856 2457 1016 2494 termino
1037 2458 1074 2494 in
1103 2470 1235 2506 quem,
1262 2469 1375 2506 quam

319 2526 342 2550 a
369 2512 528 2550 termino
559 2524 603 2548 ex
631 2523 720 2560 quo,
742 2511 835 2546 sicut
862 2510 1005 2546 sanatio
1027 2510 1158 2547 dicitur
1184 2518 1308 2546 motus
1337 2510 1374 2545 in

319 2566 531 2611 sanitatem,
563 2571 598 2600 et
626 2562 818 2611 aegritudo
856 2569 981 2599 motus
1009 2562 1047 2598 in
1081 2562 1374 2610 aegritudinem3

321 2626 356 2655 et
382 2619 457 2654 hoc
486 2617 597 2653 etiam
625 2628 737 2664 supra
758 2617 776 2636 *²
806 2615 944 2651 dictum
964 2622 1028 2651 est.
1061 2615 1181 2662 Magis
1202 2627 1290 2662 ergo
1316 2626 1375 2651 ac-

320 2670 493 2718 cipienda
522 2676 576 2705 est
605 2668 844 2705 contrarietas
869 2674 1041 2703 motuum
1069 2667 1276 2704 secundum
1303 2674 1374 2702 ter-

318 2723 464 2759 minum
478 2722 516 2758 in
535 2733 660 2770 quem,
677 2733 791 2769 quam
808 2719 1015 2756 secundum
1032 2719 1232 2756 terminum
1248 2732 1270 2756 a
1285 2731 1373 2767 quo.

320 2776 369 2811 Et
396 2774 448 2811 sic
475 2774 577 2810 idem
606 2773 710 2822 quod
737 2772 851 2820 prius.

373 2839 408 2875 7.
439 2826 585 2863 Deinde
615 2838 701 2862 cum
739 2824 839 2861 dicit:
869 2823 1104 2871 Relinquitur
1140 2823 1256 2872 igitur
1284 2830 1374 2870 etc.,

321 2879 510 2916 concludit
528 2878 647 2926 quod,
669 2876 819 2913 remotis
849 2876 997 2912 duobus
1016 2875 1139 2912 modis
1167 2875 1375 2911 secundum

321 2931 621 2969 contrarietatem
649 2929 894 2966 terminorum
922 2928 1094 2975 acceptis,
1121 2927 1376 2975 relinquuntur

320 2984 396 3021 duo
417 2983 488 3031 alii,
509 2983 646 3020 scilicet
664 2981 791 3018 tertius
811 2988 847 3017 et
874 2980 1024 3028 quintus
1042 2981 1072 3015 *ε
1098 2992 1259 3028 quorum
1278 2992 1375 3016 unus

321 3043 376 3072 est
403 3035 612 3072 secundum
641 3035 761 3071 solam
796 3033 1096 3069 contrarietatem
1129 3032 1376 3068 terminorum

321 3089 369 3125 ad
398 3100 510 3135 quos,
541 3098 655 3136 quem
683 3086 799 3133 tangit
828 3097 913 3121 cum
944 3085 1030 3122 dicit
1062 3084 1126 3132 qui
1152 3090 1206 3120 est
1223 3084 1259 3120 in
1289 3095 1374 3120 con-

321 3140 438 3176 traria
452 3153 466 3183 ;
505 3139 598 3176 alius
639 3139 702 3187 qui
737 3146 791 3174 est
827 3137 1036 3174 secundum
1073 3136 1373 3173 contrarietatem

319 3199 563 3240 utrorumque
592 3191 855 3236 terminorum,
885 3201 999 3238 quern
1031 3188 1146 3235 tangit
1174 3200 1259 3224 cum
1288 3187 1374 3224 dicit

321 3249 357 3281 et
382 3244 447 3291 qui
472 3249 525 3279 est
559 3244 596 3280 in
625 3243 814 3279 contraria
849 3253 897 3277 ex
931 3241 1136 3277 contrariis.
1175 3240 1322 3275 Primus
1351 3239 1370 3259 *

2407 294 2480 340 257

1430 367 1655 404 trarietatem
1685 368 1848 416 aliquam
1885 368 2153 415 terminorum,
2182 368 2248 405 sed
2276 371 2482 407 secundum

1430 432 1624 456 accessum
1653 427 1688 456 et
1721 432 1910 456 recessum
1938 421 1985 456 ab
2020 420 2156 457 eodem
2189 421 2359 457 termino.
2383 423 2483 459 Con-

1430 472 1543 509 cludit
1562 480 1686 508 autem
1700 474 1720 493 '¹‘
1733 472 1895 518 ulterius,
1913 473 2021 521 quod⁴
2038 473 2131 509 forte
2151 473 2188 509 hi
2208 473 2283 510 duo
2304 474 2409 510 modi
2429 486 2482 510 re-

1429 525 1525 561 sidui
1553 533 1639 561 sunt
1665 525 1766 561 idem
1787 524 1966 571 subiecto,
1993 525 2080 572 quia
2103 525 2153 560 illi
2171 533 2295 561 motus
2316 526 2378 574 qui
2398 534 2483 563 sunt

1429 577 1466 613 in
1495 577 1690 624 contraria,
1721 585 1805 613 sunt
1835 577 1945 613 etiam
1975 590 2020 613 ex
2055 577 2263 614 contrariis:
2293 578 2359 614 sed
2388 579 2481 615 forte

1429 629 1638 666 secundum
1673 629 1858 666 rationem
1891 641 1968 666 non
1997 637 2081 666 sunt
2108 629 2222 677 idem,
2247 637 2401 678 propter
2428 631 2481 668 di-

1428 694 1557 718 versas
1576 682 1813 719 habitudines
1832 689 1957 718 motus
1977 682 2025 718 ad
2050 682 2242 728 terminos,
2262 690 2302 718 ut
2330 695 2441 731 supra
2461 685 2480 704 ’¹‘

1430 734 1570 770 dictum
1599 742 1664 771 est.
1693 735 1741 771 Et
1769 734 2019 782 exemplificat
2045 734 2149 781 quod
2176 742 2300 770 motus
2329 736 2391 782 qui
2425 744 2479 772 est

1428 787 1466 823 in
1494 786 1701 833 sanitatem,
1733 786 1765 822 ei
1794 786 1857 836 qui
1886 793 1940 822 est
1968 798 2013 822 ex
2042 786 2268 834 aegritudine
2298 794 2352 823 est
2378 787 2480 824 idem

1428 839 1607 886 subiecto,
1629 839 1696 876 sed
1723 851 1801 876 non
1829 838 1982 875 ratione.
2004 839 2053 874 Et
2080 838 2244 875 similiter
2272 839 2335 887 qui
2364 848 2418 876 est
2437 852 2481 876 ex

1429 891 1595 938 sanitate,
1626 891 1658 927 ei
1678 891 1741 940 qui
1770 898 1824 928 est
1851 891 1889 927 in
1917 891 2188 938 aegritudinem
2219 893 2249 927 ²⁸.

1481 944 1516 980 8.
1534 943 1682 980 Deinde
1698 956 1785 980 cum
1801 943 1903 980 dicit:
1924 943 2110 984 Quoniam
2125 949 2249 979 autem
2264 943 2388 992 differt
2397 951 2479 991 etc.,

1429 995 1591 1032 ostendit
1610 996 1804 1043 quomodo
1825 995 2026 1043 accipiatur
2046 995 2285 1032 contrarietas
2304 996 2342 1032 in
2361 1004 2478 1032 motu.

1428 1048 1477 1083 Et
1503 1047 1626 1096 primo
1656 1048 1865 1084 secundum
1894 1047 1996 1095 quod
2025 1054 2149 1084 motus
2178 1054 2232 1084 est
2260 1048 2307 1084 ad
2337 1056 2480 1085 contra-

1428 1099 1542 1145 rium;
1572 1099 1739 1136 secundo
1758 1106 1871 1148 prout
1897 1107 2022 1135 motus
2052 1108 2106 1136 est
2129 1100 2178 1136 ad
2205 1099 2387 1147 medium,
2413 1100 2479 1137 ibi:

1433 1152 1507 1193 Qui
1531 1158 1655 1188 autem
1683 1152 1734 1189 ad
1759 1152 1921 1188 medium
1942 1153 1961 1172 ’³
1982 1159 2049 1188 etc.
2072 1152 2180 1188 Circa
2206 1152 2372 1200 primum
2404 1153 2479 1189 duo

1427 1204 1530 1240 facit:
1558 1204 1681 1252 primo
1711 1203 1873 1240 ostendit
1892 1203 1982 1251 quid
2010 1204 2095 1240 facit
2123 1204 2421 1241 contrarietatem
2442 1205 2480 1241 in

1428 1256 1608 1302 motibus;
1639 1255 1805 1293 secundo
1835 1255 1924 1304 quid
1947 1255 1985 1291 in
2013 1256 2292 1304 mutationibus,
2313 1257 2380 1293 ibi:
2410 1258 2484 1299 Qui

1427 1314 1551 1345 autem
1570 1314 1624 1345 est
1640 1309 1677 1345 in
1706 1308 1937 1344 contrarium
1958 1309 1977 1328 ³⁵
1999 1316 2066 1344 etc.
2093 1308 2201 1344 Circa
2220 1309 2384 1357 primum
2404 1310 2479 1346 duo

1427 1361 1527 1397 facit:
1556 1361 1681 1409 primo
1710 1360 1872 1397 ostendit
1897 1360 2135 1409 propositum
2164 1361 2399 1408 syllogismo;
2426 1374 2481 1398 se—

1428 1412 1552 1449 cundo
1572 1412 1800 1459 inductione,
1817 1412 1884 1449 ibi:
1904 1413 2150 1461 Manifestum
2169 1418 2223 1449 est
2239 1418 2361 1449 autem
2379 1414 2398 1434 '³‘
2413 1421 2480 1450 etc.

1427 1465 1539 1501 Ponit
1557 1473 1682 1502 autem
1699 1465 1823 1513 primo
1844 1467 1864 1486 ²⁶
1883 1465 1996 1501 talem
2018 1465 2212 1501 rationem.
2230 1465 2482 1502 Contrarietas

1428 1517 1639 1566 aliquorum
1660 1517 1838 1566 accipitur
1866 1517 2073 1554 secundum
2095 1517 2290 1565 propriam
2317 1518 2482 1566 speciem

1429 1577 1464 1606 et
1492 1569 1676 1606 rationem
1703 1569 1888 1618 ipsorum:
1917 1569 1984 1606 sed
2011 1569 2163 1618 propria
2186 1569 2279 1606 ratio
2308 1570 2484 1618 specifica

1427 1629 1553 1659 motus
1582 1629 1647 1669 est,
1669 1622 1773 1670 quod
1796 1621 1842 1658 sit
1869 1621 2056 1670 quaedam
2077 1622 2233 1658 mutatio
2263 1634 2285 1658 a
2313 1622 2480 1670 quodam

1428 1674 1595 1711 subiecto
1624 1674 1810 1710 affirmato
1847 1674 1885 1710 in
1922 1674 2116 1722 quoddam
2148 1674 2356 1710 subiectum
2384 1675 2483 1711 affir-

1428 1734 1583 1773 matum,
1604 1726 1748 1762 habens
1777 1727 1872 1763 duos
1905 1725 2086 1762 terminos
2115 1726 2177 1772 (in
2205 1738 2280 1775 quo
2310 1726 2432 1763 differt
2460 1740 2482 1763 a

1428 1778 1654 1824 mutatione,
1685 1790 1780 1826 quae
1809 1790 1887 1814 non
1916 1790 2064 1827 semper
2091 1778 2204 1814 habet
2236 1778 2330 1815 duos
2357 1779 2482 1815 termi-

1428 1843 1498 1867 nos
1527 1830 1760 1876 affirmatos):
1781 1842 1868 1877 ergo
1898 1830 2115 1879 relinquitur
2139 1830 2242 1879 quod
2270 1830 2317 1866 ad
2337 1838 2480 1867 contra-

1428 1883 1597 1919 rietatem
1634 1890 1759 1919 motus
1788 1882 1984 1930 requiritur
2021 1882 2260 1919 contrarietas
2298 1894 2342 1919 ex
2378 1890 2482 1931 parte

1427 1943 1673 1982 utrorumque
1692 1935 1957 1979 terminorum3
1986 1942 2026 1971 ut
2053 1935 2191 1971 scilicet
2208 1935 2360 1983 proprie
2385 1935 2482 1971 dica-

1429 1995 1487 2024 tur
1505 1994 1629 2024 motus
1649 1987 1865 2034 contrarius,
1887 1987 1950 2035 qui
1979 1994 2033 2023 est
2062 1999 2105 2023 ex
2125 1987 2310 2023 contrario
2337 1987 2375 2023 in
2395 2000 2483 2024 con-

1428 2040 1595 2085 trarium,
1616 2039 1650 2075 ei
1678 2039 1741 2088 qui
1770 2046 1824 2075 est
1853 2051 1898 2075 ex
1927 2039 2111 2075 contrario
2140 2039 2178 2075 in
2207 2039 2432 2076 contrarium
2456 2039 2481 2086 ζ,

1430 2092 1523 2128 sicut
1546 2091 1610 2140 qui
1630 2099 1685 2128 est
1708 2104 1753 2128 ex
1776 2092 1930 2128 sanitate
1945 2091 1984 2127 in
2003 2091 2282 2139 aegritudinem,
2301 2091 2333 2127 ei
2353 2092 2415 2140 qui
2431 2099 2484 2128 est

1430 2156 1475 2181 ex
1503 2143 1732 2191 aegritudine
1760 2144 1798 2180 in
1826 2143 2032 2180 sanitatem.

1483 2208 1518 2243 9.
1535 2196 1682 2232 Deinde
1699 2208 1785 2233 curn
1805 2196 1907 2232 dicit:
1927 2196 2174 2244 Manifestum
2190 2201 2244 2232 est
2256 2193 2384 2232 'autem
2401 2203 2482 2243 etc.,

1429 2247 1639 2284 manifestat
1674 2248 1777 2284 idem
1813 2260 1882 2296 per
1909 2248 2176 2285 inductionem.
2206 2249 2255 2284 Et
2286 2248 2410 2296 primo
2445 2248 2483 2284 in

1430 2300 1646 2336 alteratione
1675 2300 1878 2348 corporali:
1907 2300 1995 2348 quia
2028 2307 2220 2347 aegrotare
2255 2307 2310 2336 est
2338 2308 2483 2337 contra-

1430 2352 1526 2388 rium
1546 2351 1579 2388 ei
1599 2352 1703 2400 quod
1723 2359 1777 2388 est
1797 2351 1934 2397 sanari,
1951 2364 2113 2400 quorum
2133 2352 2277 2400 primus
2293 2354 2312 2374 ’³‘
2329 2360 2384 2389 est
2402 2365 2483 2389 mo-

1429 2411 1487 2440 tus
1524 2416 1546 2440 a
1574 2404 1729 2440 sanitate
1757 2404 1796 2440 in
1824 2404 2116 2451 aegritudinem,
2146 2404 2238 2440 alius
2266 2405 2285 2425 ’¹‘
2312 2417 2405 2441 vero
2435 2405 2481 2441 ab

1429 2456 1658 2504 aegritudine
1686 2456 1725 2492 in
1753 2456 1960 2493 sanitatem.
1990 2457 2076 2492 Hoc
2095 2455 2208 2492 etiam
2240 2464 2342 2505 patet
2368 2457 2406 2493 in
2434 2458 2483 2493 al-

1429 2508 1671 2545 terationibus
1699 2509 1866 2545 animae:
1888 2508 1975 2557 quia
2004 2508 2037 2544 ei
2065 2508 2166 2556 quod
2188 2515 2242 2544 est
2269 2509 2482 2556 addiscere,

1430 2561 1658 2597 contrarium
1688 2568 1743 2597 est
1763 2560 1900 2609 decipi,
1931 2572 2008 2596 non
2036 2561 2083 2596 ab
2111 2560 2205 2608 ipso,
2226 2558 2293 2597 sed
2321 2561 2368 2597 ab
2397 2561 2480 2597 alio.

1430 2613 1479 2649 Hi
1508 2613 1608 2649 enim
1645 2620 1770 2649 motus
1798 2619 1883 2649 sunt
1910 2612 1948 2649 in
1986 2612 2170 2648 contraria
2198 2624 2242 2648 ex
2271 2613 2480 2658 contrariis;

1429 2665 1517 2713 quia
1544 2665 1737 2701 addiscere
1767 2672 1822 2701 est
1839 2672 1963 2701 motus
1992 2665 2039 2700 ab
2059 2664 2265 2712 ignorantia
2293 2665 2341 2701 ad
2364 2665 2481 2702 scien-

1429 2718 1538 2765 tiam,
1569 2717 1689 2765 decipi
1727 2724 1852 2753 autem
1890 2729 1912 2753 a
1948 2716 2101 2753 scientia
2138 2717 2186 2753 ad
2222 2717 2479 2764 ignorantiam.

1429 2770 1586 2816 -Quare
1602 2776 1726 2805 autem
1745 2769 1879 2806 addit*
1894 2780 1967 2805 non
1985 2781 2057 2817 per
2076 2769 2206 2817 ipsum,
2218 2769 2378 2806 ostendit
2397 2770 2482 2806 sub-

1430 2823 1534 2868 dens,
1551 2822 1639 2869 quia
1658 2821 1751 2857 sicut
1778 2821 1815 2857 in
1835 2821 1987 2857 scientia
2015 2821 2192 2868 contingit
2219 2821 2322 2870 quod
2349 2822 2481 2870 aliquis

1428 2886 1497 2922 per
1528 2873 1694 2922 seipsum
1723 2873 1887 2922 acquirat
1916 2885 2013 2920 earn,
2034 2881 2069 2910 et
2091 2874 2165 2910 hoc
2191 2877 2350 2911 vocatur
2376 2874 2480 2911 inve-

1429 2926 1530 2971 nire3
1560 2925 1788 2974 quandoque
1815 2937 1908 2962 vero
1937 2938 2014 2962 non
2047 2937 2116 2974 per
2145 2926 2309 2974 seipsum
2338 2926 2404 2963 sed
2433 2928 2479 2963 ab

1430 2978 1513 3024 alio,
1535 2985 1570 3014 et
1597 2979 1670 3014 hoc
1697 2985 1856 3014 vocatur
1875 2978 2084 3024 addiscere3
2104 2978 2154 3014 ita
2183 2978 2359 3025 contingit
2378 2979 2482 3027 quod

1429 3030 1629 3078 aliquando
1659 3029 1791 3078 aliquis
1811 3030 1992 3078 decipitur
2015 3043 2037 3067 a
2055 3030 2191 3078 seipso,
2212 3030 2412 3079 aliquando
2433 3032 2480 3067 ab

1430 3082 1521 3128 alio;
1553 3090 1588 3118 et
1615 3082 1689 3118 hoc
1715 3082 1867 3131 proprie
1887 3083 2090 3131 opponitur
2113 3084 2146 3119 ei
2174 3083 2277 3131 quod
2297 3090 2351 3119 est
2378 3083 2480 3119 addi-

1429 3147 1577 3171 scere.-
1590 3135 1638 3170 Et
1665 3134 1739 3170 hoc
1759 3134 1870 3171 etiam
1890 3142 2044 3183 apparet
2062 3135 2102 3172 in
2120 3143 2226 3171 motu
2244 3135 2367 3171 locali:
2394 3134 2479 3182 quia

1428 3194 1553 3222 motus
1581 3198 1731 3223 sursum
1751 3194 1807 3223 est
1825 3187 2029 3224 contrarius
2058 3187 2091 3223 ei
2120 3187 2182 3235 qui
2207 3194 2261 3222 est
2289 3186 2477 3232 deorsum,

1429 3251 1525 3286 quae
1554 3246 1639 3275 sunt
1672 3239 1856 3276 contraria
1888 3239 2095 3275 secundum
2128 3237 2413 3285 longitudinem;
2444 3245 2479 3274 et

322 3303 447 3333 autem
474 3295 612 3332 modus
649 3307 726 3331 non
763 3293 1014 3340 accipiebatur
1041 3292 1249 3328 secundum
1285 3303 1372 3327 con·
1399 3287 1403 3339 Ι
1429 3298 1555 3327 motus
1583 3291 1647 3339 qui
1677 3299 1731 3327 est
1758 3291 1807 3328 ad
1835 3291 2017 3338 dextrum,
2039 3297 2093 3326 est
2121 3289 2325 3326 contrarius
2354 3289 2387 3325 ei
2415 3290 2478 3337 qui

373 3454 398 3486 δ)
417 3454 464 3479 sed
482 3460 533 3478 non
558 3455 597 3477 est
621 3452 689 3476 idem
711 3458 765 3476 esse
785 3451 854 3482 ipsis.
868 3465 888 3468 —
902 3450 948 3475 sed
972 3456 1026 3474 esse
1045 3450 1094 3481 ipsi
1118 3456 1169 3474 non
1194 3452 1233 3473 est
1251 3449 1319 3473 idem
1339 3449 1373 3480 P;

320 3498 367 3523 pro
386 3490 456 3521 ipsis,
477 3488 558 3520 ipsius
576 3487 755 3518 ABDEGHpL
775 3490 800 3510 et
818 3493 843 3509 a.
1245 3518 1250 3523 ·
1357 3518 1363 3524 ⁶

374 3525 395 3557 ε)
415 3523 515 3548 moveri
532 3530 549 3547 a
567 3522 689 3549 sanitate,
705 3525 730 3545 et
745 3520 844 3546 moveri
858 3520 883 3544 in
903 3519 1106 3552 aegritudinem.
1118 3532 1136 3537 -
1151 3525 1248 3543 moveri
1268 3525 1285 3542 a
1303 3525 1373 3542 sam-

1429 3457 1522 3474 unus...
1540 3449 1608 3474 alius
1626 3453 1722 3477 autem,
1737 3449 1798 3481 quia
1817 3455 1924 3472 unumn.
1948 3447 2022 3471 aliud
2046 3453 2107 3471 vero
2125 3446 2156 3476 D,
2175 3446 2237 3478 quia
2256 3454 2378 3471 unum...
2396 3446 2477 3471 alium

1428 3491 1490 3509 vero
1509 3484 1539 3514 N,
1552 3485 1615 3516 quia
1634 3492 1740 3508 unum...
1758 3483 1826 3507 alius
1844 3486 1931 3507 autem
1951 3482 2037 3510 EGab,
2052 3481 2114 3512 quia
2133 3488 2240 3506 unum...
2257 3481 2326 3506 alius
2349 3488 2410 3506 vero
2430 3487 2477 3506 cet.

1481 3518 1506 3551 ζ)
1527 3519 1551 3543 ei
1569 3519 1614 3551 qui
1627 3522 1666 3543 est
1683 3526 1720 3543 ex
1738 3517 1872 3543 contrario
1888 3517 1912 3541 in
1926 3516 2122 3541 contrarium.—
2132 3516 2200 3540 Haec
2218 3523 2270 3540 om.
2285 3515 2478 3548 EGfflKLQpR

322 3563 376 3585 tate
395 3560 421 3584 in
441 3557 634 3591 aegritudinem
654 3556 712 3581 edd.
727 3556 780 3584 ab,
801 3560 825 3580 et
845 3555 919 3587 EpG,
940 3554 983 3586 qui
1002 3559 1087 3578 tamen
1106 3561 1152 3585 pro
1171 3553 1271 3577 moveri
1288 3553 1375 3585 legunt
1429 3554 1463 3577 sB
1482 3558 1507 3577 et
1524 3561 1555 3582 a,
1581 3558 1684 3585 propter
1703 3559 1834 3577 recursum
1854 3551 2004 3575 eorumdem
2022 3550 2174 3581 verborum3
2194 3551 2239 3575 sed
2264 3550 2346 3575 omitti
2365 3558 2415 3575 non
2434 3552 2478 3576 de-

322 3594 434 3624 mutam
453 3593 552 3618 mutari
569 3599 587 3616 a
605 3591 720 3616 sanitate
744 3594 770 3615 et
788 3590 888 3614 mutari
906 3590 931 3614 in
947 3589 1139 3622 aegritudinem
1155 3593 1227 3612 cct.—
1239 3588 1289 3612 Pro
1313 3588 1375 3619 quia
1428 3588 1502 3617 bent,
1521 3593 1550 3612 ut
1569 3596 1599 3613 ex
1617 3592 1735 3612 contextu
1754 3591 1831 3619 patet.
1850 3586 1889 3611 Cf.
1903 3594 1929 3611 n.
1946 3593 1969 3611 2.

465 3645 533 3677 Opp.
553 3644 583 3668 D.
598 3643 710 3667 Tnomm:
724 3642 755 3666 T.
775 3642 803 3665 Il.

2269 3635 2300 3660 33

2508 477 2517 487 ⁸
2533 479 2609 498 autem
2629 483 2675 499 om.
2692 483 2720 499 tl·-

2507 693 2518 703 ’
2533 693 2602 714 Num.
2618 699 2637 720 3.

2508 901 2516 908 ·
2533 905 2561 920 ex
2570 899 2722 927 aegritudine

2508 931 2720 953 Auxuoqsrvxvpc.

2507 1160 2518 1170 ⁸
2532 1160 2601 1181 Num.
2619 1166 2647 1181 η.

2508 1319 2518 1329 ⁸
2532 1319 2602 1340 Num.
2619 1325 2650 1341 ιο.

2508 1420 2518 1430 “
2532 1419 2602 1441 Num.
2618 1425 2667 1446 seq.

2531 1475 2608 1502 primo
2624 1480 2672 1496 om.
2691 1480 2720 1496 EG

2510 2361 2519 2371 ⁸
2532 2360 2631 2387 primum
2651 2359 2719 2380 ed.‘a

2512 2390 2533 2407 et
2545 2386 2614 2407 codd.
2624 2391 2673 2407 cxc.
2684 2392 2721 2407 rm

2511 2419 2525 2432 x
2540 2415 2561 2433 et
2575 2419 2589 2433 Β
2604 2412 2643 2439 qui
2658 2418 2706 2433 om.

2510 2439 2521 2449 ⁴*
2536 2438 2603 2459 aliud
2615 2444 2654 2459 ou.

2508 2783 2516 2791 ·
2539 2781 2632 2802 addidit
2649 2781 2717 2803 codd.

2509 2814 2558 2829 exc.
2572 2814 2652 2829 AEFGN.
