2898 3996
207 437 217 445 ¹
229 434 306 462 primo
327 438 418 454 necuim

208 467 273 488 nzpo.

209 588 218 597 ·
234 585 411 608 velom.1³1›rab.

208 950 217 958 ·
232 950 267 969 est
280 948 303 968 in
330 953 366 973 to,
382 952 417 967 se-

206 975 286 1002 quitur
293 980 316 995 n.

206 2057 214 2065 ·
224 2054 322 2081 Num.4.
329 2065 339 2070 -
351 2053 419 2075 dictis

204 2087 248 2107 nn,
268 2086 340 2108 supra
351 2080 419 2102 dictis

208 2111 251 2129 cet.
272 2113 322 2128 exc.
335 2113 419 2128 ΛΕι-σικ

207 2140 247 2159 Qu.

210 2315 218 2323 ·
234 2313 303 2335 Num.
318 2320 338 2341 5.

207 2420 215 2428 '¹
231 2418 292 2440 Lect.
308 2425 315 2440 ι
331 2425 380 2446 sqq.

207 2999 215 3007 ·
229 2997 263 3019 Cf.
274 2997 325 3019 lect.
337 3003 352 3024 ι,
364 3003 385 3019 n.
396 3003 416 3020 2.

441 250 520 286 414

445 315 557 362 orbis,
574 313 783 352 secundum
802 311 907 361 quod
927 310 1132 347 revolvitur
1152 309 1199 345 ab
1219 307 1362 344 oriente
1381 307 1420 343 in
1439 318 1501 342 oc-

446 369 648 412 cidentem;
678 366 748 403 isto
778 372 904 402 autem
932 370 1039 399 motu
1067 373 1144 398 non
1173 367 1350 397 movetur
1369 371 1391 395 a
1413 371 1500 407 pro-

445 421 527 470 prio
556 421 576 441 '¹‘
604 426 773 464 motore,
803 417 870 454 sed
899 429 918 452 e
948 426 1133 451 converso
1162 412 1210 448 ab
1239 411 1435 448 occidente
1463 411 1501 447 in

447 473 640 509 orientem.
654 491 669 498 -
684 471 792 507 Hanc
808 480 896 516 ergo
913 466 1167 504 obiectionem
1183 463 1355 510 excludit,
1372 463 1501 500 dicens

447 524 552 573 quod
579 523 726 559 moveri
755 520 963 558 secundum
992 518 1166 555 accidens
1200 523 1324 564 potest
1352 515 1501 552 attribui

447 576 554 613 alicui
572 576 634 612 vel
655 576 674 596 ’¹‘
694 573 903 611 secundum
932 571 1112 619 seipsum,
1131 569 1193 606 vel
1214 568 1423 605 secundum
1451 568 1502 604 al-

445 637 585 674 terum3
616 634 651 663 et
669 628 743 663 hoc
763 638 839 662 non
859 631 914 660 est
933 623 1045 660 idem.
1076 621 1289 659 Motoribus
1314 620 1423 668 igitur
1443 632 1502 656 or-

446 681 550 717 bium
568 680 803 728 planetarum
831 675 978 714 attribui
1006 681 1130 723 potest
1151 673 1299 710 moveri
1318 685 1387 721 per
1406 672 1501 709 acci-

447 734 555 778 dens,
577 743 654 768 non
673 731 722 768 ita
742 730 845 779 quod
864 728 934 777 ipsi
951 739 1020 776 per
1038 726 1212 763 accidens
1232 733 1461 762 moveantur
1474 722 1499 770 ὅ,

446 784 514 821 sed
532 785 582 820 ita
601 784 704 832 quod
732 783 842 819 orbes
870 782 918 817 ab
947 780 999 816 eis
1019 778 1113 815 moti
1131 790 1200 827 per
1223 778 1398 814 accidens
1420 789 1502 814 mo-

445 844 592 883 ventur,
610 835 721 872 delati
741 847 786 870 ex
803 841 910 870 motu
930 831 1132 880 superioris
1152 830 1264 867 orbis.
1287 831 1335 867 Et
1353 831 1428 866 hoc
1448 837 1503 866 est

447 889 550 937 quod
570 888 668 934 dicit,
689 886 791 936 quod
814 885 961 922 moveri
988 897 1057 932 per
1085 882 1259 920 accidens
1287 884 1335 920 ab
1363 882 1501 929 altero,

445 941 540 978 idest
569 940 711 977 ratione
731 938 892 984 alterius,
913 937 1008 973 inest
1024 938 1043 958 ³²
1064 936 1293 984 quibusdam
1311 934 1502 984 principiis

447 993 660 1030 caelestium
679 998 864 1037 motuum,
886 996 1068 1038 quantum
1087 988 1135 1025 ad
1154 995 1322 1025 motores
1352 987 1502 1025 orbium

446 1046 510 1093 qui
530 1052 733 1081 moventur
749 1043 919 1091 pluribus
938 1041 1114 1087 motibus,
1136 1040 1273 1078 scilicet
1290 1050 1397 1077 motu
1416 1053 1502 1089 pro-

444 1098 525 1147 prio
546 1105 582 1133 et
601 1104 707 1133 motu
727 1095 928 1144 superioris
948 1093 1067 1130 orbis:
1089 1093 1156 1130 sed
1173 1094 1344 1139 alterum,
1365 1093 1504 1130 scilicet

443 1149 590 1186 moveri
608 1161 677 1197 per
695 1148 869 1184 accidens
885 1147 1095 1183 secundum
1114 1146 1293 1195 seipsum,
1314 1146 1503 1183 invenitur

445 1203 567 1239 solum
597 1202 635 1238 in
663 1200 979 1249 corruptibilibus,
1009 1199 1103 1235 sicut
1129 1198 1168 1236 in
1197 1198 1396 1235 animabus
1425 1198 1502 1235 ani-

444 1254 610 1291 malium.
631 1254 680 1290 Et
707 1253 819 1290 huius
848 1251 1070 1289 diversitatis
1090 1251 1183 1288 ratio
1213 1258 1284 1298 est,
1313 1251 1402 1300 quia
1419 1263 1502 1287 mo-

444 1314 544 1343 tores
581 1306 819 1355 superiorum
856 1305 1007 1342 orbium
1036 1317 1115 1341 non
1152 1303 1427 1340 constituuntur
1464 1303 1503 1340 in

445 1372 514 1396 suo
545 1371 626 1396 esse
663 1371 708 1395 ex
736 1370 803 1395 sua
838 1357 979 1394 unione
1017 1358 1065 1394 ad
1094 1369 1274 1405 corpora,
1305 1363 1342 1393 et
1370 1369 1502 1393 eorum

446 1412 631 1449 connexio
661 1419 715 1448 est
751 1410 994 1456 invariabilis;
1026 1417 1062 1446 et
1093 1409 1180 1446 ideo
1217 1409 1393 1457 quamvis
1422 1421 1503 1446 cor-

444 1477 539 1514 pora
567 1464 716 1501 orbium
743 1470 981 1510 moveantur,
1003 1462 1072 1511 ipsi
1101 1474 1179 1499 non
1203 1469 1409 1499 moventur
1434 1474 1504 1511 per

445 1517 636 1554 accidens:
665 1516 733 1553 sed
752 1515 901 1552 animae
917 1527 1012 1564 quae
1032 1522 1190 1551 movent
1209 1514 1397 1562 animalia,
1414 1526 1503 1551 con—

445 1570 645 1606 stituuntur
663 1569 701 1605 in
721 1581 790 1605 suo
821 1581 902 1605 esse
922 1568 1131 1605 secundum
1149 1567 1333 1604 unionem
1352 1568 1403 1604 ad
1422 1580 1503 1605 cor-

444 1635 551 1671 pora,
573 1630 608 1658 et
625 1621 853 1659 variabiliter
873 1621 925 1657 eis
955 1627 1246 1666 connectuntur3
1276 1628 1313 1657 et
1339 1620 1425 1658 ideo
1446 1633 1503 1658 se-

446 1675 614 1712 cundum
641 1673 993 1711 transmutationem
1023 1685 1228 1722 corporum
1256 1673 1361 1722 ipsae
1390 1673 1503 1710 etiam

445 1728 593 1764 animae
621 1727 796 1764 dicuntur
820 1739 890 1775 per
917 1726 1092 1764 accidens
1120 1725 1282 1763 mutari(

498 1793 534 1829 7.
555 1779 702 1817 Deinde
723 1791 809 1816 cum
828 1779 932 1816 dicit:
950 1779 1003 1815 At
1027 1790 1117 1816 vero
1140 1779 1175 1815 si
1190 1778 1332 1826 aliquid
1349 1783 1403 1815 est
1419 1785 1502 1825 etc.,

444 1834 580 1882 probat
608 1832 712 1881 quod
745 1832 889 1880 primus
916 1839 1042 1868 motus
1080 1838 1135 1868 est
1162 1830 1424 1879 sempiternus.
1455 1831 1503 1867 Et

445 1887 519 1922 hoc
548 1886 695 1922 duabus
723 1884 950 1922 rationibus:
981 1896 1143 1933 quarum
1162 1883 1287 1932 prima
1315 1883 1504 1932 dependet

448 1950 492 1975 ex
511 1937 738 1987 praemissis,
760 1945 796 1974 et
814 1937 895 1974 talis
916 1944 979 1974 est.
1002 1938 1131 1974 Motus
1151 1936 1215 1985 qui
1235 1949 1313 1973 non
1333 1943 1388 1972 est
1407 1948 1503 1972 sem-

445 2003 524 2040 per,
545 1991 733 2027 invenitur
762 2002 844 2026 esse
864 2002 886 2026 a
904 1996 1051 2026 motore
1081 1988 1146 2037 qui
1169 1996 1347 2026 movetur
1372 2001 1441 2037 per
1460 2001 1500 2025 se

445 2044 507 2080 vel
521 2056 589 2092 per
604 2042 790 2089 accidens,
802 2050 843 2078 ut
862 2055 906 2079 ex
921 2041 1120 2090 praedictis
1132 2043 1151 2061 ⁴*
1166 2049 1285 2089 patet:
1307 2053 1394 2078 cum
1413 2054 1502 2089 ergo

445 2096 613 2145 primum
640 2107 802 2132 movens
830 2095 876 2131 sit
902 2094 1097 2131 immobile
1127 2101 1163 2131 et
1189 2101 1426 2142 perpetuum,
1453 2094 1504 2130 ita

446 2149 551 2198 quod
579 2144 650 2184 nec'
676 2160 746 2196 per
773 2160 813 2184 se
841 2160 912 2184 nec
938 2159 1007 2195 per
1030 2146 1205 2184 accidens
1231 2155 1419 2193 movetur,
1439 2158 1503 2183 ne-

448 2213 551 2237 cesse
572 2209 627 2237 est
645 2200 750 2248 quod
767 2200 932 2248 primum
950 2199 1102 2246 mobile,
1130 2199 1234 2247 quod
1258 2200 1436 2236 movetur
1455 2200 1503 2236 ab

445 2254 520 2290 hoc
539 2261 685 2289 motore
704 2253 853 2301 penitus
872 2252 1068 2299 immobili,
1089 2260 1272 2300 perpetuo
1290 2259 1501 2289 moveatur.

446 2327 469 2333 -
490 2307 558 2343 Est
576 2313 702 2346 autem
722 2305 1008 2352 attendendum,
1030 2305 1135 2352 quod
1155 2317 1268 2353 supra
1283 2305 1303 2325 ²³
1326 2305 1504 2353 probavit

445 2358 744 2395 immobilitatem
771 2358 884 2406 primi
915 2357 1095 2404 motoris,
1118 2370 1187 2406 per
1213 2357 1503 2406 perpetuitatem

444 2419 570 2448 motus
590 2423 703 2460 supra
721 2412 740 2432 '¹‘
760 2418 970 2447 ostensam:
999 2410 1061 2446 hic
1088 2417 1215 2447 autern
1244 2423 1263 2446 e
1293 2423 1500 2457 converso,

443 2476 512 2512 per
539 2463 844 2500 immobilitatem
871 2463 984 2511 primi
1011 2463 1168 2500 motoris
1199 2463 1337 2511 probat
1368 2475 1502 2512 perpe-

443 2516 613 2553 tuitatem
642 2524 784 2553 motus:
815 2523 913 2553 esset
940 2523 1067 2552 autem
1097 2528 1165 2552 sua
1191 2516 1366 2564 probatio
1387 2516 1502 2552 circu—

443 2569 540 2616 laris,
562 2569 591 2606 si
613 2569 659 2606 de
682 2569 820 2606 eodem
849 2577 956 2606 motu
985 2568 1214 2616 intelligeret.
1244 2569 1355 2606 Unde
1376 2568 1501 2606 dicen-

445 2623 536 2659 dum
557 2629 611 2659 est
626 2623 729 2670 quod
744 2634 857 2670 supra
877 2621 1053 2670 probavit
1071 2621 1373 2658 immobilitatem
1391 2621 1503 2670 primi

444 2674 601 2711 motoris
622 2687 667 2711 ex
685 2675 932 2723 perpetuitate
958 2682 1084 2711 motus
1104 2674 1142 2710 in
1162 2674 1377 2720 communi;
1397 2674 1501 2711 unde

445 2727 534 2764 dixit
549 2727 653 2775 quod
668 2727 705 2764 in
720 2728 777 2765 his
793 2739 889 2776 quae
908 2735 1006 2774 sunt,
1027 2734 1082 2763 est
1096 2727 1325 2764 incessabilis
1344 2726 1501 2774 quidam

446 2787 481 2816 et
500 2780 719 2817 immortalis
738 2788 864 2817 motus
884 2786 911 2816 ἐ
936 2780 997 2816 hic
1028 2787 1155 2816 autem
1174 2792 1243 2828 per
1261 2780 1501 2816 immobilita-

443 2839 520 2869 tem
557 2832 670 2881 primi
707 2833 864 2870 motoris
896 2833 1033 2881 probat
1064 2832 1352 2882 perpetuitatem
1389 2832 1521 2881 primi·

444 2892 580 2922 motus.
603 2886 659 2921 Ex
688 2898 763 2934 quo
784 2885 1025 2922 manifestum
1047 2893 1102 2922 est
1130 2886 1266 2922 falsum
1296 2898 1376 2922 esse
1397 2886 1502 2933 quod

445 2937 732 2974 Commentator
751 2939 849 2985 dicit,
866 2939 970 2986 quod
986 2950 1098 2986 supra
1121 2938 1159 2974 in
1182 2938 1366 2987 principio
1391 2938 1502 2975 huius

445 2990 567 3026 octavi
588 2990 762 3037 probavit
781 2998 929 3027 motum
943 2990 1108 3039 primum
1129 3003 1211 3028 esse
1230 2998 1456 3040 perpetuum
1470 2991 1500 3027 ²¹³.

499 3043 533 3078 8.
565 3043 779 3079 Secundam
807 3043 992 3080 rationem
1020 3043 1128 3091 ponit
1155 3043 1223 3080 ibi:
1252 3045 1343 3080 Hoc
1376 3049 1500 3080 autem

445 3099 498 3130 est
515 3095 752 3143 manifestum
782 3103 863 3143 etc.,
885 3108 981 3144 quae
1002 3096 1162 3133 sumitur
1182 3108 1226 3133 ex
1253 3096 1502 3145 perpetuitate

497 3187 521 3220 δ)
537 3197 586 3214 ηοη
602 3190 639 3214 ita
653 3189 724 3222 quod
733 3190 784 3221 ipsi
789 3197 840 3221 per
850 3190 971 3215 accidens
982 3194 1146 3216 moveantur.
1156 3205 1174 3210 -
1187 3199 1238 3216 non
1253 3192 1291 3217 ita
1305 3192 1377 3224 quod
1390 3192 1441 3223 ipsi
1449 3198 1501 3223 per

445 3224 565 3249 accidens
575 3233 628 3249 om.
638 3225 882 3258 AClLMSVXYpK,
893 3226 952 3258 quia
962 3225 1169 3256 homoteleuton3
1185 3227 1275 3251 eadem
1285 3234 1339 3251 om.
1348 3227 1396 3255 ab,
1407 3227 1453 3251 sed
1463 3226 1501 3250 in-

446 3266 524 3290 super
533 3267 585 3284 om.
597 3263 759 3289 moveantur,
771 3268 818 3292 pro
828 3269 881 3292 quo
891 3261 915 3285 si
924 3264 1081 3286 moveantur
1091 3262 1126 3292 L;
1138 3261 1188 3293 ipsi
1197 3269 1251 3286 om.
1258 3262 1277 3286 P
1288 3266 1313 3286 et
1323 3262 1412 3286 Venet.
1427 3261 1502 3293 1504.

499 3294 521 3325 ε)
541 3298 579 3319 est
598 3295 756 3319 incessabilis
771 3295 879 3327 quidam
893 3299 918 3320 et
935 3296 1093 3321 immortalis
1114 3300 1208 3322 motus.
1219 3309 1238 3315 —
1251 3296 1270 3321 Ρ
1286 3302 1310 3321 et
1326 3296 1417 3321 Venet.
1436 3296 1500 3328 1545

448 3328 505 3359 (pro
524 3329 639 3360 quidam,
655 3329 768 3360 quidem,
793 3331 863 3362 quod
882 3335 1004 3363 tanquam
1025 3339 1138 3355 errorem
1158 3337 1259 3364 typogr.
1278 3331 1450 3361 correximus;
1470 3331 1503 3356 cf.

448 3370 518 3387 num.
536 3362 548 3387 5
569 3368 593 3387 ct
611 3364 689 3388 verbu
708 3369 790 3389 textus
816 3365 938 3398 ibidem);
957 3369 996 3390 est
1016 3366 1175 3391 incessabilis
1201 3366 1308 3398 quidam
1333 3369 1359 3391 et
1383 3366 1503 3391 mortalis

448 3400 533 3421 motus
546 3398 585 3422 ed.
600 3398 622 3427 b,
636 3405 672 3422 ex
683 3396 741 3432 (sic)
758 3399 916 3424 incessabilis
929 3401 1032 3432 quidem
1047 3404 1074 3425 et
1087 3401 1208 3426 mortalis
1221 3404 1307 3431 motus
1319 3400 1411 3426 Venet.
1429 3401 1502 3432 1504,

449 3435 487 3455 est
502 3432 659 3457 incessabilis
679 3437 764 3459 motus
778 3435 852 3459 codd.
867 3439 892 3459 et
906 3441 931 3459 α.

501 3466 526 3499 ζ)
547 3467 571 3491 in
591 3468 766 3493 alternatione
779 3469 942 3494 diversorum
957 3473 1082 3495 motuum.
1091 3485 1110 3490 —
1123 3470 1149 3495 in
1169 3470 1326 3496 alteratione
1339 3470 1503 3495 diversorum

450 3500 582 3525 mobilium
602 3502 727 3533 EFGNR;
747 3503 904 3529 alteratione
923 3503 1016 3529 habent
1039 3505 1114 3530 ctinm
1134 3505 1175 3530 ab
1195 3511 1219 3530 et
1231 3505 1505 3536 ABCDIKMNOQRT

450 3534 501 3564 εΗ;
525 3543 706 3561 conservamus
725 3538 859 3562 lectionem
879 3539 1031 3563 PLSVXYZ
1051 3545 1075 3564 ct
1095 3541 1185 3565 Venet.
1202 3539 1275 3572 ¹504·

503 3570 529 3601 η)
549 3577 599 3594 non
619 3572 736 3597 causabit
755 3573 901 3598 eundem
914 3574 1032 3599 causam
1047 3575 1211 3599 contrarium
1227 3577 1334 3600 motum.
1351 3589 1369 3594 —-
1382 3574 1505 3608 Legimus

1053 229 1397 269 PHYsmonUM
1423 226 1766 266 ARISTOTELIS
1795 227 1889 263 Lm.
1918 208 2004 263 ‘vm

1555 303 1817 352 generationis.
1839 304 1888 340 Et
1916 302 2004 340 dicit
2032 302 2138 350 quod
2163 301 2332 351 primum
2354 309 2503 339 motum
2531 313 2614 338 esse

1555 363 1803 404 perpetuum,
1842 355 2084 392 manifestum
2123 362 2178 391 est
2206 354 2319 391 etiarn
2357 367 2402 391 ex
2434 367 2481 391 eo
2510 353 2615 404 quod

1556 420 1635 445 non
1655 415 1710 445 est
1736 407 1916 457 possibile
1936 407 2042 444 aliter
2071 419 2150 443 esse
2171 406 2452 454 generationem
2480 414 2516 444 et
2535 418 2615 444 cor—

1557 460 1771 509 ruptionem
1800 467 1836 496 et
1852 459 2072 497 huiusmodi
2099 458 2326 496 mutationes
2346 471 2425 496 non
2438 460 2458 480 '¹‘
2471 467 2616 508 tempo-

1556 514 1668 560 rales,
1689 513 1760 550 nisi
1787 512 1833 550 sit
1861 512 2001 560 aliquid
2021 512 2127 560 quod
2154 519 2309 549 moveat
2332 519 2368 549 et
2395 519 2614 549 moveatur:

1557 567 1661 615 quod
1690 565 1790 602 enim
1813 564 1938 602 omnis
1963 564 2120 601 mutatio
2141 565 2187 600 sit
2201 565 2220 586 '⁸
2240 564 2288 601 ab
2308 563 2435 612 aliquo
2454 571 2615 612 motore,

1555 618 1633 654 iam
1651 630 1764 667 supra
1780 620 1798 638 ⁹
1819 625 2015 655 ostensum
2036 624 2100 653 est.
2124 617 2285 665 Oportet
2304 628 2392 664 ergo
2407 615 2616 664 generatio-

1557 682 1646 707 nem
1674 678 1711 708 et
1744 670 2024 720 corruptionem
2058 677 2094 706 et
2129 669 2349 706 huiusmodi
2390 668 2617 706 mutationes

1558 735 1641 759 esse
1669 723 1717 760 ab
1745 723 1872 772 aliquo
1891 730 2052 760 motore.
2074 723 2166 759 Non
2194 729 2321 759 autem
2346 729 2508 770 possunt
2535 733 2616 758 esse

1557 775 1775 812 immediate
1812 787 1835 812 a
1870 783 2018 812 motore
2056 774 2263 822 immobili,
2293 774 2382 823 quia
2418 773 2617 811 immobile

1557 840 1709 877 semper
1726 827 1898 865 movebit
1917 828 2082 864 eundem
2102 835 2250 864 motum
2271 834 2307 864 et
2326 826 2464 864 eodem
2483 826 2616 873 modo;

1557 881 1644 929 quia
1672 893 1751 917 non
1786 879 1993 917 mutabitur
2028 880 2107 916 eius
2137 879 2331 929 dispositio
2370 887 2406 916 et
2432 879 2615 916 habitudo

1557 933 1606 970 ad
1641 933 1803 979 mobile;
1833 939 2009 970 manente
2047 940 2174 970 autem
2218 933 2354 970 eadem
2396 931 2617 969 habitudine

1556 986 1717 1023 motoris
1743 986 1791 1023 ad
1818 985 1978 1032 mobile,
2004 997 2154 1034 semper
2187 991 2317 1022 manet
2343 984 2447 1022 idem
2474 991 2614 1022 motus.

1557 1040 1648 1076 Non
1667 1045 1794 1075 autem
1814 1038 2003 1086 generatio
2033 1045 2069 1074 et
2097 1038 2286 1086 corruptio
2307 1048 2457 1085 semper
2480 1036 2618 1073 eodem

1557 1091 1676 1128 modo
1714 1098 1821 1139 sunt,
1851 1090 1918 1127 sed
1955 1089 2188 1138 quandoque
2230 1089 2372 1138 aliquid
2404 1096 2617 1136 generatur,

1557 1144 1788 1192 quandoque
1827 1142 2096 1191 corrumpitur:
2126 1154 2204 1179 non
2243 1154 2331 1190 ergo
2360 1148 2448 1178 sunt
2482 1141 2619 1179 imme-

1557 1196 1656 1233 diate
1685 1208 1708 1233 a
1734 1202 1883 1232 motore
1911 1194 2108 1242 immobili,
2139 1194 2207 1231 sed
2235 1207 2258 1232 a
2284 1201 2432 1231 motore
2469 1192 2616 1231 mobili.

1557 1248 1675 1296 Quod
1703 1255 1830 1286 autem
1855 1255 2034 1284 movetur
2061 1259 2083 1284 a
2110 1255 2260 1284 motore
2288 1254 2408 1294 moto,
2429 1245 2536 1294 quod
2561 1253 2616 1283 ta-

1557 1313 1647 1338 men
1666 1308 1844 1339 movetur
1872 1313 1894 1338 a
1919 1307 2069 1337 motore
2097 1299 2292 1347 inmobili,
2313 1299 2352 1336 in
2370 1298 2618 1336 alternatione

1558 1354 1798 1392 diversorum
1824 1360 2000 1390 motuum
2027 1352 2042 1379 ζ
2067 1360 2193 1401 potest
2224 1353 2364 1390 habere
2390 1350 2619 1401 perpetuita-

1557 1414 1653 1444 tem:
1683 1406 1772 1455 quia
1794 1413 1950 1456 propter
1977 1405 2016 1443 id
2043 1405 2149 1455 quod
2175 1418 2338 1444 movens
2355 1402 2498 1442 mobile
2516 1403 2620 1441 aliter

1558 1467 1594 1497 et
1621 1459 1727 1496 aliter
1754 1472 1794 1497 se
1828 1459 1943 1496 habet
1978 1458 2029 1496 ad
2065 1470 2123 1495 res
2159 1465 2304 1506 motas,
2334 1469 2413 1496 non
2451 1455 2620 1494 causabit

1558 1513 1723 1550 eundern
1758 1519 1906 1549 motum
1933 1523 2098 1560 semper3
2128 1511 2195 1549 sed
2228 1510 2370 1559 magis,
2398 1516 2553 1559 propter
2578 1507 2619 1547 id

1558 1565 1662 1615 quod
1680 1565 1719 1602 in
1748 1565 1905 1603 diversis
1931 1564 2025 1601 locis
2053 1564 2098 1611 (si
2121 1571 2321 1601 moveatur
2356 1570 2464 1600 motu
2495 1561 2620 1609 locali)

1556 1619 1619 1656 vel
1647 1618 1685 1655 in
1713 1618 1871 1655 diversis
1903 1617 2102 1666 speciebus
2130 1617 2175 1664 (si
2206 1624 2407 1655 moveatur
2432 1622 2541 1653 motu
2568 1611 2620 1652 al-

1557 1670 1763 1718 terationis)
1792 1670 1960 1707 causabit
1989 1669 2218 1707 contrarium
2244 1677 2391 1706 motum
2417 1673 2432 1691 ’¹
2458 1667 2499 1705 in
2526 1666 2618 1716 aliis,

1559 1731 1594 1761 et
1612 1724 1722 1760 faciet
1740 1723 1971 1772 quandoque
2001 1722 2206 1771 quiescere,
2236 1721 2470 1775 quandoque
2489 1727 2618 1758 autem

1556 1775 1715 1813 moveri.
1735 1775 1835 1813 Dicit
1854 1783 1980 1813 autem
2008 1775 2206 1812 contrariis
2225 1775 2315 1812 locis
2332 1780 2400 1812 aut
2414 1773 2619 1822 speciebus,

1558 1829 1648 1877 quia
1683 1829 1856 1866 nondum
1893 1835 1948 1865 est
1978 1828 2182 1876 probatum
2219 1839 2294 1876 qua
2330 1827 2454 1876 specie
2490 1832 2618 1863 motus

1557 1881 1723 1930 primum
1749 1881 1891 1918 mobile
1910 1888 2127 1926 moveatur;
2156 1879 2222 1917 sed
2249 1880 2324 1916 hoc
2342 1880 2438 1916 infra
2458 1880 2478 1900 ς’*
2496 1877 2618 1926 inqui·-

1559 1942 1613 1971 ret
1631 1934 1663 1970 ²¹¹.
1686 1933 1748 1970 Sic
1766 1934 1875 1982 igitur
1897 1933 2122 1982 inquantum
2146 1940 2336 1980 movetur,
2357 1939 2413 1969 est
2431 1943 2545 1969 causa
2563 1931 2617 1969 di-

1557 1987 1739 2024 versitatis
1774 1994 1966 2032 motuum;
2003 1986 2227 2034 inquantum
2257 1997 2351 2023 vero
2387 1991 2564 2022 movetur
2594 1996 2618 2022 a

1557 2047 1704 2076 motore
1732 2039 1933 2086 immobili,
1959 2046 2015 2075 est
2034 2051 2147 2075 causa
2169 2039 2188 2060 *
2209 2038 2468 2087 perpetuitatis
2487 2038 2527 2075 in
2544 2039 2617 2076 hac

1558 2092 1812 2129 mutationum
1832 2091 2056 2129 diversitate.
2083 2092 2169 2140 Ipsa
2188 2103 2277 2139 ergo
2302 2091 2532 2140 perpetuitas
2555 2103 2618 2140 ge-

1558 2144 1759 2182 nerationis
1784 2144 1947 2181 ostendit
1969 2145 1989 2165 '⁸
2011 2143 2178 2193 primum
2207 2151 2357 2181 motum
2380 2155 2462 2181 esse
2483 2155 2618 2194 perpe-

1558 2205 1682 2245 tuum,
1704 2205 1740 2234 et
1759 2209 1781 2234 a
1799 2204 1948 2234 motore
1968 2196 2150 2234 immobili
2175 2197 2335 2234 moveri.
2355 2217 2380 2224 —
2400 2197 2469 2234 Est
2491 2204 2619 2235 autem

1558 2250 1753 2287 sciendum
1786 2251 1891 2298 quod
1918 2250 1990 2286 hae
2019 2249 2203 2297 rationes,
2233 2250 2370 2298 quibus
2398 2249 2618 2288 Aristoteles

1557 2304 1720 2352 probare
1745 2303 1874 2342 nititur>
1897 2303 2066 2351 primum
2090 2309 2239 2340 motum
2269 2314 2350 2340 esse
2377 2310 2617 2352 perpetuum,

1557 2368 1636 2393 non
1666 2367 1710 2392 ex
1738 2355 1958 2392 necessitate
1983 2355 2230 2392 concludunt:
2249 2362 2375 2404 potest
2398 2356 2501 2392 enim
2529 2368 2618 2394 con-

1557 2409 1698 2457 tingere
1734 2409 1878 2457 absque
1913 2408 2017 2445 omni
2052 2407 2261 2445 mutatione
2294 2407 2404 2457 primi
2435 2409 2615 2458 motoris,

1558 2463 1662 2510 quod
1681 2473 1759 2498 non
1787 2473 1937 2510 semper
1961 2468 2132 2508 moveat,
2158 2460 2253 2497 sicut
2280 2473 2394 2510 supra
2421 2467 2616 2500 ostensum

1558 2522 1613 2551 est
1640 2514 1678 2551 in
1706 2513 1891 2562 principio
1919 2513 2031 2551 huius
2059 2513 2183 2550 octavi
2203 2513 2234 2550 ²¹¹.

1611 2579 1647 2615 9.
1681 2566 1828 2604 Deinde
1864 2579 1951 2603 cum
1987 2565 2094 2603 dicit:
2126 2566 2375 2615 Manifestum
2413 2567 2529 2616 igitur
2546 2569 2616 2616 fa·

1557 2625 1656 2657 ctum
1676 2625 1730 2656 est
1747 2626 1830 2667 etc.,
1846 2619 1956 2656 infert
1974 2617 2481 2668 quandam'conclusionem,
2501 2631 2618 2669 quam

1557 2685 1671 2721 supra
1691 2673 1711 2693 *
1733 2672 1925 2709 dimiserat
1943 2673 2164 2718 insolutam;
2194 2671 2333 2708 scilicet
2357 2684 2472 2721 quare
2501 2675 2616 2722 quae·

1543 2726 1644 2763 >dam
1659 2732 1864 2762 moventur
1877 2737 2028 2774 semper
2041 2722 2065 2771 ⁰,
2087 2732 2123 2761 et
2146 2724 2336 2772 quaedam
2355 2737 2433 2763 non
2452 2738 2614 2776 semper.

1556 2780 1606 2816 Et
1625 2778 1713 2815 dicit
1731 2777 1836 2826 quod
1863 2778 1974 2815 huius
2003 2789 2117 2814 causa
2135 2777 2334 2814 manifesta
2361 2787 2417 2816 est
2444 2791 2490 2816 ex
2507 2791 2616 2828 prae·

1557 2831 1700 2868 missis:
1730 2843 1828 2879 quae
1858 2831 1959 2868 enim
1981 2837 2186 2868 moventur
2208 2843 2230 2867 a
2248 2837 2396 2867 motore
2428 2831 2615 2869 immobili

1558 2892 1592 2921 et
1619 2891 1815 2933 perpetue,
1845 2891 2051 2921 moventur
2069 2895 2241 2932 semper3
2262 2894 2360 2931 quae
2380 2892 2508 2921 autem
2531 2896 2615 2921 mo-

1555 2945 1692 2974 ventur
1707 2949 1729 2973 a
1746 2937 1766 2958 '¹‘
1780 2944 1928 2974 motore
1946 2943 2104 2982 mutat0,
2125 2947 2203 2972 non
2223 2947 2375 2985 semper
2391 2944 2612 2974 moventur:
2641 2948 2650 2957 ·

1557 2989 1646 3038 quia
1674 2989 1880 3037 immobile,
1900 2996 1941 3026 ut
1957 2989 2062 3037 prius
2083 2990 2102 3011 *⁴
2122 2988 2263 3025 dictum
2282 2995 2349 3035 est,
2370 3002 2457 3026 curn
2475 2989 2614 3039 simpli·
2642 3001 2651 3011 ·

1557 3042 1646 3079 citer
1666 3049 1702 3079 et
1715 3041 1883 3078 similiter
1899 3049 1934 3078 et
1952 3041 1992 3078 in
2007 3041 2142 3079 eadem
2159 3041 2405 3090 dispositione
2420 3042 2612 3090 maneaff,

1556 3094 1728 3132 movebit
1754 3106 1873 3131 unum
1900 3101 2048 3131 motum
2082 3100 2118 3131 et
2145 3093 2366 3143 simplicem.

1555 3199 1614 3216 cum
1634 3191 1675 3216 ed.
1689 3198 1707 3216 a
1726 3196 1751 3216 et
1769 3191 1852 3221 codd„
1872 3196 1976 3223 excepto
1991 3191 2061 3223 quod
2080 3190 2158 3223 lpKQ
2169 3195 2195 3216 et
2208 3191 2249 3217 ed.
2261 3198 2287 3220 a,
2302 3191 2336 3216 ibi
2349 3192 2373 3217 si
2386 3196 2524 3218 moveatur
2541 3195 2614 3218 motu

1555 3226 1641 3256 locali,
1661 3226 1812 3259 particulam
1831 3226 1855 3251 si
1873 3231 2043 3259 corrumpunt
2067 3225 2092 3251 in
2112 3233 2180 3256 nem,-
2198 3225 2262 3251 haec
2276 3232 2395 3259 corrupta
2414 3227 2489 3252 lectio
2507 3227 2615 3253 forsitan

1556 3269 1644 3286 ansam
1667 3261 1783 3294 praebuit
1801 3261 1971 3294 sequentibus
1991 3261 2144 3286 editionibus
2166 3262 2280 3286 mutandi
2305 3262 2443 3288 decursum
2463 3267 2489 3288 et
2507 3269 2615 3288 sensum

1555 3296 1709 3322 sententiae:
1730 3304 1781 3322 non
1800 3297 1920 3322 causabit
1939 3296 2049 3322 eundem
2069 3300 2168 3322 motum
2187 3304 2298 3329 semper,
2313 3297 2361 3322 sed
2373 3298 2460 3331 magis
2473 3298 2614 3326 diversum.

1550 3334 1665 3364 propter
1683 3332 1712 3357 id
1729 3332 1800 3364 quod
1812 3332 1838 3357 in
1853 3332 1964 3357 diversis
1978 3331 2042 3357 locis
2056 3335 2184 3362 movetur,
2198 3332 2223 3357 si
2237 3335 2375 3357 moveatur
2387 3335 2458 3358 motu
2471 3333 2562 3359 locali.-
2574 3333 2616 3358 νει

1557 3367 1668 3392 diversis
1686 3367 1817 3399 speciebus
1835 3367 1859 3392 si
1878 3369 2016 3392 moveatur
2031 3370 2103 3391 motu
2121 3367 2296 3397 alterationis,
2312 3367 2356 3400 (et
2370 3368 2429 3393 add.
2440 3367 2532 3393 Venet.
2549 3366 2614 3399 ¹545

1557 3406 1581 3426 et
1600 3409 1675 3434 seqq.
1694 3402 1763 3434 edd.)
1783 3402 1904 3427 causabit
1921 3402 2087 3427 contrarium
2107 3406 2216 3428 motum.

1610 3435 1634 3470 θ)
1655 3439 1794 3462 moventur
1806 3444 1944 3469 semper.·-
1957 3440 2061 3469 movent
2078 3444 2182 3470 semper
2197 3437 2258 3462 Pab.
2278 3438 2391 3470 Pei-gunt
2409 3438 2478 3463 Pub.-
2497 3441 2523 3463 et
2535 3444 2614 3471 quae-

1558 3471 1620 3496 dam
1647 3479 1698 3496 non
1731 3475 1836 3497 movent
1859 3479 1978 3504 semper,
2005 3471 2070 3496 EG:
2095 3475 2121 3498 et
2147 3473 2277 3505 quaedam
2303 3480 2355 3498 non
2382 3476 2520 3498 moventur
2546 3479 2615 3498 sem-

1553 3513 1618 3538 per,·
1637 3506 1669 3531 cf.
1688 3507 1736 3531 loc.
1756 3507 1824 3531 cit.-
1838 3506 1944 3531 Inferius
1969 3515 2016 3540 pro
2041 3514 2108 3539 quae
2131 3508 2199 3533 enim
2220 3513 2268 3533 etc.
2287 3508 2375 3540 legum
2393 3507 2492 3540 PIKpQ
2513 3512 2539 3532 et
2555 3507 2614 3532 ab:

1558 3548 1626 3573 quae
1652 3541 1720 3566 enim
1744 3544 1883 3567 moventur
1903 3548 1920 3566 a
1945 3545 2046 3567 motor-e
2069 3541 2202 3572 immobili,
2226 3546 2253 3567 et
2270 3545 2402 3575 perpetuo
2425 3544 2562 3568 moventur
2587 3544 2614 3566 et

1559 3582 1669 3608 semper.

2641 468 2650 477 ⁶
2665 473 2712 489 non
2735 470 2812 491 tamen
2824 474 2854 496 1,

2641 500 2688 516 non
2702 496 2756 516 sunt
2767 500 2793 522 2,-
2807 500 2855 518 non

2642 527 2690 542 om.
2713 526 2854 545 nomeu-o.

2647 574 2656 583 ·
2664 573 2698 600 fit
2711 579 2743 595 ιι.

2644 630 2653 639 ·
2665 628 2728 650 Lect.
2742 634 2783 656 vu,
2791 633 2840 650 vm.

2645 1886 2655 1896 ⁶
2669 1885 2791 1913 Lem-mx,
2801 1892 2840 1908 xx.

2643 1941 2658 1988 ἓ
2664 1965 2678 1988 θ
2682 1940 2786 1968 requiret
2813 1945 2858 1966 αα

2644 2045 2654 2054 ·
2670 2042 2817 2066 divumne

2645 2069 2698 2092 add.
2706 2075 2794 2098 παρη
2801 2073 2824 2092 et
2831 2075 2857 2092 a.
2875 2096 2879 2102 ι

2645 2150 2654 2159 ”
2671 2149 2730 2171 dicit
2741 2147 2795 2171 rab.

2644 2521 2654 2530 ·
2668 2519 2732 2543 beet.
2747 2525 2776 2548 n,
2793 2525 2817 2542 n.
2832 2512 2897 2544 18·st

2865 3770 2884 3890 l
