2898 3996
30 49 36 58 ρ

20 181 23 189 v

24 266 35 282 ἱ.

28 294 34 303 1

22 338 34 359 ἦ

1109 259 1219 295 CAP.
1247 258 1350 305 VIII,
1381 257 1531 294 LECT.
1559 258 1646 295 XVI
2387 251 2463 301 423

909 462 1207 520 LECTIO
1245 462 1843 518 DECIMASEXTA

553 623 920 656 DEMONSTRATIVE
945 622 1222 654 OSTENDITUR
1246 621 1366 659 QUOD
1390 622 1536 652 NULLA
1559 622 1659 652 LOCI
1682 622 1883 653 MUTATIO
1907 622 2074 653 POTEST
2098 622 2197 652 ESSE

915 679 1140 710 CONTINUA
1163 679 1221 708 ET
1244 678 1470 709 PERPETUA
1492 678 1572 709 NISI
1597 678 1850 709 CIRCULARIS

290 813 366 846 Ὀτι
390 811 419 844 δ’
449 806 627 857 ἐνδέχεται
651 805 735 839 εἶναί
764 819 842 839 τινα
877 807 1031 851 ἄπειρον,
1057 809 1136 851 μίαν
1163 805 1265 838 οὖσαν
1293 808 1352 838 καὶ

363 862 500 907 συνεχῆ,
524 855 582 891 καὶ
607 857 696 895 αὕτη
724 857 814 889 ἐστὶν
841 858 862 894 ἡ
885 857 1009 899 κύκλῳ,
1033 856 1182 903 λέγωμεν
1207 858 1276 889 νῦν.

1472 862 1574 882 unum
1589 852 1770 883 existentem
1781 859 1809 883 et
1822 853 2019 890 continuum,
2033 858 2063 882 et
2074 852 2124 882 hic
2137 859 2182 882 est
2194 851 2360 890 circularis,
2373 861 2458 882 nunc

1473 896 1622 926 dicemus.

294 943 362 977 Πᾶν
387 940 451 987 γοὶρ
482 942 627 971 κινεῖται
657 937 698 970 τό
723 937 899 1014 ἒερόμενον
930 936 951 973 ἦ
982 936 1089 977 κύκλῳ
1122 935 1143 973 ἦ
1173 936 1304 968 εὐθεῖαν
1330 935 1350 973 ἦ
1407 939 1511 969 Omne
1534 940 1664 979 quidem
1687 939 1772 969 enim
1795 946 1939 969 movetur
1961 939 2050 979 quod
2073 939 2178 977 fertur,
2199 946 2252 969 aut
2273 939 2460 970 circulariter

460 982 467 992 1
743 983 752 994 ἱ
777 982 785 993 Ὶ

361 995 498 1030 μικτήν,
524 981 604 1015 ὥστ’
625 983 653 1014 εἱ
700 995 720 1019 η
775 984 904 1014 εκείνων
930 982 950 1017 ή
978 980 1077 1025 ἑτέρα
1102 980 1254 1026 συνεχής,
1274 975 1351 1012 οὐδὲ

362 1027 425 1064 τήν
452 1027 486 1069 ἐξ
513 1025 631 1071 ἀμφοῖν
660 1026 760 1064 ο,όντ’
788 1022 873 1057 εἶναι
897 1023 1125 1071 συγκειμένην.

1472 989 1526 1012 aut
1549 983 1724 1013 secundum
1746 983 1964 1013 rectitudinem
1993 989 2046 1013 aut
2075 982 2206 1012 mixtim.
2239 983 2343 1020 Quare
2363 983 2388 1012 si
2407 993 2459 1013 ne-

1472 1036 1534 1066 que
1548 1027 1675 1056 illorum
1691 1027 1766 1057 alter
1789 1026 1957 1056 continuus
1981 1033 2036 1065 est,
2060 1036 2163 1066 neque
2178 1036 2213 1056 ex
2230 1026 2370 1067 utrisque
2385 1037 2459 1067 pos-

1472 1069 1560 1099 sibile
1579 1076 1624 1099 est
1643 1070 1830 1100 continuum
1849 1079 1925 1099 esse.

288 1114 365 1147 ’Ότι
389 1108 427 1144 δὲ
452 1112 494 1145 τό
518 1111 694 1156 φερόμενον
721 1111 784 1148 τήν
809 1109 939 1142 εὐθεῖαν
962 1111 1021 1141 καὶ
1039 1109 1294 1163 πεπερασμένην
1313 1110 1350 1141 οὗ
1406 1112 1504 1149 Quod
1534 1120 1639 1143 autem
1670 1113 1757 1153 quod
1781 1113 1877 1143 fertur
1906 1113 2081 1143 secundum
2108 1120 2228 1143 rectum
2261 1120 2291 1143 et
2313 1113 2457 1152 finitum,

361 1157 499 1211 φέρεται
519 1167 677 1200 συνεχως,
691 1154 809 1191 δῆλον·
831 1153 1048 1197 ἀνακάμπτει
1065 1165 1143 1199 γαρ·
1166 1154 1206 1186 τό
1223 1150 1252 1185 δ’
1271 1154 1353 1186 ἀνα-

359 1211 519 1245 κάμπτον
552 1199 615 1236 τήν
647 1198 777 1231 εὐθεῖαν
810 1198 873 1236 τοὶς
899 1199 1056 1235 ἐναντίας
1086 1201 1230 1230 κινεῖται
1260 1197 1350 1234 κινή-

360 1256 439 1283 σεις·
467 1245 608 1277 ἐναντία
658 1244 696 1288 οὶρ
720 1242 816 1275 κατα
839 1242 946 1275 τόπον
972 1243 992 1278 ἦ
1020 1241 1085 1273 ἄνω
1103 1242 1148 1284 τῇ
1165 1242 1274 1283 κάτω,
1292 1245 1349 1273 καὶ

361 1290 382 1326 ’ἡ
408 1290 452 1326 εἰς
477 1288 518 1320 τὸ
544 1287 628 1332 πρόσ
651 1300 683 1319 εν
715 1288 760 1330 τῇ
785 1287 829 1324 εἷς
861 1285 1059 1326 τοῦπισθεν,
1085 1287 1142 1317 καὶ
1168 1287 1188 1322 ή
1214 1286 1258 1323 εἰς
1286 1286 1351 1330 ἀρι-

360 1333 465 1378 στερά
489 1333 533 1374 τῇ
559 1333 604 1369 εἰς
627 1330 736 1372 δεξιά·
764 1330 872 1363 τόπου
896 1330 959 1376 γάρ
992 1328 1202 1367 ἐναντιώσεις
1229 1330 1347 1362 αὗται.

361 1378 415 1415 Τίς
440 1372 467 1408 δ’
497 1376 588 1407 ἐστὶν
613 1377 634 1412 ἡ
660 1378 720 1418 μία
747 1376 805 1406 καὶ
835 1374 974 1419 συνεχής
1004 1376 1148 1414 κίνησις,
1176 1369 1350 1418 διώρισται

361 1433 385 1453 π
409 1420 545 1464 ότερον,
573 1419 626 1452 ὅτι
651 1420 671 1455 ή
698 1419 760 1451 τοῦ
794 1418 864 1456 ἐνὸς
887 1420 946 1449 καὶ
971 1418 1004 1449 ὲν
1029 1418 1076 1448 ἑνὶ
1099 1417 1204 1462 χρόνῳ
1232 1419 1291 1450 καὶ
1316 1418 1349 1450 ἐν

362 1433 531 1508 ᾰὲιαφόρῳ
562 1463 638 1496 κατ’
668 1459 768 1500 εἶδος.
800 1463 883 1506 Τρία
905 1461 970 1508 γάρ
997 1460 1087 1502 ἑστι,
1115 1461 1156 1493 τό
1180 1474 1218 1495 τε
1241 1461 1349 1494 κινού-

360 1519 472 1554 μενον,
498 1507 565 1539 οἷον
593 1505 763 1550 ἄνθρωπος
790 1505 810 1541 ἦ
831 1505 917 1543 θεός·
943 1507 1000 1537 καὶ
1027 1504 1098 1545 ὅτε,
1126 1505 1192 1537 οἶον
1218 1505 1347 1551 χρόνος·

360 1555 419 1585 καὶ
443 1553 557 1595 τρίτον
582 1550 623 1583 τὸ
649 1551 681 1583 ἒν
708 1550 744 1591 ᾦ·
770 1551 876 1582 τοῦτο
901 1545 930 1580 δ’
953 1550 1025 1581 ἐστὶ
1045 1548 1164 1590 τόπος,
1187 1548 1208 1586 ἦ
1226 1549 1347 1592 πάθος,

359 1596 380 1634 ἦ
406 1592 506 1635 εἶδος,
523 1594 544 1632 ἦ
570 1594 721 1639 μέγεθος.
748 1594 800 1625 Tei
814 1589 842 1630 δ’
863 1594 1002 1626 ἐναντία
1019 1588 1078 1625 δια
1106 1592 1167 1636 έρει
1188 1595 1236 1635 τῷ
1254 1589 1347 1636 εἴδει,

345 1633 417 1673 ’καὶ
443 1639 508 1682 οὐχ
535 1639 583 1671 ἓν.
619 1638 731 1671 Τόπου
763 1633 792 1669 δ’
822 1640 856 1669 αἱ
880 1636 1049 1682 εἰρημέναι
1080 1604 1250 1680 Ξιαφοραί.
1288 1640 1349 1675 Ση-

359 1689 450 1729 μεῖον
475 1680 504 1716 δ’
527 1683 579 1716 ὅτι
605 1684 744 1716 ἐναντία
768 1683 892 1719 κίνησις
919 1682 938 1718 ή
962 1681 1109 1713 ἀπὸτοῦ
1126 1682 1151 1711 Α
1169 1682 1248 1726 πρὸς
1265 1682 1348 1718 τόΒ

360 1729 405 1770 τῇ
433 1728 500 1761 ἀπό
524 1727 586 1760 τοῦ
609 1729 633 1758 Β
658 1726 738 1770 πρὸς
763 1725 804 1757 τὸ
829 1728 866 1766 Α,
886 1724 939 1757 ’ότι
964 1726 1078 1757 ἱστᾶσι
1102 1726 1159 1756 καὶ
1185 1725 1348 1757 παύουσιν

322 1795 329 1803 .
361 1771 525 1812 ἀλλήλας,
545 1771 602 1804 ἒοὶν
630 1769 701 1814 ἅμα
721 1771 918 1814 γίγνωνται.
944 1770 1010 1800 Καὶ
1028 1770 1082 1801 ἐπὶ
1101 1768 1224 1800 κύκλου
1242 1770 1349 1801 ὠσαύ-

360 1829 447 1857 τως,
481 1815 549 1848 οἶον
575 1816 595 1851 ή
622 1814 690 1847 ἀπὸ
721 1816 782 1846 τοῦ
807 1814 832 1844 Α
857 1813 912 1845 ἐπὶ
945 1812 985 1845 τὸ
1010 1814 1034 1843 Β
1059 1813 1104 1853 τῇ
1136 1813 1204 1844 ἀπὸ
1236 1814 1298 1845 τοῦ
1323 1815 1348 1845 Α

359 1861 414 1892 ἐπὶ
439 1860 480 1892 τό
505 1861 539 1890 Γ·
566 1859 681 1891 ἱστᾶσι
731 1857 781 1902 άρ.
808 1856 878 1889 Κοῖν
904 1860 1050 1901 συνεχεῖς
1075 1855 1134 1888 ὦσι
1157 1858 1215 1888 καὶ
1233 1858 1280 1900 μή
1300 1860 1350 1903 γί-

763 1903 770 1913 x

359 1915 461 1941 νηται
492 1901 683 1947 ἀνάκαμψις
738 1914 775 1934 ια
805 1901 845 1933 τό
878 1900 925 1932 τοὶ
955 1901 1096 1932 ἐναντία
1120 1899 1257 1944 φθείρειν
1290 1903 1346 1933 καὶ

357 1946 496 1980 κωλύειν
523 1947 669 1987 ἄλληλα,
690 1945 763 1979 ἀλλ’
785 1945 849 1990 οὐχ
873 1945 894 1981 ή
919 1945 962 1982 εἱς
981 1944 1022 1977 τό
1041 1943 1184 1994 πλάγιον
1202 1945 1246 1987 τῇ
1267 1945 1344 1977 ἄνω.

292 2027 455 2061 Μάλιστα
484 2021 521 2058 δὲ
553 2026 691 2070 φανερὸν
724 2025 776 2058 ὅτι
810 2020 979 2057 ἀδύνατον
1011 2021 1096 2056 εἶναι
1127 2026 1250 2069 συνεχῆ
1282 2026 1346 2061 τήν

361 2072 416 2103 ἐπὶ
439 2070 502 2107 τῆς
526 2069 654 2107 εὐθείας
679 2072 818 2110 κίνησιν,
839 2068 892 2102 ὅτι
914 2067 1139 2111 ἀνακάμπτον
1161 2068 1346 2114 ἀναγκαῖον

360 2115 505 2155 στῆναι,
537 2112 574 2146 οὐ
608 2113 707 2157 μόνον
744 2114 796 2144 ἐπ’
825 2112 974 2153 εὐθείας,
1007 2112 1096 2144 ἄλλα
1130 2111 1192 2144 κᾶν
1225 2112 1346 2144 κύκλον

384 2159 515 2203 έρηται·
543 2157 579 2189 οὗ
603 2157 667 2203 γάρ
693 2156 822 2189 ταύτόν
839 2156 947 2196 κύκλῳ
965 2154 1119 2199 φέρεσθαι
1138 2158 1195 2186 καὶ
1210 2155 1346 2188 κύκλον·

361 2214 434 2234 εστι
458 2202 505 2247 γοὶ
548 2201 606 2233 ὁτὲ
638 2201 696 2245 μὲν
729 2203 883 2243 συνείρειν
914 2199 1124 2243 κινούμενον,
1153 2199 1211 2231 ὁτὲ
1235 2195 1263 2230 δ’
1291 2200 1349 2231 ἐπὶ

359 2246 400 2279 τὸ
425 2239 512 2278 αὐτο
538 2244 631 2277 ἐλθὸν
655 2243 727 2276 ὅθεν
748 2243 898 2288 ὡρμήθη,
918 2242 1116 2286 ἀνακάμψαι
1137 2242 1250 2275 πάλιν.
1270 2242 1346 2275 ’Ότι

358 2285 387 2321 δ’
414 2289 544 2334 ἀνάγκη
566 2287 743 2327 ἵστασθαι,
763 2290 783 2324 ή
809 2290 921 2325 πίστις
948 2286 984 2318 οὐ
1009 2286 1108 2330 μόνον
1135 2287 1190 2318 ἐπὶ
1216 2288 1277 2324 τῆς
1297 2288 1348 2319 αἰ-

354 2333 526 2374 σθήσεως,
561 2332 651 2365 ἀλλά,
672 2334 729 2364 καὶ
760 2334 814 2364 ἐπὶ
839 2332 901 2365 τοῦ
930 2331 1046 2375 λόγου.
1078 2331 1185 2374 Ἀρχή
1214 2327 1243 2361 δ’
1271 2326 1344 2367 ἥδε·

355 2379 456 2422 τριῶν
481 2377 544 2423 γοὶρ
571 2376 689 2415 ὄντων,
717 2376 834 2422 ἀρχῆς,
853 2375 969 2419 μέσου,
987 2375 1165 2414 τελευτῆς,
1184 2375 1225 2406 τὸ
1246 2375 1345 2417 μέσον

359 2422 438 2465 πρὸς
463 2420 621 2474 ἑκάτερον
656 2420 751 2463 ἄμφω
782 2420 875 2460 ἐστί,
900 2421 957 2450 καὶ
983 2419 1029 2459 τῷ
1055 2418 1114 2462 μὲν
1141 2417 1265 2462 ἀριθμῷ
1292 2418 1344 2459 ἕν,

358 2466 407 2506 τῷ
429 2464 518 2511 λόγῳ
543 2460 581 2496 δε
605 2459 677 2495 δύο.
696 2464 774 2496 Ἔτι
798 2459 835 2495 δὲ
862 2463 943 2495 ἄλλο
970 2462 1043 2494 ἐστὶ
1068 2462 1108 2493 τὸ
1125 2457 1264 2505 δυνάμει
1288 2464 1346 2494 καὶ

352 2509 399 2541 τό
425 2507 583 2554 ἐνεργείᾳ.
603 2507 705 2539 “nove
731 2509 793 2545 τῆς
813 2505 942 2544 εὐθείας
960 2507 1026 2539 τῶν
1045 2505 1138 2543 ἐντὸς
1157 2507 1220 2538 τῶν
1241 2507 1346 2549 α”κρων

361 2553 474 2585 ὁτιοῦν
499 2555 634 2595 σημεῖον
659 2546 800 2595 δυνάμει
825 2550 883 2594 μέν
909 2551 982 2582 ἐστι
1007 2548 1122 2592 μέσον,
1142 2551 1288 2595 ἐνεργείᾳ
1314 2546 1342 2582 δ’

360 2597 418 2628 οὐκ
443 2596 547 2636 ἔστιν,
568 2595 626 2627 ἐάν
651 2595 697 2638 μή
723 2590 816 2638 διέλῃ
842 2594 974 2631 ταύτην
998 2595 1055 2625 καὶ
1078 2594 1225 2626 ἐπιστάν
1245 2594 1346 2626 πάλιν

361 2639 504 2683 ἄρξηται
535 2637 708 2670 κινεῖσθαι·
735 2639 824 2671 οὕτω
849 2634 886 2670 δὲ
910 2638 951 2671 τὸ
976 2637 1075 2681 μέσον
1098 2637 1191 2682 ,ἀρχή
1215 2640 1346 2683 γίνεται

350 2684 418 2714 ,καὶ
443 2682 600 2722 τελευτή,
622 2682 708 2726 ἀρχή
734 2682 792 2725 μὲν
812 2683 874 2719 τῆς
896 2681 1045 2725 ὕστερον,
1067 2681 1212 2717 τελευτή
1230 2676 1267 2712 δὲ
1284 2682 1346 2718 τῆς

359 2725 503 2771 πρώτης.
530 2725 626 2771 Λέγω
651 2721 680 2757 δ’
708 2727 773 2757 οἷον
799 2726 856 2759 ἐὰν
881 2725 1057 2768 φερόμενον
1084 2725 1125 2755 τό
1150 2726 1175 2755 Α
1199 2726 1265 2767 στῇ
1291 2725 1346 2756 ἐπὶ

358 2770 419 2803 τοῦ
437 2771 473 2810 Β,
492 2771 549 2801 καὶ
575 2767 675 2800 πάλιν
701 2769 843 2814 φέρηται
865 2769 919 2800 ἐπὶ
938 2768 977 2801 τὸ
995 2770 1030 2798 Γ·
1050 2765 1133 2799 ὅταν
1151 2763 1187 2799 δὲ
1204 2769 1346 2821 συνεχῶς

359 2814 518 2858 φέρηται,
550 2812 628 2845 οὔτε
653 2813 827 2858 γεγονέναι
853 2812 931 2845 οὔτε
958 2811 1203 2868 ἀπογεγονέναι
1236 2812 1345 2844 οἷοντε

347 2859 400 2890 ’τό
417 2858 443 2888 Α
459 2856 554 2889 κατα
571 2857 611 2889 τὸ
628 2858 652 2886 Β
669 2861 817 2901 σημεῖον,
837 2856 927 2889 α’λλοὶ
941 2854 1041 2899 μόνον
1058 2867 1142 2888 ειναι
1161 2855 1192 2886 ὲν
1211 2856 1258 2896 τῷ
1275 2856 1344 2896 νῦν,

358 2902 391 2934 ἐν
409 2900 512 2946 χρόνῳ
538 2895 566 2931 δ’
589 2895 696 2931 οὐδενὶ
715 2901 802 2937 πλήν
825 2899 861 2931 οὗ
878 2900 920 2932 τὸ
941 2900 996 2931 νῦν
1021 2895 1177 2943 διαίρεσίς
1199 2899 1287 2930 ἐστιν
1313 2900 1346 2931 ἑν

360 2946 406 2986 τῷ
426 2945 488 2985 ὅλῳ
503 2945 551 2985 τῷ
565 2943 651 2976 ABr'.
671 2945 708 2976 Εἰ
725 2939 762 2976 δὲ
778 2943 953 2990 γεγονέναι
971 2955 1020 2981 τις
1039 2944 1132 2980 θήσει
1149 2944 1206 2974 καὶ
1225 2943 1348 2988 ἀπογε-

357 2988 506 3034 γονέναι,
527 2989 578 3021 ἀεὶ
599 2987 767 3023 στήσεται
784 2987 824 3021 τὸ
842 2989 866 3018 Α
883 2987 1072 3031 φερόμενον·
1093 2982 1261 3020 ἀδύνατον
1282 2987 1345 3032 γάρ

351 3032 400 3064 »τὸ
418 3033 443 3063 Α
463 3031 533 3075 ἅμα
574 3030 725 3078 εγονέναι
750 3044 787 3065 τε
813 3032 868 3063 ἐπὶ
889 3032 950 3063 τοῦ
967 3033 991 3062 Β
1006 3034 1063 3063 καὶ
1084 3029 1344 3076 ἀπογεγονέναν

359 3076 392 3107 ἒν
420 3075 508 3116 ἄλλῳ
563 3087 603 3120 ρα
627 3077 684 3106 καὶ
712 3075 799 3116 ἄλλῳ
824 3078 945 3118 σημείῳ
973 3075 1105 3120 χρόνου.
1132 3075 1254 3118 Χρόνος
1282 3073 1346 3116 ἄρα

361 3119 459 3151 ἔσται
485 3120 500 3151 ὁ
526 3118 558 3150 ἐν
583 3119 683 3161 μέσῳ.
712 3118 807 3150 ''Oe-‘r’
836 3118 994 3162 ἠρεμήσει
1020 3119 1060 3151 τὰ
1084 3120 1110 3150 Α
1134 3116 1188 3150 ἐπὶ
1220 3118 1281 3149 τοῦ
1307 3119 1342 3149 Β.

362 3163 493 3215 Ὁμοίως
518 3157 556 3195 δὲ
579 3164 637 3194 καὶ
655 3163 710 3195 ἐπὶ
727 3163 792 3196 τῶν
813 3163 920 3194 ἄλλων
939 3165 1094 3205 σημείων·
1115 3164 1131 3194 ὁ
1151 3162 1215 3207 γάρ
1241 3161 1344 3198 αὐτὸς

357 3208 457 3252 λόγος
486 3207 541 3238 ἐπὶ
574 3206 725 3240 πάντων.
754 3206 860 3239 ’Ὀταν
885 3200 923 3236 δὲ
947 3206 1118 3250 χρήσηται
1148 3206 1188 3238 τὸ
1213 3203 1345 3248 φερόμε-

360 3261 413 3281 νον
440 3250 465 3280 Α
489 3251 537 3290 τῷ
560 3251 584 3280 Β
609 3249 695 3292 μέσῳ
724 3251 782 3281 καὶ
813 3250 956 3290 τελευτῇ
988 3251 1046 3280 καὶ
1073 3250 1180 3293 ἀρχῇ,
1214 3247 1343 3293 ἀνάγκη

360 3294 485 3328 στῆναι
509 3288 567 3324 διά
590 3293 632 3324 τό
656 3289 716 3324 δύο
735 3297 854 3332 ποιεῖν,
873 3292 982 3334 ὥσπερ
1005 3292 1043 3324 ἂν
1061 3293 1088 3324 εἱ
1108 3295 1163 3324 καὶ
1181 3290 1341 3327 νοήσειεν.

354 3334 443 3367 Ἀλλ’
466 3336 535 3368 ἀπὸ
560 3336 618 3379 μὲν
644 3337 705 3368 τοῦ
727 3338 751 3367 Α
768 3338 903 3378 σημείου
930 3336 1116 3381 ἁπογέγονε
1143 3336 1204 3371 τῆς
1225 3335 1342 3377 ἀρχῆς,

361 3379 414 3412 ἐπὶ
439 3374 476 3411 δὲ
501 3381 563 3412 τοῦ
587 3381 608 3410 Γ
632 3380 783 3426 γέγονεν,
813 3378 896 3411 ὅταν
921 3379 1111 3422 τελευτήσῃ
1135 3379 1193 3410 καὶ
1218 3379 1298 3420 στῇ.

1471 1166 1537 1186 non
1557 1156 1672 1186 feratur
1695 1156 1853 1194 continue,
1869 1157 2071 1186 manifestum
2088 1163 2142 1187 est.
2163 1156 2343 1187 Reflectitur
2359 1157 2457 1187 enim:

1470 1200 1621 1230 reflexum
1643 1207 1750 1230 autem
1772 1200 1946 1229 secundum
1971 1207 2090 1230 rectum
2113 1210 2168 1239 per
2194 1201 2364 1231 'contrarios
2389 1211 2459 1231 mo-

1470 1251 1561 1274 vetur
1579 1251 1695 1274 motus.
1721 1243 1904 1274 Contrarius
1924 1243 2007 1272 enim
2026 1244 2200 1273 secundum
2218 1244 2326 1274 locum
2343 1251 2389 1275 est
2403 1245 2459 1285 qui

1471 1294 1518 1318 est
1540 1298 1665 1318 sursum
1689 1287 1716 1317 ei
1739 1287 1794 1327 qui
1818 1293 1863 1317 est
1886 1287 2044 1324 deorsum,
2070 1293 2099 1316 et
2122 1287 2177 1327 qui
2200 1294 2245 1318 est
2268 1294 2338 1318 ante
2358 1288 2385 1318 ei
2404 1288 2459 1328 qui

1471 1338 1517 1362 est
1531 1338 1624 1370 retro,
1641 1337 1671 1361 et
1693 1331 1749 1371 qui
1772 1337 1818 1361 est
1836 1330 1875 1360 ad
1891 1330 2051 1360 sinistrum
2067 1330 2094 1360 ei
2110 1330 2165 1370 qui
2180 1337 2225 1361 est
2240 1331 2280 1360 ad
2296 1331 2456 1362 dextrum:

1470 1375 1532 1406 loci
1548 1375 1634 1405 enim
1658 1374 1886 1405 contrarietates
1905 1374 1963 1404 hae
1987 1380 2068 1404 sunt.
2095 1373 2174 1411 Quis
2190 1381 2297 1405 autem
2315 1381 2361 1405 est
2376 1385 2458 1405 unus

1471 1426 1501 1450 et
1524 1418 1692 1449 continuus
1716 1425 1833 1456 motus,
1857 1418 1944 1458 prius
1967 1417 2132 1448 definitum
2153 1424 2213 1448 est:
2237 1418 2312 1458 quia
2335 1419 2390 1458 qui
2413 1425 2459 1449 est

1470 1462 1575 1501 unius,
1593 1469 1623 1493 et
1644 1463 1677 1493 in
1701 1472 1767 1492 uno
1790 1468 1944 1501 tempore,
1968 1468 1998 1492 et
2020 1461 2053 1491 in
2075 1461 2260 1492 indifferenti
2284 1463 2459 1492 secundum

1471 1506 1618 1546 speciem.
1642 1506 1717 1536 Tria
1740 1505 1825 1536 enim
1853 1511 1957 1535 erant:
1990 1505 2078 1546 quod
2101 1512 2265 1543 movetur,
2296 1512 2331 1536 ut
2357 1506 2457 1536 homo

1470 1557 1525 1581 aut
1540 1550 1633 1588 deus;
1650 1556 1680 1580 et
1695 1550 1835 1590 quando,
1846 1555 1882 1579 ut
1895 1555 2036 1589 ternpus;
2057 1555 2087 1579 et
2100 1548 2237 1588 tertium,
2247 1549 2280 1578 in
2296 1559 2372 1589 quo.
2386 1550 2458 1580 Hoc

1470 1601 1576 1624 autem
1600 1600 1646 1624 est
1667 1594 1774 1632 locus,
1799 1599 1852 1623 aut
1875 1592 1996 1633 passio,
2021 1599 2075 1623 aut
2098 1593 2232 1632 species,
2262 1599 2316 1624 aut
2338 1593 2458 1634 magni-

1470 1638 1559 1669 tud0.
1591 1637 1754 1668 Contraria
1778 1643 1884 1667 autem
1907 1636 2051 1666 differunt
2074 1636 2190 1676 specie,
2215 1643 2245 1666 et
2267 1646 2332 1667 non
2355 1647 2458 1667 unum

1470 1687 1559 1711 sunt:
1593 1681 1655 1711 loci
1686 1687 1791 1711 autem
1826 1680 1924 1710 dictae
1955 1679 2151 1711 differentiae.
2187 1680 2319 1720 Signum
2351 1688 2458 1712 autem

1470 1725 1558 1765 quod
1581 1731 1688 1755 motus
1709 1724 1883 1755 contrarius
1905 1730 1950 1754 est
1972 1724 2027 1764 qui
2051 1730 2096 1754 est
2119 1724 2156 1754 ab
2180 1726 2209 1754 A
2232 1725 2271 1754 ad
2293 1724 2333 1762 B,
2354 1725 2381 1755 ei
2400 1725 2455 1765 qui

1470 1776 1516 1799 est
1538 1769 1576 1798 ab
1599 1768 1669 1808 ipso
1693 1769 1718 1798 B
1741 1769 1780 1798 ad
1803 1770 1842 1806 A,
1867 1774 1897 1798 et
1919 1768 1993 1807 quia
2015 1774 2097 1798 stant
2120 1774 2150 1798 et
2172 1775 2339 1806 repausant
2356 1769 2396 1798 ad
2409 1769 2457 1798 in-

1468 1812 1568 1842 vicem
1589 1811 1614 1841 si
1634 1811 1727 1841 simul
1749 1811 1835 1842 fiant.
1859 1811 1900 1841 Et
1921 1811 1954 1841 in
1979 1811 2094 1842 circulo
2114 1811 2264 1849 similiter,
2284 1818 2320 1842 ut
2338 1811 2392 1852 qui
2412 1819 2458 1843 est

1469 1856 1507 1886 ab
1530 1858 1560 1886 A
1582 1855 1615 1885 in
1637 1855 1680 1893 B,
1705 1855 1732 1885 ei
1756 1855 1811 1895 qui
1834 1861 1879 1885 est
1902 1855 1940 1885 ab
1963 1857 1992 1885 A
2007 1855 2038 1884 in
2057 1854 2093 1885 C.
2118 1854 2237 1885 Sistunt
2260 1855 2343 1885 enim
2368 1854 2416 1898 (et
2431 1856 2457 1886 si

1469 1899 1610 1930 continui
1640 1898 1715 1937 sint,
1739 1906 1770 1929 et
1793 1908 1857 1928 non
1886 1898 1940 1929 fiat
1969 1897 2129 1940 reflexio);
2158 1905 2286 1939 propter
2308 1899 2341 1929 id
2369 1900 2456 1939 quod

1470 1943 1622 1973 contraria
1653 1952 1719 1972 sese
1747 1949 1954 1982 corrumpunt
1984 1949 2014 1972 et
2043 1942 2211 1982 prohibent
2242 1943 2280 1972 ad
2309 1943 2453 1974 invicem.

1468 1987 1530 2017 Sed
1553 1997 1618 2016 non
1642 1986 1697 2026 qui
1721 1993 1766 2016 est
1789 1986 1821 2015 in
1844 1986 1925 2016 latus
1945 1986 1972 2015 ei
1991 1986 2046 2026 qui
2065 1993 2111 2016 est
2129 1996 2264 2016 sursum.

1401 2031 1419 2050 *
1428 2030 1563 2061 Maxime
1574 2037 1680 2060 autem
1694 2029 1896 2059 manifestum
1910 2030 1997 2070 quod
2009 2029 2202 2069 impossibile
2211 2037 2256 2060 est
2268 2030 2455 2061 continuum

1469 2084 1534 2104 esse
1558 2074 1613 2114 qui
1636 2080 1682 2104 est
1704 2074 1738 2103 in
1761 2073 1943 2104 rectitudine
1966 2079 2107 2111 motum,
2132 2073 2205 2114 quia
2229 2073 2379 2104 reflexum
2401 2085 2454 2104 ne-

1468 2127 1551 2148 cesse
1568 2124 1614 2147 est
1631 2124 1710 2148 stare
1733 2127 1799 2147 non
1823 2117 1928 2147 solum
1951 2117 1984 2146 in
2003 2123 2095 2155 recta,
2119 2118 2173 2147 sed
2189 2124 2219 2148 et
2237 2118 2262 2147 si
2281 2119 2455 2148 secundum

1468 2161 1620 2191 circulum
1635 2160 1769 2201 *feratun
1797 2161 1870 2190 Non
1890 2160 1974 2190 enim
1997 2160 2081 2190 idem
2106 2167 2152 2191 est
2183 2161 2299 2191 circulo
2327 2161 2399 2192 ferri
2426 2168 2456 2192 et

1468 2204 1634 2234 circulum:
1659 2211 1705 2234 est
1720 2203 1804 2233 enim
1821 2204 1990 2244 aliquando
2011 2204 2141 2244 quidem
2164 2205 2352 2235 continuum
2368 2206 2455 2246 quod

1467 2254 1630 2286 movetur;
1654 2247 1823 2287 aliquando
1847 2254 1953 2278 autem
1975 2247 2008 2277 in
2031 2248 2116 2277 idem
2136 2249 2262 2278 veniens
2286 2249 2369 2278 unde
2385 2259 2455 2279 mo-

1466 2297 1536 2322 tum
1559 2297 1615 2329 est,
1634 2290 1748 2321 reflecti
1763 2290 1886 2321 iterum.
1911 2291 2008 2328 Quod
2031 2298 2138 2321 autern
2160 2301 2283 2322 necesse
2303 2299 2348 2322 est
2364 2299 2453 2331 stare,

1406 807 1425 825 ἦ
1438 808 1599 845 Quoniam
1615 815 1721 839 autem
1734 808 1886 849 contingit
1900 819 1965 839 esse
1976 808 2135 849 quendam
2151 814 2276 838 motum
2286 807 2458 847 infinitum,
2486 812 2495 821 ·
2512 811 2567 839 Cal>-
2582 818 2633 834 vm.

2485 837 2553 859 Text.
2569 839 2608 865 64.

2482 2037 2491 2045 ·
2505 2035 2571 2057 Text.
2586 2035 2622 2063 65.

1465 2334 1542 2364 fides
1566 2341 1612 2364 est
1634 2344 1700 2364 non
1723 2334 1829 2364 solum
1851 2334 1884 2364 in
1907 2344 2020 2372 sensu,
2049 2335 2103 2364 sed
2125 2335 2158 2364 in
2181 2335 2309 2366 ratione.
2338 2336 2453 2367 Princi—
2488 2371 2492 2374 ,

1465 2378 1556 2418 pium
1579 2385 1685 2408 autem
1707 2378 1768 2408 hoc
1792 2384 1856 2408 est:
1885 2378 1982 2408 tribus
2010 2378 2094 2408 enim
2123 2378 2341 2416 existentibus,
2370 2380 2454 2419 prin-

1467 2422 1560 2461 cipio,
1581 2421 1686 2451 medio
1711 2427 1741 2451 et
1763 2421 1841 2458 fine,
1865 2421 2007 2451 medium
2030 2422 2069 2451 ad
2093 2428 2262 2462 utrumque
2282 2429 2452 2464 utrumque

1466 2472 1529 2503 est;
1553 2472 1583 2495 et
1606 2475 1707 2495 unum
1730 2475 1880 2502 numer0‚
1904 2465 2023 2495 ratione
2047 2472 2152 2496 autern
2183 2466 2258 2496 duo.
2290 2467 2452 2506 Amplius,

1466 2509 1552 2539 aliud
1576 2516 1621 2539 est
1644 2509 1732 2548 quod
1755 2515 1800 2538 est
1828 2509 1981 2548 potentia,
2009 2515 2040 2539 et
2062 2510 2150 2549 quod
2173 2516 2219 2540 est
2241 2516 2321 2544 actu.
2347 2511 2452 2547 Quare

1466 2552 1673 2590 rectitudinis,
1698 2562 1778 2592 quae
1801 2551 1881 2582 infra
1903 2559 1976 2583 sunt
1998 2553 2206 2583 terminorum
2228 2554 2391 2594 quodlibet
2414 2554 2452 2584 si-

1466 2606 1576 2636 gnum,
1598 2596 1738 2636 potentia
1761 2596 1890 2636 quidem
1914 2603 1958 2626 est
1981 2596 2138 2627 medium:
2164 2603 2233 2627 actu
2257 2604 2363 2628 autern
2386 2608 2452 2628 non

1467 2647 1523 2678 est,
1539 2640 1597 2669 nisi
1614 2640 1730 2670 dividat
1750 2640 1840 2677 hanc,
1861 2647 1891 2670 et
1910 2647 1992 2670 stans
2015 2640 2130 2670 iterum
2152 2640 2299 2681 inceperit
2321 2641 2450 2673 moveri.

1467 2684 1517 2714 Sic
1541 2691 1646 2714 autem
1669 2683 1811 2713 medium
1833 2683 2022 2723 principium
2044 2683 2079 2714 fit
2102 2691 2132 2715 et
2154 2683 2238 2714 finis:
2262 2685 2452 2725 principium

1467 2728 1597 2768 quidem
1612 2727 1803 2767 posterioris,
1819 2726 1888 2756 finis
1913 2734 2017 2757 autem
2040 2728 2167 2766 primae.
2192 2728 2271 2758 Dico
2296 2735 2401 2759 autem
2418 2736 2453 2760 ut

1468 2771 1494 2801 si
1516 2772 1603 2811 quod
1632 2771 1728 2801 fertur
1750 2773 1794 2809 A,
1826 2778 1884 2801 stet
1906 2771 1939 2800 in
1961 2771 2001 2809 B,
2026 2778 2056 2801 et
2078 2771 2192 2802 iterum
2220 2771 2334 2802 feratur
2356 2773 2389 2803 in
2413 2772 2450 2804 C.

1466 2814 1551 2845 Cum
1567 2821 1672 2845 autem
1688 2815 1836 2845 continue
1852 2815 1976 2852 feratur,
2000 2825 2102 2855 neque
2126 2815 2242 2846 factum
2262 2826 2327 2846 esse
2350 2826 2452 2857 neque

1466 2859 1572 2888 abesse
1591 2858 1738 2898 possibile
1758 2865 1803 2888 est
1821 2860 1850 2888 A
1873 2865 1903 2888 et
1924 2859 1949 2888 B
1974 2858 2109 2899 signum,
2126 2860 2179 2889 sed
2202 2860 2307 2890 solum
2331 2870 2397 2890 esse
2419 2861 2452 2890 in

1465 2902 1535 2942 ipso
1550 2909 1648 2932 nunc:
1667 2902 1698 2932 in
1715 2909 1857 2942 tempore
1872 2909 1977 2932 autem
1994 2903 2092 2940 nullo,
2108 2909 2227 2943 praeter
2242 2903 2330 2933 cuius
2346 2903 2452 2944 ipsum

1466 2955 1551 2976 nunc
1574 2952 1620 2976 est
1643 2945 1765 2983 divisio,
1780 2945 1812 2975 in
1828 2952 1895 2976 toto
1914 2946 2008 2977 ΑΒΕ.
2032 2946 2064 2976 Si
2088 2953 2194 2977 autem
2217 2947 2321 2977 adesse
2342 2957 2451 2978 conce-

1467 2990 1519 3019 dat
1537 2989 1649 3029 aliquis
1666 2996 1695 3019 et
1709 2990 1827 3027 abesse,
1843 2999 1966 3029 semper
1988 2990 2079 3020 stabit
2101 2993 2141 3027 A,
2165 2991 2253 3030 quod
2269 2991 2372 3022 fertur.
2391 2992 2451 3022 Im-

1465 3033 1614 3072 possibile
1643 3033 1728 3062 enim
1751 3040 1796 3063 est
1818 3035 1847 3063 A
1870 3033 1965 3063 simul
1988 3035 2093 3064 adesse
2116 3034 2148 3063 in
2171 3034 2196 3064 Β
2221 3042 2250 3065 et
2272 3035 2394 3065 abesse:
2418 3035 2451 3065 in

1466 3076 1528 3106 alio
1546 3086 1619 3115 ergo
1636 3083 1666 3106 et
1684 3076 1745 3106 alio
1765 3076 1853 3116 signo
1876 3077 2026 3117 temporis
2046 3084 2107 3107 est:
2131 3084 2256 3117 ternpus
2272 3078 2376 3118 itaque
2395 3079 2451 3109 erit

1467 3120 1554 3160 quod
1570 3120 1603 3150 in
1620 3120 1735 3150 medio.
1753 3120 1858 3156 Quare
1873 3121 2010 3160 quiescet
2032 3123 2060 3150 A
2076 3121 2107 3150 in
2126 3121 2160 3151 B.
2182 3121 2328 3151 Similiter
2344 3128 2450 3152 autem

1466 3170 1496 3193 et
1519 3163 1551 3193 in
1575 3163 1641 3193 aliis
1661 3164 1773 3203 signis:
1798 3164 1907 3193 eadem
1922 3164 2006 3194 enirn
2022 3164 2099 3194 ratio
2123 3163 2154 3193 in
2180 3164 2337 3194 omnibus.
2364 3164 2448 3195 Cum

1465 3214 1571 3237 autem
1594 3214 1698 3238 utatur
1715 3209 1744 3237 A
1761 3207 1847 3247 quod
1868 3207 1973 3244 fertur,
1990 3207 2059 3246 ipso
2075 3207 2100 3236 B
2116 3207 2221 3236 medio
2245 3214 2275 3237 et
2296 3207 2448 3247 principio

1466 3257 1496 3280 et
1518 3249 1599 3288 fine,
1624 3260 1747 3280 necesse
1772 3257 1817 3280 est
1839 3257 1934 3287 stare,
1958 3257 2084 3289 propter
2107 3249 2139 3279 id
2162 3250 2249 3290 quod
2273 3251 2336 3280 duo
2361 3251 2447 3290 facit3

1465 3293 1545 3323 sicut
1574 3294 1682 3333 utique
1707 3294 1731 3323 si
1755 3300 1785 3323 et
1807 3293 1965 3332 intelliget.
2000 3293 2060 3323 Sed
2088 3294 2125 3322 ab
2149 3295 2177 3323 A
2201 3294 2330 3333 quidem
2358 3295 2447 3334 signo

1465 3337 1565 3367 abfuit
1579 3337 1751 3377 principio:
1768 3336 1799 3366 in
1817 3336 1842 3366 C
1859 3343 1964 3367 autem
1978 3336 2075 3375 affuit,
2092 3346 2165 3367 cum
2181 3336 2318 3377 perficiat
2334 3345 2364 3368 et
2379 3345 2447 3369 stet.

353 3476 501 3502 synopsts.
518 3491 552 3495 -
574 3483 597 3502 1.
612 3475 820 3510 Argumentum
842 3480 869 3501 et
890 3473 990 3501 divisio
1005 3479 1106 3501 textus.
1123 3489 1141 3494 -
1155 3473 1344 3501 Demonstra-
1399 3475 1486 3508 Quod
1508 3474 1595 3502 fertur
1614 3474 1748 3509 localiter,
1764 3481 1893 3503 movetur
1914 3481 1962 3503 aut
1983 3475 2166 3511 circulariter,
2187 3481 2237 3503 aut
2257 3482 2339 3504 motu
2359 3483 2446 3512 recto,

283 3514 349 3542 aive
371 3513 522 3549 suscipitur
541 3514 723 3549 probandum
745 3514 824 3549 quod
845 3513 923 3541 solus
944 3519 1039 3540 motus
1061 3512 1204 3549 eircplaris
1225 3519 1275 3547 est,
1295 3512 1344 3548 qui
1398 3519 1447 3540 aut
1468 3520 1549 3541 motu
1569 3523 1602 3541 ex
1623 3521 1744 3550 utroque
1766 3514 1937 3550 composito.
1966 3515 2022 3542 Sed
2048 3514 2230 3542 manifestum
2256 3522 2298 3543 est
2323 3517 2402 3552 quod
2423 3517 2446 3545 si

293 3559 395 3589 potest,
416 3562 491 3580 unus
508 3552 638 3588 existens,
654 3552 683 3580 in
705 3552 847 3579 infinitum
867 3551 1036 3580 continuari.
1046 3553 1067 3572 ⁴—
1083 3559 1108 3579 2.
1124 3552 1343 3579 Praenotamen.
1398 3552 1462 3588 quis
1476 3553 1599 3581 duorum
1614 3553 1785 3589 simplicium
1805 3562 1866 3581 non
1880 3560 1972 3589 potest
1993 3563 2054 3581 esse
2075 3554 2104 3582 in
2125 3553 2268 3583 infinitum
2284 3554 2445 3592 continuus,
