2898 3996
195 447 207 457 ¹⁸
231 446 277 467 Ioci
297 445 333 466 vel
354 446 409 466 tem-

196 472 264 499 poris
278 472 330 493 Pub.

296 512 310 541 ζ

196 604 206 615 ⁴
221 605 257 624 est
274 609 299 629 n,
319 603 352 623 sit
365 606 408 624 cet.

196 635 246 650 exc.
261 635 323 650 mc.

197 658 217 665 ¹¹·
233 655 296 677 solus
312 655 348 676 ed.
358 661 373 676 a
387 658 409 676 et

198 682 266 703 codd.
282 687 332 702 exc.
347 687 370 702 Ν.

198 710 207 718 '
222 708 290 729 Conf.
306 709 358 729 lect.
373 713 409 734 ιιι,

197 741 220 756 n.
235 740 255 756 2.

195 918 207 928 ⁸
222 922 251 938 ex
266 916 318 938 add.
330 916 381 938 pah.

196 1177 206 1185 '¹
221 1175 291 1197 Num.
302 1181 323 1202 7,
333 1181 355 1203 9.

197 1493 205 1502 ³
222 1491 293 1513 Num.
308 1498 330 1519 7.

196 2075 207 2087 ’
221 2074 281 2096 Ibid.

437 305 514 351 254

490 395 526 430 9.
557 383 734 419 Secunda
767 382 976 419 differentia
1013 381 1322 429 irregularitatem
1358 381 1498 419 faciens

437 442 504 482 est,
526 447 605 472 non
630 440 674 471 ex
693 442 798 483 parte
827 435 911 482 loci,
932 447 1056 483 neque
1078 447 1123 470 ex
1141 441 1246 482 parte
1266 434 1448 483 temporis
1466 435 1497 481 ³¹⁶,

436 500 560 536 neque
596 488 632 524 in
659 487 760 535 quod
786 499 858 535 quo
879 487 904 533 ζ,
934 487 1030 524 idest
1057 499 1182 534 neque
1212 499 1258 523 ex
1284 494 1390 535 parte
1419 487 1499 524 eius

436 540 542 588 quod
562 540 695 576 dicitur
713 551 798 588 quo,
818 539 915 576 idest
943 552 988 576 ex
1007 547 1112 588 parte
1147 539 1418 588 cuiuscumque
1447 539 1500 576 rei

437 592 475 628 in
495 605 570 640 qua
589 593 632 629 fit
652 594 671 611 ⁷²²
691 599 818 629 motus
847 594 949 638 (non
970 592 1071 628 enim
1093 599 1147 629 est
1167 592 1292 629 solum
1311 593 1354 613 *²¹³
1373 599 1500 629 motus

436 644 474 681 in
502 645 580 692 ubi,
606 646 673 682 sed
692 645 730 681 in
750 645 926 693 qualitate
946 652 983 681 et
1001 645 1205 693 quantitate
1221 646 1276 691 ⁴*):
1296 645 1358 681 vel
1375 652 1502 693 potest

435 698 511 734 hoc
540 697 667 734 referri
689 697 738 734 ad
757 697 970 734 subiectum
998 697 1036 734 in
1065 710 1142 746 quo
1173 704 1227 734 est
1255 704 1393 734 motus.
1425 698 1501 734 Sed

436 751 504 786 iste
537 749 728 786 secundus
756 750 895 787 modus
932 750 1207 798 irregularitatis
1245 749 1426 799 accipitur
1462 750 1499 786 in

436 815 479 839 eo
499 803 600 851 quod
613 808 662 849 ut,
678 802 774 839 idest
794 815 840 839 ex
859 803 1072 853 diversitate
1091 803 1197 839 modi
1212 809 1350 839 motus.
1370 803 1502 838 Deter-

436 855 602 892 minatur
631 855 732 892 enim
762 855 829 892 iste
863 855 1053 892 secundus
1082 855 1221 892 modus
1256 854 1500 903 irregularita-

436 908 481 945 tis
500 909 520 929 ²¹³
539 907 738 945 velocitate
759 915 794 945 et
812 908 1004 945 tarditate:
1024 907 1113 956 quia
1131 907 1192 944 ille
1211 915 1339 944 motus
1369 907 1502 944 dicitur

438 961 634 1009 regularis,
665 960 771 997 cuius
801 968 856 997 est
883 961 1019 998 eadem
1047 960 1228 998 velocitas
1255 973 1325 1009 per
1355 967 1498 1006 totum;

438 1014 648 1061 irregularis
685 1021 833 1061 autem,
874 1013 979 1050 cuius
1015 1026 1092 1050 una
1124 1026 1213 1062 pars
1246 1020 1302 1050 est
1332 1013 1502 1051 velocior

438 1067 565 1103 altera.
1479 1095 1486 1100 .

497 1131 553 1156 10.
575 1118 724 1156 Deinde
755 1130 842 1155 cum
863 1119 970 1156 dicit:
1006 1120 1111 1157 Unde
1130 1130 1248 1167 neque
1265 1119 1402 1167 species
1422 1131 1500 1155 mo-

437 1178 494 1208 tus
523 1179 609 1218 etc.,
641 1171 830 1208 concludit
849 1171 925 1208 duo
953 1172 1148 1209 corollaria
1169 1183 1213 1208 ex
1230 1171 1448 1220 praemissis
1468 1173 1500 1209 ’ἢ

439 1225 616 1271 Quorum
645 1224 814 1273 primum
843 1232 915 1271 est,
944 1225 1049 1274 quod
1076 1224 1257 1262 velocitas
1287 1232 1322 1261 et
1349 1224 1501 1262 tarditas

437 1290 515 1314 non
544 1284 630 1314 sunt
657 1277 802 1325 species
829 1285 975 1324 motus,
1005 1290 1129 1326 neque
1158 1277 1390 1314 differentiae
1418 1289 1501 1326 spe-

438 1330 568 1367 cificae
582 1335 608 1377 η,
627 1330 715 1378 quia
735 1337 1017 1379 consequuntur
1037 1342 1172 1367 omnes
1192 1330 1336 1378 species
1356 1337 1501 1375 motus3

438 1382 527 1431 quia
559 1382 759 1420 velocitate
793 1390 829 1419 et
860 1383 1031 1420 tarditate
1061 1382 1330 1420 determinatur
1358 1382 1502 1429 regula-

437 1435 525 1472 ritas
555 1443 592 1472 et
617 1434 877 1483 irregularitas,
907 1448 1005 1484 quae
1034 1442 1318 1484 consequuntur
1342 1434 1501 1483 quamli—

437 1488 502 1525 bet
529 1488 695 1536 speciem
725 1495 863 1534 motus,
886 1495 928 1524 ut
947 1500 1061 1536 supra
1084 1488 1103 1508 '¹‘
1123 1488 1266 1525 dictum
1292 1495 1356 1524 est.
1387 1487 1502 1523 Nulla

438 1547 567 1578 autem
591 1541 735 1590 species
754 1541 815 1577 vel
837 1540 1046 1577 differentia
1076 1540 1319 1589 consequitur
1344 1552 1501 1576 omnem

438 1606 606 1642 speciem
635 1606 692 1629 sui
720 1605 878 1641 generis.

493 1646 714 1683 Secundum
744 1645 984 1682 corollarium
1014 1653 1088 1694 est,
1125 1645 1230 1694 quod
1258 1644 1438 1683 velocitas
1468 1652 1503 1682 et

437 1694 589 1735 tarditas
618 1711 696 1735 non
724 1706 810 1735 sunt
838 1698 941 1735 idem
962 1698 1067 1746 quod
1092 1698 1254 1746 gravitas
1284 1706 1319 1735 et
1346 1697 1498 1735 levitas:

438 1751 527 1800 quia
554 1759 758 1800 utrumque
787 1751 947 1788 istorum
975 1751 1090 1788 habet
1113 1758 1262 1787 motum
1282 1762 1434 1799 semper
1453 1750 1502 1787 ad

437 1804 541 1841 idem
555 1802 584 1850 ⁰3
606 1804 701 1841 sicut
715 1811 842 1841 motus
861 1811 994 1851 terrae,
1006 1816 1104 1852 quae
1126 1810 1180 1840 est
1198 1803 1334 1851 gravis,
1351 1815 1503 1852 semper

439 1865 494 1894 est
520 1858 571 1894 ad
593 1857 724 1905 ipsam,
750 1857 846 1894 idest
865 1858 913 1894 ad
932 1858 1060 1893 locum
1081 1856 1208 1905 ipsius,
1230 1856 1295 1904 qui
1316 1863 1371 1892 est
1391 1855 1500 1893 deor-

438 1922 537 1957 sum,
569 1917 604 1946 et
624 1917 751 1946 motus
779 1909 873 1957 ignis
902 1922 1055 1958 semper
1084 1916 1139 1946 est
1165 1909 1217 1945 ad
1243 1909 1375 1957 ipsum,
1406 1908 1502 1946 idest

438 1963 487 2000 ad
514 1963 642 1999 locum
670 1962 890 2011 proprium,
929 1962 993 2011 qui
1028 1970 1083 1999 est
1115 1974 1278 1999 sursum.
1311 1961 1500 1999 Velocitas

438 2023 566 2052 autem
597 2023 632 2052 et
659 2015 811 2052 tarditas
840 2028 879 2052 se
908 2015 1049 2052 habent
1077 2015 1126 2052 ad
1154 2014 1326 2052 diversos
1354 2021 1499 2062 motus,

437 2076 479 2105 ut
508 2068 650 2105 dictum
681 2076 735 2105 est
754 2069 785 2105 *.

491 2216 517 2250 ζ)
537 2223 619 2249 neque
638 2217 664 2241 in
690 2216 761 2249 quod
779 2223 840 2248 quo.
857 2230 876 2235 -
894 2223 976 2249 neque
1002 2216 1028 2241 ἰη
1052 2216 1233 2249 quodcumque
1251 2216 1316 2249 EpG
1334 2220 1360 2240 et
1383 2223 1412 2245 a,
1432 2218 1458 2240 et
1476 2216 1502 2240 in

438 2259 489 2284 quo
508 2252 541 2282 F,
562 2259 644 2284 neque
662 2252 688 2277 in
709 2252 779 2277 idem
798 2259 848 2284 quo
867 2252 898 2283 K,
914 2259 996 2284 neque
1015 2251 1042 2276 in
1061 2252 1133 2284 quod
1152 2251 1189 2282 Q,
1209 2258 1292 2284 neque
1310 2251 1336 2276 in
1357 2258 1407 2282 quo
1425 2251 1463 2275 Lb
1478 2255 1504 2276 et

437 2288 530 2312 Venet.
548 2286 627 2319 1504,
651 2286 726 2319 1545.

491 2323 518 2354 η)
538 2329 622 2355 neque
641 2322 806 2356 differentiae
819 2322 964 2355 specificae.
977 2335 996 2340 —-
1010 2322 1079 2346 Haec
1094 2330 1148 2347 om.
1168 2329 1186 2346 α
1196 2322 1224 2350 b‚·
1244 2328 1326 2354 neque
1338 2320 1505 2355 differentiae

437 2358 582 2389 specierum
597 2358 651 2382 PH.
663 2371 682 2376 —
695 2359 785 2382 Statim
803 2358 857 2382 Pab
875 2358 997 2382 omittunt
1010 2357 1073 2389 quia
1088 2360 1285 2389 consequuntur
1298 2363 1388 2381 omnes
1405 2357 1504 2388 species

438 2396 539 2422 motus,
560 2398 585 2417 et
599 2392 662 2417 infra
682 2394 770 2426 legunt
787 2400 854 2425 quae
872 2393 991 2425 sequitur
1010 2393 1140 2425 quaslibet
1157 2392 1255 2425 species
1269 2392 1503 2425 motus.—regu1a-

437 2428 506 2453 ritas
524 2431 550 2453 et
567 2436 620 2453 om.
634 2428 713 2461 pEG,
732 2435 749 2453 a
760 2428 774 2453 b
793 2433 819 2452 et
836 2428 928 2453 Venet.
945 2427 1027 2459 1504,
1051 2427 1125 2459 1545.

1074 303 1420 340 PHYSICORUM
1447 303 1795 340 ARISTOTELIS
1825 303 1919 339 LIB.
1947 303 1983 339 V

1613 393 1669 418 11.
1699 380 1847 417 Deinde
1877 393 1964 417 curn
1990 381 2098 418 dicit:
2133 383 2237 419 Unus
2256 383 2371 432 igitur
2394 383 2616 433 irregularis

1554 440 1607 471 est
1634 441 1720 481 etc.‚
1751 433 1914 470 ostendit
1942 434 2140 481 quomodo
2173 442 2300 472 motus
2333 435 2542 483 irregularis
2570 436 2617 473 sit

1553 499 1673 533 unus3
1712 487 1881 523 secundo
1919 486 2029 523 infert
2065 487 2261 535 quoddam
2299 488 2538 525 corollarium
2571 501 2616 525 ex

1556 539 1672 587 dictis,
1689 539 1755 575 ibi:
1777 539 1818 575 Si
1835 544 1960 575 autem
1980 551 2129 576 omnem
2146 551 2262 576 unum
2278 542 2296 559 '⁹
2318 547 2387 577 etc.
2408 541 2507 578 Dicit
2526 553 2614 589 ergo

1554 592 1694 641 primo,
1724 591 1830 640 quod
1858 599 1985 628 motus
2013 591 2224 639 irregularis
2251 599 2376 640 potest
2404 593 2477 630 dici
2503 606 2614 640 unus,

1555 645 1780 693 inquantum
1806 651 1860 681 est
1884 644 2104 690 continuus;
2134 644 2201 681 sed
2221 644 2348 682 minus
2368 645 2501 682 dicitur
2516 658 2616 684 unus

1556 709 1672 746 quarn
1707 697 1906 745 regularis;
1937 697 2031 734 sicut
2059 705 2096 734 et
2123 697 2222 734 linea
2248 698 2394 734 habens
2423 699 2615 747 angulum,

1555 749 1682 786 minus
1703 749 1836 786 dicitur
1853 762 1930 787 una
1943 757 1951 770 ²
1971 762 2086 799 quam
2106 750 2203 787 linea
2227 758 2338 787 recta.
2370 751 2419 787 Et
2442 751 2517 787 hoc
2535 762 2616 788 ma-

1555 802 1655 839 xime
1685 809 1840 851 apparet
1868 802 1907 839 in
1935 810 2043 839 motu
2071 802 2274 840 reflexivo:
2308 803 2398 851 quia
2425 803 2532 851 quasi
2559 803 2617 840 vi-

1557 855 1692 892 dentur
1710 855 1787 892 duo
1807 862 1946 892 motus,
1971 856 2029 892 Ex
2047 856 2123 892 hoc
2142 863 2269 892 autern
2289 857 2395 904 quod
2417 863 2472 893 est
2491 856 2616 893 minus

1555 920 1666 954 unus,
1691 914 1848 956 apparet
1870 907 1974 956 quod
1997 908 2136 957 aliquid
2156 909 2270 946 habet
2289 909 2336 946 de
2361 909 2615 946 multitudine:

1557 960 1645 1009 quia
1673 972 1718 996 ex
1731 961 1806 997 hoc
1825 959 1966 1009 aliquid
1986 968 2040 997 est
2059 961 2196 1008 minus,
2213 961 2318 1010 quod
2336 962 2452 998 habet
2471 961 2614 998 admix-

1555 1013 1699 1050 tionem
1728 1013 1923 1060 contrarii,
1958 1013 2053 1050 sicut
2087 1013 2211 1050 minus
2248 1014 2378 1050 album
2411 1014 2527 1051 habet
2553 1014 2617 1050 ali-

1556 1065 1647 1115 quid
1674 1065 1884 1102 admixtum
1917 1066 1964 1103 de
1997 1066 2124 1113 nigro,
2163 1066 2211 1103 ad
2245 1066 2372 1102 minus
2404 1067 2616 1104 secundum

1556 1117 1749 1167 quandam
1778 1118 2204 1170 appropinquationem..
2229 1119 2278 1154 Et
2302 1118 2355 1155 sic
2378 1126 2481 1167 patet
2513 1119 2618 1167 quod

2643 553 2654 564 ⁸
2667 552 2739 575 Num.
2755 559 2805 581 seq.

1557 1178 1684 1208 motus
1709 1170 1919 1218 irregularis
1940 1178 1975 1207 et
1994 1178 2050 1207 est
2067 1183 2178 1217 unus,
2209 1170 2432 1219 inquantum
2454 1178 2508 1208 est
2527 1183 2616 1208 con-
2656 1196 2663 1204 .

1556 1224 1694 1270 finuus,
1716 1230 1752 1260 et
1778 1231 1832 1260 est
1850 1223 2142 1271 quodammodo
2167 1223 2372 1272 multiplex,
2393 1223 2617 1272 inquantum

1558 1283 1614 1313 est
1641 1288 1767 1312 minus
1794 1288 1906 1313 unus.

1616 1340 1673 1365 12.
1703 1327 1850 1364 Deinde
1881 1340 1968 1364 cum
1998 1327 2105 1365 dicit:
2136 1327 2178 1364 Si
2203 1334 2327 1365 autem
2355 1341 2505 1366 omnem
2534 1335 2616 1377 etc„

1558 1380 1747 1417 concludit
1775 1392 1821 1417 ex
1848 1380 2068 1417 immediate
2097 1379 2202 1417 dietis
2221 1381 2327 1429 quod
2355 1393 2469 1430 supra
2487 1383 2508 1404 '¹‘
2530 1394 2618 1430 pro-

1556 1441 1736 1482 posuerat
1752 1434 1787 1478 *;
1804 1433 1942 1469 scilicet
1955 1433 2061 1481 quod
2080 1441 2207 1471 motus
2223 1433 2287 1482 qui
2304 1441 2392 1470 sunt
2410 1434 2548 1472 diversi
2558 1446 2619 1472 se-

1558 1485 1727 1523 cundum
1747 1485 1926 1535 speciem,
1943 1498 2022 1523 non
2035 1494 2195 1535 possunt
2210 1486 2431 1524 continuari.
2449 1487 2619 1525 Omnem

1558 1538 1660 1576 enirn
1688 1546 1838 1575 motum
1865 1551 1988 1575 unum
2026 1539 2204 1587 contingit
2232 1551 2314 1576 esse
2344 1541 2364 1561 ’²‘
2395 1540 2618 1588 regularem,

1558 1599 1594 1628 et
1611 1591 1749 1628 iterum
1768 1604 1847 1629 non
1866 1592 2088 1639 regularem.
2113 1593 2190 1630 Sed
2209 1599 2337 1629 motus
2356 1592 2420 1642 qui
2441 1600 2496 1630 est
2515 1605 2619 1630 com-

1556 1644 1700 1694 positus
1730 1656 1775 1681 ex
1803 1644 1963 1682 diversis
1996 1644 2164 1682 motibus
2196 1645 2409 1682 secundum
2439 1645 2619 1695 speciem,

1557 1710 1635 1735 non
1661 1705 1786 1746 potest
1815 1709 1896 1734 esse
1926 1697 2116 1746 regularis.
2155 1698 2366 1745 Quomodo
2388 1698 2489 1735 enim
2521 1705 2620 1736 esset

1557 1750 1736 1798 regularis
1763 1757 1891 1787 motus
1916 1750 2149 1799 compositus
2179 1763 2224 1787 ex
2253 1751 2470 1788 alteratione
2490 1759 2527 1788 et
2544 1750 2617 1788 loci

1557 1801 1795 1840 mutatione?
1816 1803 1982 1840 Necesse
2005 1811 2060 1840 est
2083 1803 2183 1840 enim
2206 1804 2254 1840 ad
2272 1804 2347 1841 hoc
2367 1803 2472 1853 quod
2491 1810 2620 1850 motus

1556 1856 1601 1892 sit
1629 1855 1819 1903 regularis,
1849 1856 1953 1904 quod
1972 1863 2098 1904 partes
2122 1856 2352 1894 conveniant
2371 1857 2419 1894 ad
2438 1857 2616 1895 invIcem.

1556 1909 1658 1956 Ergo
1674 1908 1893 1957 relinquitur
1912 1908 2017 1956 quod
2037 1916 2164 1945 motus
2184 1909 2333 1956 diversi,
2350 1909 2414 1958 qui
2434 1921 2513 1946 non
2529 1922 2625 1955 con--

1556 1969 1764 2010 sequuntur
1788 1973 1828 1997 se
1853 1961 2018 1998 invicem
2050 1961 2220 1998 eiusdem
2240 1961 2380 2010 speciei
2400 1962 2619 2009 existentes,

1556 2026 1635 2051 non
1662 2024 1748 2051 sunt
1774 2026 1875 2050 unus
1903 2021 2030 2051 motus
2051 2022 2087 2051 et
2107 2014 2323 2061 continuus;
2346 2014 2450 2064 quod
2469 2027 2583 2064 supra
2597 2014 2618 2036 ¹⁸²

1554 2066 1722 2116 positum
1747 2074 1803 2104 est
1823 2074 1858 2104 et
1875 2079 1944 2115 per
1973 2068 2146 2116 exempla
2175 2067 2470 2105 manifestatum.

1610 2213 1633 2248 θ)
1653 2215 1731 2240 habet
1750 2219 1850 2240 motum
1868 2222 1972 2247 semper
1990 2215 2028 2240 ad
2045 2215 2123 2241 idem.
2135 2230 2154 2234 -
2165 2215 2217 2240 Pro
2235 2218 2350 2245 motum,
2373 2216 2480 2242 modum
2499 2217 2541 2242 ed.
2558 2223 2579 2242 a
2594 2221 2620 2242 et

1557 2251 1631 2275 codd.
1647 2258 1700 2276 exc.
1713 2250 1917 2281 FHLSZsBCG;
1937 2258 1984 2283 pro
2002 2251 2039 2275 ad
2058 2251 2135 2279 idem,
2151 2251 2176 2276 in
2193 2251 2262 2276 idem
2277 2252 2308 2282 Β,
2318 2251 2429 2276 eundem
2442 2251 2471 2282 F,
2487 2251 2620 2278 identat.

1557 2293 1610 2310 exc.
1625 2286 1655 2310 R.
1667 2300 1686 2304 —
1700 2286 1750 2310 Pro
1768 2293 1836 2319 quae
1854 2289 1894 2311 est
1912 2286 2012 2319 gravis,
2033 2286 2079 2319 qui
2095 2290 2136 2311 est
2153 2286 2246 2319 gravis
2264 2286 2444 2311 PEGHLMsN
2463 2291 2489 2312 et
2505 2287 2557 2312 ab.

1611 2320 1627 2355 ι)
1640 2321 1727 2346 minus
1737 2321 1836 2346 dicitur
1846 2329 1932 2346 una.-
1942 2321 2042 2346 dicitur
2052 2329 2106 2346 una
2115 2329 2168 2346 orn.
2175 2321 2250 2347 codd.
2257 2321 2321 2346 -Ibi
2331 2330 2337 2346 :
2349 2322 2396 2346 Ex
2405 2322 2454 2347 hoc
2462 2325 2552 2348 autem
2561 2326 2620 2354 etc„

1556 2364 1604 2388 pro
1618 2356 1706 2381 minus
1724 2363 1800 2386 unus,
1816 2363 1883 2382 unus
1898 2356 1984 2381 minus
1997 2357 2060 2385 Eab,
2075 2357 2162 2382 minus
2173 2364 2226 2382 om.
2241 2357 2297 2389 pG3
2316 2365 2365 2390 pro
2377 2360 2500 2389 apparet,
2513 2357 2621 2383 videtur

1557 2391 1625 2416 PEG
1644 2396 1669 2416 et
1686 2391 1741 2423 ab3
1760 2399 1807 2424 pro
1826 2392 1910 2424 quod,
1930 2392 1994 2424 quia
2018 2391 2242 2424 ADIKQSTYpL,
2260 2393 2392 2424 quomodo
2411 2393 2448 2423 H;
2467 2400 2514 2425 pro
2533 2393 2620 2423 habet,

1558 2426 1654 2452 habeat
1671 2427 1723 2457 Pb;
1741 2434 1789 2460 pro
1807 2426 2195 2458 admixti0nem,.m1'xtionem
2213 2427 2306 2457 PGab,
2331 2427 2528 2453 immixtionem
2546 2427 2596 2461 pE.

1314 2943 1740 3049 ψᾷεῶξξῆεῇ

2644 1391 2656 1403 ⁸
2669 1391 2740 1414 Num.
2755 1397 2776 1414 π.

2644 1445 2656 1456 “
2665 1445 2783 1472 posuerat
2795 1450 2858 1467 nm

2645 1476 2725 1499 xpm.

2645 1548 2858 1572 ‘nummata

2642 1575 2770 1604 poetat-
2810 1583 2826 1593 ο

2646 2023 2859 2052 *ma-supposta
2895 2016 2898 2034 ¹

2645 2052 2693 2072 tum
2714 2056 2858 2076 uncam?

2644 2077 2820 2105 z,propoet'tmn
2833 2083 2858 2099 ιι.
2894 2074 2898 2111 ]

2891 2112 2898 2144 ’ἰ

2891 2145 2898 2160 z
