2898 3996
402 276 479 321 234

1039 273 1383 311 PHYSICORUM
1410 274 1756 313 ARISTOTELIS
1787 275 1879 311 LIB.
1910 274 1945 311 V

1164 457 1464 513 LECTIO
1503 458 1820 514 TERTIA

701 600 822 638 QUOD
847 600 890 630 IN
914 600 1022 631 ALIIS
1045 600 1421 632 PRAEDICAMENTIS
1443 603 1473 632 A
1496 602 1798 642 QUANTITATE,
1827 602 2079 639 QUALITATE
2103 602 2161 633 ET
2184 602 2272 641 UBI,

1216 657 1307 688 NON
1330 657 1411 688 EST
1434 658 1584 690 MOTUS
1606 659 1687 690 PER
1710 659 1760 690 SE

398 781 435 811 Εἰ
460 776 516 809 οὖν
543 779 577 809 αἱ
600 779 808 822 κατηγορίαι
833 772 1014 819 διῄρηνται
1032 777 1130 817 οὐσία
1147 779 1204 808 καὶ
1222 778 1384 815 ποιότητι
1400 779 1458 810 καὶ

466 822 513 863 τῷ
539 823 604 854 ποῦ
628 823 686 853 καὶ
712 822 759 862 τῷ
786 821 872 852 ποτε
896 822 954 852 καὶ
979 821 1026 862 τῷ
1053 821 1134 864 πρός
1161 832 1195 852 τι
1218 823 1276 853 καὶ
1300 822 1347 862 τῷ
1367 823 1458 862 ποσῷ

463 867 521 898 καὶ
547 867 593 907 τῷ
621 869 726 898 ποιεῖν
753 863 773 901 ἦ
799 863 960 910 πάσχειν,
990 864 1120 911 ἀνάγκη
1147 869 1235 907 τρεῖς
1259 862 1345 897 εἶναι
1369 865 1460 902 κινή-

464 921 543 951 σεις,
563 909 628 946 την
655 921 693 940 τε
719 909 781 940 τοῦ
808 910 920 950 ποιοῦ,
938 910 996 940 καὶ
1015 909 1078 945 τήν
1097 910 1160 941 τοῦ
1177 909 1297 950 ποσοῦ,
1315 910 1373 941 καὶ
1395 911 1459 946 τήν

463 953 560 986 κατα
583 953 703 986 τόπον.

397 1000 483 1032 Κατ’
505 998 620 1031 οὑσίαν
646 993 674 1028 δ’
696 997 755 1028 οὐκ
780 995 853 1028 ἔστι
877 998 1002 1034 κίνησις
1028 992 1086 1028 διά
1110 997 1151 1028 τό
1169 991 1272 1041 μηδὲν
1294 993 1380 1029 εἶναι
1406 997 1461 1028 οὑ-

464 1046 520 1082 cicae
546 1044 612 1075 τών
639 1041 743 1073 ὄντων
770 1041 936 1073 ἐναντίον.

397 1084 483 1120 Οὐδὲ
507 1084 550 1124 δή
578 1087 624 1126 τῷ
652 1084 731 1128 πρός
757 1096 804 1116 τι·
832 1083 1010 1128 ἐνδέχεται
1034 1084 1098 1130 γὰρ
1121 1083 1266 1128 θατέρου
1284 1084 1461 1127 μεταβάλ·

462 1133 582 1168 λοντος
602 1127 823 1166 ἀληθεύεσθαι
840 1127 982 1172 θάτερον
1002 1123 1106 1172 μηδὲν
1123 1128 1356 1172 μεταβάλλον,
1372 1127 1458 1160 ὥστε

463 1176 558 1208 κατοὶ
582 1172 790 1218 συμβεβηκός
817 1173 837 1209 γ’)
862 1174 987 1210 κίνησις
1014 1173 1138 1205 αὐτῶν.

397 1215 483 1253 Οὐδὲ
500 1217 543 1256 δή
562 1218 741 1254 ποιοῦντος
756 1218 816 1248 καὶ
833 1216 1043 1261 πάσχοντος,
1065 1213 1143 1248 οὐδὲ
1160 1216 1289 1253 παντὸς
1305 1215 1458 1260 κινουμέ-

465 1276 520 1296 νου
536 1266 593 1295 καὶ
610 1262 796 1302 κινοῦντος,
818 1260 871 1293 ὅτι
890 1262 949 1292 οὑκ
964 1260 1037 1292 ’ἑστι
1052 1259 1212 1297 κινήσεως
1225 1263 1364 1300 κίνησις,
1380 1255 1459 1291 οὐδὲ

464 1308 623 1355 γενέσεως
645 1305 789 1352 γένεσις,
818 1300 886 1337 οὐδ’
917 1304 998 1342 ὅλως
1023 1304 1201 1349 μεταβολή
1227 1305 1433 1347 μεταβολῆς.

397 1354 529 1399 Πρῶτον
555 1352 613 1396 μὲν
638 1350 701 1396 γάρ
719 1344 820 1394 διχῶς
839 1344 1021 1393 ἐνδέχεται
1038 1348 1199 1386 κινήσεως
1217 1345 1303 1379 εἶναι
1318 1351 1459 1387 κίνησιν,

466 1397 486 1434 ἦ
512 1397 554 1434 ὥς
580 1391 815 1436 ὑποκειμένου,
843 1393 910 1424 οἷον
937 1394 952 1424 ὁ
980 1392 1149 1436 ἄνθρωπος
1173 1396 1331 1432 κινεῖται,
1352 1390 1404 1423 ’ότι
1422 1390 1459 1423 ἐκ

463 1442 583 1472 λευκοῦ
608 1440 651 1476 εὶς
705 1437 783 1469 έλαν
813 1436 1036 1480 μεταβάλλει.
1069 1436 1154 1481 τΑροί
1177 1449 1214 1481 γε
1241 1435 1330 1468 οὕτω
1355 1435 1458 1474 καὶγή

465 1488 590 1521 κίνησις
624 1482 644 1519 ἦ
695 1493 707 1512 ε
731 1483 890 1525 μαίνεται
923 1480 943 1516 ἦ
976 1479 1122 1525 ψύχεται
1148 1478 1168 1516 ἦ
1193 1479 1300 1512 τόπον
1330 1478 1462 1532 μεταλ-

463 1529 588 1561 λάττει
614 1526 634 1563 ἦ
661 1527 703 1557 αὖ
731 1525 849 1557 άνεται
875 1524 896 1560 ἦ
921 1523 1044 1567 φθίνει;
1076 1525 1181 1556 τοῦτο
1207 1519 1244 1555 δὲ
1271 1518 1457 1555 ἀδυνατον·

466 1574 503 1605 οὗ
536 1573 600 1618 γαρ
634 1571 699 1602 τῶν
733 1568 958 1612 ὑποκειμένων
992 1579 1025 1599 τι
1057 1569 1077 1604 ἡ
1110 1567 1301 1611 μεταβολή.
1333 1566 1380 1598 ’Ἡ
1413 1568 1460 1607 τῷ

466 1616 578 1659 ἕτερον
605 1626 638 1646 τι
662 1615 880 1654 ὑποκείμενον
901 1612 938 1644 ἐκ
955 1612 1150 1655 μεταβολῆς
1168 1611 1396 1655 μεταβάλλειν
1415 1612 1459 1649 εἰς

466 1660 578 1703 ἕτερον
611 1652 719 1697 εἶδος,
751 1657 819 1688 οἷον
854 1655 1022 1700 ἄνθρωπος
1056 1656 1091 1688 ἐκ
1117 1655 1214 1688 νόσου
1239 1656 1283 1693 εἰς
1316 1658 1457 1702 ὑγίειαν.

458 1705 549 1735 Ἀλλ’
581 1698 658 1735 οὐδὲ
688 1702 794 1732 τοῦτο
827 1695 973 1732 δυνατὸν
999 1700 1087 1737 πλην
1119 1700 1215 1732 κατά
1237 1712 1275 1731 συ
1305 1700 1459 1740 βεβηκός·

466 1747 554 1784 αὕτη
580 1746 644 1793 γάρ
670 1746 690 1781 ’ἡ
715 1747 840 1781 κίνησις
868 1743 901 1785 ἐξ
929 1745 1032 1776 ἄλλου
1064 1739 1170 1780 εἴδους
1196 1744 1240 1781 εἰς
1274 1745 1356 1776 αλλο
1387 1745 1460 1775 ἐστὶ

465 1789 655 1837 μεταβολή.
682 1791 748 1820 Καὶ
773 1790 794 1825 ’ἢ
819 1789 944 1834 γένεσις
970 1783 1007 1820 δὲ
1031 1787 1088 1820 καὶ
1115 1789 1135 1825 ’ἦ
1160 1787 1265 1832 φθοραὶ
1284 1787 1459 1828 ὡσαύτως,

465 1837 552 1872 πλήν
581 1837 614 1866 αἰ
640 1834 698 1876 μὲν
724 1834 768 1870 εἰς
795 1833 1010 1876 ἀντικείμενα
1035 1827 1112 1871 ὡδί,
1141 1833 1160 1869 ἡ
1186 1827 1223 1863 δὲ
1247 1834 1371 1869 κίνησις
1398 1832 1462 1876 οὐχ

468 1883 599 1924 ὁμοίως.
631 1877 723 1921 ’Ἀμα
749 1874 806 1908 οὖν
831 1877 1042 1920 μεταβάλλει
1069 1877 1103 1916 ἐξ
1129 1878 1256 1922 ὑγιείας
1280 1877 1325 1913 εἰς
1347 1875 1458 1917 νόσον,

463 1927 521 1956 καὶ
555 1922 588 1964 ἐξ
624 1921 734 1958 αὑτῆς
767 1921 898 1958 ταύτης
934 1921 996 1958 τῆς
1029 1921 1226 1962 μεταβολῆς
1261 1921 1305 1957 εὶς
1340 1921 1457 1957 ἄλλην.

467 1970 574 2006 Δῆλον
599 1961 626 1997 δ’
650 1965 702 1998 ὅτι
729 1964 813 1997 ὅταν
839 1963 984 2008 νοσήσῃ,
1012 1964 1267 2007 μεταβεβληκὸς
1293 1964 1391 1996 ἔσται
1416 1965 1460 2002 εἰς

467 2011 662 2046 ὁποιανοῦν·
690 2005 868 2053 ἐνδέχεται
898 2009 962 2055 γάρ
994 2009 1139 2053 ἠρεμεῖν.
1175 2010 1239 2040 Καὶ
1265 2009 1316 2041 ἔτι
1345 2009 1389 2046 εἰς
1413 2009 1460 2052 μή

467 2057 529 2093 την
561 2056 732 2099 τυχοῦσαν
761 2054 829 2095 ἀεί,
855 2051 991 2090 κάκείνη
1026 2053 1061 2084 ἔκ
1087 2063 1175 2090 τινος
1202 2055 1246 2090 ε’ίς
1273 2065 1306 2085 τι
1332 2051 1457 2095 ἕτερον.

458 2102 562 2133 ’Ὠστε
585 2101 643 2130 καὶ
669 2099 689 2135 ἡ
718 2096 929 2139 ἀντικειμένη
955 2098 1055 2129 ἔσται
1073 2097 1093 2133 ἦ
1117 2098 1278 2142 ὑγίανσις·
1307 2097 1397 2129 ἀλλα
1413 2098 1460 2138 τῷ

466 2143 726 2190 συμβεβηκέναι,
754 2144 821 2175 οἷον
847 2142 874 2173 εἰ
901 2139 935 2182 ἐξ
963 2141 1181 2184 ἀναμνήσεως
1207 2141 1250 2178 εἰς
1275 2138 1463 2183 λήθηνμε-

468 2188 649 2231 ταβάλλει,
670 2186 723 2219 ὅτι
749 2187 772 2229 ᾧ
798 2186 954 2231 ὑπάρχει,
975 2187 1080 2218 ἐκεῖνο
1099 2185 1308 2228 μεταβάλλει
1327 2185 1385 2218 ὁτὲ
1403 2185 1460 2229 μὲν

466 2236 510 2272 εἰς
536 2231 728 2276 ἐπιστήμην
755 2231 814 2264 ὁτὲ
837 2226 865 2262 ’δ’
895 2231 938 2268 εἰς
964 2232 1106 2276 ὑγίειαν.

394 2282 472 2313 Ἔτι
497 2279 541 2315 εἰς
569 2277 702 2321 ἄπειρον
728 2271 919 2316 βαδιεῖται,
947 2275 975 2305 εἰ
999 2274 1097 2306 ἔσται
1127 2273 1323 2316 μεταβολῆς
1354 2284 1462 2315 μετα-

468 2322 552 2365 βολή
576 2322 634 2352 καὶ
658 2320 816 2366 γενέσεως
834 2318 972 2365 γένεσις.
996 2317 1144 2364 Ἀνάγκη
1163 2312 1205 2353 δή
1223 2318 1281 2348 καὶ
1301 2316 1364 2353 τήν
1383 2328 1462 2360 προ-

468 2366 591 2410 τέραν,
618 2365 644 2396 εἰ
671 2365 690 2400 τ’]
718 2363 842 2408 ὑστέρα
869 2363 987 2403 ἔσται,
1015 2363 1083 2394 οἷον
1109 2362 1137 2392 εἰ
1162 2362 1182 2398 ’ἡ
1211 2362 1303 2398 άπλῆ
1334 2360 1461 2406 γένεσις

469 2409 599 2457 ἐγίνετό
625 2419 725 2449 ποτε,
746 2410 804 2440 καὶ
830 2408 870 2440 τό
895 2407 1067 2453 γινόμενον
1094 2403 1238 2451 ἐγίνετο,
1257 2405 1346 2438 ὥστε
1368 2405 1460 2437 οὔπω

468 2455 506 2493 ἢν
532 2453 726 2500 γιγνόμενον
761 2453 892 2491 ἁπλῶς,
923 2450 1014 2484 ἀλλά
1039 2463 1072 2483 τι
1096 2449 1293 2495 γιγνόμενον
1325 2451 1383 2481 καὶ
1413 2461 1462 2495 γι-

467 2498 626 2547 γνόμενον
652 2493 732 2537 ἤδη,
757 2498 815 2528 καὶ
841 2495 942 2528 πάλιν
970 2493 1066 2527 τοῦτ’
1095 2493 1226 2540 ἐγίνετό
1251 2506 1351 2534 ποτε,
1377 2492 1458 2525 ὥστ’

470 2545 528 2576 οὐκ
553 2540 592 2580 ἦν
619 2554 670 2573 πω
697 2541 780 2573 τότε
809 2539 994 2586 γινόμενον.
1023 2539 1121 2572 Ἐπεὶ
1152 2534 1189 2570 δὲ
1222 2539 1287 2570 τῶν
1320 2538 1462 2580 ἀπείρων

469 2587 528 2621 οὐκ
560 2587 633 2619 ἔστι
665 2597 698 2617 τι
731 2585 882 2629 πρῶτον,
916 2584 975 2615 οὐκ
1002 2582 1100 2616 ἔσται
1132 2583 1172 2615 τό
1199 2583 1349 2627 πρῶτον,
1378 2581 1456 2614 ὥστ’

469 2628 544 2664 οὐδὲ
572 2631 612 2663 τό
638 2630 810 2674 ἐχόμενον.
836 2629 922 2661 Οὔτε
947 2627 1098 2673 γίνεσθαι
1123 2626 1178 2659 οὖν
1205 2627 1284 2658 οὕτε
1301 2625 1462 2657 κινεῖσθαι

471 2675 581 2709 οἷόντε
608 2674 685 2706 οὔτε
711 2672 941 2718 μεταβάλλειν
967 2667 1077 2703 οὐδέν.

395 2724 471 2754 Ἔτι
497 2721 559 2753 τοῦ
586 2719 695 2750 αὐτοῦ
719 2720 844 2755 κίνησις
862 2718 882 2752 ἡ
902 2717 1056 2755 ἐναντία,
1073 2715 1131 2746 καὶ
1149 2713 1201 2745 ἔτι
1226 2710 1384 2756 ἠρέμησις
1405 2715 1462 2744 καὶ

469 2764 595 2811 γένεσις
619 2765 676 2794 καὶ
702 2760 820 2806 φθορά,
840 2759 926 2792 ὥστε
950 2759 990 2792 τὸ
1007 2757 1180 2804 γινόμενον
1201 2755 1284 2789 ὅταν
1302 2759 1463 2803 γίγνηται

470 2807 657 2855 γινόμενον,
677 2805 760 2837 τότε
786 2803 970 2849 φθείρεται·
997 2802 1077 2834 οὔτε
1093 2802 1157 2847 γάρ
1175 2800 1269 2838 εὑθὺς
1290 2801 1462 2847 γινόμενον

471 2851 538 2885 οὔθ’
569 2850 721 2893 ὕστερον·
748 2846 832 2881 εἶναι
856 2848 920 2893 γάρ
946 2842 998 2878 δεῖ
1020 2846 1061 2879 τὸ
1085 2845 1309 2890 φθειρόμενον.

397 2898 473 2930 Ἔτι
500 2896 580 2932 ὅλην
605 2890 657 2926 δεῖ
681 2895 815 2925 ὑπεῖναι
845 2894 903 2923 καὶ
929 2891 977 2931 τῷ
1008 2889 1168 2936 γινομένῳ
1196 2890 1254 2921 καὶ
1278 2890 1326 2930 τῷ
1361 2901 1466 2933 μετα-

472 2941 648 2981 βάλλοντι.
686 2939 740 2974 Τίς
775 2935 829 2969 οὖν
860 2935 977 2974 ἔσται;
1008 2934 1119 2977 ὥσπερ
1153 2934 1193 2965 τὸ
1227 2931 1413 2966 ἀλλοιωτὸν
1445 2933 1464 2969 ἦ

473 2986 570 3028 σῶμα
595 2982 615 3019 ἦ
641 2981 749 3027 ψυχή,
778 2980 867 3013 οὕτω
892 2975 935 3016 δή
962 2978 1002 3011 τὸ
1019 2977 1189 3024 γινόμενον
1215 2980 1339 3014 κίνησις
1366 2976 1386 3014 ἦ
1410 2976 1467 3022 γέ-

472 3039 569 3064 νεσις.
603 3028 668 3057 Καὶ
698 3025 799 3057 πάλιν
825 3036 858 3057 τι
884 3025 928 3062 εἰς
957 3023 972 3054 ἃ
995 3023 1181 3055 κινοῦνται·
1209 3017 1262 3053 δεῖ
1283 3021 1347 3068 γάρ
1380 3018 1463 3052 εἶναί

474 3084 507 3104 τι
532 3070 596 3107 την
622 3065 723 3103 τοῦδε
750 3069 785 3101 ἐκ
811 3063 911 3101 τοῦδε
938 3068 981 3103 εἷς
1009 3062 1087 3099 τόδε
1112 3069 1238 3103 κίνησιν
1264 3067 1322 3097 καὶ
1347 3065 1394 3108 μή
1418 3067 1466 3096 κί-

473 3127 564 3153 νησιν
590 3113 610 3150 ἦ
636 3113 776 3161 γένεσιν.

398 3161 490 3206 ’Ἅμα
513 3155 551 3192 δὲ
574 3160 632 3190 καὶ
657 3159 724 3196 πῶς
757 3159 874 3196 ἔσται;
902 3155 940 3187 οὗ
964 3154 1030 3200 γάρ
1061 3154 1159 3185 ἔσται
1188 3152 1330 3197 μάθησις
1357 3154 1376 3189 ἡ
1403 3153 1464 3190 τῆς

474 3203 649 3249 μαθήσεως
675 3202 814 3249 γένεσις,
837 3200 916 3232 ὥστ’
941 3195 1018 3232 οὐδὲ
1042 3197 1200 3244 γενέσεως
1224 3197 1363 3243 γένεσις,
1391 3192 1468 3229 οὐδέ

476 3261 526 3286 τις
552 3246 654 3284 τινός.

401 3294 476 3327 Ἔτι
502 3294 529 3324 εὶ
555 3294 632 3337 τρία
657 3286 727 3327 εἴδη
757 3287 915 3326 κινήσεώς
943 3287 1035 3329 ἐστι7
1063 3285 1196 3320 τούτων
1228 3286 1306 3317 τινα
1336 3284 1465 3331 ἀνάγκη

476 3334 560 3369 εἶναι
594 3335 656 3372 τήν
689 3331 910 3377 ὑποκειμένην
943 3332 1037 3376 φύσιν
1069 3332 1126 3363 καὶ
1158 3330 1202 3368 εἰς
1229 3330 1251 3362 οἳ
1274 3330 1466 3370 κινοῦνται,

477 3382 544 3412 οἷον
570 3379 634 3416 τήν
659 3379 762 3423 φοράν
789 3376 1007 3410 ἀλλοιοῦσθαι
1033 3374 1053 3412 ἦ
1078 3373 1244 3419 φέρεσθαι.

402 3424 507 3461 ’Όλως
533 3419 560 3455 δ’
582 3424 654 3457 ἐπεὶ
678 3427 822 3455 κινεῖται
849 3421 888 3453 τὸ
913 3420 1105 3464 κινούμενον
1131 3419 1198 3451 πᾶν
1225 3417 1358 3462 τριχῶς,
1379 3415 1399 3453 ἦ
1422 3417 1468 3457 τῷ

477 3468 569 3499 κατὰ
595 3465 814 3511 συμβεβηκός,
842 3465 862 3502 ἦ
890 3466 936 3507 τῷ
963 3464 1058 3510 μέρος
1085 3475 1132 3504 τι,
1151 3461 1171 3499 ἦ
1199 3463 1245 3503 τῷ
1270 3460 1342 3493 καθ’
1366 3460 1466 3502 αὑτό,

477 3512 572 3544 κατά
595 3511 802 3553 συμβεβηκὸς
836 3509 935 3554 μόνον
970 3508 1007 3542 ἂν
1034 3504 1207 3552 ἐνδέχοιτο
1240 3505 1468 3550 μεταβάλλειν

479 3555 541 3590 την
567 3554 777 3597 μεταβολήν,
799 3555 864 3586 οἷον
892 3555 918 3585 εἱ
938 3554 953 3585 ὀ
972 3551 1190 3599 ὑγιαζόμενος
1216 3550 1331 3595 τρέχοι
1349 3548 1369 3585 ἦ
1388 3560 1471 3593 μαν-

479 3598 586 3630 θάνοι·
616 3599 678 3634 τήν
703 3594 742 3630 ’δὲ
764 3598 859 3630 κατα
883 3597 1089 3641 συμβεβηκὸς
1119 3593 1251 3640 ἀφεῖμεν
1278 3594 1399 3627 πάλαι.

1513 781 1572 812 *Si
1587 781 1681 821 igitur
1700 783 1951 823 praedicamenta
1976 783 2074 814 divisa
2095 790 2168 814 sunt
2191 782 2363 813 substantia
2381 789 2412 813 et
2425 782 2573 824 qualitate

1580 832 1610 856 et
1635 826 1689 856 ubi
1713 833 1744 857 et
1766 827 1895 867 quando
1919 834 1951 858 et
1968 828 2008 857 ad
2026 827 2145 867 aliquid
2171 833 2201 857 et
2225 826 2398 866 quantitate
2423 833 2453 858 et
2474 826 2574 857 facere

1580 875 1610 900 et
1633 869 1708 909 pati,
1725 880 1850 901 necesse
1869 877 1915 902 est
1929 878 1990 902 tres
2009 881 2075 901 esse
2091 877 2216 901 motus:
2243 877 2272 900 et
2287 880 2362 901 eum
2378 870 2434 910 qui
2450 870 2573 911 quanti-

1580 913 1668 952 tatis,
1693 919 1723 944 et
1745 924 1820 945 eum
1842 914 1898 955 qui
1921 914 2094 955 qualitatis,
2119 920 2149 945 et
2168 923 2243 944 eum
2259 914 2314 955 qui
2330 921 2376 945 est
2398 914 2574 945 secundum

1579 957 1698 987 locum.

1513 997 1528 1015 *
1551 1000 1733 1031 Secundum
1757 1001 1963 1032 substantiam
1987 1008 2093 1032 autem
2116 1010 2182 1031 non
2205 1007 2251 1031 est
2274 1007 2398 1040 motus,
2422 1011 2460 1031 eo
2485 1001 2573 1042 quod

1579 1044 1705 1074 nullum
1729 1045 1850 1076 entium
1873 1052 1919 1076 est
1942 1045 2132 1075 substantiae
2155 1044 2355 1075 contrarium.

1512 1088 1623 1128 Neque
1647 1095 1693 1119 est
1714 1089 1747 1119 in
1765 1089 1805 1119 ad
1828 1089 1963 1129 aliquid:
1981 1088 2133 1128 contingit
2156 1087 2241 1118 enim
2256 1087 2352 1118 altero
2370 1095 2503 1127 mutato,
2521 1098 2573 1119 ve-

1579 1141 1651 1162 rum
1671 1142 1737 1163 esse
1759 1132 1892 1163 alterum
1914 1142 1979 1162 non
2004 1139 2139 1162 mutans.
2166 1131 2272 1168 Quare
2297 1131 2473 1162 secundum
2496 1131 2574 1162 acci-

1579 1177 1655 1206 dens
1679 1182 1786 1206 motus
1810 1176 1926 1206 horum
1950 1182 2004 1206 est.

1512 1219 1624 1259 Neque
1643 1219 1761 1259 agentis
1777 1229 1880 1259 neque
1896 1218 2051 1259 patientis,
2071 1228 2175 1259 neque
2198 1218 2302 1248 omnis
2321 1219 2408 1259 quod
2427 1225 2575 1249 movetur

1579 1269 1634 1293 aut
1648 1262 1820 1292 moventis:
1837 1262 1912 1303 quia
1927 1272 1993 1293 non
2010 1269 2056 1293 est
2071 1268 2178 1292 motus
2190 1268 2313 1300 motus,
2330 1271 2433 1303 neque
2448 1272 2575 1302 genera-

1579 1306 1674 1336 tionis
1697 1306 1875 1345 generatio,
1900 1316 2003 1347 neque
2026 1306 2159 1336 omnino
2182 1305 2365 1336 mutationis
2383 1306 2528 1338 mutatio.

1513 1349 1530 1368 *
1543 1349 1687 1380 Primum
1703 1349 1833 1390 quidem
1849 1349 1934 1380 enim
1950 1349 2103 1389 contingit
2118 1348 2282 1389 dupliciter
2297 1355 2404 1380 motus
2420 1359 2487 1382 esse
2505 1359 2574 1381 mo-

1579 1400 1659 1424 tum.
1676 1395 1743 1424 Aut
1757 1393 1838 1424 sicut
1853 1393 1994 1432 subiecti,
2010 1399 2046 1424 ut
2066 1393 2166 1424 homo
2191 1399 2337 1424 movetur
2356 1393 2432 1434 quia
2446 1403 2483 1424 ex
2501 1393 2573 1424 albo

1579 1437 1612 1467 in
1628 1437 1754 1476 nigrum
1771 1443 1920 1468 mutatur.
1940 1440 1991 1468 An
2006 1437 2049 1468 sic
2065 1444 2095 1468 et
2110 1443 2216 1468 motus
2232 1443 2287 1467 aut
2301 1437 2423 1468 calescit
2447 1443 2501 1468 aut
2522 1436 2574 1468 fri-

1580 1480 1676 1520 gescit
1687 1487 1742 1512 aut
1754 1481 1864 1512 locum
1878 1488 1980 1512 mutat
1998 1487 2053 1512 aut
2071 1486 2290 1521 augmentatur
2304 1487 2359 1512 aut
2373 1477 2576 1512 diminuitur?

1580 1525 1652 1555 Hoc
1683 1531 1789 1555 autem
1821 1525 2016 1565 impossibile
2049 1531 2111 1556 est:
2144 1534 2210 1555 non
2242 1524 2327 1554 enim
2361 1524 2576 1556 subiectorum

1580 1568 1700 1609 aliquid
1731 1575 1777 1599 est
1805 1569 1950 1600 mutatio.
1974 1569 1991 1588 *
2013 1570 2079 1600 Aut
2101 1578 2138 1599 ex
2168 1578 2206 1599 eo
2234 1568 2308 1609 quia
2337 1563 2473 1610 aliquod'
2489 1568 2576 1599 aliud

1581 1612 1758 1643 subiectum
1786 1623 1822 1643 ex
1845 1613 2020 1644 mutatione
2049 1619 2189 1644 mutatur
2210 1612 2244 1642 in
2267 1613 2396 1643 alteram
2418 1612 2575 1652 speciem,

1581 1663 1617 1687 ut
1638 1656 1739 1687 homo
1759 1667 1796 1687 ex
1820 1656 2013 1696 aegritudine
2035 1656 2067 1687 in
2093 1656 2267 1699 sanitatem.
2295 1657 2356 1687 Sed
2381 1665 2487 1697 neque
2513 1656 2576 1687 hoc

1581 1699 1730 1741 possibile
1754 1707 1815 1738 est,
1840 1700 1899 1730 nisi
1915 1701 2091 1732 secundum
2113 1700 2265 1731 accidens.
2282 1700 2344 1731 Hic
2360 1700 2446 1731 enim
2467 1706 2576 1731 motus

1582 1754 1619 1774 ex
1651 1743 1710 1774 alia
1734 1744 1836 1784 specie
1863 1744 1896 1774 in
1929 1744 2023 1775 aliam
2052 1743 2186 1775 mutatio
2214 1750 2277 1774 est:
2305 1750 2336 1775 et
2365 1743 2522 1785 generatio
2546 1748 2577 1774 et

1582 1787 1742 1828 corruptio
1765 1787 1922 1826 similiter;
1945 1795 2066 1828 praeter
2088 1788 2176 1828 quod
2198 1787 2258 1818 hae
2281 1788 2405 1818 suntin
2429 1787 2577 1828 opposita

1581 1832 1645 1870 sic,
1671 1838 1779 1862 motus
1804 1838 1910 1862 autem
1934 1842 2000 1862 non
2026 1832 2176 1862 similiter.
2201 1831 2303 1862 Simul
2323 1831 2418 1871 igitur
2440 1830 2577 1862 mutabi-

1581 1882 1633 1906 tur
1655 1886 1691 1906 ex
1714 1875 1844 1906 sanitate
1869 1875 1901 1906 in
1924 1875 2162 1915 aegritudinem,
2187 1882 2217 1906 et
2240 1885 2277 1906 ex
2301 1875 2370 1915 ipsa
2392 1875 2451 1906 hac
2474 1881 2576 1906 mutn-

1581 1919 1668 1950 tione
1684 1919 1716 1949 in
1733 1919 1836 1950 aliam.
1850 1919 2054 1950 Manifestum
2069 1926 2176 1950 autern
2195 1920 2283 1960 quod
2303 1929 2377 1949 cum
2391 1917 2578 1956 infirmetur,

1581 1970 1722 1994 mutatus
1742 1963 1799 1993 erit
1821 1962 1854 1993 in
1870 1963 2056 2003 quamlibet:
2075 1963 2226 2004 contingit
2249 1963 2334 1994 enim
2348 1962 2518 2003 quiescere.
2535 1962 2577 1992 Et

1581 2007 1718 2047 amplius
1733 2017 1799 2037 non
1813 2006 1847 2037 in
1863 2007 2096 2047 contingentem
2113 2017 2246 2047 semper.
2262 2007 2302 2037 Et
2316 2006 2368 2036 illa
2383 2016 2421 2037 ex
2435 2005 2577 2047 quodam

1581 2052 1614 2082 in
1631 2052 1794 2092 quoddam
1812 2051 1945 2081 alterum
1960 2058 2015 2082 est.
2041 2051 2146 2088 Quare
2162 2057 2193 2081 et
2207 2050 2355 2091 opposita
2370 2049 2426 2080 erit
2441 2049 2573 2080 sanatio.

1582 2096 1644 2126 Sed
1666 2095 1842 2125 secundum
1874 2095 1962 2135 quod
1985 2094 2114 2133 accidit,
2138 2101 2174 2124 ut
2197 2094 2222 2124 si
2245 2104 2282 2124 ex
2308 2092 2522 2124 recordatione
2544 2093 2578 2123 in

1583 2139 1776 2169 oblivionem
1799 2145 1955 2168 mutatur:
1976 2138 2129 2179 quoniam
2150 2138 2200 2168 cui
2222 2137 2304 2168 inest
2324 2137 2416 2175 illud,
2439 2142 2580 2168 mutatur

1582 2183 1752 2224 aliquando
1776 2182 1809 2212 in
1833 2182 2005 2221 scientiam,
2029 2182 2200 2222 aliquando
2223 2191 2299 2212 vero
2321 2181 2355 2211 in
2378 2180 2554 2212 sanitatem.

1515 2277 1531 2296 *
1548 2275 1694 2316 Amplius
1710 2282 1816 2306 autem
1832 2275 1864 2305 in
1879 2274 2040 2306 infinitum
2058 2274 2152 2313 vadit,
2177 2274 2202 2304 si
2226 2274 2283 2305 erit
2302 2273 2485 2305 mutationis
2507 2283 2580 2304 mu-

1581 2321 1674 2358 tatio,
1698 2326 1729 2350 et
1751 2319 1958 2360 generationis
1981 2319 2149 2359 generatio.
2173 2319 2306 2349 Necesse
2329 2324 2376 2348 est
2397 2317 2491 2358 igitur
2513 2326 2580 2349 esse

1581 2364 1728 2405 primam,
1745 2363 1771 2393 si
1792 2363 1904 2394 ultima
1919 2362 1983 2394 erit.
2008 2363 2052 2393 Ut
2067 2362 2093 2392 si
2110 2361 2290 2402 simpliciter
2308 2361 2467 2402 generatio
2485 2360 2581 2393 fiebat

1581 2408 1752 2448 aliquando
1763 2429 1772 2445 ‚
1789 2413 1820 2437 et
1835 2407 1924 2447 quod
1944 2405 1980 2436 fit
1999 2405 2111 2437 fiebat:
2131 2415 2228 2446 quare
2243 2406 2390 2436 nondum
2405 2412 2469 2436 erat
2490 2405 2580 2446 quod

1583 2452 1618 2482 fit
1640 2451 1837 2491 simpliciter;
1861 2450 1916 2481 sed
1939 2450 2057 2490 aliquid
2081 2459 2153 2483 cum
2179 2449 2215 2480 fit
2237 2455 2268 2480 et
2290 2449 2410 2480 factum
2432 2455 2478 2480 est
2500 2448 2574 2480 iam.

1582 2496 1623 2526 Et
1645 2495 1760 2526 iterum
1782 2494 1875 2525 fiebat
1902 2494 1964 2524 hoc
1992 2493 2179 2535 aliquando:
2211 2503 2308 2533 quare
2336 2493 2483 2523 nondum
2515 2499 2580 2524 erat

1582 2546 1658 2570 tunc
1689 2539 1778 2579 quod
1807 2538 1848 2569 fit.
1884 2538 2047 2575 Quoniam
2066 2544 2181 2568 autem
2207 2536 2404 2567 infinitorum
2434 2546 2500 2567 non
2531 2543 2578 2568 est

1582 2583 1734 2624 primum,
1754 2592 1819 2612 non
1836 2581 1892 2612 erit
1907 2582 1995 2622 quod
2018 2581 2172 2622 primum:
2189 2591 2286 2621 quare
2301 2590 2404 2621 neque
2420 2580 2573 2611 habitum.

1582 2628 1693 2668 Neque
1716 2626 1783 2656 fieri
1806 2626 1916 2666 igitur,
1941 2635 2044 2666 neque
2067 2624 2192 2655 moveri.
2210 2624 2359 2665 possibile
2390 2630 2450 2662 est,
2475 2633 2578 2665 neque

1583 2671 1698 2701 mutari
1720 2670 1810 2700 nihil.

1516 2716 1533 2735 *
1545 2715 1704 2755 Amplius,
1721 2714 1862 2744 eiusdem
1876 2719 1983 2743 motus
2003 2713 2176 2744 contrarius
2193 2718 2239 2743 est
2261 2718 2292 2743 et
2304 2712 2407 2743 adhuc
2423 2712 2530 2753 quies3
2550 2717 2581 2743 et

1582 2758 1740 2799 generatio
1776 2764 1806 2788 et
1838 2757 2007 2796 corruptio.
2042 2758 2147 2794 Quare
2170 2763 2201 2787 et
2232 2757 2320 2797 quod
2347 2755 2399 2795 fit,
2430 2766 2504 2787 cum
2526 2755 2581 2787 fiat

1583 2803 1671 2844 quod
1694 2802 1744 2840 fit,
1760 2809 1836 2832 tunc
1859 2801 2089 2840 corrumpitur:
2116 2810 2219 2841 neque
2242 2800 2327 2831 enim
2351 2809 2425 2831 curn
2447 2809 2523 2831 mox
2544 2798 2581 2831 fit

1585 2857 1688 2887 neque
1711 2845 1880 2887 posterius:
1906 2855 1972 2875 esse
1995 2845 2080 2875 enim
2096 2850 2222 2885 oportet
2244 2844 2332 2885 quod
2356 2843 2579 2884 corrumpitur.

1518 2892 1534 2911 ’¹‘
1550 2891 1709 2931 Amplius,
1734 2896 1860 2930 oportet
1882 2889 2048 2921 materiam
2071 2889 2197 2919 subesse
2213 2894 2243 2918 et
2258 2887 2286 2919 ei
2309 2888 2398 2928 quod
2420 2886 2472 2925 fit,
2497 2893 2528 2917 et
2550 2885 2579 2916 ei

1585 2935 1674 2975 quod
1692 2940 1841 2964 mutatur.
1860 2933 1950 2970 Quae
1965 2932 2060 2972 igitur
2074 2933 2131 2963 erit
2146 2929 2294 2963 materia?
2316 2930 2404 2962 Sicut
2422 2928 2579 2961 alterabile

1585 2985 1639 3009 aut
1662 2988 1777 3018 corpus
1801 2984 1854 3007 aut
1876 2977 1995 3014 anima,
2021 2976 2063 3007 sic
2087 2976 2205 3017 aliquid
2227 2974 2316 3016 quod
2338 2973 2373 3005 fit
2395 2980 2502 3004 motus
2525 2979 2580 3004 aut

1585 3022 1754 3062 generatio.
1771 3019 1786 3036 *
1801 3021 1841 3051 Et
1855 3021 1969 3051 iterum
1985 3017 2103 3060 aliquid
2122 3020 2154 3050 in
2169 3019 2258 3061 quod
2274 3024 2428 3049 movetur.
2445 3017 2581 3058 Oportet

1586 3066 1671 3097 enim
1699 3065 1817 3105 aliquid
1841 3074 1906 3094 esse
1929 3063 2114 3094 huiusmodi
2143 3073 2179 3094 ex
2203 3063 2264 3094 hoc
2292 3062 2326 3093 in
2348 3062 2409 3092 hoc
2433 3067 2576 3100 motum3

1586 3120 1652 3140 non
1675 3116 1801 3139 motum
1823 3114 1877 3138 aut
1895 3107 2138 3148 generationem.

1520 3154 1668 3185 Similiter
1691 3160 1797 3183 autem
1821 3159 1851 3182 et
1869 3151 2034 3192 quomodo
2059 3149 2132 3181 erit?
2154 3151 2229 3181 Non
2252 3149 2336 3180 enim
2360 3149 2417 3180 erit
2439 3148 2581 3180 doctrina

1587 3197 1746 3228 doctrinae
1762 3195 1929 3237 generatio.
1947 3195 2052 3232 Quare
2071 3205 2174 3236 neque
2184 3194 2391 3234 generationis
2407 3192 2578 3233 generatio,

1587 3251 1690 3282 neque
1713 3240 1868 3281 quaedam
1892 3239 2066 3270 cuiusdam.

1521 3284 1536 3301 *
1550 3285 1712 3326 Amplius,
1736 3284 1762 3315 si
1784 3291 1844 3315 tres
1868 3283 1985 3324 species
2008 3290 2082 3314 sunt
2100 3289 2225 3321 motus,
2241 3282 2354 3313 harum
2370 3281 2509 3322 aliquam
2524 3289 2580 3310 ne-

1589 3334 1672 3360 cesse
1691 3335 1737 3360 est
1759 3338 1826 3359 esse
1845 3327 2018 3359 subiectam
2036 3334 2179 3358 naturam
2200 3333 2230 3357 et
2253 3325 2286 3356 in
2304 3335 2402 3367 quam
2425 3331 2581 3355 movetur.

1588 3373 1664 3404 Loci
1688 3382 1762 3413 ergo
1782 3372 1992 3403 mutationem
2015 3370 2135 3401 alterari
2154 3377 2207 3401 aut
2227 3370 2298 3400 ferri
2321 3369 2490 3409 continget.

1523 3417 1664 3449 Omnino
1682 3423 1803 3454 autem,
1819 3415 1973 3457 quoniam
1988 3422 2134 3446 movetur
2148 3423 2244 3445 omne
2263 3413 2351 3455 quod
2366 3418 2512 3444 movetur
2526 3409 2578 3441 tri-

1589 3461 1719 3503 pliciter,
1736 3467 1790 3491 aut
1805 3461 1836 3490 in
1854 3470 1891 3491 eo
1909 3459 1997 3500 quod
2013 3466 2059 3489 est
2072 3459 2247 3489 secundum
2263 3457 2420 3495 accidens,
2437 3461 2491 3486 aut
2505 3453 2579 3495 quia

1589 3515 1659 3546 pars
1675 3505 1790 3545 aliqua,
1807 3511 1861 3535 aut
1885 3503 1959 3544 quia
1975 3513 2030 3543 per
2053 3509 2102 3540 se;
2124 3502 2298 3533 secundum
2317 3500 2458 3531 accidens
2473 3498 2579 3529 solum

1590 3549 1742 3589 contingit
1758 3547 1871 3579 mutari
1886 3546 2105 3584 mutationem,
2113 3553 2148 3577 ut
2157 3546 2182 3576 si
2193 3545 2248 3586 qui
2260 3554 2354 3575 sanus
2364 3543 2408 3581 fit,
2415 3549 2516 3574 currat
2525 3547 2579 3571 aut

1591 3593 1695 3624 discat.
1714 3593 1804 3623 Hanc
1820 3598 1927 3622 autem
1942 3590 2118 3622 secundum
2137 3589 2279 3620 accidens
2296 3586 2472 3618 dimisimus
2488 3584 2576 3615 olim.

2599 787 2685 842 iustqup‘
2699 793 2750 816 cap.
2765 793 2773 809 ι
2786 791 2809 810 et
2845 776 2857 821 ¹³

2599 1007 2610 1018 ⁸
2658 1013 2681 1035 p.
2700 1012 2725 1029 ιι.
2741 1005 2811 1029 Text.
2839 996 2851 1008 ³

2600 1039 2632 1055 ro.
2838 1034 2850 1046 θ’

2600 1355 2611 1366 ⁸
2625 1354 2693 1377 Text.
2707 1361 2734 1376 n.

2601 1572 2612 1584 ³
2626 1572 2695 1595 Text.
2709 1577 2740 1594 η.

2604 2282 2616 2294 ι
2629 2281 2699 2304 Text.
2713 2286 2743 2310 ¹3·
2767 2299 2785 2305 .,
2803 2303 2808 2309 ,

2607 2717 2618 2726 ·
2630 2715 2699 2738 Text.
2713 2721 2746 2744 ¹4«
2760 2731 2783 2744 .-=
2802 2697 2816 2730 —V

2604 2891 2614 2900 ·
2629 2889 2698 2912 Text.
2713 2895 2742 2918 ¹5.

2605 3022 2614 3031 ·
2628 3020 2697 3043 Text.
2712 3021 2744 3043 16.

2604 3285 2615 3296 '
2629 3284 2696 3306 Text.
2713 3290 2743 3312 ¹7·
