2898 3996
226 1872 234 1880 ”
250 1870 321 1892 Num.
338 1876 368 1891 10.

226 2029 235 2037 '¹
251 2027 321 2049 Num.
335 2032 383 2054 seq.

227 2246 237 2256 ⁸
252 2251 279 2267 eo
294 2245 346 2267 add.
361 2251 381 2266 P.

228 2457 237 2465 '
251 2455 312 2476 Loci.
328 2461 403 2482 praec.

231 2666 241 2675 '⁸
255 2665 314 2686 Ibid.
329 2670 366 2685 nn.
381 2670 430 2691 45.

233 2719 241 2726 ·
257 2717 325 2738 etiam
336 2716 387 2737 add.
398 2717 440 2737 pal>

232 2748 253 2764 ct
268 2743 334 2764 codd.
350 2749 398 2763 exc.
413 2749 441 2763 m·

233 2775 354 2794 unoqnzsc
367 2773 387 2790 ct
396 2775 441 2796 pao

232 2796 270 2823 qui
286 2796 338 2816 hub.
353 2796 394 2816 lac.

238 3135 246 3143 ·
262 3134 318 3155 und.
335 3141 356 3155 n.
368 3140 386 3161 2,
398 3141 417 3163 3,

338 3192 348 3208 ε

238 3274 246 3282 ’
259 3272 374 3299 probatur
388 3280 446 3295 rnna

235 3305 267 3325 pn
282 3302 302 3319 et
317 3299 358 3319 ab.

466 283 541 318 402

466 349 607 385 minem
635 353 787 394 generat
823 344 927 392 quod
959 343 1073 380 habet
1101 341 1267 390 speciem
1293 342 1522 386 humanam,

468 409 503 437 et
526 401 578 436 sic
606 399 652 436 de
680 398 771 434 aliis.
803 397 842 434 Si
872 408 959 444 ergo
988 402 1110 431 toturn
1139 400 1294 430 moveat
1321 405 1361 429 se
1390 400 1522 438 toturn,

466 452 634 500 sequitur
667 450 771 498 quod
807 449 910 485 idem
946 446 1157 484 secundum
1193 445 1295 482 idem
1329 444 1440 481 simul
1470 450 1525 479 est

467 505 629 541 calidum
645 508 659 529 ⁷
674 510 710 539 et
724 514 802 538 non
822 500 1001 545 calidum;
1022 498 1110 546 quia
1125 498 1351 544 inquantum
1367 503 1421 532 est
1441 507 1522 531 mo-

464 569 559 594 vens
589 555 656 591 erit
692 562 776 591 actu
814 552 996 598 calidum,
1030 551 1254 597 inquantum
1288 556 1343 585 est
1374 555 1522 584 motum

466 609 532 646 erit
552 607 715 644 calidum
743 606 781 642 in
807 604 984 653 potentia.
1014 604 1063 639 Et
1081 602 1249 638 similiter
1268 608 1323 637 est
1343 601 1381 637 in
1401 599 1522 636 omni-

464 662 535 697 bus
564 659 654 706 aliis,
683 659 722 695 in
751 657 887 706 quibus
913 667 1075 692 movens
1104 661 1159 690 est
1187 654 1398 698 univocum,
1427 652 1523 688 idest

466 712 696 749 conveniens
715 711 753 747 in
773 709 926 746 nomine
947 714 982 744 et
1001 707 1144 743 ratione
1169 718 1255 742 cum
1280 712 1407 750 mot03
1429 704 1523 740 sicut

465 777 552 802 curn
572 764 733 801 calidum
761 762 847 798 facit
874 760 1047 806 calidum,
1078 767 1113 795 et
1140 759 1258 794 homo
1283 764 1436 804 generat
1452 757 1521 793 ho-

463 817 616 854 minem.
647 817 695 852 Et
722 816 796 851 hoc
823 813 909 850 ideo
945 811 1052 858 dicit,
1089 810 1177 858 quia
1209 817 1295 846 sunt
1332 809 1522 857 quaedam

464 870 611 918 agentia
638 880 716 905 non
743 866 927 911 univoca,
967 876 1064 911 quae
1102 862 1240 899 scilicet
1275 874 1354 899 non
1383 873 1521 898 conve—

464 923 570 958 niunt
597 921 635 957 in
663 919 818 956 nornine
847 925 882 953 et
911 916 1054 953 ratione
1084 927 1170 951 cum
1198 914 1274 951 suis
1303 914 1520 960 effectibus,

465 975 558 1011 sicut
577 974 632 1010 sol
648 979 800 1020 generat
818 969 1026 1006 hominem.
1049 969 1090 1004 In
1106 967 1242 1015 quibus
1261 974 1391 1003 tamen
1410 978 1521 1014 agen-

465 1027 574 1074 tibus,
606 1025 671 1062 etsi
695 1036 773 1060 non
797 1022 841 1059 sit
865 1021 1009 1070 species
1030 1019 1185 1056 effectus
1205 1020 1415 1056 secundum
1435 1031 1521 1055 ean-

465 1080 551 1116 dem
571 1078 766 1120 rationem,
787 1082 843 1112 est
864 1082 993 1111 tamen
1012 1072 1181 1120 quodam
1200 1072 1318 1108 modo
1347 1071 1466 1108 altiori
1487 1079 1523 1108 et

462 1129 722 1167 universaliori
742 1126 764 1164 ⁸.
782 1129 831 1164 Et
850 1127 901 1163 sic
920 1125 1179 1162 universaliter
1196 1137 1331 1161 verum
1348 1131 1402 1161 est
1417 1125 1522 1172 quod

464 1195 625 1220 movens
655 1189 709 1218 est
734 1180 904 1228 quodam
928 1179 1047 1215 modo
1073 1178 1111 1214 in
1140 1185 1224 1214 actu
1248 1177 1456 1214 secundum
1484 1177 1523 1214 id

464 1235 675 1273 secundum
703 1233 806 1282 quod
834 1231 975 1268 mobile
1005 1238 1060 1267 est
1078 1230 1116 1267 in
1134 1230 1313 1278 potentia.
1346 1229 1385 1266 Si
1413 1229 1523 1276 igitur

463 1296 583 1325 toturn
602 1294 757 1323 moveat
775 1298 815 1322 se
835 1283 1046 1321 secundum
1066 1290 1198 1329 toturn,
1229 1282 1397 1330 sequitur
1416 1282 1522 1329 quod

463 1341 565 1378 idem
585 1340 631 1377 sit
650 1339 760 1376 simul
789 1345 873 1374 actu
902 1344 938 1372 et
965 1335 1151 1384 potentia;
1182 1335 1286 1382 quod
1307 1342 1362 1371 est
1379 1334 1521 1383 impos-

464 1393 581 1430 sibile.
610 1413 634 1419 -
663 1393 721 1428 Ex
740 1391 815 1427 hoc
838 1401 926 1436 ergo
957 1387 1144 1424 concludit
1169 1386 1375 1435 principale
1403 1387 1522 1424 inten-

463 1454 556 1492 tum,
577 1444 682 1492 quod
709 1443 898 1481 moventis
917 1440 1084 1488 seipsum
1113 1451 1188 1475 una
1214 1451 1302 1487 pars
1328 1447 1460 1477 movet
1488 1448 1524 1477 et

464 1498 534 1534 alia
563 1504 749 1534 movetur.
1013 1507 1037 1511 u
1100 1511 1104 1515 -

521 1552 552 1587 5.
583 1549 729 1587 Deinde
759 1560 845 1584 cum
875 1546 980 1582 dicit:
1014 1544 1124 1586 Quod
1140 1550 1264 1580 autem
1285 1556 1358 1581 non
1383 1545 1523 1581 contin-

462 1608 531 1652 gat
557 1610 642 1647 etc.,
673 1600 833 1637 excludit
860 1597 1048 1647 quosdam
1078 1597 1232 1643 modOS,
1263 1609 1360 1645 quos
1389 1597 1522 1647 aliquis

462 1662 591 1704 posset
619 1653 827 1690 existimare
854 1652 892 1687 in
910 1657 1018 1687 motu
1047 1649 1236 1686 moventis
1265 1649 1444 1698 seipsum.
1475 1651 1524 1687 Et

463 1708 586 1756 primo
616 1705 779 1742 ostendit
806 1703 912 1753 quod
940 1702 1130 1739 moventis
1156 1702 1323 1750 seipsum
1343 1715 1422 1739 non
1441 1714 1522 1739 mo-

462 1768 572 1796 vetur
599 1766 757 1806 utraque
785 1769 873 1805 pars
906 1756 953 1792 ab
983 1756 1118 1800 altera;
1154 1755 1322 1791 secundo
1361 1755 1525 1792 ostendit

464 1812 567 1861 quod
586 1824 672 1860 pars
693 1809 883 1847 moventis
903 1808 1071 1856 seipsum
1090 1819 1169 1844 non
1194 1814 1327 1843 movet
1345 1807 1521 1856 seipsam,

463 1865 529 1902 ibi:
549 1866 601 1901 At
612 1875 701 1901 vero
717 1874 836 1911 neque
851 1861 963 1910 ipsius
976 1861 1103 1909 primo
1122 1860 1283 1908 seipsum
1295 1861 1314 1880 ²³
1326 1867 1393 1896 etc.
1412 1860 1523 1897 Circa

463 1918 628 1966 primum
658 1917 733 1953 duo
754 1915 859 1951 facit:
880 1913 1004 1962 primo
1024 1912 1204 1961 proponit
1224 1913 1328 1961 quod
1348 1912 1521 1959 intendit;

464 1970 632 2007 secundo
670 1968 807 2017 probat
842 1965 1102 2015 propositum,
1140 1965 1216 2001 ibi:
1254 1966 1390 2013 Neque
1425 1967 1523 2003 enim

463 2024 568 2059 erit*
588 2030 656 2058 etc.
677 2020 776 2057 Dicit
804 2032 893 2067 ergo
922 2018 1068 2067 primo,
1099 2018 1340 2054 manifestum
1369 2031 1450 2055 esse
1480 2031 1524 2055 ex

463 2076 506 2112 iis
534 2087 632 2123 quae
661 2080 885 2122 sequuntur,
919 2070 1026 2120 quod
1054 2083 1132 2107 non
1167 2070 1346 2118 contingit
1383 2071 1523 2119 aliquid

465 2140 621 2164 movere
651 2127 836 2175 seipsum,
865 2125 940 2161 hoc
966 2123 1084 2160 modo
1114 2123 1217 2171 quod
1249 2130 1408 2172 utraque
1435 2136 1523 2172 pars

466 2181 544 2217 eius
573 2186 772 2216 moveatur
799 2190 821 2214 a
847 2176 1014 2222 residua;
1044 2176 1139 2213 sicut
1158 2176 1187 2212 si
1206 2177 1272 2212 AB
1293 2184 1448 2212 moveat
1467 2189 1523 2213 se-

465 2234 607 2282 ipsum,
637 2233 657 2253 '¹‘
686 2230 790 2279 quod
817 2231 851 2266 A
880 2236 1036 2266 moveat
1063 2231 1112 2276 B,
1143 2235 1178 2264 et
1206 2229 1236 2264 B
1266 2236 1422 2265 moveat
1449 2231 1494 2266 A.

519 2287 554 2323 6.
584 2285 732 2322 Deinde
771 2295 858 2319 cum
894 2282 1005 2319 dicit:
1040 2282 1175 2330 Neque
1212 2282 1309 2317 enim
1342 2282 1414 2318 erit
1443 2282 1522 2330 pri-

465 2351 569 2375 mum
590 2346 671 2384 etc.,
701 2337 838 2385 probat
864 2334 1101 2383 propositum
1122 2341 1283 2382 quatuor
1303 2334 1520 2371 rationibus.

466 2393 515 2428 Et
543 2399 597 2427 est
625 2388 908 2434 attendendum,
929 2387 1033 2435 quod
1053 2387 1100 2423 ad
1120 2387 1218 2423 hanc
1238 2387 1520 2424 conclusionem

467 2443 621 2480 resumit
649 2443 810 2479 rationes
834 2453 948 2489 supra
967 2441 987 2461 ’¹‘
1007 2440 1147 2488 positas
1172 2439 1220 2476 ad
1245 2440 1523 2477 ostendendum

468 2497 571 2545 quod
599 2508 678 2532 non
706 2507 820 2532 omne
850 2505 1013 2530 movens
1033 2500 1209 2530 movetur
1229 2494 1276 2529 ab
1297 2493 1382 2529 alio.
1412 2493 1522 2530 Unde

468 2562 512 2585 ex
540 2548 753 2597 praemissis
782 2546 999 2583 abbreviate
1029 2545 1089 2582 hic
1118 2545 1254 2592 colligit
1281 2553 1443 2594 quatuor
1466 2558 1522 2582 ra-

466 2602 598 2638 tiones.
630 2602 802 2647 Quarum
831 2600 993 2649 primam
1022 2598 1136 2635 sumit
1155 2610 1200 2634 ex
1219 2598 1342 2646 prima
1366 2598 1522 2646 ratione,

469 2667 583 2703 quarn
603 2666 713 2702 supra
733 2655 752 2675 '³
771 2653 896 2701 posuit
916 2651 1055 2700 duplici
1084 2650 1227 2698 ordine,
1248 2652 1297 2688 ad
1325 2651 1523 2688 ostenden-

470 2708 560 2744 dum
581 2707 685 2755 quod
714 2708 733 2727 ·’”“
762 2718 839 2742 non
863 2704 1078 2754 proceditur
1106 2704 1143 2740 in
1171 2704 1360 2740 infinitum
1386 2703 1422 2740 in
1450 2705 1524 2740 hoc

470 2761 573 2808 quod
602 2771 749 2808 semper
777 2758 917 2806 aliquid
944 2758 991 2794 ab
1025 2757 1097 2793 alio
1131 2764 1342 2803 moveatur,
1372 2765 1525 2805 propter

469 2814 542 2849 hoc
575 2813 678 2860 quod
712 2824 790 2848 non
819 2818 915 2847 esset
952 2809 1104 2858 aliquod
1137 2809 1301 2858 primum
1335 2822 1522 2857 movens,

471 2877 547 2913 quo
578 2872 724 2901 remoto
746 2871 1033 2900 removerentur
1053 2863 1258 2911 sequentia.
1279 2863 1390 2900 Unde
1411 2871 1447 2899 et
1465 2862 1526 2899 hic

470 2917 593 2966 primo
621 2917 822 2965 praemittit
849 2916 950 2953 idem
978 2916 1260 2952 inconveniens.
1295 2916 1394 2952 Dicit
1423 2916 1523 2952 enim

473 2970 576 3018 quod
611 2969 640 3005 si
668 2970 705 3006 in
739 2969 861 3017 primo
901 2976 1006 3006 rnoto
1039 2969 1142 3017 quod
1180 2968 1331 3017 ponitur
1364 2981 1525 3005 movens

472 3022 659 3070 seipsum,
694 3030 850 3069 utraque
883 3034 969 3069 pars
1003 3022 1050 3058 ab
1084 3023 1197 3058 altera
1226 3021 1416 3070 reciproce
1444 3034 1525 3058 mo-

471 3082 624 3121 veatur,
654 3082 830 3122 sequetur
859 3074 961 3122 quod
990 3086 1067 3110 non
1096 3075 1141 3111 sit
1169 3074 1322 3123 aliquod
1359 3074 1525 3123 primurn

473 3139 645 3164 movens.
676 3128 724 3163 Et
751 3128 824 3163 hoc
853 3127 956 3173 ideo,
986 3127 1074 3175 quia
1102 3128 1195 3164 sicut
1219 3139 1332 3175 supra
1350 3129 1368 3148 ²²
1385 3127 1525 3164 dictum

474 3188 527 3216 est
555 3186 585 3225 ¹,
607 3192 768 3216 movens
787 3178 890 3227 prius
919 3187 974 3215 est
1002 3179 1120 3227 magis
1150 3193 1261 3216 causa
1291 3180 1471 3217 movendi
1492 3188 1528 3216 et

474 3233 591 3280 magis
608 3241 750 3278 movet,
767 3243 883 3281 quarn
899 3233 1084 3281 posterius
1100 3245 1272 3270 movens.
1290 3234 1338 3269 Et
1352 3234 1425 3270 hoc
1440 3233 1526 3270 ideo

474 3297 586 3333 supra
614 3286 843 3333 probabatur
872 3288 907 3332 '‘,
938 3285 1025 3334 quia
1054 3286 1250 3334 dupliciter
1277 3285 1416 3334 aliquid
1445 3298 1527 3322 mo-

527 3404 552 3438 γ)
574 3405 640 3429 idem
660 3406 800 3430 secundum
821 3406 888 3430 idem
908 3405 986 3430 simul
1004 3409 1042 3431 est
1061 3407 1287 3431 calidum-idem
1307 3410 1334 3430 et
1348 3406 1390 3435 (et
1402 3414 1455 3431 om.
1468 3406 1527 3440 BF)

474 3439 615 3464 secundum
635 3440 701 3464 idem
722 3441 799 3465 simul
818 3443 857 3465 est
877 3438 938 3473 (εν-ἢ·
958 3441 1135 3473 DEGHNOR)
1155 3441 1270 3466 calidum
1286 3442 1396 3466 codices.

528 3473 552 3502 ὃ)
572 3474 662 3498 altiori
681 3478 705 3499 et
731 3475 923 3499 univer-saliari.
938 3489 957 3493 ·-
971 3476 1052 3500 altior
1071 3479 1096 3501 et
1116 3477 1293 3501 universalior·
1311 3476 1372 3505 ΗΝ,
1393 3476 1485 3501 altiori
1503 3480 1528 3501 et

477 3509 716 3565 ulteriorigutilu'ori
735 3511 791 3542 pQ,
810 3510 901 3535 altiori
919 3513 944 3534 et
965 3511 1054 3535 altiori
1073 3512 1112 3535 ed.
1128 3512 1150 3540 b,
1171 3511 1263 3536 altiori
1281 3514 1306 3536 et
1325 3511 1446 3536 ulteriori
1465 3511 1484 3535 P
1504 3517 1527 3536 et

493 3543 567 3567 'enen
591 3551 663 3574 μαι.

532 3579 552 3607 ε)
572 3578 633 3609 quia
647 3578 713 3603 sicut
728 3586 808 3611 supra
823 3579 920 3604 dictum
936 3583 1005 3604 θεὴ-
1015 3580 1077 3612 quia
1095 3588 1176 3612 supra
1192 3581 1290 3606 dictum
1305 3584 1344 3605 est
1359 3580 1527 3613 DEFGLpH;

1072 263 1415 301 PHYSICORUM
1441 261 1788 299 ARISTOTELIS
1819 263 1912 298 LIB.
1941 262 2028 299 VIII

1577 346 1652 376 vet.
1682 339 1769 375 Uno
1800 339 1901 376 enim
1930 340 2048 377 modo
2078 347 2211 377 movet
2237 340 2377 390 aliquid
2397 354 2443 379 ex
2463 351 2509 379 eo
2534 341 2639 391 quod

1579 398 1758 428 movetur
1789 392 1837 428 ab
1867 391 1962 438 alio,
1993 392 2088 429 sicut
2121 393 2275 430 baculus
2307 401 2440 431 movet
2470 394 2637 443 lapidem

1578 455 1624 479 eo
1654 443 1759 492 quod
1787 451 1965 481 movetur
1992 457 2014 481 a
2038 457 2172 491 manu3
2203 452 2240 481 et
2258 446 2332 482 hoc
2353 453 2408 483 est
2426 446 2637 484 secundum

1578 507 1762 533 movens:
1792 496 1864 533 alio
1894 497 2013 533 modo
2042 504 2175 534 movet
2206 497 2346 546 aliquid
2379 510 2423 535 ex
2452 511 2498 536 eo
2533 499 2638 548 quod

1577 556 1755 585 movetur
1783 561 1829 585 ex
1857 549 2000 597 seipso,
2029 549 2126 586 sicut
2152 550 2271 586 homo
2301 558 2448 596 movet;
2478 558 2515 588 et
2541 551 2637 588 haec

1578 607 1633 636 est
1662 601 1856 649 dispositio
1875 601 1988 650 primi
2007 602 2027 622 *
2047 601 2248 639 moventis.
2271 603 2364 639 Illud
2383 610 2512 640 autem
2531 603 2637 651 quod

1576 661 1710 690 movet
1728 666 1807 690 non
1827 666 1873 690 eo
1894 654 1997 703 quod
2017 661 2196 692 movetur
2211 655 2231 675 ²⁹
2255 655 2303 691 ab
2324 655 2409 703 alio,
2435 655 2554 703 magis
2582 662 2638 693 est

1577 713 1769 742 remotum
1798 706 1845 743 ab
1865 707 1998 743 ultimo
2018 708 2123 754 quod
2144 714 2334 754 movetur,
2356 715 2392 744 et
2410 708 2530 755 magis
2548 720 2636 757 pro-

1575 757 1722 794 ximum
1749 758 1874 806 primo
1894 759 2076 806 moventi,
2097 771 2214 807 quam
2233 760 2420 806 medium,
2443 760 2548 808 quod
2567 760 2638 797 sci·v

1576 809 1660 846 licet
1679 818 1811 847 movet
1831 823 1876 847 eo
1897 813 2003 859 quod
2017 812 2065 848 ab
2081 812 2153 848 alio
2174 820 2390 849 movetur.-
2401 813 2527 850 Debet
2545 824 2635 861 ergo

1575 862 1671 898 haec
1686 862 1705 882 '¹‘
1721 862 1814 899 ratio
1830 862 1883 899 sic
1897 863 2063 901 formari.
2081 865 2121 901 Si
2135 864 2248 902 totius
2263 865 2453 902 moventis
2467 865 2636 914 seipsum

1575 921 1735 962 utraque
1763 927 1851 963 pars
1879 923 2012 952 movet
2038 917 2150 953 aliam
2177 917 2381 966 reciproce,
2410 930 2490 955 non
2517 917 2637 966 magis

1577 973 1708 1003 movet
1722 979 1799 1004 una
1818 979 1935 1016 quarn
1955 968 2043 1005 alia:
2065 969 2133 1006 sed
2146 969 2314 1018 primum
2333 971 2636 1018 movensmagis

1577 1027 1708 1056 movet
1736 1032 1853 1067 quam
1879 1021 2108 1058 secundum:
2135 1034 2224 1069 ergo
2253 1029 2386 1058 neutra
2414 1034 2545 1061 earum
2570 1023 2638 1060 erit

1575 1071 1742 1120 primum
1762 1084 1936 1109 movens.
1958 1074 2074 1120 Quod
2094 1081 2150 1110 est
2164 1073 2455 1111 inconveniens:
2475 1075 2565 1122 quia
2584 1075 2637 1112 sic

1577 1131 1796 1173 sequeretur
1824 1125 1929 1173 quod
1957 1125 2048 1162 illud
2076 1126 2181 1174 quod
2216 1133 2394 1163 movetur
2422 1138 2467 1163 ex
2494 1126 2636 1175 seipso,

1576 1189 1655 1214 non
1666 1184 1763 1213 esset
1776 1177 2027 1226 propinquius
2041 1178 2165 1226 primo
2179 1178 2363 1227 principio
2379 1186 2506 1216 motus
2517 1179 2639 1228 (quod

1577 1230 1721 1266 nullum
1740 1229 1908 1277 sequitur
1928 1242 2009 1267 esse
2027 1231 2073 1276 ²¹²),
2089 1242 2206 1279 quam
2221 1230 2259 1268 id
2274 1231 2380 1280 quod
2396 1239 2575 1269 movetur
2589 1232 2636 1269 ab

1577 1282 1667 1329 alio;
1698 1294 1786 1318 cum
1805 1289 1932 1319 tamen
1951 1295 2065 1332 supra
2081 1284 2100 1303 *
2120 1283 2166 1320 sit
2184 1290 2391 1331 ostensum,
2421 1284 2527 1332 quod
2554 1296 2637 1322 rno-

1575 1347 1672 1372 vens
1709 1334 1875 1383 seipsum
1908 1334 1953 1371 sit
1984 1335 2151 1384 primum
2184 1335 2223 1372 in
2259 1348 2395 1384 genere
2423 1336 2635 1374 mobilium.

1578 1388 1670 1424 Non
1695 1399 1783 1435 ergo
1805 1388 1880 1424 ho'c
1899 1394 1954 1424 est
1971 1400 2109 1425 verum
2138 1389 2241 1437 quod
2261 1388 2451 1426 moventis
2471 1389 2639 1438 seipsum

1576 1447 1736 1489 utraque
1763 1452 1850 1488 pars
1878 1452 1947 1489 per
1975 1440 2087 1478 aliam
2117 1442 2135 1462 ²¹⁸
2159 1449 2370 1478 moveatur.

1631 1505 1667 1541 7.
1680 1492 1829 1530 Deinde
1840 1505 1927 1529 cum
1943 1493 2041 1530 dicit:
2052 1493 2235 1542 Amplius,
2247 1506 2321 1531 non
2338 1505 2484 1531 necesse
2492 1499 2547 1531 est
2554 1500 2637 1542 etc.,

1578 1545 1691 1582 sumit
1706 1545 1800 1582 duas
1829 1545 1992 1582 rationes
2007 1547 2056 1583 ad
2083 1546 2196 1593 idem,
2213 1559 2258 1583 ex
2271 1558 2348 1584 una
2362 1546 2506 1584 ratione
2521 1558 2639 1596 quam

1578 1610 1692 1646 supra
1708 1599 1728 1619 '¹‘
1742 1606 1921 1647 posuerat
1935 1598 1983 1636 ad
2004 1599 2283 1636 ostendendum
2303 1599 2410 1647 quod
2424 1611 2502 1636 non
2522 1611 2638 1636 omne

1577 1662 1739 1688 movens
1759 1658 1947 1698 movetur,
1968 1651 2018 1688 ita
2037 1651 2142 1700 quod
2162 1652 2310 1689 moveri
2330 1651 2533 1689 conveniat
2555 1663 2638 1689 mo-

1577 1704 1680 1740 venti
1707 1715 1776 1752 per
1804 1703 1990 1741 accidens.
2022 1705 2063 1740 In
2082 1717 2158 1753 qua
2186 1705 2342 1752 quidem
2362 1704 2507 1741 ratione
2526 1716 2640 1753 supra

1579 1756 1673 1792 duas
1707 1755 1969 1792 conclusiones
1997 1756 2132 1793 intulit:
2167 1757 2331 1806 primam
2364 1757 2503 1794 scilicet
2535 1757 2640 1806 quod

1578 1820 1739 1845 movens
1760 1808 1940 1856 contingit
1959 1817 1994 1846 et
2013 1810 2032 1830 ³*
2051 1821 2130 1846 non
2157 1810 2322 1856 moveri;
2352 1810 2506 1847 alteram
2534 1809 2640 1858 quod
2667 1813 2676 1823 ·

1578 1868 1705 1898 motus
1733 1873 1812 1898 non
1840 1861 1886 1897 sit
1913 1868 2105 1898 aeternus:
2140 1869 2176 1898 et
2203 1861 2414 1899 secundum
2446 1862 2516 1899 has
2544 1863 2639 1900 duas

1579 1913 1852 1960 conclusiones,
1883 1913 1977 1951 duas
2006 1914 2067 1950 hic
2095 1913 2258 1951 rationes
2286 1915 2423 1951 format
2447 1915 2478 1951 *.
2508 1914 2638 1952 Primo
2666 1925 2676 1935 ·

1579 1966 1678 2003 enim
1708 1966 1795 2003 dicit
1827 1966 1933 2014 quod
1965 1979 2038 2003 non
2072 1979 2218 2004 necesse
2249 1969 2268 1988 '¹‘
2300 1973 2354 2004 est
2379 1978 2532 2004 movens
2558 1979 2639 2004 mo·
2666 1978 2675 1987 ·

1577 2019 1660 2056 veri
1685 2019 1758 2055 nisi
1774 2031 1798 2055 a
1816 2019 1934 2068 seipso
1961 2020 2165 2055 secundum
2195 2020 2388 2056 accidens:
2417 2026 2454 2056 et
2477 2027 2532 2056 est
2551 2032 2638 2057 sen-

1578 2085 1642 2108 sus
1670 2072 1775 2120 quod
1802 2071 1872 2108 nisi
1892 2071 2095 2120 accipiatur
2122 2072 2286 2120 primum
2304 2084 2466 2109 movens
2491 2072 2640 2110 moveri

1579 2137 1601 2160 a
1635 2125 1786 2172 seipso,
1821 2136 1900 2160 non
1934 2125 2002 2160 erit
2034 2124 2147 2160 etiarn
2180 2125 2200 2145 '¹‘
2234 2137 2389 2162 necesse
2422 2125 2529 2172 quod
2555 2134 2688 2171 mo-,'.

1576 2189 1672 2214 vens
1690 2177 1856 2225 primum
1875 2184 2077 2213 moveatur
2096 2177 2308 2214 secundum
2332 2177 2532 2224 accidens,
2544 2177 2640 2215 sicut

1579 2230 1734 2278 quidam
1762 2237 1972 2278 posuerunt
2000 2229 2104 2278 quod
2124 2242 2240 2266 omne
2267 2242 2430 2267 movens
2449 2237 2637 2279 movetur,

1578 2291 1614 2319 et
1641 2291 1769 2319 tamen
1797 2283 1872 2319 hoc
1900 2290 1955 2318 est
1975 2282 2008 2318 ei
2027 2294 2095 2331 per
2123 2282 2309 2320 accidens.
2331 2283 2432 2320 Cum
2461 2295 2550 2331 ergo
2569 2295 2639 2332 po-

1577 2335 1676 2372 nitur
1705 2335 1811 2384 quod
1838 2335 2028 2371 moventis
2056 2334 2222 2383 seipsum
2248 2347 2336 2383 pars
2365 2347 2462 2383 quae
2490 2343 2636 2383 movet,

1578 2401 1598 2425 e
1628 2396 1758 2425 contra
1777 2387 1980 2435 aequaliter
1999 2387 2014 2413 ς
2032 2395 2210 2424 movetur
2240 2388 2288 2424 ab
2307 2389 2437 2435 altera,
2457 2389 2532 2425 hoc
2559 2400 2639 2426 non

1578 2441 1645 2478 erit
1677 2440 1747 2477 nisi
1774 2453 1842 2489 per
1869 2440 2054 2477 accidens.
2085 2440 2162 2477 Sed
2178 2441 2197 2461 '¹‘
2217 2440 2311 2477 sicut
2339 2453 2451 2489 supra
2480 2440 2638 2490 accipie-

1577 2495 1713 2531 bamus
1730 2494 1761 2539 ’ἢ
1778 2493 1882 2541 quod
1902 2500 1957 2529 est
1970 2505 2039 2541 per
2053 2493 2226 2529 accidens
2247 2493 2425 2541 contingit
2438 2505 2517 2530 non
2535 2505 2636 2531 esse:

1578 2558 1667 2594 ergo
1689 2546 1868 2593 contingit
1886 2545 1987 2582 illam
2005 2553 2151 2594 partem
2172 2558 2270 2593 quae
2296 2553 2438 2592 movet,
2459 2558 2538 2583 non
2555 2558 2638 2583 mo-

1577 2599 1669 2636 veri.
1701 2599 1763 2636 Sic
1797 2611 1886 2646 ergo
1916 2606 2087 2635 remanet
2119 2598 2223 2646 quod
2252 2598 2442 2635 moventis
2470 2598 2642 2648 seipsum>

1577 2664 1654 2688 una
1672 2664 1758 2700 pars
1778 2658 1974 2697 movetur,
1996 2658 2031 2687 et
2059 2651 2130 2687 alia
2148 2658 2280 2688 movet
2299 2658 2335 2688 et
2353 2664 2432 2688 non
2450 2658 2638 2690 movetur.

1633 2705 1667 2741 8.
1680 2704 1827 2741 Deinde
1839 2716 1926 2740 cum
1938 2704 2042 2740 dicit:
2057 2704 2240 2752 Amplius,
2253 2716 2326 2740 non
2338 2716 2484 2742 necesse
2493 2710 2546 2741 est
2555 2712 2638 2752 etc.,

1578 2757 1686 2805 ponit
1713 2757 1824 2794 aliam
1852 2757 2037 2794 rationem
2071 2757 2431 2805 correspondentem
2450 2757 2639 2795 secundae

1579 2810 1823 2857 conclusioni,
1853 2822 1968 2858 quam
1992 2822 2105 2858 supra
2121 2810 2140 2830 *
2156 2810 2338 2856 intulerat,
2367 2810 2507 2847 scilicet
2534 2810 2640 2860 quod
2667 2819 2676 2829 ·

1580 2863 1747 2911 sequitur
1765 2870 1914 2899 motum
1935 2874 2012 2899 non
2033 2874 2185 2911 semper
2205 2875 2298 2899 esse.
2315 2862 2388 2899 Hic
2407 2870 2534 2899 autem
2551 2874 2640 2900 con-

1579 2928 1688 2952 verso
1718 2916 1851 2952 ordine
1888 2915 1940 2952 sic
1973 2915 2101 2962 arguit.
2142 2915 2182 2952 Si
2219 2927 2373 2952 necesse
2401 2923 2457 2952 est
2489 2923 2639 2952 motum

1580 2981 1732 3017 semper
1751 2980 1853 3015 esse,
1874 2980 1952 3004 non
1971 2980 2124 3004 necesse
2145 2975 2200 3004 est
2219 2980 2380 3005 movens
2401 2979 2488 3004 cum
2509 2975 2641 3005 movet

1582 3034 1602 3058 e
1631 3021 1817 3058 contrario
1838 3020 2001 3067 moveri;
2022 3020 2090 3057 sed
2109 3032 2263 3057 necesse
2284 3028 2339 3057 est
2357 3020 2461 3069 quod
2475 3021 2537 3057 vel
2557 3033 2640 3058 mo·

1580 3086 1676 3111 vens
1704 3074 1750 3110 sit
1777 3074 1986 3119 immobile,
2015 3074 2077 3110 vel
2106 3072 2210 3120 quod
2227 3073 2362 3122 ,ipsum
2391 3081 2591 3110 moveatur
2617 3085 2640 3111 a

1582 3126 1718 3175 seipso.
1741 3126 1864 3162 Huius
1884 3134 2010 3162 autem
2036 3125 2297 3162 conditionalis
2317 3126 2409 3162 ratio
2427 3138 2471 3163 ex
2491 3138 2606 3175 supra
2620 3128 2639 3146 ⁴⁹
2666 3133 2676 3145 ·

1582 3179 1704 3228 posita
1724 3179 1866 3216 ratione
1887 3186 2053 3227 apparet.
2071 3178 2171 3223 Quia
2190 3178 2220 3215 si
2234 3190 2396 3215 movens
2416 3191 2494 3215 non
2509 3186 2642 3216 movet

1583 3233 1652 3269 nisi
1672 3239 1888 3277 moveatur3
1910 3239 1945 3268 et
1964 3239 2091 3274 tamen
2108 3232 2127 3252 ’³
2143 3243 2220 3268 non
2240 3231 2335 3268 inest
2350 3231 2383 3268 ei
2403 3231 2551 3277 moveri
2570 3231 2640 3268 nisi
2668 3239 2677 3248 ·

1583 3298 1651 3334 per
1679 3285 1870 3330 accidens;
1891 3284 2058 3333 sequitur
2077 3284 2182 3331 quod
2211 3284 2399 3332 contingat
2419 3285 2542 3334 ipsum
2562 3296 2641 3322 non

1583 3406 1644 3439 quia
1664 3407 1731 3431 sicut
1749 3413 1831 3438 supra
1845 3406 1924 3438 prius
1943 3406 2043 3431 dictum
2063 3409 2102 3430 est
2120 3405 2295 3435 AlKQsTYa,
2316 3405 2380 3430 sorte
2395 3413 2478 3437 supra
2491 3405 2570 3437 prius
2585 3413 2641 3430 cor—

1582 3447 1657 3473 rupte
1677 3449 1724 3474 pro
1743 3441 1872 3473 superius,
1893 3442 1962 3473 quod
1982 3441 2064 3465 innuit
2082 3441 2118 3465 X:
2139 3441 2201 3473 quia
2220 3441 2287 3466 sicut
2305 3447 2387 3472 supra
2405 3441 2527 3473 superius
2541 3440 2641 3465 dictum

1583 3480 1631 3501 est.
1652 3477 1764 3509 Pei-gum
1784 3476 1844 3501 EG:
1864 3476 1935 3508 quod
1955 3476 2073 3508 primum
2098 3482 2204 3501 movens
2223 3476 2309 3509 magis
2327 3479 2366 3501 est
2384 3482 2465 3501 causa
2490 3474 2642 3500 removenda*

1583 3515 1609 3536 ct
1628 3512 1714 3544 magis
1733 3514 1827 3536 movet.

1636 3546 1661 3580 ζ)
1681 3554 1694 3571 e
1713 3549 1807 3571 contra
1825 3545 1979 3579 aequaliter.
1993 3559 2011 3564 -
2026 3545 2045 3570 Ρ
2059 3551 2083 3570 et
2101 3546 2190 3570 Venet.
2210 3544 2288 3577 15o4;
2313 3552 2397 3578 aequa
2416 3543 2640 3577 AIKVXYspm),

1583 3588 1664 3613 aeque
1684 3581 1797 3613 QsH(pE
1806 3580 1834 3612 ?),
1848 3588 1862 3606 e
1875 3587 2000 3606 converso
2019 3581 2085 3611 BsE,
2099 3588 2113 3606 e
2125 3584 2219 3606 contra
2238 3586 2300 3609 cet..
2319 3580 2465 3612 aequah'ter
2483 3579 2540 3604 edd.
2553 3585 2571 3603 a
2581 3579 2605 3603 b.

2894 232 2898 248 i

2894 249 2898 275 l

2894 279 2898 295 ι

2892 319 2898 392 l

2893 399 2898 428 i

2893 513 2898 568 i

2663 605 2877 653 ζτξῖἕῖαΐωοα
2892 573 2898 639 i

2664 664 2673 673 ·
2679 665 2801 685 moveatur
2807 663 2877 686 codd.

2893 759 2898 796 l

2891 797 2898 845 i

2663 871 2673 880 '
2687 869 2746 892 haec
2759 876 2852 894 omre
2892 849 2898 926 ³

2664 895 2709 918 ab.
2894 929 2898 935 Ι

2893 975 2898 1049 i

2894 1055 2898 1082 i

2894 1107 2898 1128 l

2895 1179 2898 1198 ι

2664 1237 2674 1247 ·
2680 1236 2822 1264 quod...eue
2829 1242 2878 1260 om.
2894 1242 2898 1251 ¹

2664 1269 2878 1319 &anfion-neema&
2895 1272 2898 1283 ¹

2664 1450 2808 1499 humei&
2812 1456 2880 1479 nm,
2897 1459 2898 1462 ¹

2665 1607 2676 1618 ⁸¹
2690 1606 2754 1629 lbid.
2768 1613 2793 1629 n.
2805 1613 2828 1636 7.

2703 1977 2863 1999 neceesarium
