<?xml version="1.0" encoding="UTF-8"?>
<!DOCTYPE html PUBLIC "-//W3C//DTD XHTML 1.0 Transitional//EN"
    "http://www.w3.org/TR/xhtml1/DTD/xhtml1-transitional.dtd">
<html xmlns="http://www.w3.org/1999/xhtml" xml:lang="en" lang="en">
 <head>
  <title>
</title>
<meta http-equiv="Content-Type" content="text/html;charset=utf-8" />
  <meta name='ocr-system' content='tesseract 3.04.00' />
  <meta name='ocr-capabilities' content='ocr_page ocr_carea ocr_par ocr_line ocrx_word'/>
</head>
<body>
  <div class='ocr_page' id='page_1' title='image "./operaomniaiussui02thom/operaomniaiussui02thom_0086.png"; bbox 0 0 2982 4022; ppageno 0'>
   <div class='ocr_carea' id='block_1_1' title="bbox 247 480 445 532">
    <p class='ocr_par' dir='ltr' id='par_1_1' title="bbox 247 480 445 532">
     <span class='ocr_line' id='line_1_1' title="bbox 249 480 445 500; baseline -0.01 0"><span class='ocrx_word' id='word_1_1' title='bbox 249 481 259 488; x_wconf 85' lang='grc'><em>“</em></span> <span class='ocrx_word' id='word_1_2' title='bbox 274 480 309 500; x_wconf 80' lang='lat' dir='ltr'>sei</span> <span class='ocrx_word' id='word_1_3' title='bbox 324 485 357 500; x_wconf 59' lang='grc' dir='ltr'>εις</span> <span class='ocrx_word' id='word_1_4' title='bbox 371 484 445 500; x_wconf 61' lang='lat' dir='ltr'>aasz.</span> 
     </span>
     <span class='ocr_line' id='line_1_2' title="bbox 247 506 398 532; baseline 0 -6"><span class='ocrx_word' id='word_1_5' title='bbox 247 506 267 515; x_wconf 77' lang='lat'>‘⁶</span> <span class='ocrx_word' id='word_1_6' title='bbox 283 512 298 526; x_wconf 87' lang='lat' dir='ltr'>a</span> <span class='ocrx_word' id='word_1_7' title='bbox 309 506 362 532; x_wconf 84' lang='lat' dir='ltr'>iquo</span> <span class='ocrx_word' id='word_1_8' title='bbox 377 511 398 526; x_wconf 75' lang='grc' dir='ltr'>Ρ.</span> 
     </span>
    </p>
   </div>
   <div class='ocr_carea' id='block_1_2' title="bbox 248 1065 461 1164">
    <p class='ocr_par' dir='ltr' id='par_1_2' title="bbox 248 1065 460 1115">
     <span class='ocr_line' id='line_1_3' title="bbox 249 1065 460 1091; baseline 0 -7"><span class='ocrx_word' id='word_1_9' title='bbox 249 1065 258 1073; x_wconf 84' lang='grc'><em>·</em></span> <span class='ocrx_word' id='word_1_10' title='bbox 270 1065 352 1091; x_wconf 78' lang='lat' dir='ltr'>posset</span> <span class='ocrx_word' id='word_1_11' title='bbox 362 1068 460 1084; x_wconf 71' lang='grc' dir='ltr'>Αευικικ</span> 
     </span>
     <span class='ocr_line' id='line_1_4' title="bbox 248 1096 346 1115; baseline -0.01 -4"><span class='ocrx_word' id='word_1_12' title='bbox 248 1096 346 1115; x_wconf 70' lang='lat' dir='ltr'>oqnsrz.</span> 
     </span>
    </p>

    <p class='ocr_par' dir='ltr' id='par_1_3' title="bbox 249 1115 461 1164">
     <span class='ocr_line' id='line_1_5' title="bbox 249 1115 461 1143; baseline 0 -6"><span class='ocrx_word' id='word_1_13' title='bbox 249 1117 258 1125; x_wconf 86' lang='grc'><em>·</em></span> <span class='ocrx_word' id='word_1_14' title='bbox 274 1118 297 1137; x_wconf 77' lang='lat' dir='ltr'>et</span> <span class='ocrx_word' id='word_1_15' title='bbox 310 1116 339 1136; x_wconf 80' lang='lat' dir='ltr'>de</span> <span class='ocrx_word' id='word_1_16' title='bbox 352 1122 417 1143; x_wconf 62' lang='lat' dir='ltr'>noaz,</span> <span class='ocrx_word' id='word_1_17' title='bbox 432 1115 461 1137; x_wconf 83' lang='lat' dir='ltr'>de</span> 
     </span>
     <span class='ocr_line' id='line_1_6' title="bbox 249 1148 376 1164; baseline -0.008 -1"><span class='ocrx_word' id='word_1_18' title='bbox 249 1148 376 1164; x_wconf 69' lang='lat' dir='ltr'><strong>CEFGHMNY.</strong></span> 
     </span>
    </p>
   </div>
   <div class='ocr_carea' id='block_1_3' title="bbox 248 1432 458 1452">
    <p class='ocr_par' dir='ltr' id='par_1_4' title="bbox 248 1432 458 1452">
     <span class='ocr_line' id='line_1_7' title="bbox 248 1432 458 1452; baseline -0.005 0"><span class='ocrx_word' id='word_1_19' title='bbox 248 1432 256 1439; x_wconf 92' lang='grc'><em>“</em></span> <span class='ocrx_word' id='word_1_20' title='bbox 272 1433 347 1452; x_wconf 83' lang='lat' dir='ltr'>autem</span> <span class='ocrx_word' id='word_1_21' title='bbox 356 1436 402 1452; x_wconf 87' lang='lat' dir='ltr'>om.</span> <span class='ocrx_word' id='word_1_22' title='bbox 411 1436 458 1451; x_wconf 66' lang='grc' dir='ltr'>ΡΜ.</span> 
     </span>
    </p>
   </div>
   <div class='ocr_carea' id='block_1_4' title="bbox 248 1589 460 1636">
    <p class='ocr_par' dir='ltr' id='par_1_5' title="bbox 248 1589 460 1636">
     <span class='ocr_line' id='line_1_8' title="bbox 249 1589 460 1615; baseline 0 -6"><span class='ocrx_word' id='word_1_23' title='bbox 249 1589 258 1597; x_wconf 83' lang='grc'><em>·</em></span> <span class='ocrx_word' id='word_1_24' title='bbox 274 1589 297 1609; x_wconf 83' lang='lat' dir='ltr'>in</span> <span class='ocrx_word' id='word_1_25' title='bbox 312 1594 359 1609; x_wconf 90' lang='lat' dir='ltr'>om.</span> <span class='ocrx_word' id='word_1_26' title='bbox 370 1594 460 1615; x_wconf 68' lang='lat' dir='ltr'>Pounpz</span> 
     </span>
     <span class='ocr_line' id='line_1_9' title="bbox 248 1615 327 1636; baseline -0.013 0"><span class='ocrx_word' id='word_1_27' title='bbox 248 1619 270 1636; x_wconf 86' lang='lat' dir='ltr'>et</span> <span class='ocrx_word' id='word_1_28' title='bbox 284 1621 298 1636; x_wconf 90' lang='lat' dir='ltr'>a</span> <span class='ocrx_word' id='word_1_29' title='bbox 308 1615 327 1635; x_wconf 83' lang='lat' dir='ltr'>b.</span> 
     </span>
    </p>
   </div>
   <div class='ocr_carea' id='block_1_5' title="bbox 250 2118 420 2139">
    <p class='ocr_par' dir='ltr' id='par_1_6' title="bbox 250 2118 420 2139">
     <span class='ocr_line' id='line_1_10' title="bbox 250 2118 420 2139; baseline -0.006 0"><span class='ocrx_word' id='word_1_30' title='bbox 250 2119 258 2126; x_wconf 90' lang='grc'><em>“</em></span> <span class='ocrx_word' id='word_1_31' title='bbox 274 2118 369 2139; x_wconf 79' lang='lat' dir='ltr'>lectulus</span> <span class='ocrx_word' id='word_1_32' title='bbox 383 2123 420 2138; x_wconf 69' lang='grc' dir='ltr'>νυ.</span> 
     </span>
    </p>
   </div>
   <div class='ocr_carea' id='block_1_6' title="bbox 249 2221 460 2276">
    <p class='ocr_par' dir='ltr' id='par_1_7' title="bbox 249 2221 460 2276">
     <span class='ocr_line' id='line_1_11' title="bbox 249 2221 460 2249; baseline -0.009 -6"><span class='ocrx_word' id='word_1_33' title='bbox 249 2223 258 2231; x_wconf 86' lang='grc'><em>“</em></span> <span class='ocrx_word' id='word_1_34' title='bbox 285 2221 460 2249; x_wconf 80' lang='lat' dir='ltr'><em>generationem</em></span> 
     </span>
     <span class='ocr_line' id='line_1_12' title="bbox 249 2254 313 2276; baseline -0.016 -6"><span class='ocrx_word' id='word_1_35' title='bbox 249 2254 313 2276; x_wconf 67' lang='lat' dir='ltr'>espa.</span> 
     </span>
    </p>
   </div>
   <div class='ocr_carea' id='block_1_7' title="bbox 489 289 538 324">
    <p class='ocr_par' dir='ltr' id='par_1_8' title="bbox 489 289 538 324">
     <span class='ocr_line' id='line_1_13' title="bbox 489 289 538 324; baseline -0.02 0"><span class='ocrx_word' id='word_1_36' title='bbox 489 289 538 324; x_wconf 85' lang='lat'>60</span> 
     </span>
    </p>
   </div>
   <div class='ocr_carea' id='block_1_8' title="bbox 471 363 1545 1936">
    <p class='ocr_par' dir='ltr' id='par_1_9' title="bbox 487 363 1544 938">
     <span class='ocr_line' id='line_1_14' title="bbox 488 363 1544 412; baseline 0 -11"><span class='ocrx_word' id='word_1_37' title='bbox 488 367 563 411; x_wconf 89' lang='lat' dir='ltr'>os);</span> <span class='ocrx_word' id='word_1_38' title='bbox 584 376 654 401; x_wconf 86' lang='lat' dir='ltr'>nec</span> <span class='ocrx_word' id='word_1_39' title='bbox 681 365 806 401; x_wconf 91' lang='lat' dir='ltr'>adhuc</span> <span class='ocrx_word' id='word_1_40' title='bbox 835 371 889 400; x_wconf 89' lang='lat' dir='ltr'>est</span> <span class='ocrx_word' id='word_1_41' title='bbox 916 369 1048 400; x_wconf 85' lang='lat' dir='ltr'>natura</span> <span class='ocrx_word' id='word_1_42' title='bbox 1072 363 1109 399; x_wconf 93' lang='lat' dir='ltr'>in</span> <span class='ocrx_word' id='word_1_43' title='bbox 1137 363 1220 411; x_wconf 91' lang='lat' dir='ltr'>ipso</span> <span class='ocrx_word' id='word_1_44' title='bbox 1249 371 1452 412; x_wconf 85' lang='lat' dir='ltr'>antequam</span> <span class='ocrx_word' id='word_1_45' title='bbox 1480 365 1544 401; x_wconf 81' lang='lat' dir='ltr'>ha-</span> 
     </span>
     <span class='ocr_line' id='line_1_15' title="bbox 487 416 1543 464; baseline 0 -10"><span class='ocrx_word' id='word_1_46' title='bbox 487 419 575 454; x_wconf 91' lang='lat' dir='ltr'>beat</span> <span class='ocrx_word' id='word_1_47' title='bbox 602 418 776 454; x_wconf 85' lang='lat' dir='ltr'>formam.</span> <span class='ocrx_word' id='word_1_48' title='bbox 799 418 899 464; x_wconf 88' lang='lat' dir='ltr'>Ergo</span> <span class='ocrx_word' id='word_1_49' title='bbox 920 423 1052 452; x_wconf 89' lang='lat' dir='ltr'>natura</span> <span class='ocrx_word' id='word_1_50' title='bbox 1081 427 1208 452; x_wconf 89' lang='lat' dir='ltr'>rerum</span> <span class='ocrx_word' id='word_1_51' title='bbox 1234 416 1459 453; x_wconf 85' lang='lat' dir='ltr'>naturalium</span> <span class='ocrx_word' id='word_1_52' title='bbox 1478 417 1543 454; x_wconf 89' lang='lat' dir='ltr'>ha-</span> 
     </span>
     <span class='ocr_line' id='line_1_16' title="bbox 487 468 1543 518; baseline -0.001 -11"><span class='ocrx_word' id='word_1_53' title='bbox 487 470 657 507; x_wconf 90' lang='lat' dir='ltr'>bentium</span> <span class='ocrx_word' id='word_1_54' title='bbox 677 470 714 506; x_wconf 92' lang='lat' dir='ltr'>in</span> <span class='ocrx_word' id='word_1_55' title='bbox 742 482 782 506; x_wconf 91' lang='lat' dir='ltr'>se</span> <span class='ocrx_word' id='word_1_56' title='bbox 804 470 823 491; x_wconf 76' lang='grc'><em>*</em></span> <span class='ocrx_word' id='word_1_57' title='bbox 847 468 1074 518; x_wconf 89' lang='lat' dir='ltr'>principium</span> <span class='ocrx_word' id='word_1_58' title='bbox 1107 477 1252 515; x_wconf 87' lang='lat' dir='ltr'>motus,</span> <span class='ocrx_word' id='word_1_59' title='bbox 1273 469 1345 505; x_wconf 91' lang='lat' dir='ltr'>alio</span> <span class='ocrx_word' id='word_1_60' title='bbox 1367 470 1407 490; x_wconf 65' lang='lat'>³³*</span> <span class='ocrx_word' id='word_1_61' title='bbox 1426 470 1543 506; x_wconf 90' lang='lat' dir='ltr'>modo</span> 
     </span>
     <span class='ocr_line' id='line_1_17' title="bbox 488 521 1544 570; baseline 0 -11"><span class='ocrx_word' id='word_1_62' title='bbox 488 523 599 559; x_wconf 89' lang='lat' dir='ltr'>etiarn</span> <span class='ocrx_word' id='word_1_63' title='bbox 628 523 750 558; x_wconf 88' lang='lat' dir='ltr'>forma</span> <span class='ocrx_word' id='word_1_64' title='bbox 775 530 845 559; x_wconf 85' lang='lat' dir='ltr'>est:</span> <span class='ocrx_word' id='word_1_65' title='bbox 866 534 962 570; x_wconf 89' lang='lat' dir='ltr'>quae</span> <span class='ocrx_word' id='word_1_66' title='bbox 991 521 1076 557; x_wconf 89' lang='lat' dir='ltr'>licet</span> <span class='ocrx_word' id='word_1_67' title='bbox 1095 533 1173 558; x_wconf 89' lang='lat' dir='ltr'>non</span> <span class='ocrx_word' id='word_1_68' title='bbox 1197 529 1390 570; x_wconf 87' lang='lat' dir='ltr'>separetur</span> <span class='ocrx_word' id='word_1_69' title='bbox 1419 534 1440 558; x_wconf 87' lang='lat' dir='ltr'>a</span> <span class='ocrx_word' id='word_1_70' title='bbox 1465 534 1544 559; x_wconf 88' lang='lat' dir='ltr'>ma-</span> 
     </span>
     <span class='ocr_line' id='line_1_18' title="bbox 487 574 1541 620; baseline 0 -9"><span class='ocrx_word' id='word_1_71' title='bbox 487 575 578 612; x_wconf 89' lang='lat' dir='ltr'>teria</span> <span class='ocrx_word' id='word_1_72' title='bbox 606 575 816 611; x_wconf 89' lang='lat' dir='ltr'>secundum</span> <span class='ocrx_word' id='word_1_73' title='bbox 837 586 931 620; x_wconf 87' lang='lat' dir='ltr'>rem,</span> <span class='ocrx_word' id='word_1_74' title='bbox 951 581 1078 610; x_wconf 86' lang='lat' dir='ltr'>tamen</span> <span class='ocrx_word' id='word_1_75' title='bbox 1108 574 1231 611; x_wconf 83' lang='lat' dir='ltr'>differt</span> <span class='ocrx_word' id='word_1_76' title='bbox 1249 576 1297 611; x_wconf 90' lang='lat' dir='ltr'>ab</span> <span class='ocrx_word' id='word_1_77' title='bbox 1319 586 1362 611; x_wconf 88' lang='lat' dir='ltr'>ea</span> <span class='ocrx_word' id='word_1_78' title='bbox 1387 574 1541 611; x_wconf 90' lang='lat' dir='ltr'>ratione.</span> 
     </span>
     <span class='ocr_line' id='line_1_19' title="bbox 489 627 1542 675; baseline 0 -11"><span class='ocrx_word' id='word_1_79' title='bbox 489 628 593 664; x_wconf 89' lang='lat' dir='ltr'>Sicut</span> <span class='ocrx_word' id='word_1_80' title='bbox 612 628 713 664; x_wconf 89' lang='lat' dir='ltr'>enim</span> <span class='ocrx_word' id='word_1_81' title='bbox 733 640 797 664; x_wconf 88' lang='lat' dir='ltr'>aes</span> <span class='ocrx_word' id='word_1_82' title='bbox 818 634 853 663; x_wconf 89' lang='lat' dir='ltr'>et</span> <span class='ocrx_word' id='word_1_83' title='bbox 867 627 1121 674; x_wconf 88' lang='lat' dir='ltr'>infiguratum,</span> <span class='ocrx_word' id='word_1_84' title='bbox 1138 627 1313 675; x_wconf 89' lang='lat' dir='ltr'>quamvis</span> <span class='ocrx_word' id='word_1_85' title='bbox 1332 627 1404 663; x_wconf 92' lang='lat' dir='ltr'>sint</span> <span class='ocrx_word' id='word_1_86' title='bbox 1423 640 1542 664; x_wconf 88' lang='lat' dir='ltr'>unum</span> 
     </span>
     <span class='ocr_line' id='line_1_20' title="bbox 488 678 1544 726; baseline 0 -10"><span class='ocrx_word' id='word_1_87' title='bbox 488 680 668 726; x_wconf 89' lang='lat' dir='ltr'>subiecto,</span> <span class='ocrx_word' id='word_1_88' title='bbox 694 687 822 716; x_wconf 90' lang='lat' dir='ltr'>tamen</span> <span class='ocrx_word' id='word_1_89' title='bbox 854 679 996 715; x_wconf 91' lang='lat' dir='ltr'>ratione</span> <span class='ocrx_word' id='word_1_90' title='bbox 1026 678 1220 725; x_wconf 83' lang='lat' dir='ltr'>differunt,</span> <span class='ocrx_word' id='word_1_91' title='bbox 1246 679 1296 716; x_wconf 91' lang='lat' dir='ltr'>ita</span> <span class='ocrx_word' id='word_1_92' title='bbox 1324 680 1480 716; x_wconf 87' lang='lat' dir='ltr'>materia</span> <span class='ocrx_word' id='word_1_93' title='bbox 1509 688 1544 716; x_wconf 89' lang='lat' dir='ltr'>et</span> 
     </span>
     <span class='ocr_line' id='line_1_21' title="bbox 488 730 1542 780; baseline -0.001 -11"><span class='ocrx_word' id='word_1_94' title='bbox 488 733 610 770; x_wconf 86' lang='lat' dir='ltr'>forma</span> <span class='ocrx_word' id='word_1_95' title='bbox 630 730 654 769; x_wconf 66' lang='grc' dir='ltr'>δ,</span> <span class='ocrx_word' id='word_1_96' title='bbox 680 733 729 769; x_wconf 91' lang='lat' dir='ltr'>Et</span> <span class='ocrx_word' id='word_1_97' title='bbox 755 734 828 769; x_wconf 91' lang='lat' dir='ltr'>hoc</span> <span class='ocrx_word' id='word_1_98' title='bbox 855 743 925 780; x_wconf 90' lang='lat' dir='ltr'>pro</span> <span class='ocrx_word' id='word_1_99' title='bbox 946 738 1047 768; x_wconf 89' lang='lat' dir='ltr'>tanto</span> <span class='ocrx_word' id='word_1_100' title='bbox 1078 731 1175 778; x_wconf 86' lang='lat' dir='ltr'>dicit,</span> <span class='ocrx_word' id='word_1_101' title='bbox 1201 732 1290 780; x_wconf 88' lang='lat' dir='ltr'>quia</span> <span class='ocrx_word' id='word_1_102' title='bbox 1317 732 1386 768; x_wconf 90' lang='lat' dir='ltr'>nisi</span> <span class='ocrx_word' id='word_1_103' title='bbox 1421 733 1542 768; x_wconf 89' lang='lat' dir='ltr'>forma</span> 
     </span>
     <span class='ocr_line' id='line_1_22' title="bbox 488 783 1542 830; baseline -0.001 -8"><span class='ocrx_word' id='word_1_104' title='bbox 488 793 586 822; x_wconf 88' lang='lat' dir='ltr'>esset</span> <span class='ocrx_word' id='word_1_105' title='bbox 612 785 714 822; x_wconf 90' lang='lat' dir='ltr'>aliud</span> <span class='ocrx_word' id='word_1_106' title='bbox 747 784 958 822; x_wconf 86' lang='lat' dir='ltr'>secundum</span> <span class='ocrx_word' id='word_1_107' title='bbox 996 783 1180 821; x_wconf 89' lang='lat' dir='ltr'>rationem</span> <span class='ocrx_word' id='word_1_108' title='bbox 1209 797 1231 820; x_wconf 89' lang='lat' dir='ltr'>a</span> <span class='ocrx_word' id='word_1_109' title='bbox 1265 785 1437 830; x_wconf 88' lang='lat' dir='ltr'>materia,</span> <span class='ocrx_word' id='word_1_110' title='bbox 1464 797 1542 822; x_wconf 92' lang='lat' dir='ltr'>non</span> 
     </span>
     <span class='ocr_line' id='line_1_23' title="bbox 488 837 1544 885; baseline -0.001 -11"><span class='ocrx_word' id='word_1_111' title='bbox 488 845 585 874; x_wconf 91' lang='lat' dir='ltr'>esset</span> <span class='ocrx_word' id='word_1_112' title='bbox 618 838 711 875; x_wconf 88' lang='lat' dir='ltr'>alius</span> <span class='ocrx_word' id='word_1_113' title='bbox 745 846 780 874; x_wconf 91' lang='lat' dir='ltr'>et</span> <span class='ocrx_word' id='word_1_114' title='bbox 808 837 901 874; x_wconf 88' lang='lat' dir='ltr'>alius</span> <span class='ocrx_word' id='word_1_115' title='bbox 935 837 1074 873; x_wconf 90' lang='lat' dir='ltr'>modus</span> <span class='ocrx_word' id='word_1_116' title='bbox 1111 849 1187 885; x_wconf 92' lang='lat' dir='ltr'>quo</span> <span class='ocrx_word' id='word_1_117' title='bbox 1221 837 1378 873; x_wconf 89' lang='lat' dir='ltr'>materia</span> <span class='ocrx_word' id='word_1_118' title='bbox 1411 837 1544 875; x_wconf 90' lang='lat' dir='ltr'>dicitur</span> 
     </span>
     <span class='ocr_line' id='line_1_24' title="bbox 487 889 1240 938; baseline -0.003 -11"><span class='ocrx_word' id='word_1_119' title='bbox 487 898 630 936; x_wconf 88' lang='lat' dir='ltr'>natura,</span> <span class='ocrx_word' id='word_1_120' title='bbox 652 898 688 926; x_wconf 88' lang='lat' dir='ltr'>et</span> <span class='ocrx_word' id='word_1_121' title='bbox 707 903 783 938; x_wconf 88' lang='lat' dir='ltr'>quo</span> <span class='ocrx_word' id='word_1_122' title='bbox 803 891 925 926; x_wconf 87' lang='lat' dir='ltr'>forma</span> <span class='ocrx_word' id='word_1_123' title='bbox 946 889 1078 926; x_wconf 90' lang='lat' dir='ltr'>dicitur</span> <span class='ocrx_word' id='word_1_124' title='bbox 1098 897 1240 926; x_wconf 87' lang='lat' dir='ltr'>natura.</span> 
     </span>
    </p>

    <p class='ocr_par' dir='ltr' id='par_1_10' title="bbox 486 941 1544 1416">
     <span class='ocr_line' id='line_1_25' title="bbox 539 941 1541 991; baseline -0.001 -11"><span class='ocrx_word' id='word_1_125' title='bbox 539 955 576 990; x_wconf 88' lang='lat'>4.</span> <span class='ocrx_word' id='word_1_126' title='bbox 598 944 731 981; x_wconf 87' lang='lat' dir='ltr'>Posset</span> <span class='ocrx_word' id='word_1_127' title='bbox 749 950 876 980; x_wconf 86' lang='lat' dir='ltr'>autem</span> <span class='ocrx_word' id='word_1_128' title='bbox 897 942 1028 991; x_wconf 90' lang='lat' dir='ltr'>aliquis</span> <span class='ocrx_word' id='word_1_129' title='bbox 1058 941 1211 978; x_wconf 90' lang='lat' dir='ltr'>credere</span> <span class='ocrx_word' id='word_1_130' title='bbox 1231 941 1335 990; x_wconf 89' lang='lat' dir='ltr'>quod</span> <span class='ocrx_word' id='word_1_131' title='bbox 1355 941 1442 990; x_wconf 88' lang='lat' dir='ltr'>quia</span> <span class='ocrx_word' id='word_1_132' title='bbox 1463 954 1541 979; x_wconf 90' lang='lat' dir='ltr'>ma-</span> 
     </span>
     <span class='ocr_line' id='line_1_26' title="bbox 487 993 1542 1043; baseline -0.002 -11"><span class='ocrx_word' id='word_1_133' title='bbox 487 996 578 1033; x_wconf 88' lang='lat' dir='ltr'>teria</span> <span class='ocrx_word' id='word_1_134' title='bbox 603 996 735 1033; x_wconf 89' lang='lat' dir='ltr'>dicitur</span> <span class='ocrx_word' id='word_1_135' title='bbox 760 1004 891 1032; x_wconf 87' lang='lat' dir='ltr'>natura</span> <span class='ocrx_word' id='word_1_136' title='bbox 912 1002 947 1031; x_wconf 90' lang='lat' dir='ltr'>et</span> <span class='ocrx_word' id='word_1_137' title='bbox 967 995 1078 1031; x_wconf 88' lang='lat' dir='ltr'>etiam</span> <span class='ocrx_word' id='word_1_138' title='bbox 1103 995 1236 1040; x_wconf 88' lang='lat' dir='ltr'>forma,</span> <span class='ocrx_word' id='word_1_139' title='bbox 1258 993 1361 1043; x_wconf 87' lang='lat' dir='ltr'>quod</span> <span class='ocrx_word' id='word_1_140' title='bbox 1386 1007 1542 1043; x_wconf 89' lang='lat' dir='ltr'>compo—</span> 
     </span>
     <span class='ocr_line' id='line_1_27' title="bbox 488 1046 1544 1097; baseline -0.002 -11"><span class='ocrx_word' id='word_1_141' title='bbox 488 1049 600 1086; x_wconf 88' lang='lat' dir='ltr'>situm</span> <span class='ocrx_word' id='word_1_142' title='bbox 629 1049 747 1097; x_wconf 89' lang='lat' dir='ltr'>possit</span> <span class='ocrx_word' id='word_1_143' title='bbox 765 1049 785 1067; x_wconf 72' lang='lat'>⁴*</span> <span class='ocrx_word' id='word_1_144' title='bbox 806 1048 878 1085; x_wconf 88' lang='lat' dir='ltr'>dici</span> <span class='ocrx_word' id='word_1_145' title='bbox 898 1055 1050 1093; x_wconf 82' lang='lat' dir='ltr'>natura3</span> <span class='ocrx_word' id='word_1_146' title='bbox 1070 1047 1158 1096; x_wconf 89' lang='lat' dir='ltr'>quia</span> <span class='ocrx_word' id='word_1_147' title='bbox 1187 1046 1391 1083; x_wconf 90' lang='lat' dir='ltr'>substantia</span> <span class='ocrx_word' id='word_1_148' title='bbox 1411 1047 1544 1084; x_wconf 91' lang='lat' dir='ltr'>dicitur</span> 
     </span>
     <span class='ocr_line' id='line_1_28' title="bbox 489 1097 1543 1148; baseline -0.002 -10"><span class='ocrx_word' id='word_1_149' title='bbox 489 1102 534 1139; x_wconf 92' lang='lat' dir='ltr'>de</span> <span class='ocrx_word' id='word_1_150' title='bbox 564 1102 686 1138; x_wconf 89' lang='lat' dir='ltr'>forma</span> <span class='ocrx_word' id='word_1_151' title='bbox 706 1109 741 1137; x_wconf 90' lang='lat' dir='ltr'>et</span> <span class='ocrx_word' id='word_1_152' title='bbox 760 1101 779 1121; x_wconf 74' lang='lat'>’¹‘</span> <span class='ocrx_word' id='word_1_153' title='bbox 800 1101 956 1137; x_wconf 85' lang='lat' dir='ltr'>materia</span> <span class='ocrx_word' id='word_1_154' title='bbox 984 1107 1020 1136; x_wconf 89' lang='lat' dir='ltr'>et</span> <span class='ocrx_word' id='word_1_155' title='bbox 1045 1100 1091 1136; x_wconf 91' lang='lat' dir='ltr'>de</span> <span class='ocrx_word' id='word_1_156' title='bbox 1121 1099 1344 1148; x_wconf 88' lang='lat' dir='ltr'>composito.</span> <span class='ocrx_word' id='word_1_157' title='bbox 1367 1097 1441 1136; x_wconf 89' lang='lat' dir='ltr'>Sed</span> <span class='ocrx_word' id='word_1_158' title='bbox 1470 1100 1543 1136; x_wconf 89' lang='lat' dir='ltr'>hoc</span> 
     </span>
     <span class='ocr_line' id='line_1_29' title="bbox 488 1152 1544 1202; baseline -0.002 -12"><span class='ocrx_word' id='word_1_159' title='bbox 488 1155 648 1191; x_wconf 88' lang='lat' dir='ltr'>excludit</span> <span class='ocrx_word' id='word_1_160' title='bbox 677 1154 803 1191; x_wconf 89' lang='lat' dir='ltr'>dicens</span> <span class='ocrx_word' id='word_1_161' title='bbox 832 1153 936 1202; x_wconf 93' lang='lat' dir='ltr'>quod</span> <span class='ocrx_word' id='word_1_162' title='bbox 966 1152 1219 1200; x_wconf 85' lang='lat' dir='ltr'>compositum</span> <span class='ocrx_word' id='word_1_163' title='bbox 1249 1164 1294 1188; x_wconf 87' lang='lat' dir='ltr'>ex</span> <span class='ocrx_word' id='word_1_164' title='bbox 1323 1152 1480 1188; x_wconf 88' lang='lat' dir='ltr'>materia</span> <span class='ocrx_word' id='word_1_165' title='bbox 1508 1160 1544 1188; x_wconf 92' lang='lat' dir='ltr'>et</span> 
     </span>
     <span class='ocr_line' id='line_1_30' title="bbox 486 1205 1542 1254; baseline -0.003 -11"><span class='ocrx_word' id='word_1_166' title='bbox 486 1207 620 1253; x_wconf 82' lang='lat' dir='ltr'>forma,</span> <span class='ocrx_word' id='word_1_167' title='bbox 640 1215 680 1243; x_wconf 92' lang='lat' dir='ltr'>ut</span> <span class='ocrx_word' id='word_1_168' title='bbox 707 1207 838 1253; x_wconf 89' lang='lat' dir='ltr'>homo,</span> <span class='ocrx_word' id='word_1_169' title='bbox 860 1218 936 1242; x_wconf 90' lang='lat' dir='ltr'>non</span> <span class='ocrx_word' id='word_1_170' title='bbox 957 1212 1012 1242; x_wconf 89' lang='lat' dir='ltr'>est</span> <span class='ocrx_word' id='word_1_171' title='bbox 1039 1205 1119 1254; x_wconf 90' lang='lat' dir='ltr'>ipsa</span> <span class='ocrx_word' id='word_1_172' title='bbox 1138 1212 1281 1251; x_wconf 87' lang='lat' dir='ltr'>natura,</span> <span class='ocrx_word' id='word_1_173' title='bbox 1306 1205 1373 1241; x_wconf 86' lang='lat' dir='ltr'>sed</span> <span class='ocrx_word' id='word_1_174' title='bbox 1400 1212 1453 1241; x_wconf 91' lang='lat' dir='ltr'>est</span> <span class='ocrx_word' id='word_1_175' title='bbox 1481 1205 1542 1240; x_wconf 89' lang='lat' dir='ltr'>ali-</span> 
     </span>
     <span class='ocr_line' id='line_1_31' title="bbox 487 1257 1542 1308; baseline -0.002 -12"><span class='ocrx_word' id='word_1_176' title='bbox 487 1259 577 1308; x_wconf 91' lang='lat' dir='ltr'>quid</span> <span class='ocrx_word' id='word_1_177' title='bbox 598 1272 620 1296; x_wconf 88' lang='lat' dir='ltr'>a</span> <span class='ocrx_word' id='word_1_178' title='bbox 641 1265 794 1303; x_wconf 85' lang='lat' dir='ltr'>natura;</span> <span class='ocrx_word' id='word_1_179' title='bbox 813 1258 901 1308; x_wconf 87' lang='lat' dir='ltr'>quia</span> <span class='ocrx_word' id='word_1_180' title='bbox 929 1265 1061 1294; x_wconf 86' lang='lat' dir='ltr'>natura</span> <span class='ocrx_word' id='word_1_181' title='bbox 1089 1258 1202 1294; x_wconf 92' lang='lat' dir='ltr'>habet</span> <span class='ocrx_word' id='word_1_182' title='bbox 1231 1257 1413 1294; x_wconf 88' lang='lat' dir='ltr'>rationem</span> <span class='ocrx_word' id='word_1_183' title='bbox 1442 1257 1542 1305; x_wconf 90' lang='lat' dir='ltr'>prin-</span> 
     </span>
     <span class='ocr_line' id='line_1_32' title="bbox 488 1309 1540 1361; baseline -0.003 -12"><span class='ocrx_word' id='word_1_184' title='bbox 488 1312 587 1361; x_wconf 88' lang='lat' dir='ltr'>cipii,</span> <span class='ocrx_word' id='word_1_185' title='bbox 619 1311 874 1360; x_wconf 87' lang='lat' dir='ltr'>compositum</span> <span class='ocrx_word' id='word_1_186' title='bbox 896 1318 1022 1347; x_wconf 91' lang='lat' dir='ltr'>autern</span> <span class='ocrx_word' id='word_1_187' title='bbox 1052 1310 1165 1346; x_wconf 89' lang='lat' dir='ltr'>habet</span> <span class='ocrx_word' id='word_1_188' title='bbox 1194 1310 1377 1346; x_wconf 88' lang='lat' dir='ltr'>rationem</span> <span class='ocrx_word' id='word_1_189' title='bbox 1406 1309 1540 1357; x_wconf 91' lang='lat' dir='ltr'>princi-</span> 
     </span>
     <span class='ocr_line' id='line_1_33' title="bbox 486 1365 1389 1416; baseline -0.001 -15"><span class='ocrx_word' id='word_1_190' title='bbox 486 1365 586 1413; x_wconf 89' lang='lat' dir='ltr'>piati.</span> <span class='ocrx_word' id='word_1_191' title='bbox 1383 1409 1389 1416; x_wconf 34' lang='lat'><strong>·</strong></span> 
     </span>
    </p>

    <p class='ocr_par' dir='ltr' id='par_1_11' title="bbox 486 1414 1543 1834">
     <span class='ocr_line' id='line_1_34' title="bbox 544 1414 1541 1462; baseline -0.005 -8"><span class='ocrx_word' id='word_1_192' title='bbox 544 1419 575 1454; x_wconf 90' lang='lat'>5.</span> <span class='ocrx_word' id='word_1_193' title='bbox 597 1417 758 1454; x_wconf 88' lang='lat' dir='ltr'>Ulterius</span> <span class='ocrx_word' id='word_1_194' title='bbox 777 1424 904 1453; x_wconf 89' lang='lat' dir='ltr'>autern</span> <span class='ocrx_word' id='word_1_195' title='bbox 921 1417 940 1437; x_wconf 66' lang='lat'>‘¹‘</span> <span class='ocrx_word' id='word_1_196' title='bbox 958 1427 1001 1452; x_wconf 88' lang='lat' dir='ltr'>ex</span> <span class='ocrx_word' id='word_1_197' title='bbox 1022 1415 1164 1451; x_wconf 90' lang='lat' dir='ltr'>ratione</span> <span class='ocrx_word' id='word_1_198' title='bbox 1183 1414 1390 1462; x_wconf 87' lang='lat' dir='ltr'>praemissa</span> <span class='ocrx_word' id='word_1_199' title='bbox 1409 1426 1541 1462; x_wconf 90' lang='lat' dir='ltr'>proce-</span> 
     </span>
     <span class='ocr_line' id='line_1_35' title="bbox 488 1466 1542 1516; baseline -0.004 -9"><span class='ocrx_word' id='word_1_200' title='bbox 488 1470 540 1507; x_wconf 88' lang='lat' dir='ltr'>dit</span> <span class='ocrx_word' id='word_1_201' title='bbox 568 1470 615 1507; x_wconf 87' lang='lat' dir='ltr'>ad</span> <span class='ocrx_word' id='word_1_202' title='bbox 636 1470 914 1507; x_wconf 88' lang='lat' dir='ltr'>ostendendum</span> <span class='ocrx_word' id='word_1_203' title='bbox 943 1468 1046 1516; x_wconf 90' lang='lat' dir='ltr'>quod</span> <span class='ocrx_word' id='word_1_204' title='bbox 1067 1468 1188 1504; x_wconf 85' lang='lat' dir='ltr'>forma</span> <span class='ocrx_word' id='word_1_205' title='bbox 1208 1466 1252 1503; x_wconf 89' lang='lat' dir='ltr'>sit</span> <span class='ocrx_word' id='word_1_206' title='bbox 1272 1466 1391 1513; x_wconf 88' lang='lat' dir='ltr'>magis</span> <span class='ocrx_word' id='word_1_207' title='bbox 1411 1474 1542 1503; x_wconf 90' lang='lat' dir='ltr'>natura</span> 
     </span>
     <span class='ocr_line' id='line_1_36' title="bbox 488 1518 1542 1571; baseline -0.005 -11"><span class='ocrx_word' id='word_1_208' title='bbox 488 1535 603 1571; x_wconf 89' lang='lat' dir='ltr'>quam</span> <span class='ocrx_word' id='word_1_209' title='bbox 633 1522 802 1567; x_wconf 88' lang='lat' dir='ltr'>materia;</span> <span class='ocrx_word' id='word_1_210' title='bbox 825 1522 911 1570; x_wconf 89' lang='lat' dir='ltr'>quia</span> <span class='ocrx_word' id='word_1_211' title='bbox 939 1520 1241 1568; x_wconf 88' lang='lat' dir='ltr'>unumquodque</span> <span class='ocrx_word' id='word_1_212' title='bbox 1271 1518 1390 1565; x_wconf 88' lang='lat' dir='ltr'>magis</span> <span class='ocrx_word' id='word_1_213' title='bbox 1411 1518 1542 1555; x_wconf 88' lang='lat' dir='ltr'>dicitur</span> 
     </span>
     <span class='ocr_line' id='line_1_37' title="bbox 488 1571 1542 1623; baseline -0.006 -11"><span class='ocrx_word' id='word_1_214' title='bbox 488 1576 697 1612; x_wconf 86' lang='lat' dir='ltr'>secundum</span> <span class='ocrx_word' id='word_1_215' title='bbox 731 1574 834 1623; x_wconf 88' lang='lat' dir='ltr'>quod</span> <span class='ocrx_word' id='word_1_216' title='bbox 863 1581 917 1610; x_wconf 82' lang='lat' dir='ltr'>est</span> <span class='ocrx_word' id='word_1_217' title='bbox 945 1573 983 1609; x_wconf 91' lang='lat' dir='ltr'>in</span> <span class='ocrx_word' id='word_1_218' title='bbox 1011 1573 1031 1593; x_wconf 76' lang='grc'><em>*</em></span> <span class='ocrx_word' id='word_1_219' title='bbox 1059 1579 1158 1619; x_wconf 86' lang='lat' dir='ltr'>actu,</span> <span class='ocrx_word' id='word_1_220' title='bbox 1188 1583 1302 1619; x_wconf 85' lang='lat' dir='ltr'>quarn</span> <span class='ocrx_word' id='word_1_221' title='bbox 1332 1571 1542 1607; x_wconf 90' lang='lat' dir='ltr'>secundum</span> 
     </span>
     <span class='ocr_line' id='line_1_38' title="bbox 487 1623 1541 1676; baseline -0.006 -11"><span class='ocrx_word' id='word_1_222' title='bbox 487 1629 591 1676; x_wconf 92' lang='lat' dir='ltr'>quod</span> <span class='ocrx_word' id='word_1_223' title='bbox 607 1635 662 1664; x_wconf 90' lang='lat' dir='ltr'>est</span> <span class='ocrx_word' id='word_1_224' title='bbox 680 1628 717 1664; x_wconf 90' lang='lat' dir='ltr'>in</span> <span class='ocrx_word' id='word_1_225' title='bbox 731 1626 908 1675; x_wconf 89' lang='lat' dir='ltr'>potentia.</span> <span class='ocrx_word' id='word_1_226' title='bbox 925 1625 1035 1662; x_wconf 86' lang='lat' dir='ltr'>Unde</span> <span class='ocrx_word' id='word_1_227' title='bbox 1050 1625 1184 1669; x_wconf 89' lang='lat' dir='ltr'>forma,</span> <span class='ocrx_word' id='word_1_228' title='bbox 1201 1623 1411 1660; x_wconf 88' lang='lat' dir='ltr'>secundum</span> <span class='ocrx_word' id='word_1_229' title='bbox 1427 1636 1541 1672; x_wconf 89' lang='lat' dir='ltr'>quam</span> 
     </span>
     <span class='ocr_line' id='line_1_39' title="bbox 487 1676 1542 1729; baseline -0.006 -12"><span class='ocrx_word' id='word_1_230' title='bbox 487 1680 625 1729; x_wconf 89' lang='lat' dir='ltr'>aliquid</span> <span class='ocrx_word' id='word_1_231' title='bbox 646 1687 699 1716; x_wconf 91' lang='lat' dir='ltr'>est</span> <span class='ocrx_word' id='word_1_232' title='bbox 715 1679 880 1716; x_wconf 86' lang='lat' dir='ltr'>naturale</span> <span class='ocrx_word' id='word_1_233' title='bbox 901 1678 938 1714; x_wconf 89' lang='lat' dir='ltr'>in</span> <span class='ocrx_word' id='word_1_234' title='bbox 958 1685 1055 1725; x_wconf 85' lang='lat' dir='ltr'>actu,</span> <span class='ocrx_word' id='word_1_235' title='bbox 1073 1685 1127 1713; x_wconf 92' lang='lat' dir='ltr'>est</span> <span class='ocrx_word' id='word_1_236' title='bbox 1147 1676 1265 1724; x_wconf 85' lang='lat' dir='ltr'>magis</span> <span class='ocrx_word' id='word_1_237' title='bbox 1281 1683 1412 1712; x_wconf 88' lang='lat' dir='ltr'>natura</span> <span class='ocrx_word' id='word_1_238' title='bbox 1427 1689 1542 1724; x_wconf 87' lang='lat' dir='ltr'>quam</span> 
     </span>
     <span class='ocr_line' id='line_1_40' title="bbox 487 1729 1543 1779; baseline -0.005 -10"><span class='ocrx_word' id='word_1_239' title='bbox 487 1733 654 1779; x_wconf 87' lang='lat' dir='ltr'>materia,</span> <span class='ocrx_word' id='word_1_240' title='bbox 682 1732 890 1769; x_wconf 88' lang='lat' dir='ltr'>secundum</span> <span class='ocrx_word' id='word_1_241' title='bbox 921 1742 1036 1779; x_wconf 90' lang='lat' dir='ltr'>quam</span> <span class='ocrx_word' id='word_1_242' title='bbox 1061 1738 1114 1766; x_wconf 89' lang='lat' dir='ltr'>est</span> <span class='ocrx_word' id='word_1_243' title='bbox 1142 1729 1282 1777; x_wconf 89' lang='lat' dir='ltr'>aliquid</span> <span class='ocrx_word' id='word_1_244' title='bbox 1310 1730 1477 1765; x_wconf 87' lang='lat' dir='ltr'>naturale</span> <span class='ocrx_word' id='word_1_245' title='bbox 1506 1729 1543 1765; x_wconf 91' lang='lat' dir='ltr'>in</span> 
     </span>
     <span class='ocr_line' id='line_1_41' title="bbox 486 1786 663 1834; baseline -0.006 -12"><span class='ocrx_word' id='word_1_246' title='bbox 486 1786 663 1834; x_wconf 86' lang='lat' dir='ltr'>potentia.</span> 
     </span>
    </p>

    <p class='ocr_par' dir='ltr' id='par_1_12' title="bbox 471 1833 1545 1936">
     <span class='ocr_line' id='line_1_42' title="bbox 541 1833 1545 1882; baseline -0.007 -7"><span class='ocrx_word' id='word_1_247' title='bbox 541 1839 575 1874; x_wconf 87' lang='grc'>6.</span> <span class='ocrx_word' id='word_1_248' title='bbox 599 1838 815 1874; x_wconf 87' lang='lat' dir='ltr'>Secundam</span> <span class='ocrx_word' id='word_1_249' title='bbox 845 1835 1029 1873; x_wconf 86' lang='lat' dir='ltr'>rationem</span> <span class='ocrx_word' id='word_1_250' title='bbox 1062 1834 1169 1882; x_wconf 92' lang='lat' dir='ltr'>ponit</span> <span class='ocrx_word' id='word_1_251' title='bbox 1202 1833 1267 1869; x_wconf 89' lang='lat' dir='ltr'>ibi:</span> <span class='ocrx_word' id='word_1_252' title='bbox 1297 1834 1467 1881; x_wconf 83' lang='lat' dir='ltr'>Amplius</span> <span class='ocrx_word' id='word_1_253' title='bbox 1493 1834 1545 1881; x_wconf 90' lang='lat' dir='ltr'>fit</span> 
     </span>
     <span class='ocr_line' id='line_1_43' title="bbox 471 1879 1544 1936; baseline -0.007 -8"><span class='ocrx_word' id='word_1_254' title='bbox 471 1879 536 1928; x_wconf 60' lang='lat' dir='ltr'>&#39;ex</span> <span class='ocrx_word' id='word_1_255' title='bbox 554 1891 703 1927; x_wconf 86' lang='lat' dir='ltr'>homine</span> <span class='ocrx_word' id='word_1_256' title='bbox 723 1898 790 1926; x_wconf 90' lang='lat' dir='ltr'>etc.</span> <span class='ocrx_word' id='word_1_257' title='bbox 808 1888 855 1925; x_wconf 88' lang='lat' dir='ltr'>Et</span> <span class='ocrx_word' id='word_1_258' title='bbox 875 1888 962 1925; x_wconf 89' lang='lat' dir='ltr'>dicit</span> <span class='ocrx_word' id='word_1_259' title='bbox 980 1888 1085 1936; x_wconf 87' lang='lat' dir='ltr'>quod</span> <span class='ocrx_word' id='word_1_260' title='bbox 1104 1887 1188 1923; x_wconf 86' lang='lat' dir='ltr'>licet</span> <span class='ocrx_word' id='word_1_261' title='bbox 1207 1898 1284 1922; x_wconf 88' lang='lat' dir='ltr'>non</span> <span class='ocrx_word' id='word_1_262' title='bbox 1305 1884 1378 1922; x_wconf 75' lang='lat' dir='ltr'>fiat&#39;</span> <span class='ocrx_word' id='word_1_263' title='bbox 1390 1886 1544 1922; x_wconf 87' lang='lat' dir='ltr'>lectulus</span> 
     </span>
    </p>
   </div>
   <div class='ocr_carea' id='block_1_9' title="bbox 250 1939 1543 1989">
    <p class='ocr_par' dir='ltr' id='par_1_13' title="bbox 250 1939 1543 1989">
     <span class='ocr_line' id='line_1_44' title="bbox 250 1939 1543 1989; baseline -0.005 -8"><span class='ocrx_word' id='word_1_264' title='bbox 250 1957 343 1978; x_wconf 78' lang='lat' dir='ltr'>‘tectus</span> <span class='ocrx_word' id='word_1_265' title='bbox 359 1961 388 1976; x_wconf 79' lang='lat' dir='ltr'>ex</span> <span class='ocrx_word' id='word_1_266' title='bbox 401 1956 460 1976; x_wconf 78' lang='lat' dir='ltr'>tecto</span> <span class='ocrx_word' id='word_1_267' title='bbox 489 1956 531 1980; x_wconf 86' lang='lat' dir='ltr'>ex</span> <span class='ocrx_word' id='word_1_268' title='bbox 552 1943 686 1980; x_wconf 88' lang='lat' dir='ltr'>lectulo</span> <span class='ocrx_word' id='word_1_269' title='bbox 707 1944 738 1989; x_wconf 69' lang='lat'>⁴⁶,</span> <span class='ocrx_word' id='word_1_270' title='bbox 759 1949 799 1978; x_wconf 92' lang='lat' dir='ltr'>ut</span> <span class='ocrx_word' id='word_1_271' title='bbox 818 1941 1012 1989; x_wconf 88' lang='lat' dir='ltr'>Antiphon</span> <span class='ocrx_word' id='word_1_272' title='bbox 1033 1939 1190 1985; x_wconf 85' lang='lat' dir='ltr'>dicebat,</span> <span class='ocrx_word' id='word_1_273' title='bbox 1211 1939 1253 1975; x_wconf 91' lang='lat' dir='ltr'>fit</span> <span class='ocrx_word' id='word_1_274' title='bbox 1272 1946 1399 1975; x_wconf 90' lang='lat' dir='ltr'>tamen</span> <span class='ocrx_word' id='word_1_275' title='bbox 1424 1939 1543 1975; x_wconf 88' lang='lat' dir='ltr'>homo</span> 
     </span>
    </p>
   </div>
   <div class='ocr_carea' id='block_1_10' title="bbox 488 1991 1545 2308">
    <p class='ocr_par' dir='ltr' id='par_1_14' title="bbox 488 1991 1545 2308">
     <span class='ocr_line' id='line_1_45' title="bbox 489 1991 1544 2040; baseline -0.006 -8"><span class='ocrx_word' id='word_1_276' title='bbox 489 2009 532 2033; x_wconf 87' lang='lat' dir='ltr'>ex</span> <span class='ocrx_word' id='word_1_277' title='bbox 551 1996 718 2032; x_wconf 89' lang='lat' dir='ltr'>homine.</span> <span class='ocrx_word' id='word_1_278' title='bbox 745 1995 855 2032; x_wconf 91' lang='lat' dir='ltr'>Unde</span> <span class='ocrx_word' id='word_1_279' title='bbox 883 2005 1018 2029; x_wconf 88' lang='lat' dir='ltr'>verum</span> <span class='ocrx_word' id='word_1_280' title='bbox 1049 1999 1103 2028; x_wconf 90' lang='lat' dir='ltr'>est</span> <span class='ocrx_word' id='word_1_281' title='bbox 1131 1992 1233 2040; x_wconf 90' lang='lat' dir='ltr'>quod</span> <span class='ocrx_word' id='word_1_282' title='bbox 1269 1992 1410 2037; x_wconf 90' lang='lat' dir='ltr'>dicunt,</span> <span class='ocrx_word' id='word_1_283' title='bbox 1441 1991 1544 2039; x_wconf 91' lang='lat' dir='ltr'>quod</span> 
     </span>
     <span class='ocr_line' id='line_1_46' title="bbox 488 2044 1543 2092; baseline -0.006 -7"><span class='ocrx_word' id='word_1_284' title='bbox 488 2050 610 2085; x_wconf 88' lang='lat' dir='ltr'>forma</span> <span class='ocrx_word' id='word_1_285' title='bbox 635 2048 717 2084; x_wconf 90' lang='lat' dir='ltr'>lecti</span> <span class='ocrx_word' id='word_1_286' title='bbox 738 2060 815 2084; x_wconf 92' lang='lat' dir='ltr'>non</span> <span class='ocrx_word' id='word_1_287' title='bbox 836 2054 890 2083; x_wconf 89' lang='lat' dir='ltr'>est</span> <span class='ocrx_word' id='word_1_288' title='bbox 909 2053 1052 2091; x_wconf 90' lang='lat' dir='ltr'>natura,</span> <span class='ocrx_word' id='word_1_289' title='bbox 1069 2045 1135 2082; x_wconf 91' lang='lat' dir='ltr'>sed</span> <span class='ocrx_word' id='word_1_290' title='bbox 1151 2044 1293 2092; x_wconf 85' lang='lat' dir='ltr'>lignum</span> <span class='ocrx_word' id='word_1_291' title='bbox 1312 2049 1341 2088; x_wconf 83' lang='lat'>‘;</span> <span class='ocrx_word' id='word_1_292' title='bbox 1362 2044 1543 2092; x_wconf 89' lang='lat' dir='ltr'>quoniam</span> 
     </span>
     <span class='ocr_line' id='line_1_47' title="bbox 489 2096 1542 2149; baseline -0.006 -11"><span class='ocrx_word' id='word_1_293' title='bbox 489 2102 518 2138; x_wconf 91' lang='lat' dir='ltr'>si</span> <span class='ocrx_word' id='word_1_294' title='bbox 538 2102 679 2149; x_wconf 88' lang='lat' dir='ltr'>lignum</span> <span class='ocrx_word' id='word_1_295' title='bbox 705 2100 898 2148; x_wconf 87' lang='lat' dir='ltr'>germinet,</span> <span class='ocrx_word' id='word_1_296' title='bbox 916 2111 992 2135; x_wconf 91' lang='lat' dir='ltr'>non</span> <span class='ocrx_word' id='word_1_297' title='bbox 1025 2098 1090 2134; x_wconf 85' lang='lat' dir='ltr'>fiet</span> <span class='ocrx_word' id='word_1_298' title='bbox 1109 2099 1226 2134; x_wconf 90' lang='lat' dir='ltr'>lectus</span> <span class='ocrx_word' id='word_1_299' title='bbox 1241 2097 1270 2143; x_wconf 57' lang='lat'>³²,</span> <span class='ocrx_word' id='word_1_300' title='bbox 1288 2096 1355 2133; x_wconf 89' lang='lat' dir='ltr'>sed</span> <span class='ocrx_word' id='word_1_301' title='bbox 1388 2097 1542 2144; x_wconf 88' lang='lat' dir='ltr'>lignum.</span> 
     </span>
     <span class='ocr_line' id='line_1_48' title="bbox 489 2149 1544 2201; baseline -0.007 -10"><span class='ocrx_word' id='word_1_302' title='bbox 489 2155 593 2191; x_wconf 89' lang='lat' dir='ltr'>Sicut</span> <span class='ocrx_word' id='word_1_303' title='bbox 621 2154 728 2201; x_wconf 88' lang='lat' dir='ltr'>igitur</span> <span class='ocrx_word' id='word_1_304' title='bbox 754 2154 848 2189; x_wconf 89' lang='lat' dir='ltr'>haec</span> <span class='ocrx_word' id='word_1_305' title='bbox 876 2153 998 2188; x_wconf 87' lang='lat' dir='ltr'>forma</span> <span class='ocrx_word' id='word_1_306' title='bbox 1026 2163 1124 2199; x_wconf 89' lang='lat' dir='ltr'>quae</span> <span class='ocrx_word' id='word_1_307' title='bbox 1145 2162 1222 2187; x_wconf 91' lang='lat' dir='ltr'>non</span> <span class='ocrx_word' id='word_1_308' title='bbox 1252 2149 1346 2186; x_wconf 91' lang='lat' dir='ltr'>redit</span> <span class='ocrx_word' id='word_1_309' title='bbox 1370 2161 1438 2198; x_wconf 92' lang='lat' dir='ltr'>per</span> <span class='ocrx_word' id='word_1_310' title='bbox 1465 2162 1544 2197; x_wconf 89' lang='lat' dir='ltr'>ger-</span> 
     </span>
     <span class='ocr_line' id='line_1_49' title="bbox 489 2202 1545 2250; baseline -0.005 -7"><span class='ocrx_word' id='word_1_311' title='bbox 489 2207 735 2244; x_wconf 89' lang='lat' dir='ltr'>minationem</span> <span class='ocrx_word' id='word_1_312' title='bbox 757 2206 788 2250; x_wconf 75' lang='grc'>*,</span> <span class='ocrx_word' id='word_1_313' title='bbox 810 2218 886 2242; x_wconf 91' lang='lat' dir='ltr'>non</span> <span class='ocrx_word' id='word_1_314' title='bbox 916 2212 970 2241; x_wconf 89' lang='lat' dir='ltr'>est</span> <span class='ocrx_word' id='word_1_315' title='bbox 999 2211 1130 2240; x_wconf 86' lang='lat' dir='ltr'>natura</span> <span class='ocrx_word' id='word_1_316' title='bbox 1150 2203 1216 2239; x_wconf 89' lang='lat' dir='ltr'>sed</span> <span class='ocrx_word' id='word_1_317' title='bbox 1245 2215 1325 2239; x_wconf 88' lang='lat' dir='ltr'>ars:</span> <span class='ocrx_word' id='word_1_318' title='bbox 1346 2202 1395 2238; x_wconf 91' lang='lat' dir='ltr'>ita</span> <span class='ocrx_word' id='word_1_319' title='bbox 1423 2202 1545 2238; x_wconf 87' lang='lat' dir='ltr'>forma</span> 
     </span>
     <span class='ocr_line' id='line_1_50' title="bbox 489 2255 1545 2308; baseline -0.006 -12"><span class='ocrx_word' id='word_1_320' title='bbox 489 2272 587 2308; x_wconf 85' lang='lat' dir='ltr'>quae</span> <span class='ocrx_word' id='word_1_321' title='bbox 626 2259 719 2296; x_wconf 91' lang='lat' dir='ltr'>redit</span> <span class='ocrx_word' id='word_1_322' title='bbox 755 2270 823 2306; x_wconf 93' lang='lat' dir='ltr'>per</span> <span class='ocrx_word' id='word_1_323' title='bbox 860 2257 1162 2305; x_wconf 82' lang='lat' dir='ltr'>generationem,</span> <span class='ocrx_word' id='word_1_324' title='bbox 1196 2263 1250 2291; x_wconf 89' lang='lat' dir='ltr'>est</span> <span class='ocrx_word' id='word_1_325' title='bbox 1287 2263 1428 2291; x_wconf 88' lang='lat' dir='ltr'>natura.</span> <span class='ocrx_word' id='word_1_326' title='bbox 1469 2255 1545 2291; x_wconf 90' lang='lat' dir='ltr'>Sed</span> 
     </span>
    </p>
   </div>
   <div class='ocr_carea' id='block_1_11' title="bbox 1119 285 2022 324">
    <p class='ocr_par' dir='ltr' id='par_1_15' title="bbox 1119 285 2022 324">
     <span class='ocr_line' id='line_1_51' title="bbox 1119 285 2022 324; baseline 0.002 -3"><span class='ocrx_word' id='word_1_327' title='bbox 1119 285 1462 323; x_wconf 90' lang='lat' dir='ltr'>PHYSICORUM</span> <span class='ocrx_word' id='word_1_328' title='bbox 1489 286 1837 324; x_wconf 90' lang='lat' dir='ltr'>ARISTOTELIS</span> <span class='ocrx_word' id='word_1_329' title='bbox 1867 287 1959 323; x_wconf 91' lang='lat' dir='ltr'><strong>LIB.</strong></span> <span class='ocrx_word' id='word_1_330' title='bbox 1991 289 2022 323; x_wconf 94' lang='grc' dir='ltr'>ΙΙ</span> 
     </span>
    </p>
   </div>
   <div class='ocr_carea' id='block_1_12' title="bbox 1596 365 2654 2145">
    <p class='ocr_par' dir='ltr' id='par_1_16' title="bbox 1599 365 2654 507">
     <span class='ocr_line' id='line_1_52' title="bbox 1599 365 2654 415; baseline 0.005 -14"><span class='ocrx_word' id='word_1_331' title='bbox 1599 365 1722 401; x_wconf 82' lang='lat' dir='ltr'>forma</span> <span class='ocrx_word' id='word_1_332' title='bbox 1758 365 1810 401; x_wconf 92' lang='lat' dir='ltr'>rei</span> <span class='ocrx_word' id='word_1_333' title='bbox 1848 365 2024 401; x_wconf 89' lang='lat' dir='ltr'>naturalis</span> <span class='ocrx_word' id='word_1_334' title='bbox 2057 365 2150 402; x_wconf 89' lang='lat' dir='ltr'>redit</span> <span class='ocrx_word' id='word_1_335' title='bbox 2182 377 2250 414; x_wconf 91' lang='lat' dir='ltr'>per</span> <span class='ocrx_word' id='word_1_336' title='bbox 2285 368 2581 415; x_wconf 83' lang='lat' dir='ltr'>generationem,</span> <span class='ocrx_word' id='word_1_337' title='bbox 2612 369 2654 406; x_wconf 91' lang='lat' dir='ltr'>fit</span> 
     </span>
     <span class='ocr_line' id='line_1_53' title="bbox 1600 417 2653 465; baseline 0.005 -11"><span class='ocrx_word' id='word_1_338' title='bbox 1600 417 1700 454; x_wconf 87' lang='lat' dir='ltr'>enirn</span> <span class='ocrx_word' id='word_1_339' title='bbox 1730 430 1774 454; x_wconf 88' lang='lat' dir='ltr'>ex</span> <span class='ocrx_word' id='word_1_340' title='bbox 1797 418 1952 454; x_wconf 91' lang='lat' dir='ltr'>homine</span> <span class='ocrx_word' id='word_1_341' title='bbox 1980 418 2117 454; x_wconf 85' lang='lat' dir='ltr'>homo:</span> <span class='ocrx_word' id='word_1_342' title='bbox 2139 429 2227 465; x_wconf 88' lang='lat' dir='ltr'>ergo</span> <span class='ocrx_word' id='word_1_343' title='bbox 2257 418 2378 456; x_wconf 88' lang='lat' dir='ltr'>forma</span> <span class='ocrx_word' id='word_1_344' title='bbox 2397 420 2450 456; x_wconf 89' lang='lat' dir='ltr'>rei</span> <span class='ocrx_word' id='word_1_345' title='bbox 2478 421 2653 459; x_wconf 87' lang='lat' dir='ltr'>naturalis</span> 
     </span>
     <span class='ocr_line' id='line_1_54' title="bbox 1600 477 1824 507; baseline 0 0"><span class='ocrx_word' id='word_1_346' title='bbox 1600 477 1654 507; x_wconf 89' lang='lat' dir='ltr'>est</span> <span class='ocrx_word' id='word_1_347' title='bbox 1681 478 1824 507; x_wconf 88' lang='lat' dir='ltr'>natura.</span> 
     </span>
    </p>

    <p class='ocr_par' dir='ltr' id='par_1_17' title="bbox 1596 522 2654 1617">
     <span class='ocr_line' id='line_1_55' title="bbox 1652 522 2651 572; baseline 0.003 -13"><span class='ocrx_word' id='word_1_348' title='bbox 1652 534 1687 570; x_wconf 91' lang='lat'>7.</span> <span class='ocrx_word' id='word_1_349' title='bbox 1709 523 1878 559; x_wconf 90' lang='lat' dir='ltr'>Tertiam</span> <span class='ocrx_word' id='word_1_350' title='bbox 1899 522 2082 559; x_wconf 83' lang='lat' dir='ltr'>rationem</span> <span class='ocrx_word' id='word_1_351' title='bbox 2106 523 2213 571; x_wconf 89' lang='lat' dir='ltr'>ponit</span> <span class='ocrx_word' id='word_1_352' title='bbox 2240 522 2312 558; x_wconf 87' lang='lat' dir='ltr'>ibi:</span> <span class='ocrx_word' id='word_1_353' title='bbox 2331 523 2501 572; x_wconf 83' lang='lat' dir='ltr'>Amplius</span> <span class='ocrx_word' id='word_1_354' title='bbox 2528 531 2651 562; x_wconf 85' lang='lat' dir='ltr'>autem</span> 
     </span>
     <span class='ocr_line' id='line_1_56' title="bbox 1598 575 2652 625; baseline 0.004 -14"><span class='ocrx_word' id='word_1_355' title='bbox 1598 581 1733 612; x_wconf 87' lang='lat' dir='ltr'>natura</span> <span class='ocrx_word' id='word_1_356' title='bbox 1763 583 1853 612; x_wconf 89' lang='lat' dir='ltr'>etc.:</span> <span class='ocrx_word' id='word_1_357' title='bbox 1884 587 1981 623; x_wconf 90' lang='lat' dir='ltr'>quae</span> <span class='ocrx_word' id='word_1_358' title='bbox 2010 575 2091 612; x_wconf 90' lang='lat' dir='ltr'>talis</span> <span class='ocrx_word' id='word_1_359' title='bbox 2115 583 2179 611; x_wconf 90' lang='lat' dir='ltr'>est.</span> <span class='ocrx_word' id='word_1_360' title='bbox 2202 575 2347 611; x_wconf 88' lang='lat' dir='ltr'>Natura</span> <span class='ocrx_word' id='word_1_361' title='bbox 2365 583 2488 623; x_wconf 90' lang='lat' dir='ltr'>potest</span> <span class='ocrx_word' id='word_1_362' title='bbox 2516 577 2652 625; x_wconf 89' lang='lat' dir='ltr'>signifi-</span> 
     </span>
     <span class='ocr_line' id='line_1_57' title="bbox 1599 627 2650 676; baseline 0.003 -12"><span class='ocrx_word' id='word_1_363' title='bbox 1599 627 1672 664; x_wconf 86' lang='lat' dir='ltr'>cari</span> <span class='ocrx_word' id='word_1_364' title='bbox 1691 635 1731 664; x_wconf 91' lang='lat' dir='ltr'>ut</span> <span class='ocrx_word' id='word_1_365' title='bbox 1745 628 1948 675; x_wconf 84' lang='lat' dir='ltr'>generatio,</span> <span class='ocrx_word' id='word_1_366' title='bbox 1964 635 2054 676; x_wconf 90' lang='lat' dir='ltr'>puta</span> <span class='ocrx_word' id='word_1_367' title='bbox 2074 627 2103 664; x_wconf 88' lang='lat' dir='ltr'>si</span> <span class='ocrx_word' id='word_1_368' title='bbox 2123 635 2255 664; x_wconf 87' lang='lat' dir='ltr'>natura</span> <span class='ocrx_word' id='word_1_369' title='bbox 2269 629 2288 648; x_wconf 88' lang='lat'><em>*</em></span> <span class='ocrx_word' id='word_1_370' title='bbox 2308 627 2451 665; x_wconf 86' lang='lat' dir='ltr'>dicatur</span> <span class='ocrx_word' id='word_1_371' title='bbox 2470 630 2650 667; x_wconf 76' lang='lat' dir='ltr'>nativitas.</span> 
     </span>
     <span class='ocr_line' id='line_1_58' title="bbox 1599 679 2651 729; baseline 0.003 -13"><span class='ocrx_word' id='word_1_372' title='bbox 1599 679 1660 716; x_wconf 88' lang='lat' dir='ltr'>Sic</span> <span class='ocrx_word' id='word_1_373' title='bbox 1679 680 1787 727; x_wconf 87' lang='lat' dir='ltr'>igitur</span> <span class='ocrx_word' id='word_1_374' title='bbox 1806 687 1937 717; x_wconf 91' lang='lat' dir='ltr'>natura</span> <span class='ocrx_word' id='word_1_375' title='bbox 1957 679 2054 717; x_wconf 90' lang='lat' dir='ltr'>dicta</span> <span class='ocrx_word' id='word_1_376' title='bbox 2074 686 2114 716; x_wconf 90' lang='lat' dir='ltr'>ut</span> <span class='ocrx_word' id='word_1_377' title='bbox 2129 681 2335 729; x_wconf 72' lang='lat' dir='ltr'>generatio,</span> <span class='ocrx_word' id='word_1_378' title='bbox 2351 680 2446 717; x_wconf 89' lang='lat' dir='ltr'>idest</span> <span class='ocrx_word' id='word_1_379' title='bbox 2469 681 2651 729; x_wconf 83' lang='lat' dir='ltr'>nativitas,</span> 
     </span>
     <span class='ocr_line' id='line_1_59' title="bbox 1599 732 2654 771; baseline 0.002 -3"><span class='ocrx_word' id='word_1_380' title='bbox 1599 740 1653 768; x_wconf 90' lang='lat' dir='ltr'>est</span> <span class='ocrx_word' id='word_1_381' title='bbox 1671 732 1733 769; x_wconf 90' lang='lat' dir='ltr'>via</span> <span class='ocrx_word' id='word_1_382' title='bbox 1747 733 1785 769; x_wconf 92' lang='lat' dir='ltr'>in</span> <span class='ocrx_word' id='word_1_383' title='bbox 1805 740 1989 769; x_wconf 89' lang='lat' dir='ltr'>naturam.</span> <span class='ocrx_word' id='word_1_384' title='bbox 2012 733 2117 769; x_wconf 89' lang='lat' dir='ltr'>Haec</span> <span class='ocrx_word' id='word_1_385' title='bbox 2137 733 2238 769; x_wconf 88' lang='lat' dir='ltr'>enim</span> <span class='ocrx_word' id='word_1_386' title='bbox 2259 740 2313 769; x_wconf 90' lang='lat' dir='ltr'>est</span> <span class='ocrx_word' id='word_1_387' title='bbox 2333 733 2541 770; x_wconf 87' lang='lat' dir='ltr'>differentia</span> <span class='ocrx_word' id='word_1_388' title='bbox 2559 733 2654 771; x_wconf 89' lang='lat' dir='ltr'>inter</span> 
     </span>
     <span class='ocr_line' id='line_1_60' title="bbox 1597 785 2653 834; baseline 0.002 -13"><span class='ocrx_word' id='word_1_389' title='bbox 1597 785 1763 822; x_wconf 86' lang='lat' dir='ltr'>actiones</span> <span class='ocrx_word' id='word_1_390' title='bbox 1783 792 1819 821; x_wconf 90' lang='lat' dir='ltr'>et</span> <span class='ocrx_word' id='word_1_391' title='bbox 1836 785 2042 834; x_wconf 89' lang='lat' dir='ltr'>passiones,</span> <span class='ocrx_word' id='word_1_392' title='bbox 2063 785 2168 834; x_wconf 89' lang='lat' dir='ltr'>quod</span> <span class='ocrx_word' id='word_1_393' title='bbox 2182 786 2202 806; x_wconf 63' lang='lat'>³⁸</span> <span class='ocrx_word' id='word_1_394' title='bbox 2221 786 2386 822; x_wconf 85' lang='lat' dir='ltr'>actiones</span> <span class='ocrx_word' id='word_1_395' title='bbox 2405 786 2653 823; x_wconf 86' lang='lat' dir='ltr'>denominan-</span> 
     </span>
     <span class='ocr_line' id='line_1_61' title="bbox 1597 837 2652 886; baseline 0.003 -13"><span class='ocrx_word' id='word_1_396' title='bbox 1597 845 1656 873; x_wconf 91' lang='lat' dir='ltr'>tur</span> <span class='ocrx_word' id='word_1_397' title='bbox 1675 849 1698 874; x_wconf 90' lang='lat' dir='ltr'>a</span> <span class='ocrx_word' id='word_1_398' title='bbox 1716 837 1917 886; x_wconf 88' lang='lat' dir='ltr'>principiis,</span> <span class='ocrx_word' id='word_1_399' title='bbox 1937 837 2131 886; x_wconf 84' lang='lat' dir='ltr'>passiones</span> <span class='ocrx_word' id='word_1_400' title='bbox 2154 850 2248 874; x_wconf 89' lang='lat' dir='ltr'>vero</span> <span class='ocrx_word' id='word_1_401' title='bbox 2268 851 2290 874; x_wconf 89' lang='lat' dir='ltr'>a</span> <span class='ocrx_word' id='word_1_402' title='bbox 2308 838 2486 875; x_wconf 89' lang='lat' dir='ltr'>terminis.</span> <span class='ocrx_word' id='word_1_403' title='bbox 2508 839 2652 876; x_wconf 88' lang='lat' dir='ltr'>Unum-</span> 
     </span>
     <span class='ocr_line' id='line_1_62' title="bbox 1598 889 2651 940; baseline 0.002 -14"><span class='ocrx_word' id='word_1_404' title='bbox 1598 889 1777 938; x_wconf 89' lang='lat' dir='ltr'>quodque</span> <span class='ocrx_word' id='word_1_405' title='bbox 1798 890 1898 926; x_wconf 75' lang='lat' dir='ltr'>enim</span> <span class='ocrx_word' id='word_1_406' title='bbox 1920 890 2184 926; x_wconf 88' lang='lat' dir='ltr'>denominatur</span> <span class='ocrx_word' id='word_1_407' title='bbox 2203 891 2250 927; x_wconf 91' lang='lat' dir='ltr'>ab</span> <span class='ocrx_word' id='word_1_408' title='bbox 2270 898 2367 936; x_wconf 89' lang='lat' dir='ltr'>actu,</span> <span class='ocrx_word' id='word_1_409' title='bbox 2394 891 2458 939; x_wconf 90' lang='lat' dir='ltr'>qui</span> <span class='ocrx_word' id='word_1_410' title='bbox 2479 899 2533 928; x_wconf 90' lang='lat' dir='ltr'>est</span> <span class='ocrx_word' id='word_1_411' title='bbox 2551 891 2651 940; x_wconf 89' lang='lat' dir='ltr'>prin-</span> 
     </span>
     <span class='ocr_line' id='line_1_63' title="bbox 1599 942 2651 991; baseline 0.003 -13"><span class='ocrx_word' id='word_1_412' title='bbox 1599 942 1738 991; x_wconf 88' lang='lat' dir='ltr'>cipium</span> <span class='ocrx_word' id='word_1_413' title='bbox 1766 942 1921 979; x_wconf 89' lang='lat' dir='ltr'>aetionis</span> <span class='ocrx_word' id='word_1_414' title='bbox 1951 950 1986 978; x_wconf 91' lang='lat' dir='ltr'>et</span> <span class='ocrx_word' id='word_1_415' title='bbox 2004 942 2186 979; x_wconf 87' lang='lat' dir='ltr'>terminus</span> <span class='ocrx_word' id='word_1_416' title='bbox 2213 942 2409 991; x_wconf 90' lang='lat' dir='ltr'>passionis.</span> <span class='ocrx_word' id='word_1_417' title='bbox 2431 943 2522 981; x_wconf 92' lang='lat' dir='ltr'>Non</span> <span class='ocrx_word' id='word_1_418' title='bbox 2551 944 2651 981; x_wconf 89' lang='lat' dir='ltr'>enirn</span> 
     </span>
     <span class='ocr_line' id='line_1_64' title="bbox 1597 994 2651 1043; baseline 0.002 -11"><span class='ocrx_word' id='word_1_419' title='bbox 1597 995 1646 1032; x_wconf 89' lang='lat' dir='ltr'>ita</span> <span class='ocrx_word' id='word_1_420' title='bbox 1672 1003 1726 1043; x_wconf 84' lang='lat' dir='ltr'>est</span> <span class='ocrx_word' id='word_1_421' title='bbox 1744 995 1782 1031; x_wconf 91' lang='lat' dir='ltr'>in</span> <span class='ocrx_word' id='word_1_422' title='bbox 1800 995 2037 1043; x_wconf 89' lang='lat' dir='ltr'>passionibus</span> <span class='ocrx_word' id='word_1_423' title='bbox 2065 994 2159 1031; x_wconf 91' lang='lat' dir='ltr'>sicut</span> <span class='ocrx_word' id='word_1_424' title='bbox 2181 995 2200 1015; x_wconf 86' lang='grc'><em>*</em></span> <span class='ocrx_word' id='word_1_425' title='bbox 2218 995 2255 1031; x_wconf 90' lang='lat' dir='ltr'>in</span> <span class='ocrx_word' id='word_1_426' title='bbox 2275 995 2503 1032; x_wconf 87' lang='lat' dir='ltr'>actionibus:</span> <span class='ocrx_word' id='word_1_427' title='bbox 2533 995 2651 1034; x_wconf 89' lang='lat' dir='ltr'>medi-</span> 
     </span>
     <span class='ocr_line' id='line_1_65' title="bbox 1599 1046 2652 1095; baseline 0.003 -12"><span class='ocrx_word' id='word_1_428' title='bbox 1599 1047 1693 1084; x_wconf 89' lang='lat' dir='ltr'>catio</span> <span class='ocrx_word' id='word_1_429' title='bbox 1724 1047 1823 1084; x_wconf 88' lang='lat' dir='ltr'>enirn</span> <span class='ocrx_word' id='word_1_430' title='bbox 1845 1059 1922 1084; x_wconf 91' lang='lat' dir='ltr'>non</span> <span class='ocrx_word' id='word_1_431' title='bbox 1951 1046 2083 1084; x_wconf 90' lang='lat' dir='ltr'>dicitur</span> <span class='ocrx_word' id='word_1_432' title='bbox 2100 1047 2163 1084; x_wconf 90' lang='lat' dir='ltr'>via</span> <span class='ocrx_word' id='word_1_433' title='bbox 2196 1047 2234 1083; x_wconf 92' lang='lat' dir='ltr'>in</span> <span class='ocrx_word' id='word_1_434' title='bbox 2259 1047 2499 1095; x_wconf 82' lang='lat' dir='ltr'>medicina&#39;m,</span> <span class='ocrx_word' id='word_1_435' title='bbox 2520 1049 2586 1086; x_wconf 88' lang='lat' dir='ltr'>sed</span> <span class='ocrx_word' id='word_1_436' title='bbox 2613 1049 2652 1086; x_wconf 92' lang='lat' dir='ltr'>in</span> 
     </span>
     <span class='ocr_line' id='line_1_66' title="bbox 1598 1099 2653 1147; baseline 0.002 -11"><span class='ocrx_word' id='word_1_437' title='bbox 1598 1100 1812 1145; x_wconf 88' lang='lat' dir='ltr'>sanitatem;</span> <span class='ocrx_word' id='word_1_438' title='bbox 1833 1112 1987 1136; x_wconf 89' lang='lat' dir='ltr'>necesse</span> <span class='ocrx_word' id='word_1_439' title='bbox 2007 1106 2062 1135; x_wconf 92' lang='lat' dir='ltr'>est</span> <span class='ocrx_word' id='word_1_440' title='bbox 2089 1099 2190 1135; x_wconf 90' lang='lat' dir='ltr'>enim</span> <span class='ocrx_word' id='word_1_441' title='bbox 2210 1100 2313 1147; x_wconf 91' lang='lat' dir='ltr'>quod</span> <span class='ocrx_word' id='word_1_442' title='bbox 2341 1100 2541 1137; x_wconf 83' lang='lat' dir='ltr'>medicatio</span> <span class='ocrx_word' id='word_1_443' title='bbox 2566 1101 2612 1138; x_wconf 89' lang='lat' dir='ltr'>sit</span> <span class='ocrx_word' id='word_1_444' title='bbox 2630 1114 2653 1138; x_wconf 92' lang='lat' dir='ltr'>a</span> 
     </span>
     <span class='ocr_line' id='line_1_67' title="bbox 1598 1151 2652 1198; baseline 0.001 -9"><span class='ocrx_word' id='word_1_445' title='bbox 1598 1152 1806 1198; x_wconf 87' lang='lat' dir='ltr'>medicina,</span> <span class='ocrx_word' id='word_1_446' title='bbox 1832 1164 1909 1188; x_wconf 91' lang='lat' dir='ltr'>non</span> <span class='ocrx_word' id='word_1_447' title='bbox 1929 1151 1948 1172; x_wconf 71' lang='lat'>²¹¹</span> <span class='ocrx_word' id='word_1_448' title='bbox 1969 1151 2006 1188; x_wconf 89' lang='lat' dir='ltr'>in</span> <span class='ocrx_word' id='word_1_449' title='bbox 2031 1151 2270 1188; x_wconf 89' lang='lat' dir='ltr'>medicinam.</span> <span class='ocrx_word' id='word_1_450' title='bbox 2293 1152 2368 1188; x_wconf 89' lang='lat' dir='ltr'>Sed</span> <span class='ocrx_word' id='word_1_451' title='bbox 2397 1158 2532 1189; x_wconf 88' lang='lat' dir='ltr'>natura</span> <span class='ocrx_word' id='word_1_452' title='bbox 2555 1153 2652 1190; x_wconf 87' lang='lat' dir='ltr'>dicta</span> 
     </span>
     <span class='ocr_line' id='line_1_68' title="bbox 1599 1203 2653 1254; baseline 0.002 -14"><span class='ocrx_word' id='word_1_453' title='bbox 1599 1211 1638 1241; x_wconf 85' lang='lat' dir='ltr'>ut</span> <span class='ocrx_word' id='word_1_454' title='bbox 1664 1206 1682 1224; x_wconf 76' lang='lat'>⁴*</span> <span class='ocrx_word' id='word_1_455' title='bbox 1710 1205 1916 1254; x_wconf 77' lang='lat' dir='ltr'>generatio,</span> <span class='ocrx_word' id='word_1_456' title='bbox 1948 1203 2043 1240; x_wconf 89' lang='lat' dir='ltr'>idest</span> <span class='ocrx_word' id='word_1_457' title='bbox 2070 1203 2254 1250; x_wconf 88' lang='lat' dir='ltr'>nativitas,</span> <span class='ocrx_word' id='word_1_458' title='bbox 2282 1215 2359 1240; x_wconf 92' lang='lat' dir='ltr'>non</span> <span class='ocrx_word' id='word_1_459' title='bbox 2387 1203 2440 1240; x_wconf 87' lang='lat' dir='ltr'>sic</span> <span class='ocrx_word' id='word_1_460' title='bbox 2472 1217 2512 1241; x_wconf 90' lang='lat' dir='ltr'>se</span> <span class='ocrx_word' id='word_1_461' title='bbox 2539 1205 2653 1251; x_wconf 88' lang='lat' dir='ltr'>habet</span> 
     </span>
     <span class='ocr_line' id='line_1_69' title="bbox 1597 1252 2653 1295; baseline 0.002 -2"><span class='ocrx_word' id='word_1_462' title='bbox 1597 1257 1646 1294; x_wconf 89' lang='lat' dir='ltr'>ad</span> <span class='ocrx_word' id='word_1_463' title='bbox 1674 1261 1847 1293; x_wconf 85' lang='lat' dir='ltr'>naturam</span> <span class='ocrx_word' id='word_1_464' title='bbox 1876 1255 1970 1292; x_wconf 89' lang='lat' dir='ltr'>sicut</span> <span class='ocrx_word' id='word_1_465' title='bbox 1997 1255 2197 1292; x_wconf 90' lang='lat' dir='ltr'>medicatio</span> <span class='ocrx_word' id='word_1_466' title='bbox 2230 1254 2279 1292; x_wconf 89' lang='lat' dir='ltr'>ad</span> <span class='ocrx_word' id='word_1_467' title='bbox 2311 1252 2555 1293; x_wconf 87' lang='lat' dir='ltr'>medicinam:</span> <span class='ocrx_word' id='word_1_468' title='bbox 2586 1257 2653 1295; x_wconf 89' lang='lat' dir='ltr'>sed</span> 
     </span>
     <span class='ocr_line' id='line_1_70' title="bbox 1597 1307 2654 1356; baseline 0.001 -10"><span class='ocrx_word' id='word_1_469' title='bbox 1597 1323 1636 1346; x_wconf 91' lang='lat' dir='ltr'>se</span> <span class='ocrx_word' id='word_1_470' title='bbox 1651 1310 1768 1346; x_wconf 87' lang='lat' dir='ltr'>habet</span> <span class='ocrx_word' id='word_1_471' title='bbox 1792 1309 1841 1345; x_wconf 89' lang='lat' dir='ltr'>ad</span> <span class='ocrx_word' id='word_1_472' title='bbox 1860 1316 2031 1344; x_wconf 89' lang='lat' dir='ltr'>naturam</span> <span class='ocrx_word' id='word_1_473' title='bbox 2051 1307 2144 1344; x_wconf 90' lang='lat' dir='ltr'>sicut</span> <span class='ocrx_word' id='word_1_474' title='bbox 2163 1307 2212 1344; x_wconf 92' lang='lat' dir='ltr'>ad</span> <span class='ocrx_word' id='word_1_475' title='bbox 2231 1308 2447 1356; x_wconf 88' lang='lat' dir='ltr'>terminum,</span> <span class='ocrx_word' id='word_1_476' title='bbox 2469 1321 2556 1346; x_wconf 89' lang='lat' dir='ltr'>cum</span> <span class='ocrx_word' id='word_1_477' title='bbox 2571 1310 2591 1330; x_wconf 65' lang='lat'>⁸*</span> <span class='ocrx_word' id='word_1_478' title='bbox 2608 1310 2654 1347; x_wconf 88' lang='lat' dir='ltr'>sit</span> 
     </span>
     <span class='ocr_line' id='line_1_71' title="bbox 1596 1359 2651 1410; baseline 0.001 -12"><span class='ocrx_word' id='word_1_479' title='bbox 1596 1361 1732 1410; x_wconf 88' lang='lat' dir='ltr'>passio.</span> <span class='ocrx_word' id='word_1_480' title='bbox 1752 1361 1793 1397; x_wconf 92' lang='lat' dir='ltr'>Id</span> <span class='ocrx_word' id='word_1_481' title='bbox 1814 1361 1914 1397; x_wconf 90' lang='lat' dir='ltr'>enim</span> <span class='ocrx_word' id='word_1_482' title='bbox 1934 1360 2038 1408; x_wconf 93' lang='lat' dir='ltr'>quod</span> <span class='ocrx_word' id='word_1_483' title='bbox 2057 1359 2231 1406; x_wconf 85' lang='lat' dir='ltr'>nascitur,</span> <span class='ocrx_word' id='word_1_484' title='bbox 2246 1371 2268 1396; x_wconf 87' lang='lat' dir='ltr'>a</span> <span class='ocrx_word' id='word_1_485' title='bbox 2287 1361 2456 1409; x_wconf 88' lang='lat' dir='ltr'>quodam</span> <span class='ocrx_word' id='word_1_486' title='bbox 2475 1361 2513 1399; x_wconf 93' lang='lat' dir='ltr'>in</span> <span class='ocrx_word' id='word_1_487' title='bbox 2532 1363 2651 1410; x_wconf 91' lang='lat' dir='ltr'>quod-</span> 
     </span>
     <span class='ocr_line' id='line_1_72' title="bbox 1598 1412 2652 1464; baseline 0.002 -14"><span class='ocrx_word' id='word_1_488' title='bbox 1598 1414 1687 1450; x_wconf 86' lang='lat' dir='ltr'>dam</span> <span class='ocrx_word' id='word_1_489' title='bbox 1724 1413 1828 1450; x_wconf 86' lang='lat' dir='ltr'>venit</span> <span class='ocrx_word' id='word_1_490' title='bbox 1862 1412 2084 1460; x_wconf 77' lang='lat' dir='ltr'>inquantum</span> <span class='ocrx_word' id='word_1_491' title='bbox 2124 1412 2304 1449; x_wconf 85' lang='lat' dir='ltr'>nascitur:</span> <span class='ocrx_word' id='word_1_492' title='bbox 2342 1413 2444 1450; x_wconf 90' lang='lat' dir='ltr'>unde</span> <span class='ocrx_word' id='word_1_493' title='bbox 2478 1413 2516 1451; x_wconf 92' lang='lat' dir='ltr'>id</span> <span class='ocrx_word' id='word_1_494' title='bbox 2549 1415 2652 1464; x_wconf 89' lang='lat' dir='ltr'>quod</span> 
     </span>
     <span class='ocr_line' id='line_1_73' title="bbox 1597 1465 2652 1513; baseline 0.002 -11"><span class='ocrx_word' id='word_1_495' title='bbox 1597 1466 1770 1511; x_wconf 88' lang='lat' dir='ltr'>nascitur,</span> <span class='ocrx_word' id='word_1_496' title='bbox 1792 1465 2058 1502; x_wconf 87' lang='lat' dir='ltr'>denominatur</span> <span class='ocrx_word' id='word_1_497' title='bbox 2076 1465 2124 1501; x_wconf 91' lang='lat' dir='ltr'>ab</span> <span class='ocrx_word' id='word_1_498' title='bbox 2146 1476 2192 1501; x_wconf 90' lang='lat' dir='ltr'>eo</span> <span class='ocrx_word' id='word_1_499' title='bbox 2211 1465 2249 1501; x_wconf 93' lang='lat' dir='ltr'>in</span> <span class='ocrx_word' id='word_1_500' title='bbox 2269 1465 2385 1513; x_wconf 87' lang='lat' dir='ltr'>quod,</span> <span class='ocrx_word' id='word_1_501' title='bbox 2403 1467 2422 1486; x_wconf 83' lang='lat'><strong><em>*</em></strong></span> <span class='ocrx_word' id='word_1_502' title='bbox 2442 1477 2519 1503; x_wconf 90' lang='lat' dir='ltr'>non</span> <span class='ocrx_word' id='word_1_503' title='bbox 2538 1466 2585 1503; x_wconf 88' lang='lat' dir='ltr'>ab</span> <span class='ocrx_word' id='word_1_504' title='bbox 2607 1479 2652 1504; x_wconf 87' lang='lat' dir='ltr'>eo</span> 
     </span>
     <span class='ocr_line' id='line_1_74' title="bbox 1599 1517 2653 1567; baseline 0.002 -13"><span class='ocrx_word' id='word_1_505' title='bbox 1599 1530 1643 1554; x_wconf 87' lang='lat' dir='ltr'>ex</span> <span class='ocrx_word' id='word_1_506' title='bbox 1672 1530 1760 1566; x_wconf 91' lang='lat' dir='ltr'>quo.</span> <span class='ocrx_word' id='word_1_507' title='bbox 1782 1518 1824 1555; x_wconf 88' lang='lat' dir='ltr'>ld</span> <span class='ocrx_word' id='word_1_508' title='bbox 1853 1525 1979 1554; x_wconf 88' lang='lat' dir='ltr'>autem</span> <span class='ocrx_word' id='word_1_509' title='bbox 2013 1517 2052 1554; x_wconf 92' lang='lat' dir='ltr'>in</span> <span class='ocrx_word' id='word_1_510' title='bbox 2085 1517 2191 1566; x_wconf 89' lang='lat' dir='ltr'>quod</span> <span class='ocrx_word' id='word_1_511' title='bbox 2226 1517 2344 1561; x_wconf 85' lang='lat' dir='ltr'>tendit</span> <span class='ocrx_word' id='word_1_512' title='bbox 2379 1517 2568 1567; x_wconf 82' lang='lat' dir='ltr'>nativitas,</span> <span class='ocrx_word' id='word_1_513' title='bbox 2599 1526 2653 1556; x_wconf 91' lang='lat' dir='ltr'>est</span> 
     </span>
     <span class='ocr_line' id='line_1_75' title="bbox 1599 1569 2280 1617; baseline -0.001 -10"><span class='ocrx_word' id='word_1_514' title='bbox 1599 1571 1737 1607; x_wconf 87' lang='lat' dir='ltr'>forma:</span> <span class='ocrx_word' id='word_1_515' title='bbox 1769 1570 1891 1607; x_wconf 88' lang='lat' dir='ltr'>forma</span> <span class='ocrx_word' id='word_1_516' title='bbox 1919 1569 2028 1617; x_wconf 85' lang='lat' dir='ltr'>igitur</span> <span class='ocrx_word' id='word_1_517' title='bbox 2056 1577 2111 1606; x_wconf 91' lang='lat' dir='ltr'>est</span> <span class='ocrx_word' id='word_1_518' title='bbox 2138 1577 2280 1607; x_wconf 88' lang='lat' dir='ltr'>natura.</span> 
     </span>
    </p>

    <p class='ocr_par' dir='ltr' id='par_1_18' title="bbox 1599 1622 2654 2145">
     <span class='ocr_line' id='line_1_76' title="bbox 1652 1622 2651 1671; baseline 0.001 -11"><span class='ocrx_word' id='word_1_519' title='bbox 1652 1625 1687 1660; x_wconf 90' lang='lat'>8.</span> <span class='ocrx_word' id='word_1_520' title='bbox 1709 1622 1856 1659; x_wconf 90' lang='lat' dir='ltr'>Deinde</span> <span class='ocrx_word' id='word_1_521' title='bbox 1885 1635 1972 1659; x_wconf 90' lang='lat' dir='ltr'>cum</span> <span class='ocrx_word' id='word_1_522' title='bbox 1993 1622 2099 1660; x_wconf 91' lang='lat' dir='ltr'>dicit:</span> <span class='ocrx_word' id='word_1_523' title='bbox 2120 1622 2194 1659; x_wconf 86' lang='lat' dir='ltr'>Sed</span> <span class='ocrx_word' id='word_1_524' title='bbox 2199 1623 2335 1671; x_wconf 87' lang='lat' dir='ltr'>forma</span> <span class='ocrx_word' id='word_1_525' title='bbox 2355 1628 2389 1660; x_wconf 84' lang='lat' dir='ltr'>et</span> <span class='ocrx_word' id='word_1_526' title='bbox 2413 1629 2549 1660; x_wconf 85' lang='lat' dir='ltr'>natura</span> <span class='ocrx_word' id='word_1_527' title='bbox 2570 1631 2651 1671; x_wconf 68' lang='lat' dir='ltr'>etc„</span> 
     </span>
     <span class='ocr_line' id='line_1_77' title="bbox 1599 1674 2654 1725; baseline 0.001 -13"><span class='ocrx_word' id='word_1_528' title='bbox 1599 1675 1761 1712; x_wconf 91' lang='lat' dir='ltr'>ostendit</span> <span class='ocrx_word' id='word_1_529' title='bbox 1789 1675 1892 1723; x_wconf 89' lang='lat' dir='ltr'>quod</span> <span class='ocrx_word' id='word_1_530' title='bbox 1926 1682 2059 1712; x_wconf 88' lang='lat' dir='ltr'>natura</span> <span class='ocrx_word' id='word_1_531' title='bbox 2087 1687 2184 1723; x_wconf 89' lang='lat' dir='ltr'>quae</span> <span class='ocrx_word' id='word_1_532' title='bbox 2213 1682 2268 1712; x_wconf 92' lang='lat' dir='ltr'>est</span> <span class='ocrx_word' id='word_1_533' title='bbox 2301 1675 2423 1712; x_wconf 88' lang='lat' dir='ltr'>forma</span> <span class='ocrx_word' id='word_1_534' title='bbox 2458 1674 2654 1725; x_wconf 91' lang='lat' dir='ltr'>dupliciter</span> 
     </span>
     <span class='ocr_line' id='line_1_78' title="bbox 1599 1727 2653 1776; baseline 0.001 -11"><span class='ocrx_word' id='word_1_535' title='bbox 1599 1728 1750 1774; x_wconf 89' lang='lat' dir='ltr'>dicitur,</span> <span class='ocrx_word' id='word_1_536' title='bbox 1771 1727 1910 1764; x_wconf 88' lang='lat' dir='ltr'>scilicet</span> <span class='ocrx_word' id='word_1_537' title='bbox 1937 1727 1984 1764; x_wconf 91' lang='lat' dir='ltr'>de</span> <span class='ocrx_word' id='word_1_538' title='bbox 2013 1728 2135 1764; x_wconf 83' lang='lat' dir='ltr'>forma</span> <span class='ocrx_word' id='word_1_539' title='bbox 2162 1727 2391 1776; x_wconf 90' lang='lat' dir='ltr'>incompleta</span> <span class='ocrx_word' id='word_1_540' title='bbox 2420 1735 2455 1765; x_wconf 86' lang='lat' dir='ltr'>et</span> <span class='ocrx_word' id='word_1_541' title='bbox 2483 1730 2503 1750; x_wconf 74' lang='grc'><em>*</em></span> <span class='ocrx_word' id='word_1_542' title='bbox 2530 1728 2653 1766; x_wconf 89' lang='lat' dir='ltr'>forma</span> 
     </span>
     <span class='ocr_line' id='line_1_79' title="bbox 1599 1779 2653 1829; baseline 0.001 -12"><span class='ocrx_word' id='word_1_543' title='bbox 1599 1781 1796 1829; x_wconf 87' lang='lat' dir='ltr'>completa.</span> <span class='ocrx_word' id='word_1_544' title='bbox 1819 1781 1867 1817; x_wconf 91' lang='lat' dir='ltr'>Et</span> <span class='ocrx_word' id='word_1_545' title='bbox 1890 1781 1963 1816; x_wconf 87' lang='lat' dir='ltr'>hoc</span> <span class='ocrx_word' id='word_1_546' title='bbox 1990 1787 2093 1828; x_wconf 89' lang='lat' dir='ltr'>patet</span> <span class='ocrx_word' id='word_1_547' title='bbox 2119 1779 2157 1816; x_wconf 93' lang='lat' dir='ltr'>in</span> <span class='ocrx_word' id='word_1_548' title='bbox 2177 1780 2417 1828; x_wconf 86' lang='lat' dir='ltr'>generatione</span> <span class='ocrx_word' id='word_1_549' title='bbox 2443 1780 2653 1818; x_wconf 87' lang='lat' dir='ltr'>secundum</span> 
     </span>
     <span class='ocr_line' id='line_1_80' title="bbox 1599 1832 2654 1882; baseline 0 -12"><span class='ocrx_word' id='word_1_550' title='bbox 1599 1833 1701 1882; x_wconf 82' lang='lat' dir='ltr'>quid,</span> <span class='ocrx_word' id='word_1_551' title='bbox 1721 1841 1762 1870; x_wconf 94' lang='lat' dir='ltr'>ut</span> <span class='ocrx_word' id='word_1_552' title='bbox 1780 1841 1870 1881; x_wconf 90' lang='lat' dir='ltr'>puta</span> <span class='ocrx_word' id='word_1_553' title='bbox 1899 1845 1986 1869; x_wconf 90' lang='lat' dir='ltr'>curn</span> <span class='ocrx_word' id='word_1_554' title='bbox 2010 1832 2149 1881; x_wconf 91' lang='lat' dir='ltr'>aliquid</span> <span class='ocrx_word' id='word_1_555' title='bbox 2168 1833 2210 1869; x_wconf 92' lang='lat' dir='ltr'>fit</span> <span class='ocrx_word' id='word_1_556' title='bbox 2233 1833 2380 1870; x_wconf 87' lang='lat' dir='ltr'>album:</span> <span class='ocrx_word' id='word_1_557' title='bbox 2400 1845 2489 1870; x_wconf 89' lang='lat' dir='ltr'>nam</span> <span class='ocrx_word' id='word_1_558' title='bbox 2518 1833 2654 1871; x_wconf 89' lang='lat' dir='ltr'>albedo</span> 
     </span>
     <span class='ocr_line' id='line_1_81' title="bbox 1599 1884 2654 1935; baseline 0.001 -13"><span class='ocrx_word' id='word_1_559' title='bbox 1599 1894 1653 1922; x_wconf 90' lang='lat' dir='ltr'>est</span> <span class='ocrx_word' id='word_1_560' title='bbox 1673 1886 1794 1922; x_wconf 87' lang='lat' dir='ltr'>forma</span> <span class='ocrx_word' id='word_1_561' title='bbox 1823 1886 2022 1933; x_wconf 82' lang='lat' dir='ltr'>completa,</span> <span class='ocrx_word' id='word_1_562' title='bbox 2043 1892 2080 1922; x_wconf 89' lang='lat' dir='ltr'>et</span> <span class='ocrx_word' id='word_1_563' title='bbox 2097 1884 2257 1934; x_wconf 87' lang='lat' dir='ltr'>privatio</span> <span class='ocrx_word' id='word_1_564' title='bbox 2277 1885 2458 1923; x_wconf 90' lang='lat' dir='ltr'>albedinis</span> <span class='ocrx_word' id='word_1_565' title='bbox 2487 1893 2542 1923; x_wconf 88' lang='lat' dir='ltr'>est</span> <span class='ocrx_word' id='word_1_566' title='bbox 2561 1897 2654 1935; x_wconf 91' lang='lat' dir='ltr'>quo-</span> 
     </span>
     <span class='ocr_line' id='line_1_82' title="bbox 1599 1938 2653 1987; baseline 0 -12"><span class='ocrx_word' id='word_1_567' title='bbox 1599 1938 1808 1975; x_wconf 90' lang='lat' dir='ltr'>dammodo</span> <span class='ocrx_word' id='word_1_568' title='bbox 1837 1938 1996 1987; x_wconf 87' lang='lat' dir='ltr'>species,</span> <span class='ocrx_word' id='word_1_569' title='bbox 2021 1938 2243 1986; x_wconf 89' lang='lat' dir='ltr'>inquantum</span> <span class='ocrx_word' id='word_1_570' title='bbox 2273 1938 2508 1986; x_wconf 87' lang='lat' dir='ltr'>coniungitur</span> <span class='ocrx_word' id='word_1_571' title='bbox 2534 1938 2653 1986; x_wconf 78' lang='lat' dir='ltr'>nigre-</span> 
     </span>
     <span class='ocr_line' id='line_1_83' title="bbox 1600 1990 2654 2039; baseline -0.001 -11"><span class='ocrx_word' id='word_1_572' title='bbox 1600 1991 1701 2037; x_wconf 92' lang='lat' dir='ltr'>dini,</span> <span class='ocrx_word' id='word_1_573' title='bbox 1731 2003 1834 2039; x_wconf 32' lang='lat' dir='ltr'>quae·</span> <span class='ocrx_word' id='word_1_574' title='bbox 1857 1998 1912 2027; x_wconf 89' lang='lat' dir='ltr'>est</span> <span class='ocrx_word' id='word_1_575' title='bbox 1945 1991 2068 2028; x_wconf 85' lang='lat' dir='ltr'>forma</span> <span class='ocrx_word' id='word_1_576' title='bbox 2094 1990 2324 2039; x_wconf 84' lang='lat' dir='ltr'>imperfecta.</span> <span class='ocrx_word' id='word_1_577' title='bbox 2352 1991 2427 2028; x_wconf 89' lang='lat' dir='ltr'>Sed</span> <span class='ocrx_word' id='word_1_578' title='bbox 2455 1998 2582 2028; x_wconf 84' lang='lat' dir='ltr'>utrum</span> <span class='ocrx_word' id='word_1_579' title='bbox 2614 1990 2654 2028; x_wconf 90' lang='lat' dir='ltr'>in</span> 
     </span>
     <span class='ocr_line' id='line_1_84' title="bbox 1599 2042 2654 2092; baseline -0.001 -12"><span class='ocrx_word' id='word_1_580' title='bbox 1599 2044 1838 2092; x_wconf 89' lang='lat' dir='ltr'>generatione</span> <span class='ocrx_word' id='word_1_581' title='bbox 1867 2042 2044 2091; x_wconf 89' lang='lat' dir='ltr'>simplici,</span> <span class='ocrx_word' id='word_1_582' title='bbox 2070 2055 2166 2091; x_wconf 90' lang='lat' dir='ltr'>quae</span> <span class='ocrx_word' id='word_1_583' title='bbox 2196 2051 2252 2080; x_wconf 90' lang='lat' dir='ltr'>est</span> <span class='ocrx_word' id='word_1_584' title='bbox 2284 2043 2588 2091; x_wconf 87' lang='lat' dir='ltr'>substantiarum,</span> <span class='ocrx_word' id='word_1_585' title='bbox 2609 2043 2654 2080; x_wconf 90' lang='lat' dir='ltr'>sit</span> 
     </span>
     <span class='ocr_line' id='line_1_85' title="bbox 1599 2095 2654 2145; baseline 0 -12"><span class='ocrx_word' id='word_1_586' title='bbox 1599 2096 1739 2145; x_wconf 89' lang='lat' dir='ltr'>aliquid</span> <span class='ocrx_word' id='word_1_587' title='bbox 1768 2096 1872 2144; x_wconf 91' lang='lat' dir='ltr'>quod</span> <span class='ocrx_word' id='word_1_588' title='bbox 1892 2096 1936 2132; x_wconf 92' lang='lat' dir='ltr'>sit</span> <span class='ocrx_word' id='word_1_589' title='bbox 1955 2095 2113 2144; x_wconf 89' lang='lat' dir='ltr'>privatio</span> <span class='ocrx_word' id='word_1_590' title='bbox 2139 2103 2174 2132; x_wconf 89' lang='lat' dir='ltr'>et</span> <span class='ocrx_word' id='word_1_591' title='bbox 2191 2095 2431 2135; x_wconf 77' lang='lat' dir='ltr'>,contrarium</span> <span class='ocrx_word' id='word_1_592' title='bbox 2459 2096 2582 2143; x_wconf 89' lang='lat' dir='ltr'>simul,</span> <span class='ocrx_word' id='word_1_593' title='bbox 2602 2095 2654 2133; x_wconf 86' lang='lat' dir='ltr'>ita</span> 
     </span>
    </p>
   </div>
   <div class='ocr_carea' id='block_1_13' title="bbox 1600 2147 2724 2198">
    <p class='ocr_par' dir='ltr' id='par_1_19' title="bbox 1600 2147 2724 2198">
     <span class='ocr_line' id='line_1_86' title="bbox 1600 2147 2724 2198; baseline -0.002 -12"><span class='ocrx_word' id='word_1_594' title='bbox 1600 2150 1703 2198; x_wconf 89' lang='lat' dir='ltr'>quod</span> <span class='ocrx_word' id='word_1_595' title='bbox 1719 2149 1862 2185; x_wconf 84' lang='lat' dir='ltr'>formae</span> <span class='ocrx_word' id='word_1_596' title='bbox 1877 2148 2137 2185; x_wconf 88' lang='lat' dir='ltr'>substantiales</span> <span class='ocrx_word' id='word_1_597' title='bbox 2156 2147 2229 2184; x_wconf 89' lang='lat' dir='ltr'>sint</span> <span class='ocrx_word' id='word_1_598' title='bbox 2248 2148 2467 2195; x_wconf 88' lang='lat' dir='ltr'>contrariae,</span> <span class='ocrx_word' id='word_1_599' title='bbox 2481 2149 2543 2185; x_wconf 91' lang='lat' dir='ltr'>vel</span> <span class='ocrx_word' id='word_1_600' title='bbox 2562 2161 2652 2195; x_wconf 91' lang='lat' dir='ltr'>non,</span> <span class='ocrx_word' id='word_1_601' title='bbox 2681 2162 2724 2184; x_wconf 71' lang='lat' dir='ltr'>sqq</span> 
     </span>
    </p>
   </div>
   <div class='ocr_carea' id='block_1_14' title="bbox 1600 2200 2655 2291">
    <p class='ocr_par' dir='ltr' id='par_1_20' title="bbox 1600 2200 2655 2291">
     <span class='ocr_line' id='line_1_87' title="bbox 1600 2200 2655 2249; baseline 0 -11"><span class='ocrx_word' id='word_1_602' title='bbox 1600 2201 1915 2238; x_wconf 85' lang='lat' dir='ltr'>considerandum</span> <span class='ocrx_word' id='word_1_603' title='bbox 1943 2208 1996 2236; x_wconf 90' lang='lat' dir='ltr'>est</span> <span class='ocrx_word' id='word_1_604' title='bbox 2013 2200 2199 2249; x_wconf 88' lang='lat' dir='ltr'>posterius</span> <span class='ocrx_word' id='word_1_605' title='bbox 2218 2201 2256 2237; x_wconf 90' lang='lat' dir='ltr'>in</span> <span class='ocrx_word' id='word_1_606' title='bbox 2275 2200 2405 2249; x_wconf 90' lang='lat' dir='ltr'>quinto</span> <span class='ocrx_word' id='word_1_607' title='bbox 2427 2201 2447 2222; x_wconf 69' lang='lat'>¹²</span> <span class='ocrx_word' id='word_1_608' title='bbox 2466 2201 2588 2248; x_wconf 89' lang='lat' dir='ltr'>huius,</span> <span class='ocrx_word' id='word_1_609' title='bbox 2618 2207 2655 2238; x_wconf 83' lang='lat' dir='ltr'>et</span> 
     </span>
     <span class='ocr_line' id='line_1_88' title="bbox 1600 2253 2168 2291; baseline -0.002 -1"><span class='ocrx_word' id='word_1_610' title='bbox 1600 2254 1636 2291; x_wconf 92' lang='lat' dir='ltr'>in</span> <span class='ocrx_word' id='word_1_611' title='bbox 1665 2254 1759 2291; x_wconf 89' lang='lat' dir='ltr'>libro</span> <span class='ocrx_word' id='word_1_612' title='bbox 1788 2254 1833 2290; x_wconf 86' lang='lat' dir='ltr'>de</span> <span class='ocrx_word' id='word_1_613' title='bbox 1864 2253 2110 2290; x_wconf 85' lang='lat' dir='ltr'>Generatione</span> <span class='ocrx_word' id='word_1_614' title='bbox 2137 2254 2168 2289; x_wconf 80' lang='lat'>*.</span> 
     </span>
    </p>
   </div>
   <div class='ocr_carea' id='block_1_15' title="bbox 1164 2351 1683 2355">
    <p class='ocr_par' dir='ltr' id='par_1_21' title="bbox 1164 2351 1683 2355">
     <span class='ocr_line' id='line_1_89' title="bbox 1164 2351 1683 2355; baseline 0 0"><span class='ocrx_word' id='word_1_615' title='bbox 1164 2351 1683 2355; x_wconf 95' lang='lat' dir='ltr'> </span> 
     </span>
    </p>
   </div>
   <div class='ocr_carea' id='block_1_16' title="bbox 487 2401 1577 2583">
    <p class='ocr_par' dir='ltr' id='par_1_22' title="bbox 487 2401 1577 2583">
     <span class='ocr_line' id='line_1_90' title="bbox 540 2401 1577 2440; baseline -0.006 -7"><span class='ocrx_word' id='word_1_616' title='bbox 540 2408 565 2440; x_wconf 86' lang='grc' dir='ltr'>δ)</span> <span class='ocrx_word' id='word_1_617' title='bbox 586 2408 687 2433; x_wconf 82' lang='lat' dir='ltr'>Sicut...</span> <span class='ocrx_word' id='word_1_618' title='bbox 699 2406 858 2440; x_wconf 57' lang='lat' dir='ltr'>forma—F</span> <span class='ocrx_word' id='word_1_619' title='bbox 878 2405 1039 2436; x_wconf 58' lang='lat' dir='ltr'>singulariter</span> <span class='ocrx_word' id='word_1_620' title='bbox 1056 2410 1084 2429; x_wconf 88' lang='lat' dir='ltr'>ut</span> <span class='ocrx_word' id='word_1_621' title='bbox 1103 2405 1182 2435; x_wconf 88' lang='lat' dir='ltr'>solet,</span> <span class='ocrx_word' id='word_1_622' title='bbox 1202 2404 1277 2429; x_wconf 80' lang='lat' dir='ltr'>Sicut</span> <span class='ocrx_word' id='word_1_623' title='bbox 1296 2404 1362 2428; x_wconf 81' lang='lat' dir='ltr'>enim</span> <span class='ocrx_word' id='word_1_624' title='bbox 1382 2411 1427 2428; x_wconf 84' lang='lat' dir='ltr'>aes</span> <span class='ocrx_word' id='word_1_625' title='bbox 1446 2406 1471 2428; x_wconf 86' lang='lat' dir='ltr'>et</span> <span class='ocrx_word' id='word_1_626' title='bbox 1490 2404 1549 2436; x_wconf 79' lang='lat' dir='ltr'>infi-</span> <span class='ocrx_word' id='word_1_627' title='bbox 1573 2401 1577 2428; x_wconf 90' lang='lat' dir='ltr'>l</span> 
     </span>
     <span class='ocr_line' id='line_1_91' title="bbox 487 2438 1546 2478; baseline -0.007 -9"><span class='ocrx_word' id='word_1_628' title='bbox 487 2447 613 2478; x_wconf 79' lang='lat' dir='ltr'>guratum</span> <span class='ocrx_word' id='word_1_629' title='bbox 634 2443 759 2476; x_wconf 84' lang='lat' dir='ltr'>differunt</span> <span class='ocrx_word' id='word_1_630' title='bbox 779 2442 890 2471; x_wconf 76' lang='lat' dir='ltr'>ratione,</span> <span class='ocrx_word' id='word_1_631' title='bbox 904 2441 1024 2473; x_wconf 83' lang='lat' dir='ltr'>quamvis</span> <span class='ocrx_word' id='word_1_632' title='bbox 1042 2440 1095 2464; x_wconf 79' lang='lat' dir='ltr'>sint</span> <span class='ocrx_word' id='word_1_633' title='bbox 1114 2447 1194 2464; x_wconf 87' lang='lat' dir='ltr'>unum</span> <span class='ocrx_word' id='word_1_634' title='bbox 1214 2439 1335 2467; x_wconf 82' lang='lat' dir='ltr'>subiecto,</span> <span class='ocrx_word' id='word_1_635' title='bbox 1358 2438 1396 2463; x_wconf 81' lang='lat' dir='ltr'>ita</span> <span class='ocrx_word' id='word_1_636' title='bbox 1414 2446 1458 2463; x_wconf 84' lang='lat' dir='ltr'>aes</span> <span class='ocrx_word' id='word_1_637' title='bbox 1477 2439 1546 2470; x_wconf 86' lang='lat' dir='ltr'>etfi-</span> 
     </span>
     <span class='ocr_line' id='line_1_92' title="bbox 487 2473 1547 2512; baseline -0.007 -8"><span class='ocrx_word' id='word_1_638' title='bbox 487 2483 628 2512; x_wconf 80' lang='lat' dir='ltr'>guratum;</span> <span class='ocrx_word' id='word_1_639' title='bbox 643 2478 685 2502; x_wconf 84' lang='lat' dir='ltr'>RZ</span> <span class='ocrx_word' id='word_1_640' title='bbox 700 2478 775 2502; x_wconf 81' lang='lat' dir='ltr'>Sicut</span> <span class='ocrx_word' id='word_1_641' title='bbox 787 2477 854 2501; x_wconf 83' lang='lat' dir='ltr'>enim</span> <span class='ocrx_word' id='word_1_642' title='bbox 869 2484 914 2501; x_wconf 72' lang='lat' dir='ltr'>aes</span> <span class='ocrx_word' id='word_1_643' title='bbox 927 2479 953 2500; x_wconf 86' lang='lat' dir='ltr'>et</span> <span class='ocrx_word' id='word_1_644' title='bbox 972 2476 1143 2508; x_wconf 81' lang='lat' dir='ltr'>infiguratum</span> <span class='ocrx_word' id='word_1_645' title='bbox 1159 2474 1286 2508; x_wconf 76' lang='lat' dir='ltr'>differunt</span> <span class='ocrx_word' id='word_1_646' title='bbox 1301 2474 1412 2503; x_wconf 82' lang='lat' dir='ltr'>ratione,</span> <span class='ocrx_word' id='word_1_647' title='bbox 1427 2473 1547 2505; x_wconf 81' lang='lat' dir='ltr'>quamvis</span> 
     </span>
     <span class='ocr_line' id='line_1_93' title="bbox 487 2509 1546 2543; baseline -0.007 -4"><span class='ocrx_word' id='word_1_648' title='bbox 487 2515 541 2540; x_wconf 85' lang='lat' dir='ltr'>sint</span> <span class='ocrx_word' id='word_1_649' title='bbox 552 2522 632 2538; x_wconf 85' lang='lat' dir='ltr'>unum</span> <span class='ocrx_word' id='word_1_650' title='bbox 644 2514 765 2541; x_wconf 75' lang='lat' dir='ltr'>subiecta,</span> <span class='ocrx_word' id='word_1_651' title='bbox 782 2513 818 2536; x_wconf 79' lang='lat' dir='ltr'>ita</span> <span class='ocrx_word' id='word_1_652' title='bbox 832 2512 879 2540; x_wconf 60' lang='lat' dir='ltr'>lita</span> <span class='ocrx_word' id='word_1_653' title='bbox 892 2511 962 2543; x_wconf 72' lang='lat' dir='ltr'>quod</span> <span class='ocrx_word' id='word_1_654' title='bbox 973 2511 1004 2542; x_wconf 84' lang='lat' dir='ltr'>R)</span> <span class='ocrx_word' id='word_1_655' title='bbox 1016 2510 1129 2535; x_wconf 73' lang='lat' dir='ltr'>materia</span> <span class='ocrx_word' id='word_1_656' title='bbox 1143 2514 1168 2535; x_wconf 86' lang='lat' dir='ltr'>et</span> <span class='ocrx_word' id='word_1_657' title='bbox 1170 2512 1273 2543; x_wconf 80' lang='lat' dir='ltr'>sor-ma.</span> <span class='ocrx_word' id='word_1_658' title='bbox 1285 2509 1334 2533; x_wconf 84' lang='lat' dir='ltr'>Pro</span> <span class='ocrx_word' id='word_1_659' title='bbox 1344 2512 1431 2534; x_wconf 83' lang='lat' dir='ltr'>tamen</span> <span class='ocrx_word' id='word_1_660' title='bbox 1442 2509 1546 2533; x_wconf 84' lang='lat' dir='ltr'>ratione</span> 
     </span>
     <span class='ocr_line' id='line_1_94' title="bbox 489 2544 1546 2583; baseline -0.007 -9"><span class='ocrx_word' id='word_1_661' title='bbox 489 2550 623 2583; x_wconf 60' lang='lat' dir='ltr'>differunt,</span> <span class='ocrx_word' id='word_1_662' title='bbox 640 2549 662 2572; x_wconf 85' lang='lat' dir='ltr'>H</span> <span class='ocrx_word' id='word_1_663' title='bbox 679 2551 704 2572; x_wconf 74' lang='lat' dir='ltr'>et</span> <span class='ocrx_word' id='word_1_664' title='bbox 719 2555 769 2572; x_wconf 83' lang='lat' dir='ltr'>non</span> <span class='ocrx_word' id='word_1_665' title='bbox 787 2548 891 2572; x_wconf 79' lang='lat' dir='ltr'>ratione</span> <span class='ocrx_word' id='word_1_666' title='bbox 906 2547 1032 2580; x_wconf 63' lang='lat' dir='ltr'>differunt</span> <span class='ocrx_word' id='word_1_667' title='bbox 1051 2549 1149 2574; x_wconf 86' lang='lat' dir='ltr'>tamen,</span> <span class='ocrx_word' id='word_1_668' title='bbox 1169 2552 1235 2578; x_wconf 83' lang='lat' dir='ltr'>quae</span> <span class='ocrx_word' id='word_1_669' title='bbox 1254 2552 1361 2569; x_wconf 86' lang='lat' dir='ltr'>sensum</span> <span class='ocrx_word' id='word_1_670' title='bbox 1376 2552 1427 2568; x_wconf 89' lang='lat' dir='ltr'>non</span> <span class='ocrx_word' id='word_1_671' title='bbox 1443 2544 1546 2568; x_wconf 73' lang='lat' dir='ltr'>habent.</span> 
     </span>
    </p>
   </div>
   <div class='ocr_carea' id='block_1_17' title="bbox 1598 2401 2656 2567">
    <p class='ocr_par' dir='ltr' id='par_1_23' title="bbox 1598 2401 2656 2567">
     <span class='ocr_line' id='line_1_95' title="bbox 1654 2401 2653 2436; baseline 0 -9"><span class='ocrx_word' id='word_1_672' title='bbox 1654 2402 1676 2436; x_wconf 88' lang='grc' dir='ltr'>ε)</span> <span class='ocrx_word' id='word_1_673' title='bbox 1698 2409 1748 2427; x_wconf 85' lang='lat' dir='ltr'>non</span> <span class='ocrx_word' id='word_1_674' title='bbox 1768 2405 1807 2427; x_wconf 78' lang='lat' dir='ltr'>est</span> <span class='ocrx_word' id='word_1_675' title='bbox 1825 2405 1930 2430; x_wconf 81' lang='lat' dir='ltr'>natura,</span> <span class='ocrx_word' id='word_1_676' title='bbox 1944 2402 1990 2426; x_wconf 83' lang='lat' dir='ltr'>sed</span> <span class='ocrx_word' id='word_1_677' title='bbox 2002 2402 2200 2434; x_wconf 65' lang='lat' dir='ltr'>lignum-non</span> <span class='ocrx_word' id='word_1_678' title='bbox 2219 2405 2259 2426; x_wconf 76' lang='lat' dir='ltr'>est</span> <span class='ocrx_word' id='word_1_679' title='bbox 2275 2402 2388 2433; x_wconf 61' lang='lat' dir='ltr'>essentia</span> <span class='ocrx_word' id='word_1_680' title='bbox 2406 2401 2474 2431; x_wconf 73' lang='lat' dir='ltr'>lecti,</span> <span class='ocrx_word' id='word_1_681' title='bbox 2488 2402 2535 2427; x_wconf 77' lang='lat' dir='ltr'>sed</span> <span class='ocrx_word' id='word_1_682' title='bbox 2552 2402 2653 2435; x_wconf 70' lang='lat' dir='ltr'>lignum</span> 
     </span>
     <span class='ocr_line' id='line_1_96' title="bbox 1601 2436 2654 2470; baseline 0 -8"><span class='ocrx_word' id='word_1_683' title='bbox 1601 2439 1653 2466; x_wconf 88' lang='lat' dir='ltr'>LS;</span> <span class='ocrx_word' id='word_1_684' title='bbox 1673 2437 1755 2470; x_wconf 75' lang='lat' dir='ltr'>pergit</span> <span class='ocrx_word' id='word_1_685' title='bbox 1769 2438 1799 2467; x_wconf 88' lang='lat' dir='ltr'>L,</span> <span class='ocrx_word' id='word_1_686' title='bbox 1812 2437 1935 2469; x_wconf 83' lang='lat' dir='ltr'>quoniam</span> <span class='ocrx_word' id='word_1_687' title='bbox 1948 2443 1985 2461; x_wconf 85' lang='lat' dir='ltr'>ex</span> <span class='ocrx_word' id='word_1_688' title='bbox 2003 2437 2068 2461; x_wconf 77' lang='lat' dir='ltr'>lecto</span> <span class='ocrx_word' id='word_1_689' title='bbox 2083 2444 2134 2461; x_wconf 86' lang='lat' dir='ltr'>non</span> <span class='ocrx_word' id='word_1_690' title='bbox 2152 2439 2298 2469; x_wconf 82' lang='lat' dir='ltr'>generatur</span> <span class='ocrx_word' id='word_1_691' title='bbox 2309 2437 2390 2461; x_wconf 77' lang='lat' dir='ltr'>lectus</span> <span class='ocrx_word' id='word_1_692' title='bbox 2407 2436 2454 2461; x_wconf 80' lang='lat' dir='ltr'>sed</span> <span class='ocrx_word' id='word_1_693' title='bbox 2465 2437 2575 2470; x_wconf 78' lang='lat' dir='ltr'>lignum,</span> <span class='ocrx_word' id='word_1_694' title='bbox 2589 2444 2654 2469; x_wconf 82' lang='lat' dir='ltr'>quo-</span> 
     </span>
     <span class='ocr_line' id='line_1_97' title="bbox 1600 2471 2652 2505; baseline -0.001 -8"><span class='ocrx_word' id='word_1_695' title='bbox 1600 2473 1671 2497; x_wconf 80' lang='lat' dir='ltr'>niam</span> <span class='ocrx_word' id='word_1_696' title='bbox 1690 2473 1713 2496; x_wconf 84' lang='lat' dir='ltr'>si</span> <span class='ocrx_word' id='word_1_697' title='bbox 1731 2472 1831 2505; x_wconf 65' lang='lat' dir='ltr'>Isgnum</span> <span class='ocrx_word' id='word_1_698' title='bbox 1851 2476 1906 2501; x_wconf 83' lang='lat' dir='ltr'>etc.;</span> <span class='ocrx_word' id='word_1_699' title='bbox 1920 2472 2009 2496; x_wconf 83' lang='lat' dir='ltr'>eadem</span> <span class='ocrx_word' id='word_1_700' title='bbox 2029 2471 2105 2496; x_wconf 80' lang='lat' dir='ltr'>habet</span> <span class='ocrx_word' id='word_1_701' title='bbox 2123 2472 2148 2501; x_wconf 88' lang='lat' dir='ltr'>S,</span> <span class='ocrx_word' id='word_1_702' title='bbox 2165 2472 2210 2496; x_wconf 84' lang='lat' dir='ltr'>sed</span> <span class='ocrx_word' id='word_1_703' title='bbox 2229 2471 2322 2496; x_wconf 80' lang='lat' dir='ltr'>omittit</span> <span class='ocrx_word' id='word_1_704' title='bbox 2339 2471 2463 2503; x_wconf 82' lang='lat' dir='ltr'>quoniam</span> <span class='ocrx_word' id='word_1_705' title='bbox 2481 2471 2505 2496; x_wconf 78' lang='lat' dir='ltr'>si</span> <span class='ocrx_word' id='word_1_706' title='bbox 2523 2471 2652 2505; x_wconf 78' lang='lat' dir='ltr'>lignum...</span> 
     </span>
     <span class='ocr_line' id='line_1_98' title="bbox 1598 2506 2656 2542; baseline 0 -10"><span class='ocrx_word' id='word_1_707' title='bbox 1598 2508 1645 2532; x_wconf 78' lang='lat' dir='ltr'>sed</span> <span class='ocrx_word' id='word_1_708' title='bbox 1663 2507 1779 2540; x_wconf 78' lang='lat' dir='ltr'>lignum.-</span> <span class='ocrx_word' id='word_1_709' title='bbox 1798 2508 1818 2531; x_wconf 94' lang='lat' dir='ltr'>L</span> <span class='ocrx_word' id='word_1_710' title='bbox 1839 2514 1900 2538; x_wconf 86' lang='lat' dir='ltr'>ergo</span> <span class='ocrx_word' id='word_1_711' title='bbox 1919 2506 2050 2538; x_wconf 85' lang='lat' dir='ltr'>componit</span> <span class='ocrx_word' id='word_1_712' title='bbox 2071 2506 2205 2531; x_wconf 83' lang='lat' dir='ltr'>lectionem</span> <span class='ocrx_word' id='word_1_713' title='bbox 2225 2506 2318 2531; x_wconf 79' lang='lat' dir='ltr'>codicis</span> <span class='ocrx_word' id='word_1_714' title='bbox 2337 2507 2355 2531; x_wconf 88' lang='lat' dir='ltr'>S</span> <span class='ocrx_word' id='word_1_715' title='bbox 2377 2512 2403 2532; x_wconf 80' lang='lat' dir='ltr'>et</span> <span class='ocrx_word' id='word_1_716' title='bbox 2420 2506 2556 2531; x_wconf 79' lang='lat' dir='ltr'>lectionem</span> <span class='ocrx_word' id='word_1_717' title='bbox 2575 2512 2656 2542; x_wconf 33' lang='lat' dir='ltr'>ceter.-</span> 
     </span>
     <span class='ocr_line' id='line_1_99' title="bbox 1599 2543 2427 2567; baseline -0.002 0"><span class='ocrx_word' id='word_1_718' title='bbox 1599 2543 1725 2567; x_wconf 80' lang='lat' dir='ltr'>codicum.</span> <span class='ocrx_word' id='word_1_719' title='bbox 2423 2547 2427 2553; x_wconf 85' lang='lat'><strong>¹</strong></span> 
     </span>
    </p>
   </div>
   <div class='ocr_carea' id='block_1_18' title="bbox 2680 644 2889 693">
    <p class='ocr_par' dir='ltr' id='par_1_24' title="bbox 2680 644 2889 693">
     <span class='ocr_line' id='line_1_100' title="bbox 2680 644 2889 672; baseline 0 -6"><span class='ocrx_word' id='word_1_720' title='bbox 2680 644 2689 653; x_wconf 79' lang='lat'><em>&#39;</em></span> <span class='ocrx_word' id='word_1_721' title='bbox 2710 645 2835 672; x_wconf 73' lang='lat' dir='ltr'>generatio</span> <span class='ocrx_word' id='word_1_722' title='bbox 2860 652 2889 672; x_wconf 74' lang='lat' dir='ltr'>q,</span> 
     </span>
     <span class='ocr_line' id='line_1_101' title="bbox 2680 675 2888 693; baseline 0.01 -2"><span class='ocrx_word' id='word_1_723' title='bbox 2680 677 2727 692; x_wconf 87' lang='lat' dir='ltr'>om.</span> <span class='ocrx_word' id='word_1_724' title='bbox 2743 675 2785 693; x_wconf 87' lang='lat' dir='ltr'>cet.</span> <span class='ocrx_word' id='word_1_725' title='bbox 2797 677 2845 693; x_wconf 85' lang='lat' dir='ltr'>exc.</span> <span class='ocrx_word' id='word_1_726' title='bbox 2860 678 2888 693; x_wconf 73' lang='lat' dir='ltr'>m</span> 
     </span>
    </p>
   </div>
   <div class='ocr_carea' id='block_1_19' title="bbox 2680 795 2890 823">
    <p class='ocr_par' dir='ltr' id='par_1_25' title="bbox 2680 795 2890 823">
     <span class='ocr_line' id='line_1_102' title="bbox 2680 795 2890 823; baseline 0.014 -8"><span class='ocrx_word' id='word_1_727' title='bbox 2680 795 2689 804; x_wconf 86' lang='grc'><em>·</em></span> <span class='ocrx_word' id='word_1_728' title='bbox 2704 795 2759 823; x_wconf 79' lang='lat' dir='ltr'>quia</span> <span class='ocrx_word' id='word_1_729' title='bbox 2769 801 2890 818; x_wconf 70' lang='grc' dir='ltr'>υεῡιιιεη.</span> 
     </span>
    </p>
   </div>
   <div class='ocr_carea' id='block_1_20' title="bbox 2680 1008 2893 1060">
    <p class='ocr_par' dir='ltr' id='par_1_26' title="bbox 2680 1008 2893 1060">
     <span class='ocr_line' id='line_1_103' title="bbox 2680 1008 2893 1031; baseline 0.009 -2"><span class='ocrx_word' id='word_1_730' title='bbox 2680 1009 2688 1017; x_wconf 91' lang='grc'><em>·</em></span> <span class='ocrx_word' id='word_1_731' title='bbox 2704 1011 2740 1030; x_wconf 76' lang='lat' dir='ltr'>est</span> <span class='ocrx_word' id='word_1_732' title='bbox 2753 1008 2805 1030; x_wconf 82' lang='lat' dir='ltr'>add.</span> <span class='ocrx_word' id='word_1_733' title='bbox 2819 1013 2893 1031; x_wconf 70' lang='lat' dir='ltr'>Am</span> 
     </span>
     <span class='ocr_line' id='line_1_104' title="bbox 2680 1040 2806 1060; baseline 0 -4"><span class='ocrx_word' id='word_1_734' title='bbox 2680 1040 2806 1060; x_wconf 65' lang='lat' dir='ltr'>oqnsrvxz.</span> 
     </span>
    </p>
   </div>
   <div class='ocr_carea' id='block_1_21' title="bbox 2679 1165 2890 1265">
    <p class='ocr_par' dir='ltr' id='par_1_27' title="bbox 2679 1165 2890 1245">
     <span class='ocr_line' id='line_1_105' title="bbox 2680 1165 2890 1187; baseline 0.005 -1"><span class='ocrx_word' id='word_1_735' title='bbox 2680 1165 2688 1174; x_wconf 81' lang='lat'>⁸</span> <span class='ocrx_word' id='word_1_736' title='bbox 2703 1165 2746 1186; x_wconf 75' lang='lat' dir='ltr'>sed</span> <span class='ocrx_word' id='word_1_737' title='bbox 2763 1171 2809 1187; x_wconf 82' lang='lat' dir='ltr'>non</span> <span class='ocrx_word' id='word_1_738' title='bbox 2827 1171 2863 1187; x_wconf 73' lang='lat' dir='ltr'>to.</span> <span class='ocrx_word' id='word_1_739' title='bbox 2879 1177 2890 1182; x_wconf 88' lang='lat'>-</span> 
     </span>
     <span class='ocr_line' id='line_1_106' title="bbox 2680 1191 2890 1214; baseline 0.01 -2"><span class='ocrx_word' id='word_1_740' title='bbox 2680 1197 2726 1212; x_wconf 83' lang='lat' dir='ltr'>non</span> <span class='ocrx_word' id='word_1_741' title='bbox 2736 1192 2760 1212; x_wconf 79' lang='lat' dir='ltr'>in</span> <span class='ocrx_word' id='word_1_742' title='bbox 2773 1191 2832 1212; x_wconf 82' lang='lat' dir='ltr'>med.</span> <span class='ocrx_word' id='word_1_743' title='bbox 2843 1197 2890 1214; x_wconf 88' lang='lat' dir='ltr'>om.</span> 
     </span>
     <span class='ocr_line' id='line_1_107' title="bbox 2679 1222 2850 1245; baseline 0.006 -7"><span class='ocrx_word' id='word_1_744' title='bbox 2679 1222 2850 1245; x_wconf 70' lang='lat' dir='ltr'>Acmoqmpx.</span> 
     </span>
    </p>

    <p class='ocr_par' dir='ltr' id='par_1_28' title="bbox 2681 1243 2796 1265">
     <span class='ocr_line' id='line_1_108' title="bbox 2681 1243 2796 1265; baseline 0 -1"><span class='ocrx_word' id='word_1_745' title='bbox 2681 1244 2689 1252; x_wconf 87' lang='grc'><strong>”</strong></span> <span class='ocrx_word' id='word_1_746' title='bbox 2704 1243 2764 1264; x_wconf 76' lang='lat' dir='ltr'>sicut</span> <span class='ocrx_word' id='word_1_747' title='bbox 2775 1250 2796 1265; x_wconf 68' lang='grc' dir='ltr'>ι».</span> 
     </span>
    </p>
   </div>
   <div class='ocr_carea' id='block_1_22' title="bbox 2735 1321 2892 1348">
    <p class='ocr_par' dir='ltr' id='par_1_29' title="bbox 2735 1321 2892 1348">
     <span class='ocr_line' id='line_1_109' title="bbox 2735 1321 2892 1348; baseline 0.013 -6"><span class='ocrx_word' id='word_1_748' title='bbox 2735 1321 2775 1342; x_wconf 70' lang='lat' dir='ltr'>asi</span> <span class='ocrx_word' id='word_1_749' title='bbox 2787 1327 2892 1348; x_wconf 69' lang='grc' dir='ltr'>Λειιοατ</span> 
     </span>
    </p>
   </div>
   <div class='ocr_carea' id='block_1_23' title="bbox 2680 1477 2873 1500">
    <p class='ocr_par' dir='ltr' id='par_1_30' title="bbox 2680 1477 2873 1500">
     <span class='ocr_line' id='line_1_110' title="bbox 2680 1477 2873 1500; baseline 0.01 -2"><span class='ocrx_word' id='word_1_750' title='bbox 2680 1477 2688 1486; x_wconf 85' lang='grc'><em>·</em></span> <span class='ocrx_word' id='word_1_751' title='bbox 2704 1479 2727 1499; x_wconf 84' lang='lat' dir='ltr'>et</span> <span class='ocrx_word' id='word_1_752' title='bbox 2739 1477 2792 1499; x_wconf 74' lang='lat' dir='ltr'>add.</span> <span class='ocrx_word' id='word_1_753' title='bbox 2806 1483 2873 1500; x_wconf 66' lang='lat' dir='ltr'>muz.</span> 
     </span>
    </p>
   </div>
   <div class='ocr_carea' id='block_1_24' title="bbox 2681 1739 2892 1762">
    <p class='ocr_par' dir='ltr' id='par_1_31' title="bbox 2681 1739 2892 1762">
     <span class='ocr_line' id='line_1_111' title="bbox 2681 1739 2892 1762; baseline 0.014 -3"><span class='ocrx_word' id='word_1_754' title='bbox 2681 1739 2690 1748; x_wconf 83' lang='lat'><strong>·</strong></span> <span class='ocrx_word' id='word_1_755' title='bbox 2705 1739 2735 1760; x_wconf 81' lang='lat' dir='ltr'>de</span> <span class='ocrx_word' id='word_1_756' title='bbox 2747 1739 2799 1762; x_wconf 73' lang='lat' dir='ltr'>add.</span> <span class='ocrx_word' id='word_1_757' title='bbox 2810 1745 2892 1762; x_wconf 67' lang='lat' dir='ltr'>omn.</span> 
     </span>
    </p>
   </div>
   <div class='ocr_carea' id='block_1_25' title="bbox 2656 2077 2939 2263">
    <p class='ocr_par' dir='ltr' id='par_1_32' title="bbox 2656 2077 2939 2263">
     <span class='ocr_line' id='line_1_112' title="bbox 2681 2077 2893 2100; baseline 0.005 -1"><span class='ocrx_word' id='word_1_758' title='bbox 2681 2078 2690 2087; x_wconf 86' lang='grc'><em>·</em></span> <span class='ocrx_word' id='word_1_759' title='bbox 2705 2077 2767 2100; x_wconf 79' lang='lat' dir='ltr'>Lect.</span> <span class='ocrx_word' id='word_1_760' title='bbox 2788 2084 2822 2100; x_wconf 83' lang='grc' dir='ltr'><em>ιιι.</em></span> <span class='ocrx_word' id='word_1_761' title='bbox 2838 2090 2848 2095; x_wconf 94' lang='grc'>-</span> <span class='ocrx_word' id='word_1_762' title='bbox 2877 2079 2893 2094; x_wconf 94' lang='grc'>’-</span> 
     </span>
     <span class='ocr_line' id='line_1_113' title="bbox 2681 2104 2881 2127; baseline 0.01 -2"><span class='ocrx_word' id='word_1_763' title='bbox 2681 2104 2723 2126; x_wconf 83' lang='lat' dir='ltr'>bro</span> <span class='ocrx_word' id='word_1_764' title='bbox 2737 2104 2789 2126; x_wconf 69' lang='lat' dir='ltr'>add.</span> <span class='ocrx_word' id='word_1_765' title='bbox 2803 2111 2881 2127; x_wconf 65' lang='lat' dir='ltr'>urens.</span> 
     </span>
     <span class='ocr_line' id='line_1_114' title="bbox 2671 2130 2892 2158; baseline 0 -6"><span class='ocrx_word' id='word_1_766' title='bbox 2671 2131 2690 2157; x_wconf 79' lang='grc'>,“</span> <span class='ocrx_word' id='word_1_767' title='bbox 2698 2130 2749 2152; x_wconf 84' lang='lat' dir='ltr'>Lib.</span> <span class='ocrx_word' id='word_1_768' title='bbox 2759 2131 2777 2157; x_wconf 89' lang='lat'>1,</span> <span class='ocrx_word' id='word_1_769' title='bbox 2787 2136 2844 2158; x_wconf 58' lang='lat' dir='ltr'>can,</span> <span class='ocrx_word' id='word_1_770' title='bbox 2853 2131 2892 2153; x_wconf 84' lang='lat' dir='ltr'>n.8</span> 
     </span>
     <span class='ocr_line' id='line_1_115' title="bbox 2681 2156 2939 2214; baseline 0.008 -11"><span class='ocrx_word' id='word_1_771' title='bbox 2681 2172 2732 2204; x_wconf 74' lang='lat' dir='ltr'>iectI</span> <span class='ocrx_word' id='word_1_772' title='bbox 2741 2156 2890 2214; x_wconf 25' lang='lat' dir='ltr'>’iffi-132}</span> <span class='ocrx_word' id='word_1_773' title='bbox 2928 2181 2939 2183; x_wconf 47' lang='lat'><em>⁴</em></span> 
     </span>
     <span class='ocr_line' id='line_1_116' title="bbox 2681 2208 2890 2235; baseline 0.005 -5"><span class='ocrx_word' id='word_1_774' title='bbox 2681 2214 2701 2230; x_wconf 86' lang='lat' dir='ltr'>c.</span> <span class='ocrx_word' id='word_1_775' title='bbox 2712 2215 2746 2235; x_wconf 77' lang='grc' dir='ltr'>ινς</span> <span class='ocrx_word' id='word_1_776' title='bbox 2761 2208 2890 2231; x_wconf 55' lang='lat' dir='ltr'>&amp;Th-leet.</span> 
     </span>
     <span class='ocr_line' id='line_1_117' title="bbox 2656 2234 2894 2263; baseline 0 -7"><span class='ocrx_word' id='word_1_777' title='bbox 2656 2245 2658 2253; x_wconf 65' lang='grc' dir='ltr'>ι</span> <span class='ocrx_word' id='word_1_778' title='bbox 2682 2234 2894 2263; x_wconf 72' lang='lat' dir='ltr'>iv.—etCon·uptio-</span> 
     </span>
    </p>
   </div>
   <div class='ocr_carea' id='block_1_26' title="bbox 2680 2260 2865 2283">
    <p class='ocr_par' dir='ltr' id='par_1_33' title="bbox 2680 2260 2865 2283">
     <span class='ocr_line' id='line_1_118' title="bbox 2680 2260 2865 2283; baseline 0 0"><span class='ocrx_word' id='word_1_779' title='bbox 2680 2267 2710 2283; x_wconf 80' lang='lat' dir='ltr'>ne</span> <span class='ocrx_word' id='word_1_780' title='bbox 2723 2260 2775 2283; x_wconf 80' lang='lat' dir='ltr'>add.</span> <span class='ocrx_word' id='word_1_781' title='bbox 2790 2266 2865 2283; x_wconf 69' lang='lat' dir='ltr'>mu.</span> 
     </span>
    </p>
   </div>
  </div>
 </body>
</html>
