2898 3996
1126 282 1236 318 CAP.
1266 281 1355 327 XII,
1385 280 1535 317 LECT.
1565 282 1637 317 XX

2380 293 2451 317 211

995 485 1293 541 LECTIO
1333 485 1736 540 VIGESIMA

355 638 575 677 QUOMODO
598 637 747 669 MOTUS
769 637 828 667 ET
851 636 951 667 ALIA
975 636 1018 666 IN
1040 635 1245 666 TEMPORE
1270 635 1365 666 SINT
1383 653 1401 658 -
1418 636 1535 673 QUAE
1559 636 1654 666 SINT
1678 637 1735 667 ET
1759 637 1876 674 QUAE
1899 637 1990 668 NON
2014 637 2108 668 SINT
2133 637 2174 667 IN
2198 637 2401 668 TEMPORE

290 767 386 798 Ἐπεὶ
411 760 439 796 δ’
461 765 552 797 ἐστὶν
579 766 594 797 ό
644 763 736 820 ρόνος
760 762 882 807 μέτρον
907 761 1065 800 κινήσεως
1089 765 1145 794 καὶ
1172 764 1233 795 τοῦ
1257 767 1354 794 κινεῖ-

361 808 460 849 σθαι,
486 776 642 853 pez-pst}
683 807 780 844 οὗτος
811 807 874 843 τήν
907 809 1033 843 κίνησιν
1059 808 1106 847 τῷ
1140 807 1246 850 ὁρίσαι
1276 808 1355 839 τινα

360 852 508 893 κίνησιν,
534 853 555 888 ἦ
580 851 837 895 καταμετρήσει
869 850 933 886 τήν
965 849 1065 890 ὅλην,
1092 849 1202 893 ὥσπερ
1231 853 1287 882 καὶ
1314 852 1354 883 τό

361 897 465 940 μῆκος
485 897 501 928 ό
518 897 628 941 πῆχυς
654 897 701 936 τῷ
726 893 862 938 ὡρίσθαι
881 905 914 925 τι
937 893 1075 939 μέγεθος
1094 895 1109 925 ὃ
1130 895 1354 938 ἀναμετρήσει

361 939 403 973 τό
429 938 520 978 ὅλον,
544 943 601 971 καὶ
627 939 701 972 ἔστι
726 939 772 981 τῇ
797 936 925 973 κινήσει
951 940 991 970 τὸ
1018 939 1050 969 ἐν
1076 938 1181 983 χρόνῳ
1207 936 1290 970 εἶναι
1313 939 1353 977 τὸ

362 982 556 1028 μετρεῖσθαι
581 985 628 1025 τῷ
653 982 759 1029 χρόνῳ
783 983 841 1013 καὶ
860 981 970 1018 αὐτή-ν
993 984 1050 1013 καὶ
1070 982 1110 1014 τό
1128 979 1212 1014 εἶναι
1230 982 1352 1020 αὐτῆς·

363 1027 435 1072 ἅμα
458 1027 523 1074 γάρ
549 1028 612 1064 τήν
643 1030 770 1063 κίνησιν
801 1026 859 1057 καὶ
885 1026 925 1058 τό
952 1023 1036 1057 εἶναι
1071 1027 1115 1068 τῇ
1148 1025 1275 1062 κινήσει
1300 1038 1356 1070 με-

362 1074 453 1114 τρεῖ,
485 1073 542 1102 καὶ
569 1071 665 1105 τοῦτ’
695 1070 784 1102 ἔστιν
811 1069 903 1111 αὐτῇ
931 1069 970 1102 τό
995 1070 1028 1101 ἐν
1053 1069 1157 1114 χρόνῳ
1184 1067 1286 1111 εἶναι,
1314 1071 1354 1102 τὸ

363 1127 428 1160 μετ
449 1115 556 1148 εῖσθαι
582 1116 690 1152 αὐτῆς
717 1115 758 1146 τὸ
782 1110 880 1145 εἶναι.

297 1158 404 1196 Δῆλον
449 1161 457 1172 ’
488 1159 541 1192 ὅτι
570 1162 627 1192 καὶ
654 1162 724 1196 τοῖς
752 1158 863 1194 ἄλλοις
895 1158 991 1190 ‘roffi-c·
1022 1157 1095 1188 ἔστι
1119 1157 1160 1188 τό
1187 1157 1219 1188 ἐν
1251 1156 1354 1201 χρόνῳ

362 1201 468 1245 εἶναι,
495 1203 535 1236 τὸ
561 1201 755 1248 μετρεῖσθαι
781 1202 894 1234 αὐτῶν
921 1200 962 1233 τό
987 1198 1071 1233 εἶναι
1098 1201 1163 1233 ὑπό
1188 1202 1249 1232 τοῦ
1279 1201 1355 1244 χρό-

363 1260 432 1281 νου.
467 1249 512 1280 Τό
563 1248 600 1291 οὶρ
627 1248 660 1280 ἐν
709 1247 789 1290 ρόνῳ
814 1242 899 1278 εἶναι
924 1241 1014 1277 δυοῖν
1041 1246 1112 1278 ἐστὶ
1137 1244 1294 1290 θάτερον,
1323 1245 1355 1276 ἓν

363 1293 422 1338 μὲν
455 1293 496 1325 τὸ
529 1303 614 1325 ειναι
646 1303 728 1324 τοτε
762 1289 819 1322 ὅτε
851 1288 1007 1335 ὀχρόνος
1038 1290 1147 1330 ἐστίν,
1182 1289 1213 1320 ἓν
1246 1284 1283 1320 δὲ
1317 1289 1356 1321 τὸ

363 1335 472 1381 ὥσπερ
498 1335 570 1369 ’ένια
599 1335 638 1367 λέ
665 1346 741 1380 ομεν
767 1333 821 1366 ότι
848 1335 880 1367 ἐν
907 1333 1031 1377 ἀριθμῷ
1064 1334 1148 1365 ἐστί.
1185 1334 1294 1365 Τοῦτο
1319 1331 1357 1364 δὲ

363 1383 518 1424 σημαίνει
535 1381 614 1418 ἤτοι
631 1392 672 1418 ως
693 1378 788 1424 μέρος
817 1377 955 1422 ἀριθμοῦ
979 1379 1036 1409 καὶ
1059 1376 1179 1416 πάθος,
1198 1379 1254 1408 καὶ
1274 1376 1355 1414 ὅλως

365 1423 418 1458 ὅτι
453 1425 515 1457 τοῦ
547 1422 685 1469 ἀριθμοῦ
718 1434 771 1464 τι,
804 1421 826 1459 ἦ
857 1421 909 1456 ὅτι
942 1421 1033 1454 ἐ’στιν
1065 1421 1173 1454 αὐτοῦ
1207 1420 1353 1465 ἀριθμός.

358 1466 455 1500 Ἐπεὶ
480 1464 510 1499 δ’
540 1467 674 1523 ἀριθμός
700 1467 716 1499 ὀ
741 1465 872 1511 χρόνος,
899 1466 940 1499 τό
965 1466 1023 1510 μὲν
1049 1466 1105 1497 νῦν
1129 1467 1186 1497 καὶ
1211 1465 1252 1498 τό
1279 1465 1359 1508 πρό-

365 1523 482 1557 τερον,
513 1514 571 1545 καὶ
605 1523 668 1544 οσα
699 1511 872 1551 τοιαῦτα,
908 1509 1013 1547 οὕτως
1046 1509 1079 1541 ἐν
1111 1508 1215 1554 χρόνῳ
1250 1510 1291 1547 ὠς
1323 1510 1356 1541 ὲν

367 1555 491 1601 ἀριθμῷ
516 1555 620 1599 μονάς
644 1557 702 1587 καὶ
727 1555 768 1586 τό
794 1567 835 1587 πε
859 1554 954 1587 ιττόν
979 1556 1036 1586 καὶ
1064 1554 1178 1597 ἄρτιον
1204 1553 1274 1597 (τά
1298 1554 1356 1597 μέν

392 1601 430 1643 ἀρ
449 1601 510 1633 τοῦ
537 1599 676 1644 ἀριθμοῦ
701 1611 749 1640 τι,
770 1598 817 1631 τά
839 1567 877 1632 Se*
903 1598 964 1631 τοῦ
989 1596 1108 1644 χρόνου
1134 1599 1166 1630 τί
1194 1598 1287 1638 ἐστι)
1312 1597 1359 1630 τά

363 1612 402 1679 ge*
427 1643 618 1691 πράγματα
642 1644 684 1681 ὥς
709 1643 741 1674 ἐν
769 1643 893 1688 ἀριθμῷ
916 1643 963 1684 τῷ
989 1641 1094 1687 χρόνῳ
1120 1642 1226 1674 ἐστίν.
1259 1641 1297 1672 Εἰ
1321 1637 1358 1673 δέ

366 1690 491 1730 τοῦτο,
526 1687 722 1733 περιέχεται
757 1688 812 1719 ὑπ’
843 1686 981 1731 ἀριθμοῦ
1012 1685 1122 1728 ὥσπερ
1156 1687 1214 1717 καὶ
1246 1685 1294 1717 τά
1325 1686 1357 1717 ὲν

365 1733 460 1773 τόπῳ
487 1733 552 1765 ὑπὸ
578 1731 698 1765 τόπου.
732 1732 879 1776 Φανερόν
903 1727 942 1762 δὲ
970 1732 1026 1762 καὶ
1054 1729 1107 1762 ὅτι
1134 1730 1193 1761 οὐκ
1219 1729 1291 1762 ἔστι
1316 1730 1358 1763 τό

366 1777 399 1812 ἐν
423 1775 528 1822 χρόνῳ
553 1773 639 1808 εἶναι
664 1775 706 1807 τὰ
731 1772 815 1807 εἶναι
842 1775 900 1808 ὅτε
927 1776 942 1807 ὁ
966 1776 1083 1819 χρόνος
1110 1774 1221 1814 ἐστίν,
1248 1773 1358 1818 ὥσπερ

366 1817 444 1855 οὐδὲ
473 1821 514 1853 τό
541 1819 572 1852 ἐν
602 1818 730 1855 κινήσει
755 1817 840 1851 εἶναι
867 1814 944 1851 οὐδὲ
969 1818 1009 1851 τὸ
1043 1819 1075 1850 ἐν
1107 1817 1220 1859 τόπῳ,
1255 1816 1311 1850 ὅτε
1337 1819 1357 1855 ή

364 1870 490 1903 κίνησις
514 1867 572 1896 καὶ
598 1865 614 1895 ὁ
641 1862 746 1901 τόπος
773 1864 876 1896 ἐστίν·
903 1863 930 1894 εἰ
955 1863 1019 1909 γοὶρ
1046 1861 1144 1894 ἔσται
1169 1862 1209 1893 τό
1237 1861 1268 1893 ’έν
1293 1874 1360 1894 τινι

366 1910 488 1950 οὕτως,
508 1908 626 1941 πάντα
651 1907 699 1940 τοὶ
723 1907 914 1954 πράγματα
940 1905 972 1938 ἐν
992 1907 1118 1947 ὁτῳοῦν
1138 1906 1248 1946 ἔσται,
1266 1908 1324 1938 καὶ
1343 1908 1358 1938 ὁ

366 1953 505 1997 οὐρανὸς
526 1953 558 1985 έν
577 1953 622 1993 τῇ
639 1950 781 1997 κέγχρῳ·
801 1951 858 1984 ὅτε
879 1951 943 1997 γάρ
962 1951 982 1987 ή
999 1950 1140 1996 κέγχρος
1160 1951 1264 1989 ἐστίν,
1286 1950 1359 1982 ἔστι

364 2001 423 2032 καὶ
449 1998 465 2030 ὁ
489 1995 643 2041 οὐρανός.
670 1995 778 2027 Ἀλλοὶ
802 1997 908 2029 τοῦτο
929 1995 988 2038 μὲν
1013 1994 1233 2038 συμβέβηκεν,
1256 1993 1360 2026 ἐκεῖνο

365 2039 394 2075 δ’
418 2040 548 2087 ἀνάγκη
568 2039 834 2083 παρακολουθεῖν
860 2042 918 2071 καὶ
940 2040 987 2080 τῷ
1007 2039 1079 2071 ὄντι
1098 2039 1130 2070 ἐν
1151 2037 1256 2083 χρόνῳ
1274 2035 1358 2070 εἷναί

366 2098 446 2120 τινα
500 2085 613 2130 ρόνον,
641 2083 698 2116 ὅτε
727 2081 863 2116 κάκεῖνό
889 2084 983 2124 ἐστι,
1012 2084 1071 2114 καὶ
1097 2083 1143 2124 τῷ
1170 2084 1202 2114 ὲν
1232 2081 1360 2118 κινήσει

368 2131 441 2163 ὄντι
465 2141 551 2161 ειναι
575 2127 658 2160 τότε
682 2130 821 2164 κίνησιν.

295 2171 391 2207 Ἐπεὶ
415 2169 443 2205 δ’
472 2175 563 2205 ἐστὶν
588 2173 630 2208 ὥς
655 2172 687 2203 ὲν
715 2171 839 2216 ἀριθμῷ
865 2170 907 2202 τό
932 2170 965 2202 ἐν
997 2169 1122 2214 χρόνῳ,
1147 2168 1359 2213 ληφθήσεταί

368 2230 419 2255 τις
445 2219 565 2250 πλείων
595 2215 712 2260 χρόνος
738 2215 868 2251 παντὸς
894 2214 957 2246 τοῦ
983 2214 1015 2245 ὲν
1040 2213 1145 2258 χρόνῳ
1171 2212 1280 2250 ὄντος·
1308 2208 1361 2244 8ιὸ

370 2261 500 2308 ἀνάγκη
527 2259 645 2293 πάντα,
670 2259 718 2292 τοὶ
743 2260 775 2291 ἐν
834 2257 914 2302 ρόνῳ
941 2257 1024 2290 ὄντα.
1056 2256 1270 2301 περιέχεσθαι
1296 2257 1362 2289 ὑπό

367 2306 508 2352 χρόνου,
535 2304 644 2345 ὥσπερ
675 2306 732 2335 καὶ
766 2305 880 2336 ταλλα
906 2301 969 2334 ὅσα
995 2301 1027 2333 ἔν
1053 2313 1118 2334 τινι
1153 2302 1266 2342 ἐστίν,
1294 2301 1360 2333 οἷον

368 2350 416 2383 τά
441 2350 473 2382 ἐν
499 2349 594 2389 τόπῳ
620 2347 686 2379 ὑπὸ
712 2348 775 2379 τοῦ
800 2346 921 2380 τόπου.

301 2396 367 2427 Καὶ
394 2394 538 2438 πάσχειν
563 2387 606 2428 δή
633 2403 667 2423 τι
693 2392 758 2424 ὑπὸ
783 2392 845 2424 τοῦ
870 2389 1010 2435 χρόνου,
1041 2388 1194 2431 καθάπερ
1223 2391 1280 2420 καὶ
1308 2388 1363 2420 λέ-

367 2450 437 2485 γειν
463 2436 624 2480 εἰώθαμεν
651 2434 704 2468 ὅτι
728 2434 923 2471 κατατήκει
942 2434 957 2465 ὁ
977 2432 1108 2478 χρόνος,
1126 2435 1184 2464 καὶ
1201 2432 1361 2478 γηράσκει

368 2480 467 2515 πάνθ’
497 2480 563 2513 ὑπό
589 2481 651 2512 τοῦ
678 2479 818 2524 χρόνου,
843 2481 900 2510 καὶ
928 2476 1193 2510 ἐπιλανθάνεται
1218 2473 1277 2509 διά
1302 2476 1360 2508 τὸν

369 2525 500 2571 χρόνον,
526 2525 599 2557 ἀλλ’
626 2517 892 2568 οὗμεμσίθηκεν,
920 2518 998 2554 06³3&
1023 2521 1095 2553 νέον
1120 2520 1257 2567 γέγονεν
1283 2515 1361 2552 οὐδὲ

367 2569 485 2602 καλόν·
535 2568 633 2612 θορᾶς
658 2568 721 2613 γάρ
748 2570 856 2605 αἴτιος
880 2566 954 2598 καθ’
978 2566 1084 2598 αὐτόν
1105 2566 1234 2608 μᾶλλον
1254 2565 1269 2596 ὁ
1286 2564 1364 2609 χρό-

368 2626 435 2652 νος·
464 2580 597 2657 ἀριῖμὸς
622 2613 686 2658 γάρ
710 2611 884 2652 κινήσεως,
904 2612 924 2648 ἦ
947 2607 984 2642 δὲ
1008 2612 1131 2647 κίνησις
1150 2608 1300 2650 ἐξίστησι
1321 2608 1362 2641 τό

370 2657 535 2703 ὑπάρχον.

295 2701 400 2734 ‘ssave
425 2701 563 2746 φανερόν
590 2699 643 2732 ὅτι
670 2700 717 2731 τοὶ
743 2699 793 2731 ἀεὶ
821 2698 918 2739 ὄντα,
944 2697 964 2739 ᾖ
992 2698 1043 2729 ἀεὶ
1070 2697 1167 2738 ὄντα,
1187 2697 1247 2729 οὐκ
1273 2697 1362 2728 ἔστιν

370 2746 402 2778 ἐν
427 2744 547 2790 χρόνῳ·
573 2745 611 2775 οὐ
636 2743 700 2789 γάρ
726 2742 923 2788 περιέχεται
948 2741 1014 2773 ὑπό
1039 2740 1177 2785 χρόνου,
1205 2735 1282 2773 οὐδὲ
1308 2752 1363 2783 με-

371 2793 503 2835 τρεῖται
528 2788 569 2821 τό
594 2784 679 2819 εἶναι
705 2787 817 2819 αὐτῶν
844 2786 910 2818 ὐπὸ
935 2786 997 2817 τοῦ
1022 2785 1155 2829 χρόνου·

303 2880 439 2921 σημεῖον
464 2870 502 2906 δὲ
528 2873 652 2907 τούτου
679 2872 733 2904 ὅτι
759 2867 837 2904 οὐδὲ
863 2870 988 2917 πάσχει
1010 2865 1105 2902 οὐδέν
1124 2869 1189 2901 ὑπό
1208 2870 1273 2901 τοῦ
1286 2868 1365 2913 χρό-

370 2932 426 2952 νου
451 2921 492 2956 ὠς
521 2919 579 2951 οὐκ
605 2917 690 2950 ὄντα
715 2917 749 2948 ὲν
773 2915 891 2961 χρόνῳ.

297 2965 394 2997 Ἐπεὶ
419 2958 448 2994 δ’
470 2964 561 2995 ἐστὶν
588 2963 604 2993 ό
628 2959 744 3005 χρόνος
771 2959 892 3004 μέτρον
916 2957 1089 2998 κινήσεως,
1109 2957 1182 2989 ἔστι
1205 2958 1263 2988 καὶ
1290 2957 1364 2999 ἠρε-

370 3010 448 3050 μίας
473 3006 594 3051 μέτρον
618 3004 714 3037 κατοὶ
737 3002 959 3048 συμβεβηκός·
986 3003 1082 3034 πᾶσα
1106 3002 1169 3047 γαρ
1187 3001 1310 3044 ἠρεμία
1328 3001 1360 3033 ἐν

370 3051 490 3097 χρόνῳ·

266 3094 271 3097 ’
304 3096 350 3128 Οὗ
374 3095 438 3141 γάρ
463 3093 571 3138 ὥσπερ
593 3092 634 3125 τό
656 3092 689 3124 ὲν
714 3090 840 3128 κινήσει
860 3090 893 3122 ὃν
914 3089 1044 3136 ἀνάγκη
1068 3087 1247 3129 κινεῖσθαι,
1273 3088 1362 3120 οὕτω

370 3141 428 3170 καὶ
454 3138 495 3170 τό
522 3138 553 3169 ἐν
582 3135 701 3182 χρόνῳ·
728 3137 766 3167 οὗ
790 3135 855 3181 γάρ
881 3135 901 3171 ή
927 3137 1051 3171 κίνησις
1079 3134 1094 3164 ό
1119 3131 1256 3176 χρόνος,
1285 3133 1358 3164 ἀλλ’

374 3181 509 3226 ἀριθμός
533 3182 705 3218 κινήσεως·
732 3180 765 3212 ἐν
793 3177 917 3222 ἀριθμῷ
943 3173 980 3210 δὲ
1003 3176 1162 3213 κινήσεως
1184 3172 1361 3220 ἐνδέχεται

371 3223 458 3258 εἶναι
481 3227 538 3257 καὶ
563 3225 604 3257 τό
629 3224 784 3266 ἠρεμοῦν.

375 3270 440 3316 γάρ
466 3270 533 3301 πᾶν
555 3268 596 3301 τό
622 3269 781 3304 ἀκίνητον
806 3263 933 3309 ἠρεμεῖ,
962 3263 1050 3296 ἀλλά
1075 3263 1116 3295 τὸ
1142 3262 1361 3307 ἐστερημένον

371 3312 544 3352 κινήσεως,
567 3311 708 3355 πεφυκὸς
733 3307 771 3342 δὲ
794 3307 968 3348 κινεῖσθαι,
994 3306 1146 3350 καθάπερ
1171 3308 1302 3350 εἴρηται
1327 3305 1360 3338 ἐν

373 3361 443 3395 τοῖς
469 3355 645 3400 πρότερον.
677 3354 721 3386 Τό
746 3349 774 3385 δ’
795 3350 880 3384 εἶναι
904 3352 937 3383 ὲν
965 3350 1088 3395 ἀριθμῷ
1115 3351 1186 3381 ἐστὶ
1212 3350 1252 3381 τό
1277 3347 1361 3382 εἶναι’.

374 3413 452 3434 τινα
486 3398 621 3444 ἀριθμὸν
653 3399 716 3430 τοῦ
745 3396 970 3441 πράγματος,
1002 3396 1059 3425 καὶ
1092 3392 1286 3437 μετρεῖσθαι
1319 3393 1359 3424 τὸ

373 3442 458 3477 εἶναι
484 3444 592 3475 αὐτοῦ
611 3443 658 3484 τῷ
681 3440 803 3486 ἀριθμῷ
826 3439 858 3472 ἐν
877 3439 899 3480 ᾧ
918 3439 1021 3470 ἐστίν·
1041 3436 1120 3468 ὥστ’
1143 3438 1171 3468 εἰ
1189 3437 1221 3468 ἐν
1241 3435 1360 3481 χρόνῳ,

374 3489 440 3521 ὑπὸ
464 3486 594 3533 χρόνου.

306 3532 476 3576 Μετρήσει
499 3527 528 3563 δ’
555 3532 570 3562 ό
595 3529 711 3585 χρόνος
736 3528 777 3561 τό
800 3525 990 3569 κινούμενον
1014 3527 1071 3556 καὶ
1097 3523 1138 3555 τὸ
1163 3523 1319 3567 ἠρεμοῦν,
1340 3522 1361 3564 ᾖ

374 3577 414 3610 τό
439 3576 498 3621 μὲν
522 3584 727 3618 κινουμενον,
749 3571 789 3605 τὸ
813 3570 850 3603 δὲ
875 3570 1030 3614 ἠρεμοῦν·
1059 3567 1121 3604 τήν
1146 3567 1210 3613 γάρ
1234 3569 1359 3603 κίνησιν

305 3271 351 3302 Οὐ

1408 765 1425 784 *
1438 766 1600 803 Quoniam
1623 773 1728 797 autem
1743 774 1788 798 est
1803 774 1927 807 tempus
1951 777 2097 798 mensura
2119 776 2225 799 motus
2246 776 2276 800 et
2292 769 2357 799 eius
2373 770 2460 810 quod

1476 817 1522 840 est
1545 810 1682 848 moveri,
1710 818 1870 841 mensurat
1893 819 1998 842 autem
2022 819 2146 842 motum
2169 812 2201 841 in
2225 813 2459 843 determinando

1476 855 1634 894 quendam
1658 861 1794 892 motum,
1814 865 1879 895 quo
1903 855 2095 885 mensurabit
2117 862 2235 894 totum;
2260 856 2339 886 sicut
2361 857 2460 895 longi-

1475 897 1617 927 tudinem
1640 898 1763 928 cubitus
1786 898 1818 928 in
1842 898 2078 929 determinando
2109 899 2246 939 aliquam
2274 900 2461 939 magnitudi-

1475 950 1549 970 nem
1568 951 1648 981 quae
1668 942 1794 972 metitur
1809 949 1924 972 totum.
1943 943 1983 972 Et
1998 948 2043 972 est
2059 942 2161 972 motui
2175 942 2207 972 in
2227 949 2368 982 tempore
2384 953 2460 982 esse,

1476 985 1648 1014 mensurari
1671 991 1812 1024 ternpore
1836 992 1865 1015 et
1888 986 1993 1025 ipsum
2017 993 2046 1015 et
2070 996 2134 1016 esse
2158 986 2233 1016 eius.
2254 986 2354 1017 Simul
2378 987 2462 1016 enim

1476 1035 1506 1058 et
1528 1034 1653 1058 motum
1677 1035 1707 1058 et
1730 1039 1795 1058 esse
1818 1035 1924 1059 motus
1948 1036 2123 1067 mensurat3
2153 1037 2182 1060 et
2195 1030 2256 1060 hoc
2280 1037 2325 1060 est
2347 1030 2406 1070 ipsi
2429 1030 2461 1060 in

1476 1077 1618 1110 tempore
1643 1081 1718 1109 esse,
1742 1073 1913 1102 mensurari
1936 1072 2033 1112 ipsius
2057 1083 2133 1103 esse.

1409 1165 1427 1184 ³²<
1440 1164 1643 1195 Manifestum
1662 1171 1768 1194 autem
1791 1166 1879 1204 quod
1895 1172 1924 1195 et
1939 1166 2006 1195 aliis
2029 1166 2090 1196 hoc
2107 1173 2151 1197 est
2166 1167 2198 1196 in
2215 1173 2355 1207 ternpore
2379 1178 2461 1206 esse,

1476 1208 1649 1238 mensurari
1673 1218 1737 1238 esse
1759 1208 1900 1248 ipsorum
1925 1219 1943 1238 a
1970 1216 2121 1249 tempore.
2146 1211 2180 1240 In
2207 1217 2348 1250 tempore
2380 1211 2463 1241 enim

1478 1263 1544 1282 esse
1575 1252 1713 1282 duorum
1747 1259 1792 1282 est
1822 1252 1970 1282 alterum:
2008 1263 2109 1283 unum
2136 1254 2266 1293 quidem
2295 1264 2360 1284 esse
2389 1262 2463 1285 tunc

1477 1296 1605 1336 quando
1629 1302 1754 1335 tempus
1778 1302 1840 1333 est;
1857 1296 1989 1326 alterum
2005 1303 2110 1326 autem
2129 1297 2207 1327 sicut
2222 1299 2376 1336 quaedam
2392 1299 2465 1328 dici-

1477 1350 1550 1370 mus
1581 1339 1656 1380 quia
1678 1339 1710 1369 in
1733 1349 1866 1369 numero
1899 1346 1981 1370 sunt.
2006 1341 2077 1370 Hoc
2101 1347 2207 1370 autem
2229 1340 2379 1380 significat
2411 1349 2465 1372 aut

1479 1383 1559 1414 sicut
1581 1390 1702 1423 partem
1732 1382 1855 1413 numeri
1886 1389 1915 1413 et
1944 1383 2138 1422 passionem,
2171 1384 2354 1414 et'omnino
2377 1385 2466 1424 quod

1478 1427 1602 1458 numeri
1622 1427 1740 1467 aliquid
1759 1434 1818 1464 est;
1838 1433 1892 1457 aut
1907 1427 1996 1467 quod
2012 1433 2057 1457 est
2072 1427 2170 1467 ipsius
2194 1437 2353 1458 numerus.
2377 1429 2465 1465 Quo-

1478 1471 1564 1501 niam
1587 1478 1694 1501 autem
1716 1480 1866 1500 numerus
1882 1477 2006 1510 ternpus
2031 1477 2086 1509 est,
2110 1471 2216 1510 ipsum
2231 1471 2360 1511 quidem
2383 1482 2466 1502 nunc

1479 1522 1509 1546 et
1531 1515 1617 1555 prius
1634 1522 1664 1546 et
1679 1524 1899 1555 quaecumque
1915 1520 1989 1544 sunt
2006 1514 2200 1553 huiusmodi,
2220 1515 2262 1544 sic
2277 1514 2310 1544 in
2326 1522 2467 1554 tempore

1479 1566 1567 1597 sunt,
1585 1559 1664 1590 sicut
1686 1558 1719 1588 in
1735 1568 1867 1588 numero
1892 1558 1993 1588 unitas
2011 1565 2041 1588 et
2059 1558 2235 1598 superfluus
2259 1565 2288 1588 et
2301 1566 2371 1598 par:
2391 1559 2467 1589 haec

1479 1603 1608 1645 quidem
1631 1602 1715 1632 enim
1731 1602 1854 1632 numeri
1868 1602 1996 1642 aliquid,
2016 1601 2069 1631 illa
2087 1612 2161 1632 vero
2178 1603 2328 1642 temporis
2349 1602 2467 1643 aliquid

1480 1653 1563 1677 sunt.
1588 1647 1649 1676 Res
1673 1653 1779 1676 autem
1802 1646 1882 1676 sicut
1900 1646 1932 1675 in
1956 1655 2089 1675 numero
2113 1645 2145 1675 in
2169 1652 2309 1685 tempore
2329 1653 2410 1676 sunt.
2435 1646 2465 1676 Si

1481 1697 1587 1721 autem
1601 1690 1662 1720 hoc
1679 1697 1734 1727 est,
1752 1689 1951 1719 continentur
1966 1690 2024 1719 sub
2040 1699 2185 1727 numero,
2203 1689 2283 1720 sicut
2298 1700 2378 1730 quae
2395 1697 2468 1720 sunt

1479 1735 1512 1764 in
1531 1735 1615 1771 loco,
1632 1734 1689 1763 sub
1706 1733 1788 1764 loco.
1803 1733 1820 1752 *
1835 1733 2037 1763 Manifestum
2052 1739 2157 1763 autem
2174 1740 2219 1763 est
2235 1733 2387 1773 quoniam
2401 1743 2467 1763 non

1481 1785 1527 1808 est
1540 1778 1573 1807 in
1588 1784 1730 1817 tempore
1745 1787 1820 1814 esse,
1835 1787 1900 1806 esse
1914 1777 2040 1817 quando
2055 1783 2180 1816 tempus
2195 1783 2255 1815 est;
2271 1777 2350 1807 sicut
2366 1787 2467 1817 neque

1480 1822 1513 1852 in
1532 1828 1622 1851 motu
1640 1830 1706 1851 esse
1722 1830 1824 1860 neque
1843 1820 1875 1850 in
1896 1821 1978 1857 Ioco,
1996 1821 2123 1860 quando
2139 1821 2228 1850 locus
2245 1827 2275 1850 et
2290 1827 2395 1851 motus
2412 1827 2467 1851 est.

1481 1865 1513 1896 Si
1536 1865 1621 1895 enim
1644 1864 1701 1895 erit
1719 1864 1807 1904 quod
1823 1871 1868 1894 est
1890 1864 1923 1894 in
1939 1864 2045 1904 aliquo
2065 1863 2118 1902 sic,
2135 1874 2245 1894 omnes
2261 1874 2308 1894 res
2324 1871 2414 1894 erunt
2435 1864 2468 1894 in

1481 1909 1637 1950 quolibet,
1671 1915 1700 1938 et
1730 1908 1852 1938 caelum
1881 1907 1914 1937 in
1941 1907 2045 1937 milio:
2075 1908 2202 1948 quando
2234 1907 2318 1937 enim
2345 1907 2469 1938 milium

1482 1960 1537 1991 est,
1560 1959 1605 1983 est
1624 1959 1653 1982 et
1672 1952 1802 1982 caelum.
1819 1951 1880 1982 Sed
1903 1951 1964 1981 hoc
1980 1951 2109 1991 quidem
2134 1951 2253 1989 accidit,
2268 1951 2467 1984 illud-autem

1481 2007 1606 2027 necesse
1629 2003 1675 2026 est
1698 1996 1864 2036 consequi;
1890 2002 1919 2025 et
1938 1995 1965 2025 ei
1989 1996 2077 2035 quod
2100 2002 2148 2025 est·
2166 1995 2199 2025 in
2222 2002 2380 2034 tempore,
2405 2005 2469 2025 esse

1482 2041 1645 2081 quoddam
1669 2047 1794 2080 tempus
1825 2039 1952 2080 quando
1977 2045 2007 2069 et
2029 2039 2108 2069 illud
2127 2045 2190 2077 est;
2214 2045 2244 2069 et
2268 2038 2295 2068 ei
2319 2039 2407 2078 quod
2425 2045 2471 2068 est

1481 2085 1514 2115 in
1537 2091 1639 2122 motu,
1665 2093 1730 2114 esse
1753 2090 1829 2114 tunc
1852 2090 1987 2113 motum.

1415 2173 1432 2191 *
1449 2172 1611 2209 Quoniam
1626 2177 1733 2201 autem
1749 2177 1795 2201 est
1817 2170 1897 2200 sicut
1913 2177 1958 2200 est
1980 2169 2013 2199 in
2034 2179 2182 2206 numero,
2203 2169 2244 2199 sic
2268 2169 2300 2199 in
2316 2175 2470 2208 tempore,

1482 2215 1649 2255 accipietur
1673 2214 1802 2254 aliquod
1825 2214 1927 2244 maius
1950 2220 2075 2253 tempus
2091 2213 2178 2243 omni
2203 2223 2240 2243 eo
2264 2213 2352 2253 quod
2371 2219 2416 2243 est
2437 2212 2470 2242 in

1481 2266 1636 2298 tempore.
1652 2258 1743 2289 Unde
1760 2267 1884 2288 necesse
1901 2264 1946 2287 est
1961 2257 2069 2287 omnia
2081 2266 2161 2297 quae
2178 2263 2251 2287 sunt
2265 2257 2297 2286 in
2313 2263 2469 2295 tempore,

1481 2301 1632 2333 contineri
1652 2302 1709 2332 sub
1729 2308 1881 2341 tempore,
1901 2301 1980 2331 sicut
2003 2300 2062 2331 alia
2077 2310 2295 2340 quaecumque
2315 2299 2348 2330 in
2363 2300 2469 2340 aliquo

1482 2353 1569 2383 sunt;
1593 2353 1628 2376 ut
1651 2355 1731 2385 quae
1755 2344 1878 2375 suntin
1901 2344 1984 2382 Ioco,
2008 2345 2066 2374 sub
2088 2344 2171 2374 Ioco.

1415 2391 1456 2420 Et
1478 2390 1543 2430 pati
1565 2390 1628 2419 iam
1647 2388 1766 2429 aliquid
1788 2388 1845 2418 sub
1874 2394 2031 2427 tempore,
2048 2387 2128 2417 sicut
2143 2394 2173 2417 et
2189 2387 2409 2417 consuevimus
2425 2387 2470 2416 di-

1483 2444 1550 2464 cere
1564 2433 1638 2473 quia
1654 2431 1797 2462 tabefacit
1816 2438 1952 2470 tempus,
1969 2438 2000 2461 et
2014 2437 2179 2461 senescunt
2193 2430 2300 2460 omnia
2319 2431 2376 2460 sub
2392 2437 2470 2461 tem-

1481 2486 1576 2517 pore,
1601 2483 1630 2507 et
1653 2475 1844 2506 obliviscitur
1867 2481 1995 2514 propter
2017 2481 2152 2514 tempuS.
2177 2474 2238 2504 Sed
2262 2483 2326 2503 non
2349 2474 2468 2512 didicit,

1482 2530 1583 2561 neque
1607 2530 1728 2550 novum
1751 2519 1868 2549 factum
1891 2525 1946 2557 est,
1964 2527 2066 2558 neque
2091 2518 2222 2547 bonum.
2247 2516 2467 2556 corruptionis

1482 2564 1565 2594 enim
1589 2574 1681 2594 causa
1704 2573 1759 2602 per
1782 2573 1814 2592 se
1832 2562 1931 2601 magis
1950 2568 1995 2592 est
2017 2567 2156 2601 tempus:
2182 2570 2330 2590 numerus
2355 2560 2468 2591 etenim

1482 2615 1588 2638 motus
1613 2614 1674 2646 est;
1698 2613 1804 2637 motus
1827 2612 1933 2636 autem
1957 2605 2067 2635 distare
2091 2604 2163 2634 facit
2185 2603 2272 2644 quod
2296 2610 2350 2634 est.

1418 2697 1523 2733 Quare
1542 2694 1744 2725 manifestum
1767 2699 1812 2723 est
1834 2692 1986 2733 quoniam
2009 2702 2089 2732 quae
2113 2701 2235 2731 semper
2249 2697 2335 2729 sunt,
2359 2701 2467 2721 secun-

1484 2740 1561 2770 dum
1584 2738 1672 2779 quod
1695 2747 1818 2776 semper
1840 2743 1929 2774 sunt,
1949 2746 2015 2766 non
2038 2742 2110 2765 sunt
2132 2735 2164 2765 in
2186 2741 2342 2774 tempore:
2367 2744 2468 2774 neque

1483 2783 1568 2813 enim
1591 2781 1789 2812 continentur
1812 2781 1869 2811 sub
1888 2786 2040 2820 tempore,
2064 2789 2166 2819 neque
2188 2784 2385 2808 mensuratur
2403 2787 2468 2808 esse

1483 2836 1594 2857 eorum
1617 2826 1675 2860 sub
1699 2832 1850 2864 tempore.
2277 2844 2280 2849 .
2353 2827 2359 2833 ‘

1417 2871 1550 2911 Signum
1565 2876 1671 2900 autem
1686 2868 1792 2906 huius,
1805 2867 1957 2908 quoniam
1974 2877 2075 2907 neque
2090 2866 2250 2906 patiuntur
2265 2865 2343 2895 nihil
2357 2875 2376 2894 a
2389 2872 2466 2896 tem-

1482 2924 1569 2954 pore,
1593 2919 1743 2953 tanquam
1762 2922 1827 2942 non
1851 2911 2009 2942 existentia
2031 2911 2063 2940 in
2086 2916 2238 2950 tempore.

1415 2958 1434 2976 ⁴*
1449 2957 1611 2995 Quoniam
1625 2963 1730 2986 autem
1746 2962 1870 2996 tempus
1886 2964 2031 2984 mensura
2047 2961 2153 2984 motus
2168 2960 2223 2991 est,
2240 2952 2296 2982 erit
2312 2958 2341 2983 et
2357 2952 2469 2993 quietis

1482 3011 1628 3032 mensura
1643 3000 1817 3030 secundum
1839 2999 1995 3030 accidens:
2013 2998 2116 3028 omnis
2133 2997 2216 3027 enim
2230 2996 2318 3037 quies
2341 2996 2373 3026 in
2391 3003 2468 3027 tem-

1483 3055 1560 3085 pore
1584 3051 1638 3074 est.

1415 3090 1490 3120 Non
1513 3089 1598 3119 enim
1621 3087 1700 3118 sicut
1722 3087 1809 3127 quod
1832 3087 1864 3116 in
1888 3092 1978 3116 motu
2003 3092 2048 3116 est
2078 3094 2202 3115 necesse
2225 3083 2360 3121 moveri,
2383 3083 2425 3113 sic
2439 3089 2470 3113 et

1482 3132 1570 3173 quod
1592 3132 1625 3161 in
1641 3138 1782 3170 tempore
1798 3137 1852 3160 est.
1868 3131 1943 3160 Non
1957 3129 2042 3159 enim
2060 3135 2184 3167 tempus
2201 3133 2307 3157 motus
2331 3133 2390 3163 est,
2411 3125 2465 3155 sed

1482 3185 1632 3206 numerus
1649 3181 1769 3205 motus:
1794 3174 1827 3203 in
1843 3183 1975 3203 numero
1992 3179 2097 3202 autern
2112 3178 2217 3201 motus
2234 3169 2384 3208 contingit
2399 3178 2464 3198 esse

1482 3226 1512 3250 et
1530 3219 1702 3259 quiescens.

1414 3264 1489 3294 Non
1512 3263 1597 3293 enim
1620 3271 1715 3292 omne
1744 3260 1907 3290 immobile
1935 3258 2080 3299 quiescit,
2100 3257 2154 3287 sed
2185 3256 2340 3295 privatum
2359 3261 2466 3293 motu,

1481 3313 1592 3346 aptum
1614 3312 1720 3336 autem
1734 3310 1844 3334 natum
1866 3301 2093 3339 move1·i‚·sicut
2116 3300 2234 3330 dictum
2261 3305 2307 3328 est
2328 3298 2360 3328 in
2383 3298 2465 3337 prio-

1481 3350 1577 3380 ribus.
1593 3350 1669 3379 Esse
1692 3355 1797 3378 autem
1813 3347 1845 3376 in
1868 3354 2015 3382 numero,
2040 3351 2085 3374 est
2101 3353 2166 3373 esse
2182 3343 2341 3383 quendam
2356 3351 2465 3372 nume-

1480 3403 1553 3424 rum
1575 3392 1629 3430 rei,
1658 3399 1687 3422 et
1710 3390 1880 3421 mensurari
1897 3398 1961 3418 esse
1985 3387 2081 3427 ipsius
2105 3395 2237 3416 numero
2258 3385 2291 3415 in
2313 3395 2379 3426 quo
2403 3392 2458 3416 est.

1481 3437 1586 3474 Quare
1610 3436 1634 3465 si
1657 3435 1689 3464 in
1712 3441 1863 3472 tempore,
1887 3438 1917 3462 et
1940 3431 1996 3461 sub
2016 3437 2157 3470 tempore
2181 3435 2235 3460 est.

1415 3523 1607 3554 Mensurabit
1630 3529 1734 3552 autem
1757 3527 1881 3559 tempus
1904 3519 1936 3548 id
1959 3518 2046 3559 quod
2075 3523 2220 3548 movetur
2243 3523 2273 3547 et
2303 3516 2465 3556 quiescens

1481 3566 1654 3598 secundum
1677 3564 1763 3605 quod
1786 3564 1847 3593 hoc
1862 3562 1992 3603 quidem
2009 3568 2150 3600 motum,
2166 3561 2244 3591 illud
2259 3567 2364 3592 autem
2379 3560 2466 3600 quie—

2486 774 2496 785 ·
2511 774 2565 801 Seq.
2579 779 2629 801 cap.
2645 780 2686 796 ¹11.

2486 800 2552 822 Text.
2568 806 2609 826 ¹¹4⁴

2489 1178 2497 1186 ·
2511 1177 2578 1200 Text.
2594 1183 2632 1205 ¹¹5-

2493 1741 2502 1749 '
2517 1740 2583 1762 Text.
2600 1739 2641 1761 116.

2496 2178 2505 2187 ·
2520 2180 2586 2201 Text.
2603 2183 2642 2204 ¹17·

2494 2960 2505 2972 ⁴
2519 2959 2585 2982 Text.
2601 2959 2642 2981 118.
