2840 3828
1273 288 1460 340 DIVI

410 418 1201 596 THOMAE
1291 413 2330 598 AQUINATIS

1050 596 1132 689 'IN
1173 636 1387 689 OCTo
1429 635 1681 687 LIBROS

601 750 1355 852 PHYSICORUM

1412 763 2143 861 ARISTOTELIS

1153 915 1584 958 EXPOSITIO

1197 998 1471 1091 LIBER
1518 1027 1545 1089 1

1038 1279 1379 1335 LECTIO
1426 1277 1719 1333 PRIMA

659 1397 856 1428 MATERIA
879 1397 938 1427 ET
961 1394 1208 1427 SUBIECTUM
1231 1395 1458 1426 SCIENTIAE
1481 1394 1728 1425 NATURALIS
1751 1394 1810 1424 ET
1833 1393 1964 1424 HUIUS
1987 1393 2108 1423 LIBRI.

582 1453 912 1485 PROCEDENDUM
942 1453 997 1483 AB
1030 1451 1442 1483 UNIVERSALIORIBUS
1474 1451 1694 1482 PRINCIPIIS
1729 1450 1854 1481 NOBIS
1884 1450 2019 1481 MAGIS
2046 1449 2176 1480 NOTIS

283 1545 424 1586 Ἐπειδὴ
450 1549 491 1581 τὸ
515 1544 640 1580 εἰδέναι
673 1549 730 1578 καὶ
763 1546 803 1579 τὸ
836 1545 1043 1578 ἐπίστασθαι
1074 1546 1249 1588 συμβαίνει
1279 1546 1352 1586 περὶ

355 1593 470 1630 παίσας
496 1592 558 1629 τοίς
584 1586 758 1635 μεθόδους,
777 1590 819 1621 ὧν
837 1591 916 1621 εἰσιν
939 1590 1042 1634 ἀρχαὶ
1059 1588 1080 1625 ἦ
1103 1592 1201 1620 αἴτια
1223 1588 1243 1625 ἦ
1263 1600 1355 1621 στοι-

354 1641 453 1684 χεῖα,
480 1635 516 1668 ἐκ
546 1636 608 1667 τοῦ
641 1635 759 1666 ταῦτα
790 1634 957 1680 γνωρίζειν
982 1632 1084 1675 (τότε
1118 1632 1182 1678 γάρ
1215 1631 1353 1677 οἰόμεθα

354 1680 526 1728 γινώσκειν
559 1679 724 1719 ἕκαστον,
753 1676 838 1709 ὅταν
863 1678 911 1709 τοὶ
945 1679 1042 1709 αἴτια
1071 1679 1279 1722 γνωρίσωμεν
1305 1675 1355 1708 τοὶ

356 1726 476 1768 πρῶτα
505 1725 563 1755 καὶ
589 1723 651 1760 τοίς
678 1722 783 1766 ἀρχοὶς
814 1721 877 1758 τοὶς
907 1720 1043 1766 πρώτας
1074 1722 1133 1752 καὶ
1164 1719 1261 1765 μέχρι
1286 1721 1354 1752 τῶν

356 1769 562 1813 στοιχείων),
579 1762 684 1803 δῆλον
700 1765 753 1798 ὅτι
770 1767 828 1797 καὶ
846 1766 908 1802 τῆς
927 1767 1000 1809 περὶ
1018 1764 1143 1808 φύσεως
1163 1763 1353 1808 ἐπιστήμης

356 1812 536 1858 πειρατέον
562 1810 723 1855 πρότερον
749 1805 961 1854 διορίσασθαι
987 1810 1035 1841 ταὶ
1059 1810 1132 1852 περὶ
1151 1808 1214 1846 τοὶς
1234 1807 1352 1852 ἀρχοίς.

288 1857 414 1902 Πέφυκε
439 1853 476 1888 δὲ
501 1856 537 1887 ἐκ
563 1856 628 1887 τῶν
658 1853 917 1900 γνωριμωτέρων
948 1854 1025 1897 ἡμῖν
1052 1854 1072 1889 ἡ
1100 1848 1175 1889 ὁδὸς
1206 1854 1264 1884 καὶ
1296 1864 1356 1884 σα-

356 1900 521 1946 φεστέρων
547 1899 602 1931 ἐπὶ
627 1901 675 1931 τοὶ
698 1897 891 1942 σαφέστερα
917 1899 961 1940 τῇ
987 1896 1082 1942 φύσει
1105 1898 1163 1928 καὶ
1189 1895 1356 1943 γνωριμώ-

358 1956 454 1987 τερα·
483 1944 520 1975 οὗ
578 1943 616 1987 οὶρ
642 1943 761 1975 ταῦτοὶ
785 1943 863 1986 ἡμῖν
896 1954 933 1974 τε
958 1941 1107 1987 γνώριμα
1138 1942 1197 1972 καὶ
1226 1941 1354 1977 ἁπλῶς·

356 1985 473 2032 διόπερ
501 1988 631 2033 ἀνα-(κη
658 1986 718 2019 τὸν
744 1987 869 2031 τρόπον
895 1986 1020 2018 τοῦτον
1047 1984 1206 2030 προάγειν
1233 1985 1270 2016 ἐκ
1287 1985 1355 2016 τῶν

359 2031 597 2076 ἀσαφεστέρων
629 2031 688 2074 μὲν
718 2032 763 2072 τῇ
793 2030 906 2073 φύσει,
940 2031 1019 2073 ἡμῖν
1053 2026 1091 2061 δέ
1119 2028 1354 2073 σαφεστέρων,

359 2077 415 2109 ἐπὶ
440 2075 488 2108 τοὶ
511 2075 703 2120 σαφέστερα
724 2075 767 2116 τῇ
787 2073 880 2118 φύσει
903 2075 963 2105 καὶ
982 2072 1232 2120 γνωριμώτερα.
1257 2073 1356 2106 Ἔστι

359 2116 384 2152 δ’
405 2121 483 2162 ’ἡμῖν
510 2118 550 2151 τὰ
576 2120 708 2162 πρῶτον
734 2114 824 2154 δῆλα
848 2119 906 2148 καὶ
935 2118 1026 2160 σαφῆ
1052 2117 1100 2148 τοὶ
1123 2116 1356 2162 συγκεχυμένα

361 2164 503 2206 μᾶλλοψ
531 2162 669 2205 ὕστερον
694 2157 732 2192 δέ
758 2162 793 2193 ἐκ
819 2160 952 2192 τούτων
976 2163 1109 2206 γίνεται
1133 2160 1284 2206 γνώριμα
1309 2161 1358 2192 τοὶ

361 2210 517 2251 στοιχεῖα
541 2208 598 2237 καὶ
624 2208 659 2236 αἱ
687 2206 788 2249 ἀρχαὶ
812 2200 977 2246 διαιροῦσι
996 2205 1125 2236 ταῦτα.
1160 2204 1216 2235 Διό
1236 2204 1272 2235 ἑκ
1289 2205 1356 2235 τῶν

360 2250 507 2283 καθόλου
532 2251 588 2282 ἐπὶ
613 2249 661 2281 ταὶ
683 2248 753 2280 καθ’
775 2249 909 2280 ἕκαστα
933 2244 985 2280 δεῖ
1008 2247 1172 2292 προιέναι.

295 2295 340 2328 Τὸ
364 2295 428 2340 γοὶρ
455 2293 532 2326 ὅλον
556 2294 652 2325 noaret
681 2293 745 2329 τήν
779 2292 930 2329 αἴσθησιν
963 2291 1226 2338 γνωριμώτεροψ
1254 2285 1358 2324 τὰδὲ

359 2338 506 2370 καθόλου
533 2337 609 2369 ὅλον
635 2339 667 2369 τί
695 2338 780 2369 ἐστι·
809 2337 923 2368 πολλοὶ
945 2336 1010 2382 γοὶρ
1043 2334 1288 2379 περιλαμβάνει
1315 2336 1356 2372 ὠς

361 2381 442 2426 μέρη
469 2381 509 2414 τὸ
534 2380 693 2412 καθόλου.

293 2425 441 2458 Πέπονθε
467 2421 504 2457 δὲ
529 2425 642 2458 ταύτὸ
667 2425 773 2457 τοῦτο
800 2422 926 2467 τρόπον
952 2423 1032 2455 τινα
1052 2425 1110 2455 καὶ
1137 2422 1184 2455 τοὶ
1201 2422 1358 2466 ὀνόματα

362 2470 442 2515 πρὸς
468 2469 528 2501 τὸν
556 2469 674 2515 λόγον.
707 2467 806 2499 ’Όλον
831 2467 896 2512 γοίρ
921 2479 954 2500 τι
986 2469 1043 2499 καὶ
1075 2462 1271 2511 ἀδιορίστως
1302 2479 1360 2503 ση-

362 2516 493 2558 μαίνει,
525 2513 593 2545 οἶον
620 2514 636 2544 ὁ
665 2511 798 2549 κύκλος·
827 2515 842 2543 ὀ
867 2507 905 2543 δέ
931 2512 1063 2555 ὁρισμός
1099 2512 1208 2543 αὑτοῦ
1237 2507 1361 2555 διαιρεῖ

362 2559 407 2595 εἰς
432 2558 480 2590 τοὶ
501 2556 571 2588 καθ
594 2557 740 2588 ἐ’καστα.

294 2602 361 2633 Καὶ
387 2602 435 2633 τοὶ
458 2596 582 2633 παιδία
606 2596 643 2632 δὲ
669 2601 710 2633 τό
727 2600 786 2644 μὲν
809 2601 941 2644 πρῶτον
961 2598 1202 2653 προσαγορεύει
1220 2597 1356 2635 πάντας

362 2645 441 2682 τούς
478 2640 599 2687 ἄνδρας
632 2643 785 2688 πατέρας
814 2645 872 2676 καὶ
904 2655 1054 2688 μητερας
1087 2643 1150 2680 τοὶς
1175 2646 1356 2688 γυναῖκας,

365 2687 502 2733 ὕστερον
527 2684 564 2720 δὲ
588 2683 722 2732 διορίζει
747 2686 880 2720 τούτων
907 2687 1079 2731 ἑκάτερον.

351 2785 500 2812 SYNOPSIS.
526 2799 561 2805 -—
587 2793 611 2811 1.
634 2782 775 2811 Scientiae
796 2783 1021 2811 diversificantur
1042 2789 1069 2810 et
1089 2783 1249 2810 secundum
1277 2783 1358 2819 quod

298 2833 398 2852 earum
419 2823 532 2852 obiecta
546 2823 738 2851 diversimode
759 2832 789 2850 se
810 2823 917 2851 habent
931 2823 968 2850 ad
983 2822 1141 2857 materiam,
1157 2828 1185 2850 et
1199 2823 1358 2850 secundum

298 2863 443 2891 diversum
470 2862 645 2891 definitionis
673 2863 804 2890 modum.
820 2878 839 2883 -
853 2870 880 2890 2.
902 2862 1018 2898 Triplex
1045 2871 1134 2898 genus
1160 2862 1357 2890 obiectorum:

297 2904 325 2938 a)
348 2911 474 2939 quorum
496 2911 557 2930 esse
585 2902 729 2938 dependet
749 2910 766 2929 a
787 2901 920 2936 materia,
943 2910 996 2929 nec
1017 2901 1077 2929 sine
1100 2901 1219 2929 materia
1246 2901 1358 2929 definiri

296 2947 433 2978 possunt3
455 2942 483 2976 b)
506 2950 580 2978 quae
601 2941 666 2969 licet
687 2950 748 2969 esse
769 2950 830 2968 non
857 2941 968 2978 possint
996 2940 1050 2968 nisi
1071 2941 1101 2968 in
1123 2941 1241 2969 materia
1269 2941 1358 2969 sensi-

296 2981 362 3016 bili,
384 2981 414 3009 in
435 2990 538 3009 eorum
558 2987 656 3008 tamen
676 2979 844 3008 definitione
872 2980 991 3008 materia
1021 2980 1161 3008 sensibilis
1185 2990 1246 3008 non
1267 2981 1358 3015 cadit;

297 3022 324 3056 c)
347 3030 422 3057 quae
442 3029 504 3048 non
525 3021 688 3057 dependent
708 3029 726 3048 a
746 3019 865 3048 materia
885 3029 939 3048 nec
967 3021 1125 3048 secundum
1153 3029 1214 3048 esse
1240 3029 1293 3048 nec
1315 3029 1358 3047 se-

298 3060 425 3087 cundum
446 3059 598 3088 rationem.
613 3076 632 3080 —
649 3060 675 3087 3.
697 3060 741 3087 De
761 3059 868 3087 ultimis
889 3065 931 3087 est
945 3059 1148 3096 Metaphysica,
1171 3060 1207 3087 de
1226 3059 1358 3087 secundis

298 3099 507 3134 Mathematica‚
530 3099 565 3126 de
586 3098 685 3135 primis
700 3098 829 3134 Physica.
851 3100 887 3126 Et
902 3098 970 3135 quia
990 3108 1078 3126 omne
1097 3097 1177 3136 quod
1198 3100 1283 3127 habet
1298 3108 1360 3127 ma-

297 3137 400 3166 teriam
420 3138 526 3166 mobile
548 3144 605 3173 est,
626 3138 744 3166 scientia
764 3138 900 3168 naturalis
922 3145 964 3166 est
985 3139 1021 3166 de
1042 3138 1085 3166 his
1107 3148 1180 3175 quae
1201 3139 1308 3166 habent
1328 3138 1358 3166 in

298 3185 329 3204 se
349 3176 522 3213 principium
536 3183 642 3205 motus.
654 3187 711 3212 «4.
727 3178 810 3212 Quae
824 3184 1041 3214 consequuntur
1054 3177 1173 3214 aliquod
1192 3188 1357 3213 commune,

297 3215 377 3252 prius
403 3222 431 3244 et
453 3225 584 3244 seorsum
612 3217 829 3244 determinanda
857 3223 930 3244 sunt.
959 3218 1036 3254 Ergo
1064 3217 1289 3253 praemittendus
1317 3224 1359 3245 est

297 3261 434 3283 tractatus
449 3256 485 3282 de
499 3255 533 3283 iis
553 3264 627 3292 quae
649 3262 865 3292 consequuntur
885 3265 935 3284 ens
950 3256 1057 3284 mobile
1078 3256 1108 3284 in
1123 3257 1281 3284 communi.
1303 3257 1358 3285 Hic

299 3300 341 3322 est
354 3294 426 3322 liber
441 3294 645 3332 Physicorum,
661 3295 719 3322 sive
740 3295 776 3322 de
791 3295 919 3333 Physica
932 3295 977 3323 vel
992 3296 1130 3323 Naturali
1145 3297 1261 3330 Audita,
1277 3296 1358 3324 cuius

298 3333 459 3362 subiectum
474 3339 516 3361 est
536 3342 587 3361 ens
609 3333 715 3361 mobile
729 3333 903 3370 simpliciter.
926 3334 1007 3362 Ordo
1022 3335 1202 3371 sequentium
1217 3335 1358 3363 librorum

298 3372 432 3401 scientiae
454 3372 598 3400 naturalis.
613 3388 633 3393 -
649 3373 674 3400 5.
691 3372 766 3407 Quia
791 3372 925 3400 scientiae
952 3374 1112 3409 procedunt
1133 3384 1166 3402 ex
1193 3375 1358 3412 cognitione

298 3412 516 3449 principiorum,
539 3421 688 3440 causarum
710 3417 738 3439 et
758 3412 975 3446 elementorum,
997 3418 1024 3440 et
1044 3413 1162 3449 physica
1175 3414 1261 3442 habet
1279 3414 1357 3450 prin-

300 3451 382 3488 cipia,
405 3451 547 3479 elementa
560 3458 588 3479 et
602 3460 712 3486 causaS,
727 3458 842 3487 oportet
855 3451 885 3479 in
900 3461 934 3479 ea
947 3451 1071 3487 incipere
1086 3461 1104 3480 a
1118 3453 1358 3481 determinatione

298 3491 515 3527 principiorum.
538 3491 697 3525 Quomodo
718 3490 792 3518 inter
813 3500 842 3519 se
864 3491 995 3518 differant
1016 3500 1116 3526 causa,
1138 3491 1311 3528 principium
1331 3499 1359 3520 et

300 3531 485 3559 elementum.
500 3546 520 3552 -
535 3531 561 3558 6.
576 3531 652 3558 Inter
665 3529 805 3567 principia
819 3536 934 3566 oportet
947 3530 1025 3567 prius
1040 3530 1230 3559 determinare
1245 3532 1280 3559 de
1293 3531 1358 3559 uni-

1408 1548 1426 1567 *
1443 1549 1606 1585 Quoniam
1622 1548 1754 1589 quidem
1769 1547 1941 1587 intelligere
1962 1554 1992 1578 et
2008 1547 2084 1577 scire
2101 1545 2253 1586 contingit
2269 1546 2348 1576 circa
2363 1556 2473 1576 omnes

1477 1592 1630 1630 scientias,
1644 1602 1781 1632 quarum
1797 1598 1871 1622 sunt
1882 1591 2035 1631 principia
2050 1598 2104 1621 aut
2117 1600 2227 1620 causae
2243 1597 2297 1620 aut
2309 1591 2473 1629 elementa,

1477 1646 1513 1666 ex
1531 1635 1648 1665 horum
1668 1636 1848 1675 cognitione
1869 1635 1958 1677 (tunc
1975 1635 2060 1665 enim
2077 1644 2265 1674 cognoscere
2290 1634 2475 1665 arbitramur

1477 1679 1749 1719 unumquodque,
1775 1689 1848 1709 cum
1872 1690 1980 1709 causas
2004 1679 2120 1718 primas
2145 1686 2174 1709 et
2197 1678 2299 1718 prima
2321 1679 2475 1718 principia

1478 1723 1715 1762 cognoscimus,
1740 1729 1770 1753 et
1793 1733 1895 1763 usque
1912 1724 1951 1752 ad
1970 1720 2154 1764 elementa),
2179 1722 2381 1753 manifestum
2404 1723 2473 1763 qui-

1478 1767 1552 1797 dem
1567 1767 1657 1807 quod
1680 1777 1761 1807 quae
1785 1774 1859 1797 sunt
1883 1767 1962 1797 circa
1985 1766 2138 1806 principia
2161 1766 2306 1796 scientiae
2331 1777 2412 1807 quae
2436 1767 2474 1796 de

1477 1818 1588 1841 natura
1612 1817 1673 1849 est,
1697 1811 1783 1850 prius
1808 1811 2013 1841 determinare
2036 1811 2232 1840 tentandum.

1410 1854 1428 1873 *
1446 1854 1555 1885 Innata
1574 1862 1681 1885 autern
1698 1861 1743 1885 est
1758 1865 1794 1884 ex
1810 1855 1987 1885 notioribus
2004 1854 2095 1884 nobis
2114 1854 2163 1884 via
2183 1861 2212 1884 et
2232 1854 2425 1892 certioribus,
2442 1854 2475 1884 in
2501 1869 2511 1879 ι

1479 1899 1609 1929 certiora
1625 1905 1753 1929 naturae
1773 1905 1803 1929 et
1820 1899 1953 1929 notiora.
1970 1899 2046 1928 Non
2061 1898 2145 1928 enim
2165 1898 2275 1928 eadem
2291 1898 2382 1928 nobis
2400 1905 2475 1928 nota

1479 1949 1509 1973 et
1533 1942 1724 1982 simpliciter.
1746 1943 1839 1973 Unde
1859 1943 1989 1983 quidem
2006 1952 2131 1972 necesse
2149 1942 2324 1972 secundum
2339 1942 2475 1972 modum

1478 1986 1564 2017 hunc
1587 1986 1756 2026 procedere
1780 1997 1817 2016 ex
1839 1986 2058 2017 incertioribus
2082 1993 2229 2023 naturae,
2253 1987 2344 2016 nobis
2369 1993 2475 2016 autern

1480 2031 1673 2068 certioribus,
1689 2030 1722 2060 in
1740 2031 1871 2061 certiora
1894 2037 2023 2061 naturae
2043 2037 2073 2060 et
2091 2030 2216 2060 notiora
2229 2030 2255 2060 *.
2273 2030 2353 2060 Sunt
2370 2038 2476 2060 autern
2502 2041 2513 2052 ·

1479 2075 1621 2114 primum
1643 2074 1736 2104 nobis
1760 2075 1926 2105 manifesta
1946 2081 1975 2105 et
1993 2081 2074 2104 certa
2090 2074 2220 2105 confusa
2236 2074 2353 2113 magis:
2371 2081 2474 2114 poste-

1478 2119 1543 2149 rius
1567 2125 1674 2149 autem
1698 2128 1734 2148 ex
1757 2118 1805 2148 his
1829 2118 1910 2149 fiunt
1933 2125 2008 2148 nota
2033 2118 2186 2148 elementa
2205 2124 2234 2148 et
2257 2118 2411 2158 principia
2430 2118 2475 2148 di-

1479 2162 1658 2193 videntibus
1681 2162 1757 2192 haec
1769 2162 1796 2192 *.
1820 2163 1913 2193 Unde
1937 2173 1973 2192 ex
1997 2162 2223 2192 universalibus
2247 2162 2287 2191 ad
2310 2162 2477 2202 singularia
2503 2174 2514 2185 ι

1481 2213 1607 2246 oportet
1629 2206 1809 2246 procedere.

1414 2294 1537 2323 Totum
1560 2293 1646 2323 enim
1670 2293 1845 2323 secundum
1869 2303 1999 2324 sensum
2021 2293 2127 2323 notius
2147 2299 2210 2324 est:
2229 2293 2403 2324 universale
2422 2304 2476 2323 au-

1480 2344 1545 2367 tem
1568 2343 1674 2367 totum
1697 2337 1861 2376 quoddam
1885 2344 1939 2368 est.
1964 2338 2065 2368 Multa
2080 2337 2165 2367 enim
2182 2337 2419 2377 comprehendit
2442 2344 2477 2367 ut

1479 2387 1581 2420 partes
1605 2380 1790 2411 universale.

1413 2424 1601 2454 *Sustinent
1617 2431 1724 2454 autern
1740 2424 1825 2454 idem
1840 2425 1902 2455 hoc
1921 2425 2162 2465 quodammodo
2183 2431 2213 2455 et
2228 2425 2358 2455 nomina
2374 2425 2414 2455 ad
2430 2435 2476 2454 ra·
2503 2437 2514 2448 υ

1480 2468 1611 2498 tionem.
1628 2469 1751 2498 Totum
1768 2468 1852 2498 enirn
1868 2469 2032 2509 quoddam
2051 2475 2081 2498 et
2098 2469 2274 2499 indistincte
2291 2468 2476 2508 significant,

1480 2518 1516 2542 ut
1539 2519 1617 2551 puta
1640 2512 1784 2543 circulus.
1808 2511 1958 2542 Definitio
1982 2519 2089 2542 autern
2111 2512 2210 2552 ipsius
2234 2513 2344 2543 dividit
2363 2513 2396 2543 in
2413 2513 2475 2542 sin-

1481 2556 1610 2595 gularia.
2215 2592 2218 2594 q

1414 2600 1454 2630 Et
1477 2599 1567 2639 pueri
1591 2600 1732 2639 primum
1756 2599 1916 2639 appellant
1936 2610 2047 2630 omnes
2067 2600 2150 2630 viros
2166 2607 2268 2639 patres
2291 2607 2321 2631 et
2342 2600 2474 2630 feminas

1480 2650 1613 2673 matres:
1647 2643 1804 2683 posterius
1834 2651 1941 2674 autem
1973 2644 2180 2674 determinant
2210 2644 2328 2674 horum
2359 2654 2475 2675 unum-

1481 2688 1642 2728 quodque.

1412 2782 1622 2810 versalioribus.
1646 2783 1792 2810 Probatur
1812 2790 1837 2810 Ι.
1860 2782 1980 2811 ratione.
2004 2783 2126 2818 Oportet
2147 2782 2271 2819 incipere
2287 2792 2304 2810 a
2318 2783 2408 2819 magis
2422 2792 2476 2810 no-

1413 2822 1456 2849 bis
1476 2822 1568 2858 notis;
1597 2822 1668 2849 haec
1695 2828 1792 2850 autem
1813 2829 1879 2850 sunt
1903 2822 2089 2857 universalia,
2116 2829 2216 2858 utpote
2244 2823 2378 2857 confusa3
2408 2832 2476 2859 ergo

1413 2868 1528 2897 oportet
1541 2862 1698 2900 procedere
1719 2863 1755 2889 ab
1777 2861 1983 2890 universalibus
1998 2862 2035 2889 ad
2056 2862 2217 2899 singularia.
2233 2879 2252 2883 —
2267 2872 2293 2898 7.
2309 2862 2478 2890 Declaratur

1413 2902 1483 2929 haec
1503 2901 1586 2929 ratio.
1612 2902 1679 2928 Non
1701 2907 1767 2928 sunt
1795 2902 1896 2929 eadem
1918 2901 2008 2938 magis
2035 2907 2105 2929 nota
2127 2902 2207 2929 nobis
2228 2908 2256 2929 et
2276 2908 2346 2929 nota
2374 2911 2477 2929 secun-

1413 2941 1481 2968 dum
1504 2946 1654 2974 naturam,
1677 2940 1735 2968 sive
1756 2941 1915 2968 secundum
1937 2950 1976 2975 se,
1998 2941 2042 2968 vel
2063 2941 2236 2977 simpliciter.
2260 2941 2424 2969 Secundum
2446 2950 2476 2968 se

1413 2986 1479 3007 sunt
1500 2980 1615 3008 notiora
1636 2989 1670 3007 ea
1691 2989 1765 3017 quae
1793 2987 1860 3007 sunt
1887 2980 1978 3017 magis
2000 2980 2077 3008 entia
2097 2981 2155 3008 sive
2176 2981 2206 3008 in
2227 2987 2301 3009 actu.
2330 2982 2355 3008 E
2376 2987 2478 3008 contra

1412 3019 1443 3047 in
1463 3019 1648 3056 intelligendo
1676 3019 1860 3056 procedimus
1883 3020 1918 3047 de
1946 3020 2075 3056 potentia
2096 3020 2125 3047 in
2146 3027 2251 3048 actum.
2281 3021 2327 3048 Ob
2349 3021 2406 3048 hoc
2427 3029 2476 3048 oc-

1413 3059 1500 3087 currit
1520 3059 1674 3087 intellectui
1695 3059 1774 3095 prius
1796 3059 1949 3087 confusum
1971 3069 2059 3096 quarn
2081 3059 2261 3095 distinctum,
2284 3060 2301 3087 i.
2318 3069 2342 3087 e.
2363 3059 2476 3086 univer-

1413 3098 1482 3126 salia
1496 3105 1562 3126 ante
1576 3098 1739 3135 singularia.
1755 3115 1774 3120 -
1789 3099 1815 3126 8.
1839 3099 1964 3127 Solvitur
1979 3098 2103 3127 obiectio
2119 3109 2151 3127 ex
2170 3101 2180 3126 1
2196 3100 2308 3126 Poster.
2331 3098 2476 3126 Refellitur

1412 3139 1564 3166 Averroes.
1580 3155 1599 3159 -
1613 3148 1641 3174 9.
1665 3139 1812 3166 Probatur
1833 3146 1859 3166 2.
1882 3148 1932 3174 per
1953 3138 2006 3166 tria
2034 3138 2123 3175 signa.
2145 3142 2173 3174 a)
2201 3139 2311 3166 Totum
2339 3138 2475 3174 integrale

1413 3178 1545 3205 sensibile
1566 3184 1608 3205 est
1629 3178 1726 3205 notius
1752 3178 1912 3205 secundum
1936 3187 2062 3212 sensum,
2085 3187 2152 3214 ergo
2174 3184 2268 3205 totum
2290 3177 2473 3213 intelligibile,

1412 3217 1484 3245 idest
1504 3217 1664 3245 universale
1686 3223 1728 3245 est
1748 3217 1845 3245 notius
1866 3218 2026 3245 secundum
2044 3217 2228 3244 intellectum.
2251 3218 2309 3244 Nec
2324 3217 2394 3244 haec
2407 3226 2475 3252 pro-

1412 3257 1490 3284 batio
1506 3257 1743 3293 aequivocatione
1761 3257 1881 3284 laborat.
1897 3274 1916 3278 —
1935 3266 1977 3284 10.
1994 3257 2021 3291 b)
2038 3256 2194 3283 Definitum
2210 3262 2251 3283 est
2265 3262 2359 3283 totum
2381 3257 2476 3292 quod-

1413 3297 1480 3324 dam
1501 3296 1637 3333 integrale
1658 3296 1841 3333 intelligibile.
1865 3297 1921 3323 Sed
1942 3296 1966 3323 is
1987 3295 2037 3331 qui
2058 3295 2246 3331 apprehendit
2267 3304 2391 3330 nomen,
2413 3305 2474 3323 non

1413 3335 1508 3363 statim
1537 3335 1684 3372 distinguit
1714 3335 1878 3363 definientia
1903 3334 1935 3370 (i.
1953 3344 1976 3362 e.
1992 3343 2082 3371 genus
2104 3341 2132 3362 et
2159 3334 2369 3370 differentiam).
2393 3335 2475 3369 Quae

1412 3381 1510 3403 tamen
1531 3385 1592 3403 non
1614 3376 1773 3403 secundum
1801 3384 1839 3410 se,
1869 3374 1920 3402 sed
1947 3380 2058 3402 tantum
2080 3374 2109 3401 in
2137 3374 2238 3402 ordine
2260 3375 2297 3402 ad
2325 3374 2475 3402 definitum

1412 3414 1459 3442 hic
1480 3415 1706 3442 considerantur.
1726 3431 1746 3436 -
1769 3424 1812 3441 11.
1835 3415 1860 3448 c)
1882 3414 1956 3441 Tam
1984 3413 2191 3441 universaliora
2217 3413 2403 3450 intelligibilia
2431 3423 2475 3442 se—

1413 3455 1540 3481 cundum
1556 3454 1729 3482 intellectum
1752 3463 1839 3490 quam
1861 3453 2063 3481 communiora
2079 3453 2223 3481 sensibiIIa
2237 3454 2394 3481 secundum
2410 3463 2474 3481 sen-

1413 3502 1477 3521 sum
1498 3493 1583 3521 nobis
1604 3493 1683 3529 prius
1698 3499 1764 3520 sunt
1777 3499 1856 3521 nota.
1876 3493 1952 3529 Ergo
1973 3492 2052 3529 prius
2067 3493 2268 3530 cognoscimus
2283 3492 2391 3530 aliquid
2405 3502 2475 3521 con-

1412 3532 1474 3560 fuse
1496 3542 1584 3569 quarn
1607 3532 1747 3560 distincte.

2500 1557 2511 1568 ⁸
2522 1557 2579 1583 Cap.
2594 1557 2714 1587 1.'Textus

2501 1589 2632 1605 communis
2647 1590 2664 1605 1.

2527 1869 2595 1891 Text.
2606 1875 2626 1890 2.

2528 2041 2597 2063 Text.
2611 2047 2631 2068 3.

2527 2173 2596 2195 Text.
2610 2179 2634 2199 4.

2528 2437 2596 2458 Text.
2611 2443 2634 2464 5.
