2898 3996
444 288 522 322 400

1054 264 1398 304 PHYSICORUM
1426 261 1772 300 ARISTOTELIS
1802 261 1896 296 LIB.
1925 259 2012 296 VIII

1206 537 1506 594 LECTIO
1544 535 1860 591 DECIMA

871 691 1095 725 MOVENTIS
1119 690 1294 722 SEIPSUM
1318 689 1408 720 UNA
1431 686 1536 717 PARS
1559 685 1713 717 MOVET
1737 686 1795 716 ET
1818 685 1920 716 ALIA
1941 684 2157 716 MOVETUR
2182 702 2200 707 -

568 751 895 785 EXCLUDUNTUR
917 749 1001 780 ALII
1025 747 1117 779 DUO
1140 746 1250 778 MODI
1275 745 1349 783 QUI
1372 743 1563 775 POSSENT
1586 742 1855 774 EXCOGITARI
1877 742 1920 773 IN
1943 741 2071 773 MOTU
2094 741 2316 773 MOVENTIS
2340 741 2517 773 SEIPSUM

446 885 649 927 Ἀναγκαῖον
674 876 719 917 δή
748 879 790 912 *ro*
818 877 1009 921 κινούμενον
1042 875 1133 908 ἅπαν
1160 872 1245 906 εἶναι
1269 870 1439 919 διαιρετὸν
1465 873 1509 911 εἰς

522 927 572 959 ἀεὶ
596 921 765 967 διαιρετά·
793 923 897 955 τοῦτο
921 921 985 967 γάρ
1010 915 1185 952 δέδεικται
1204 917 1366 961 πρότερον
1385 918 1418 950 ὲν
1438 921 1508 955 τοῖς

518 968 664 1002 καθόλου
690 969 763 1010 περὶ
787 965 926 1011 φύσεως,
954 963 1007 996 ὅτι
1032 965 1099 996 πᾶν
1125 963 1166 995 τὸ
1189 962 1262 994 καθ’
1290 962 1378 995 αὐτὸ
1403 961 1511 994 κινού-

520 1024 616 1058 μενον
641 1010 786 1056 συνεχές.
817 1005 1006 1041 Ἀδύνατον
1031 1004 1074 1044 δή
1100 1007 1142 1039 τὸ
1168 1006 1256 1039 αὗτὸ
1283 1006 1370 1040 αὐτὸ
1399 1007 1509 1038 κινοῦν

521 1057 636 1097 πάντῃ
659 1059 759 1086 κινεῖν
785 1054 872 1086 αὐτο
898 1051 999 1084 αὐτό·

454 1102 586 1147 φέροιτο
611 1100 675 1144 γάρ
702 1098 740 1131 ἂν
767 1097 841 1130 ὅλον
865 1099 923 1128 καὶ
948 1096 1038 1140 φέροι
1064 1095 1129 1131 τήν
1155 1093 1264 1131 αὐτήν
1287 1095 1404 1138 φοράν,
1424 1095 1457 1126 ἓν
1476 1092 1510 1125 ὃν

518 1147 575 1177 καὶ
608 1146 671 1177 ἄτο
703 1154 735 1175 ον
767 1143 815 1183 τῷ
844 1136 944 1180 εἴδει,
977 1141 1036 1171 καὶ
1069 1140 1242 1171 ἀλλοιοῖτο
1274 1140 1332 1171 καὶ
1367 1140 1508 1172 ἀλλοιοῖ.

512 1189 614 1221 Ὥστε
640 1185 793 1220 διὸάσκοι
820 1184 858 1218 ἂν
882 1185 941 1216 καὶ
965 1179 1165 1216 διδάσκοιτο
1193 1181 1276 1227 ἅμα,
1295 1184 1353 1214 καὶ
1379 1181 1511 1230 ύγιάζοι

518 1235 575 1265 καὶ
602 1232 777 1279 ύγιάζοιτο
803 1229 867 1266 τήν
893 1227 1004 1264 αὐτήν
1031 1228 1175 1273 ὑγίειαν.

447 1321 524 1353 Ἔτι
549 1316 726 1361 διώρισται
751 1317 804 1350 ὅτι
834 1319 978 1348 κινεῖται
1003 1316 1044 1348 το“
1072 1313 1221 1351 κινητόν·
1248 1315 1353 1347 τοῦτο
1378 1309 1409 1345 δ’
1438 1313 1512 1346 ἐστὶ

520 1359 659 1407 δυνάμει
688 1361 900 1405 κινούμενον,
927 1360 986 1392 οὐκ
1012 1360 1124 1392 ἑντελε
1153 1361 1218 1398 είᾳ·
1246 1358 1286 1390 τὸ
1310 1354 1348 1391 δὲ
1372 1354 1512 1401 δυνάμει

522 1409 566 1446 εἰς
591 1406 802 1452 ἐντελέχειαν
836 1401 978 1447 βαδίζει.
1007 1405 1106 1436 Ἔστι
1128 1370 1159 1436 δ’
1189 1403 1209 1439 ’ἦ
1234 1405 1358 1441 κίνησις
1383 1400 1514 1435 ἐντελέ-

521 1463 600 1496 χεια
630 1450 769 1488 κινητοῦ
804 1447 940 1486 ἀτελής.
979 1448 1024 1480 Τὸ
1054 1445 1092 1480 δὲ
1122 1447 1233 1480 κινοῦν
1267 1443 1331 1484 ἤδη
1365 1447 1512 1492 ἐνεργείᾳ

523 1497 631 1536 ἐστίν,
660 1495 727 1527 οἷον
752 1492 917 1537 θερμαίνει
942 1492 983 1524 τὸ
1008 1491 1126 1536 θερμόν
1155 1493 1213 1523 καὶ
1239 1489 1320 1529 ὅλως
1345 1493 1447 1537 γεννᾷ
1471 1490 1512 1523 τὰ

522 1539 599 1584 ἔχον
625 1539 666 1571 τὰ
690 1534 790 1575 εἶδος.
819 1536 910 1569 ”Ωσθ“
941 1535 1013 1580 ἅμα
1038 1537 1078 1568 τὸ
1110 1535 1198 1568 αὐτὸ
1230 1535 1326 1568 κατὰ
1350 1535 1392 1567 τὰ
1425 1532 1512 1568 αὐτὰ

523 1582 638 1627 θερμὸν
669 1582 767 1614 ἔσται
797 1583 854 1612 καὶ
887 1580 923 1613 οὐ
955 1579 1085 1625 θερμόν.
1121 1581 1258 1624 Ὁμοίως
1288 1575 1326 1611 δὲ
1355 1580 1414 1611 καὶ
1445 1580 1512 1612 τῶν

525 1627 633 1659 ἄλλων
667 1625 829 1666 ἕκαστον,
866 1624 949 1656 ὅσων
975 1625 1016 1657 τὸ
1044 1626 1155 1656 κινοῦν
1187 1623 1317 1670 ἀνάγκη
1351 1623 1438 1668 ἔχειν
1472 1623 1513 1655 τὸ

522 1670 721 1713 συνώνυμον.
758 1668 802 1700 Τὸ
834 1669 892 1712 μέν
926 1668 991 1713 α”ρα
1023 1672 1106 1700 κινεῖ
1138 1668 1178 1700 τὸ
1210 1663 1248 1700 δὲ
1278 1671 1422 1700 κινεῖται
1451 1669 1513 1701 τοῦ

524 1714 611 1747 αὐτὰ
638 1713 724 1746 αὐτὸ
748 1713 932 1751 κινοῦντος.

449 1758 526 1791 Ὀτι
550 1754 578 1790 δ’
603 1757 662 1790 οὐκ
688 1757 779 1789 ἔστιν
805 1757 893 1788 αὐτὸ
919 1756 1005 1789 αὐτὸ
1028 1756 1140 1787 κινοῦν
1167 1755 1272 1793 οὕτως
1297 1754 1374 1787 ὥσθ’
1395 1754 1515 1788 ἑκάτε-

523 1814 576 1846 ρον
603 1802 652 1846 ὐφ’
682 1799 843 1844 ἐκατέρου
867 1799 1042 1838 κινεῖσθαι,
1069 1799 1105 1832 ἐκ
1131 1795 1236 1831 τῶνδε
1261 1798 1412 1843 φανερόν.

457 1846 544 1880 Οὔτε
568 1846 632 1892 γάρ
658 1845 757 1877 ἔσται
781 1846 913 1888 πρῶτον
945 1844 1056 1875 κινοῦν
1090 1838 1208 1884 οὐδέν,
1235 1845 1264 1874 εἴ
1287 1855 1324 1889 γε
1355 1842 1514 1885 ἑκάτερον

523 1889 650 1926 κινήσει
676 1888 849 1932 ἑκάτερον·
877 1888 918 1921 τὸ
942 1888 1005 1934 γάρ
1031 1886 1193 1931 πρότερον
1224 1886 1420 1930 αἰτιώτερον
1452 1888 1514 1919 τοῦ

523 1932 684 1966 κινεῖσθαι
710 1933 771 1965 τοῦ
798 1931 979 1977 ἐχομένου,
1011 1934 1068 1963 καὶ
1092 1930 1221 1967 κινήσει
1245 1932 1388 1975 μᾶλλον·
1415 1926 1514 1976 διχῶς

525 1978 589 2024 γάρ
613 1981 713 2008 κινεῖν
739 1974 793 2018 ἦν,
811 1976 852 2008 τὰ
870 1976 928 2020 μὲν
948 1976 988 2008 τὰ
1007 1976 1062 2007 ὑπ’
1084 1975 1186 2007 ἄλλου
1202 1974 1394 2019 κινούμενον
1413 1975 1515 2016 αὐτό,

527 2022 568 2054 το
593 2018 621 2053 δ’
651 2022 759 2062 αὐτῷ·
786 2021 800 2052 ὲ
826 2020 966 2066 γύτερον
1000 2014 1038 2050 δὲ
1063 2019 1104 2051 τὸ
1136 2018 1342 2063 πορρώτερον
1374 2020 1437 2051 τοῦ
1469 2030 1516 2050 κι-

526 2064 684 2109 νουμένου
709 2065 771 2102 τῆς
798 2065 902 2109 αρχῆς
927 2062 948 2100 ἢ
974 2062 1015 2095 τὸ
1040 2062 1184 2106 μεταξύ.

453 2143 531 2175 Ἔτι
556 2141 615 2174 οὐκ
642 2139 772 2186 ἀνάγκη
799 2139 840 2171 τὰ
862 2139 974 2171 κινοῦν
1002 2137 1163 2170 κινεῖσθαι
1187 2139 1215 2170 εἱ
1240 2139 1286 2181 μή
1313 2139 1364 2183 ὑφ’
1393 2139 1514 2171 αὐτοῦ·

526 2185 622 2217 κατά
651 2184 858 2227 συμβεβηκός
893 2183 957 2227 ἄρα
992 2183 1156 2215 ἀντικινεῖ
1185 2181 1337 2226 θάτερον.
1369 2182 1517 2222 Ἔλαβον

529 2232 639 2262 τοίνυν
666 2224 860 2282 ἐνδέχεσθαι
888 2227 934 2271 μή
964 2230 1077 2258 κινεῖν·
1105 2227 1203 2258 ἔσται
1230 2226 1294 2270 ἄρα
1320 2226 1360 2258 τὰ
1385 2226 1443 2270 μὲν
1471 2238 1520 2257 κι-

527 2272 684 2316 νούμενον
710 2284 752 2304 το
776 2266 814 2303 δὲ
836 2272 947 2303 κινοῦν
975 2271 1146 2307 ἀκίνητον.

455 2319 532 2350 Ἔτι
558 2317 616 2349 οὐκ
643 2315 773 2362 ἀνάγκη
799 2315 840 2347 τὸ
864 2315 974 2346 κινοῦν
1008 2312 1267 2355 ἀντικινεῖσθαι,
1296 2313 1369 2346 ἀλλ’
1398 2313 1419 2350 η’
1447 2312 1517 2346 ἀκί-

529 2360 629 2398 νητόν
654 2359 697 2406 γε
718 2371 752 2391 τι
775 2362 874 2390 κινεῖν
901 2358 1031 2404 ἀνάγκη
1051 2357 1071 2395 ἦ
1091 2358 1179 2391 αὐτὸ
1205 2357 1254 2402 ὑφ’
1277 2358 1386 2390 αὐτοῦ
1410 2357 1520 2390 κινού-

529 2416 639 2448 μενον,
664 2406 755 2446 εἴπερ
783 2402 912 2449 ἀνάγκη
940 2400 990 2435 ἀεὶ
1013 2405 1139 2439 κίνησιν
1164 2399 1261 2434 εἶναι.

454 2450 545 2490 Ἔτι,
567 2450 607 2486 ἦν
630 2452 714 2479 κινεῖ
734 2449 875 2488 κίνησιν,
900 2449 956 2479 καὶ
981 2447 1097 2479 κινοῖτ’
1127 2447 1180 2488 ἄν,
1207 2446 1295 2479 ὥστε
1319 2446 1361 2479 τὸ
1385 2445 1520 2491 θερμαῖ-

528 2504 582 2525 νον
607 2491 835 2536 θερμαίνεται.

459 2535 567 2569 Ἀλλά
590 2536 654 2580 μήν
680 2531 758 2568 οὐδὲ
783 2535 844 2567 τοῦ
871 2534 1007 2578 πρώτως
1027 2531 1115 2566 αὐτὸ
1137 2534 1224 2566 αὐτὸ
1248 2535 1420 2572 κινοῦντος
1439 2534 1518 2566 οὔτε

529 2582 561 2613 ἓν
587 2579 630 2625 μό
651 2591 698 2612 ιον
725 2579 803 2612 οὔτε
829 2580 932 2611 πλείω
956 2578 1083 2615 κινήσει
1109 2578 1196 2610 αὐτὸ
1222 2578 1309 2610 αὐτὸ
1336 2577 1493 2611 ἕκαστον.

463 2625 507 2658 T&
531 2625 596 2671 γάρ
623 2625 697 2656 ὸλον
723 2624 751 2655 εἱ
774 2626 918 2655 κινεῖται
936 2622 1024 2654 αὐτὸ
1047 2620 1096 2665 ὑφ’
1121 2622 1245 2663 αὐτοῦ,
1264 2622 1343 2659 ἤτοι
1369 2622 1434 2654 ὑπὸ
1452 2623 1518 2654 τῶν

531 2669 640 2701 αὑτοῦ
665 2678 753 2705 τινος
777 2666 956 2703 κινήσεται
981 2666 1001 2703 ἧ
1028 2665 1103 2698 ὅλον
1130 2665 1179 2708 ὑφ’
1209 2664 1300 2698 ὅλου.
1326 2666 1364 2697 Εἰ
1384 2666 1443 2709 μὲν
1463 2665 1518 2698 οὖν

530 2714 578 2755 τῷ
602 2710 762 2744 κινεῖσθαί
789 2723 822 2743 τι
851 2710 964 2755 μόριον
998 2710 1086 2742 αὖτό
1112 2709 1160 2754 ὑφ’
1191 2710 1320 2751 αὑτοῦ,
1355 2708 1449 2742 τοῦτ’
1480 2709 1518 2743 ἂν

530 2759 580 2794 εἴη
611 2757 653 2788 τὸ
684 2756 816 2798 πρῶτον
853 2755 941 2787 αὐτὸ
974 2754 1062 2786 αὐτὸ
1095 2754 1223 2786 κινοῦν·
1261 2754 1418 2798 χωρισθὲν
1455 2754 1519 2809 γάρ

531 2801 637 2834 τοῦτο
662 2800 720 2843 μὲν
752 2798 878 2835 κινήσει
904 2796 991 2831 αὐτὸ
1017 2797 1125 2840 αὐτό,
1157 2798 1197 2830 τὸ
1222 2793 1260 2829 δὲ
1285 2796 1359 2829 ὅλον
1391 2798 1517 2832 οὐκετι.

531 2845 569 2876 Εἰ
593 2839 631 2876 δὲ
656 2844 731 2877 ὅλον
758 2843 807 2886 ὑφ’
838 2841 915 2874 ὅλου
939 2845 1103 2881 κινεῖται,
1128 2842 1225 2874 κατά
1247 2842 1454 2885 συμβεβηκὸς
1482 2842 1519 2876 ἂν

532 2889 650 2921 ταῦτα
677 2890 763 2918 κινοῖ
787 2883 881 2918 αὐτοὶ
911 2885 1031 2919 ἑαυτά.
1059 2885 1155 2918 ‘ssav’
1184 2885 1212 2917 εἰ
1236 2886 1282 2928 μή
1317 2884 1518 2933 ἀναγκαῖον,

532 2930 677 2974 ιἰλήφθω
702 2930 748 2975 μή
772 2929 951 2974 κινούμενα
977 2928 1027 2974 ὑφ’
1049 2931 1174 2963 αὐτῶν.
1201 2930 1266 2967 Τῆς
1294 2929 1369 2968 ὅλης
1396 2931 1460 2976 ἄρα
1481 2931 1522 2964 τὸ

533 2976 591 3020 μὲν
615 2974 742 3011 κινήσει
771 2972 929 3011 ἀκίνητον
956 2973 1003 3014 ὄν,
1030 2974 1072 3006 τὸ
1096 2969 1133 3006 δὲ
1156 2972 1388 3010 κινηθήσεται·
1415 2975 1522 3017 μόνως

533 3019 597 3065 γάρ
624 3018 729 3056 οὕτως
756 3017 864 3050 οἷόντε
890 3029 923 3050 τι
949 3017 1172 3055 αὐτοκίνητον
1199 3015 1296 3051 εἶναι.

461 3106 539 3140 Ἔτι
563 3108 654 3148 εἴπερ
680 3107 700 3143 ἡ
727 3105 786 3143 ὅλη
813 3102 903 3141 αὐτή
930 3105 1039 3142 αὐτήν
1063 3109 1158 3146 κινεῖ,
1178 3105 1221 3138 τὰ
1239 3106 1297 3149 μέν
1318 3104 1444 3142 κινήσει
1466 3107 1524 3138 αὗ-

536 3152 612 3192 τῆς,
638 3150 679 3182 τὸ
703 3145 741 3182 δὲ
765 3149 954 3189 κινήσεται.
986 3150 1026 3181 Ἡ
1053 3149 1118 3193 α”ρα
1142 3150 1193 3180 AB
1218 3150 1267 3193 ὑφ’
1290 3150 1398 3188 αὐτῆς
1415 3163 1453 3183 τε
1474 3162 1523 3182 κι-

535 3193 678 3231 νήσεται
701 3195 760 3226 καὶ
785 3194 851 3226 aad
877 3193 939 3231 τῆς
963 3195 1000 3225 Α.

523 3298 671 3326 Smorsts.
688 3314 722 3319 —
744 3307 766 3326 1.
781 3298 990 3335 Argumentum
1005 3303 1032 3326 et
1047 3297 1148 3325 divisio
1163 3303 1262 3325 textus.
1275 3313 1293 3318 -
1304 3304 1331 3325 2.
1348 3298 1422 3326 Cum
1437 3308 1523 3327 omne

471 3338 550 3374 quod
564 3347 615 3373 per
629 3346 658 3365 se
673 3343 803 3365 movetur
817 3337 852 3365 sit
866 3336 1034 3365 continuum
1049 3343 1077 3365 et
1088 3336 1235 3371 divisibile,
1246 3343 1339 3373 potest
1353 3337 1382 3364 in
1397 3347 1432 3365 eo
1446 3337 1523 3366 inve-

472 3376 524 3404 niri
539 3382 631 3405 totum
641 3383 668 3404 et
678 3386 751 3413 pars.
767 3377 844 3414 Ergo
858 3376 943 3405 etiam
958 3376 987 3404 in
1001 3385 1036 3405 eo
1048 3376 1128 3413 quod
1138 3382 1234 3404 movet
1243 3375 1377 3412 seipsum,
1386 3377 1438 3404 erit
1451 3377 1523 3406 acci-

472 3424 538 3451 pere
558 3422 651 3443 totum
672 3422 700 3443 et
720 3425 794 3452 pars.
810 3431 828 3437 -
842 3416 898 3443 Sed
920 3424 1037 3444 movens
1057 3415 1181 3454 seipsum
1200 3424 1254 3443 non
1277 3420 1364 3443 totum
1386 3422 1479 3444 movet
1493 3426 1523 3445 se

475 3459 571 3482 totum.
585 3470 604 3475 -
621 3455 645 3482 3.
662 3455 745 3482 Prob.
761 3456 789 3490 a)
811 3454 951 3482 Moventis
972 3455 1097 3491 seipsum
1119 3455 1203 3483 simul
1230 3460 1258 3483 et
1278 3455 1366 3483 semel
1387 3461 1428 3483 est
1448 3465 1524 3484 unus

474 3499 570 3521 motus
590 3502 726 3528 numer-03
748 3493 770 3521 si
792 3502 860 3530 ergo
881 3493 987 3530 aliquid
1009 3501 1105 3522 movet
1126 3494 1260 3531 seipsum,
1271 3493 1310 3522 ita
1330 3495 1410 3531 quod
1430 3501 1523 3523 totum

475 3538 587 3559 moveat
607 3539 708 3567 totum,
724 3532 850 3569 sequitur
864 3533 943 3569 quod
957 3533 1114 3561 secundum
1129 3534 1253 3562 eundem
1282 3540 1393 3562 motum
1414 3534 1522 3571 aliquid

475 3569 550 3598 idem
572 3570 606 3598 sit
621 3580 738 3599 movens
759 3578 786 3599 et
807 3578 933 3607 motum3
956 3581 1058 3609 nempe
1078 3573 1205 3610 sequitur
1230 3573 1309 3610 quod
1330 3573 1462 3610 opposita
1480 3573 1523 3602 in-

1564 871 1582 889 *
1601 872 1735 902 Necesse
1764 871 1859 911 igitur
1881 881 1978 902 omne
2000 873 2090 913 quod
2112 878 2277 912 movetur,
2311 882 2378 903 esse
2410 872 2562 904 divisibile
2591 873 2624 904 in

1631 925 1756 955 semper
1783 915 1958 946 divisibilia.
1991 916 2063 947 Hoc
2092 916 2178 947 enim
2207 923 2371 948 ostensum
2401 923 2447 948 est
2475 917 2563 958 prius
2591 917 2626 948 in

1631 958 1860 990 universalibus
1883 959 1922 989 de
1941 966 2062 998 natura,
2086 961 2175 1001 quod
2198 970 2295 991 omne
2318 961 2408 1001 quod
2430 971 2486 1002 per
2502 971 2535 992 se
2554 971 2624 992 mo-

1631 1009 1732 1041 vetur,
1749 1002 1939 1033 continuum
1957 1009 2012 1034 est.
2031 1003 2230 1044 Impossibile
2253 1010 2300 1035 est
2314 1004 2409 1044 igitur
2430 1004 2538 1045 ipsum
2556 1015 2626 1036 mo-

1632 1057 1708 1077 vens
1727 1046 1869 1086 seipsum
1886 1045 2011 1086 penitus
2030 1057 2158 1078 movere
2175 1047 2284 1087 ipsum
2299 1047 2449 1087 seipsum.

1565 1091 1689 1121 Totum
1721 1090 1806 1121 enim
1837 1090 1953 1121 feretur
1978 1090 2089 1132 utique
2122 1098 2152 1122 et
2182 1090 2259 1122 feret
2289 1091 2465 1122 secundum
2495 1093 2628 1123 eandem

1632 1134 1695 1165 loci
1710 1134 1931 1174 mutationem,
1947 1144 2050 1165 unum
2073 1144 2148 1166 cum
2171 1134 2211 1165 sit
2233 1141 2264 1166 et
2285 1134 2486 1166 individuum
2505 1135 2627 1177 specie,

1633 1185 1663 1209 et
1685 1178 1863 1209 alterabitur
1886 1185 1916 1209 et
1938 1178 2087 1209 alterabit.
2113 1179 2219 1216 Quare
2242 1178 2367 1210 docebit
2389 1178 2500 1220 utique
2523 1186 2554 1211 et
2571 1180 2628 1211 do-

1634 1221 1753 1253 cebitur
1776 1221 1889 1260 simul,
1921 1228 1951 1253 et
1973 1222 2094 1254 sanabit
2121 1229 2151 1254 et
2174 1222 2333 1254 sanabitur
2355 1223 2532 1255 secundum
2555 1233 2627 1256 ean-

1633 1266 1706 1296 dem
1727 1265 1901 1297 sanitatem.

1566 1309 1725 1350 Amplius,
1742 1309 1984 1341 determinatum
2003 1315 2050 1340 est
2071 1309 2147 1352 quis,
2169 1317 2316 1342 movetur
2333 1310 2466 1342 mobile:
2491 1311 2553 1342 hoc
2571 1321 2627 1342 au-

1633 1360 1697 1384 tem
1716 1360 1762 1384 est
1777 1353 1865 1394 quod
1888 1353 2030 1394 potentia
2047 1361 2205 1392 movetur,
2221 1364 2288 1385 non
2307 1361 2395 1394 actu;
2417 1355 2507 1396 quod
2522 1361 2630 1386 autem

1633 1404 1679 1428 est
1701 1397 1859 1437 potentia,
1881 1398 1967 1429 vadit
1995 1398 2029 1429 in
2051 1405 2167 1430 actum.
2191 1398 2249 1429 Est
2277 1405 2385 1430 autem
2411 1405 2519 1430 motus
2541 1405 2631 1430 actus

1632 1441 1759 1472 mobilis
1782 1441 2160 1482 imperfectusz·movens
2183 1449 2290 1473 autem
2316 1442 2381 1473 iam
2408 1449 2480 1474 actu
2503 1449 2564 1481 est,
2593 1449 2630 1474 ut

1633 1485 1773 1516 calefacit
1796 1485 1954 1525 calidum,
1978 1493 2009 1518 et
2031 1485 2164 1517 omnino
2187 1493 2315 1526 generat
2336 1486 2455 1517 habens
2480 1486 2629 1527 speciem.

1633 1529 1738 1566 Quare
1762 1528 1857 1560 simul
1878 1529 1966 1560 idem
1992 1536 2023 1561 et
2045 1530 2222 1561 secundum
2243 1530 2330 1561 idem
2357 1530 2496 1561 calidum
2518 1529 2576 1561 erit
2597 1536 2629 1562 et

1633 1583 1699 1603 non
1716 1572 1863 1603 calidum.
1882 1573 2030 1605 Similiter
2045 1581 2152 1605 autem
2164 1580 2194 1605 et
2209 1574 2346 1605 aliorum
2360 1574 2629 1616 unumquodque,

1633 1626 1912 1657 quorumcumque
1934 1627 2067 1648 movens
2085 1627 2211 1648 necesse
2233 1625 2280 1650 est
2301 1618 2415 1649 habere
2445 1617 2629 1649 univocum.

1634 1661 1707 1691 Hoc
1729 1660 1860 1701 quidem
1882 1661 1976 1702 igitur
1998 1668 2122 1701 movet,
2146 1661 2226 1693 illud
2252 1669 2359 1694 autem
2381 1668 2539 1702 movetur,
2562 1661 2631 1693 eius

1634 1704 1724 1745 quod
1746 1711 1792 1734 est
1814 1704 1956 1745 seipsum
1978 1715 2121 1736 movens.

1567 1748 1584 1767 *
1600 1747 1698 1785 Quod
1714 1754 1821 1778 autem
1839 1758 1906 1779 non
1924 1749 2084 1790 contingat
2098 1749 2206 1790 ipsum
2221 1750 2362 1790 seipsum
2379 1759 2507 1781 movere
2530 1749 2574 1781 sic
2597 1755 2633 1781 ut

1635 1797 1806 1832 utrumque
1822 1793 1861 1822 ab
1877 1799 2013 1833 utroque
2027 1800 2203 1832 moveatur,
2219 1804 2256 1824 ex
2271 1794 2309 1824 iis
2323 1793 2528 1824 manifestum
2539 1799 2596 1824 est.
2611 1792 2614 1795 ’

1568 1835 1680 1875 Neque
1707 1834 1792 1865 enim
1824 1835 1880 1866 erit
1913 1835 2052 1876 primum
2081 1847 2213 1868 movens
2246 1838 2369 1876 ullum,
2401 1837 2427 1868 si
2460 1844 2633 1878 utrumque

1635 1885 1807 1919 utrumque
1830 1880 1980 1910 movebit.
2005 1880 2103 1917 Quod
2126 1880 2211 1911 enim
2233 1881 2335 1921 prius,
2359 1880 2459 1921 magis
2477 1887 2524 1912 est
2539 1890 2634 1912 causa

1636 1923 1785 1953 movendi
1809 1933 1906 1964 quam
1929 1933 2081 1964 sequens,
2105 1930 2135 1955 et
2157 1924 2297 1956 movebit
2319 1924 2429 1965 magis.
2458 1924 2634 1965 Dupliciter

1637 1966 1723 1997 enim
1740 1976 1868 1997 movere
1884 1974 1959 2006 erat,
1982 1968 2068 1998 aliud
2091 1968 2220 2009 quidem
2235 1968 2324 2010 quod
2339 1969 2377 1999 ab
2401 1968 2463 1999 alio
2486 1975 2634 2000 movetur

1636 2010 1764 2050 ipsum,
1792 2010 1878 2041 aliud
1907 2018 2014 2042 autem
2043 2021 2079 2042 ex
2109 2011 2231 2052 seipso:
2261 2012 2436 2052 proximius
2458 2019 2565 2044 autem
2587 2018 2635 2044 est

1637 2054 1726 2095 quod
1740 2055 1866 2095 longius
1882 2062 1928 2086 est
1943 2055 1982 2086 ab
1998 2065 2036 2086 eo
2053 2056 2142 2096 quod
2165 2063 2321 2095 movetur,
2345 2055 2512 2097 principio,
2535 2065 2635 2097 quam

1637 2098 1789 2128 medium.

1572 2141 1739 2181 Amplius,
1764 2151 1830 2172 non
1857 2151 1983 2172 necesse
2014 2148 2059 2173 est
2088 2152 2221 2173 movens
2248 2142 2368 2173 moveri
2399 2142 2458 2173 nisi
2489 2153 2507 2174 a
2530 2142 2634 2185 seipso

1639 2185 1815 2215 secundum
1837 2186 1996 2216 accidens:
2021 2195 2096 2226 ergo
2116 2193 2224 2218 contra
2246 2193 2354 2217 movet
2381 2186 2525 2218 alterum.
2543 2186 2636 2219 Aed—

1639 2229 1766 2273 piebam
1792 2229 1886 2269 igitur
1910 2229 2090 2270 contingere
2113 2240 2179 2261 non
2202 2238 2347 2261 movere:
2373 2240 2447 2271 ergo
2471 2231 2528 2263 erit
2549 2231 2637 2262 aliud

1638 2273 1768 2313 quidem
1787 2273 1875 2314 quod
1898 2279 2062 2312 movetur,
2081 2274 2167 2305 aliud
2185 2281 2293 2306 autem
2310 2284 2442 2306 movens
2460 2275 2634 2307 immobile.

1573 2316 1732 2356 Amplius,
1756 2327 1822 2348 non
1841 2327 1966 2348 necesse
1985 2324 2031 2348 est
2049 2327 2192 2357 movens,
2208 2329 2283 2349 cum
2304 2325 2423 2358 movet,
2443 2326 2551 2350 contra
2566 2328 2636 2350 mo-

1640 2360 1721 2391 veri:
1746 2361 1801 2392 sed
1823 2367 1878 2392 aut
1900 2361 2065 2392 immobile
2088 2372 2216 2393 movere
2234 2372 2360 2393 necesse
2375 2369 2432 2402 est,
2456 2369 2511 2394 aut
2527 2363 2636 2404 ipsum

1640 2414 1658 2434 a
1677 2404 1780 2445 seipso
1799 2405 1931 2445 moveri,
1951 2405 1977 2436 si
1995 2415 2121 2436 necesse
2140 2412 2187 2437 est
2204 2416 2328 2447 semper
2346 2413 2474 2438 motum
2492 2416 2568 2438 esse.

1571 2447 1731 2488 Amplius,
1746 2449 1771 2479 si
1789 2456 1898 2480 movet
1912 2456 2049 2488 motum,
2073 2456 2103 2481 et
2125 2449 2304 2481 movebitur
2318 2450 2438 2491 utique.
2462 2450 2568 2488 Quare
2587 2460 2636 2482 ea-

1638 2492 1783 2523 lefaciens
1807 2492 1916 2524 calefit.

1572 2536 1589 2555 *
1608 2537 1651 2567 At
1672 2547 1747 2567 vero
1770 2547 1873 2578 neque
1895 2537 1993 2578 ipsius
2012 2536 2116 2578 primo
2140 2537 2281 2578 seipsum
2303 2537 2471 2578 moventis,
2494 2545 2550 2570 aut
2571 2548 2635 2570 una

1639 2591 1710 2621 pars
1733 2588 1787 2612 aut
1808 2581 1914 2622 plures
1940 2582 2115 2612 movebunt
2138 2581 2206 2622 ipsa
2229 2581 2365 2621 seipsam
2391 2592 2611 2624 unaquaeque.

1574 2624 1698 2655 Totum
1722 2625 1806 2655 enim
1836 2625 1861 2655 si
1885 2632 2030 2656 movetur
2052 2625 2158 2665 ipsum
2181 2636 2199 2656 a
2223 2625 2348 2666 seipso,
2380 2633 2435 2657 aut
2464 2626 2502 2657 ab
2526 2626 2634 2668 aliquo

1640 2679 1752 2699 eorum
1775 2679 1856 2710 quae
1880 2676 1953 2700 sunt
1974 2669 2074 2710 ipsius
2096 2669 2285 2708 movebitur,
2309 2676 2364 2700 aut
2385 2676 2491 2701 totum
2515 2680 2533 2700 a
2554 2676 2635 2702 toto.

1640 2713 1672 2744 Si
1695 2713 1788 2753 igitur
1811 2713 1886 2754 quia
1908 2719 2055 2744 movetur
2078 2714 2183 2755 aliqua
2205 2724 2277 2754 pars
2299 2713 2367 2754 ipsa
2386 2724 2404 2744 a
2423 2714 2536 2755 seipsa,
2559 2713 2637 2746 haec

1640 2757 1750 2798 utique
1773 2757 1830 2788 erit
1853 2757 1994 2798 primum
2019 2758 2127 2798 ipsum
2154 2757 2295 2798 seipsum
2318 2767 2450 2789 movens
2478 2756 2638 2801 (separata

1641 2801 1726 2832 enim
1740 2801 1816 2832 haec
1832 2802 1963 2842 quidem
1981 2802 2121 2833 movebit
2138 2801 2206 2842 ipsa
2224 2800 2394 2844 seipsam);
2408 2808 2514 2834 totum
2529 2809 2638 2834 autem

1641 2855 1707 2875 non
1730 2845 1804 2876 iam.
1829 2845 1861 2876 Si
1884 2852 1991 2876 autem
2013 2852 2118 2876 totum
2141 2855 2159 2875 a
2182 2852 2251 2876 toto
2274 2852 2436 2885 movetur,
2460 2846 2637 2877 secundum

1641 2889 1783 2919 accidens
1806 2890 1917 2930 utique
1940 2890 2114 2920 movebunt
2137 2889 2196 2919 hae
2222 2889 2308 2930 ipsae
2331 2889 2457 2930 seipsas.
2482 2890 2588 2927 Quare
2610 2889 2637 2920 si

1642 2943 1708 2963 non
1722 2939 1796 2964 sunt
1810 2933 1992 2972 necessaria,
2016 2933 2208 2973 accipiantur
2229 2943 2294 2963 non
2315 2939 2404 2964 mota
2425 2932 2544 2974 seipsis.
2569 2933 2636 2964 To-

1641 2977 1704 3007 tius
1719 2976 1814 3016 igitur
1829 2977 1915 3008 aliud
1930 2976 2071 3008 movebit
2092 2986 2167 3007 cum
2181 2976 2345 3008 immobile
2367 2977 2417 3016 sit,
2427 2976 2515 3007 aliud
2529 2983 2637 3008 autem

1642 3020 1837 3051 movebitur:
1863 3021 1970 3052 solum
1992 3020 2078 3051 enim
2093 3020 2138 3051 sic
2153 3020 2301 3061 possibile
2324 3027 2371 3052 est
2393 3020 2512 3062 aliquid
2530 3020 2637 3062 ipsum

1643 3063 1761 3095 mobile
1784 3074 1860 3095 esse.

1576 3108 1735 3149 Amplius,
1750 3107 1775 3138 si
1791 3115 1856 3139 tota
1871 3107 1939 3148 ipsa
1958 3107 2094 3148 seipsam
2116 3114 2240 3147 movet,
2263 3107 2325 3140 hoc
2348 3108 2479 3149 quidem
2497 3108 2638 3141 movebit

1643 3151 1753 3192 ipsius,
1772 3151 1850 3183 illud
1873 3158 1979 3183 autem
1998 3151 2187 3183 movebitur.
2210 3152 2294 3193 Ergo
2318 3152 2373 3183 AB
2401 3163 2420 3183 a
2443 3152 2544 3193 seipsa
2567 3153 2637 3195 qui-

1644 3195 1717 3227 dem
1740 3195 1917 3227 movebitur
1940 3202 1970 3227 et
1993 3196 2031 3226 ab
2054 3197 2094 3226 A.

1577 3299 1632 3328 sint
1653 3298 1746 3328 eidem
1768 3300 1927 3328 secundum
1941 3299 2027 3335 idern,
2043 3300 2122 3337 quod
2137 3305 2179 3328 est
2192 3298 2406 3328 inconveniens.
2422 3316 2441 3322 -
2453 3309 2482 3335 4.
2498 3300 2527 3335 b)
2549 3299 2636 3334 Quod

1577 3346 1716 3374 movetur,
1732 3338 1903 3376 inquantum
1917 3339 2093 3374 huiusmodi,
2108 3345 2150 3367 est
2164 3339 2193 3367 in
2208 3339 2351 3375 potentia;
2366 3340 2446 3377 quod
2460 3345 2556 3367 autem
2571 3347 2636 3367 mo·

1576 3385 1631 3414 vet,
1642 3379 1699 3407 iam
1721 3385 1763 3407 est
1784 3379 1814 3407 in
1835 3385 1909 3413 actu,
1924 3378 1982 3407 sive
2003 3378 2039 3407 sit
2059 3387 2179 3407 movens
2199 3378 2356 3407 univocum
2377 3388 2443 3408 cum
2465 3385 2556 3414 moto,
2577 3377 2636 3406 sive

1576 3427 1637 3446 non
1657 3418 1822 3446 univocum.
1837 3419 1914 3455 Ergo
1935 3418 1959 3446 si
1979 3424 2073 3447 totum
2095 3424 2191 3446 movet
2213 3427 2243 3446 se
2259 3424 2362 3454 totum,
2378 3417 2455 3446 idem
2476 3417 2636 3446 secundum

1576 3457 1652 3485 idem
1674 3457 1727 3485 erit
1747 3457 1831 3485 simul
1853 3457 1881 3485 in
1903 3457 2032 3494 potentia
2053 3464 2080 3486 et
2101 3457 2130 3485 in
2150 3464 2225 3493 actu,
2244 3458 2324 3495 quod
2346 3463 2388 3486 est
2408 3456 2593 3494 impossibile.
2616 3471 2636 3478 -·

1577 3497 1652 3533 Ergo
1668 3497 1808 3525 moventis
1823 3497 1947 3533 seipsum
1963 3506 2022 3525 una
2042 3506 2108 3533 pars
2130 3503 2226 3525 movet
2246 3503 2274 3525 et
2287 3497 2343 3525 alia
2361 3503 2501 3525 movetur.
2516 3512 2536 3517 -
2551 3496 2577 3524 5.
2592 3496 2637 3523 De

1577 3536 1692 3564 duobus
1712 3535 1775 3564 aliis
1796 3535 1890 3564 modis
1911 3536 2070 3564 secundum
2089 3545 2162 3573 quos
2176 3543 2273 3573 posset
2293 3535 2358 3573 quis
2375 3535 2535 3564 existimare
2555 3534 2636 3571 quod

1577 3574 1685 3611 aliquid
1712 3581 1826 3603 moveat
1855 3574 1990 3612 seipsum.
2005 3591 2024 3596 -
2044 3575 2151 3603 Textus
2178 3575 2343 3604 subdivisio.
2365 3590 2384 3596 -
2405 3575 2471 3603 Non
2498 3573 2637 3610 contingit

2652 879 2662 888 ⁹
2677 878 2732 906 Seq.
2746 883 2798 907 cap.
2810 883 2827 900 v
2840 882 2865 902 et
2896 859 2898 862 ι

2652 908 2706 927 1218.
2720 910 2761 931 4⁰·

2658 1757 2667 1767 ·
2681 1755 2750 1778 Text.
2762 1761 2798 1783 4¹-

2661 2549 2671 2558 ·
2685 2547 2752 2571 Text.
2765 2553 2806 2576 ⁴³·

2891 2513 2892 2516 „
2889 2463 2898 2494 Α-
2891 2323 2898 2452 ..mm—..mm
2892 2249 2898 2312 ..rt-At...
2894 2205 2898 2240 ......
2897 2175 2898 2178 „
2892 2135 2898 2139 =.

2880 3163 2898 3588 ‹mmvfflm—safisv’m
2891 3103 2898 3123 Α.
2892 3072 2893 3075 Α
