2898 3996
51 2062 58 2084 ‘k
64 2073 80 2089 ⁴
92 2077 163 2100 Num.
177 2085 202 2105 4.

50 2181 78 2209 '⁴5
83 2189 115 2220 ‘ct
126 2187 179 2210 cdd.
194 2194 262 2210 noan.

83 2871 122 2891 ‘ex
134 2870 184 2897 rab,
200 2876 277 2892 ouh*

1121 271 1231 307 CAP.
1260 270 1363 316 vm,

367 349 505 376 Smer-⁵15
526 364 560 369 —
587 357 611 375 1.
634 349 843 385 Argumentum
865 354 893 376 et
913 348 1014 376 divisio
1035 354 1136 376 textus.
1158 364 1177 369 -
1198 355 1225 375 2.
1247 346 1359 383 Duplici

306 387 418 416 ratione
438 388 578 424 probatur
591 388 671 424 quod
685 393 778 416 motus
792 388 946 415 circularis
962 393 1057 425 potest
1071 396 1132 415 esse
1147 387 1175 414 in
1186 392 1359 424 perpetuum

307 427 466 455 continuus.
487 429 515 462 a)
537 428 568 455 In
589 434 671 455 motu
692 426 829 462 circulari,
850 426 881 454 id
901 427 980 463 quod
1007 433 1153 460 movetur,
1178 431 1246 462 puta
1267 426 1303 453 ab
1324 425 1359 460 A,

307 465 392 494 simul
413 472 546 494 movetur
559 459 596 495 ad
609 466 686 495 idem
708 467 866 494 secundum
887 467 1010 494 eundem
1026 474 1193 510 processum
1207 470 1235 492 et
1248 470 1359 492 servato

306 505 411 534 eodem
432 505 533 533 ordine
557 505 689 542 partium.
715 506 799 533 Unde
824 505 911 533 etiam
938 505 968 533 in
995 504 1136 541 principio
1164 510 1268 538 motus,
1290 504 1359 530 dum

307 544 415 572 mobile
441 545 593 573 recedebat
619 546 656 573 ab
677 546 718 580 A,
746 545 915 573 movebatur
935 544 1021 572 simul
1041 545 1078 571 ad
1101 543 1196 579 ipsum
1217 543 1258 577 A,
1280 543 1360 578 quod

306 583 338 612 in
357 591 439 613 motu
459 584 565 612 reflexo
586 593 647 612 non
667 583 814 621 contingit.
829 600 848 605 -
862 585 921 612 Nec
940 592 973 611 ex
986 584 1043 612 hoc
1063 582 1191 619 sequitur
1205 582 1284 618 quod
1298 590 1360 609 mo-

306 629 406 652 veatur
426 623 553 652 motibus
580 623 742 651 contrariis:
766 632 827 651 non
847 622 924 650 enirn
952 621 1047 650 omnis
1070 628 1167 650 motus
1195 620 1244 658 qui
1269 627 1311 648 est
1331 621 1361 648 in

307 662 432 700 aliquem
453 662 616 707 terminum,
639 662 828 691 contrariatur
848 661 939 690 motui
960 660 1010 698 qui
1031 666 1074 688 est
1094 669 1127 688 ex
1148 660 1196 688 illo
1217 660 1360 695 termino;

306 703 357 730 sed
378 702 432 730 ista
452 701 636 733 contrarietas
656 701 799 730 invenitur
818 701 848 728 in
869 701 945 728 linea
964 706 1057 735 recta,
1086 700 1245 728 secundum
1273 708 1361 736 quam

306 741 462 770 attenditur
475 740 659 770 contrarietas
673 740 703 768 in
717 741 791 769 loco.
813 739 1008 771 Manifestatur
1022 740 1077 767 hoc
1091 748 1142 775 per
1156 739 1327 775 exemplum.
1343 755 1362 760 -

306 781 424 808 Nullum
447 790 515 817 ergo
541 779 669 817 sequitur
694 779 898 807 inconveniens
919 778 942 806 si
963 787 1106 815 ponamus
1132 784 1245 807 motum
1271 777 1361 806 circu-

305 819 396 848 larem
418 829 480 848 esse
501 819 685 853 continuum,
713 818 763 854 qui
783 818 870 846 etiam
891 818 977 846 habet
1004 827 1089 846 suum
1117 818 1361 853 complementum

304 868 357 896 per
370 860 426 887 hoc
440 859 520 896 quod
533 864 575 886 est
588 859 624 886 ab
646 858 748 885 eodem
762 857 792 885 in
806 857 899 892 idem;
921 866 986 886 cum
1008 867 1023 885 e
1038 863 1138 885 contra
1152 863 1248 885 motus
1269 863 1361 884 rectus

285 922 288 925 .
305 899 410 926 habeat
430 907 515 926 suum
529 897 772 934 complementum
787 904 838 933 per
852 897 908 924 hoc
930 897 1010 933 quod
1029 903 1071 924 est
1085 898 1120 924 ab
1142 905 1202 924 uno
1223 896 1253 923 in
1274 896 1360 931 aliud,

304 945 357 973 per
377 937 457 973 quod
477 936 631 972 impeditur
651 935 711 963 eius
733 935 927 970 continuatio,
950 935 972 963 si
994 937 1030 963 ab
1050 935 1100 963 illo
1122 935 1178 964 alio
1206 941 1362 963 revertatur

305 975 335 1003 in
355 975 440 1003 idem.
454 991 474 996 -
491 975 516 1003 3.
538 976 566 1011 b)
581 975 611 1003 Si
631 974 739 1011 aliquid
755 984 807 1011 per
827 975 932 1003 lineam
953 981 1069 1009 rectam,
1091 981 1161 1011 puta
1181 983 1233 1010 per
1253 974 1360 1002 diame-

303 1021 389 1050 trum,
412 1021 562 1043 moveatur
581 1016 616 1043 de
630 1015 657 1043 A
671 1014 701 1042 in
716 1015 747 1049 B,
763 1020 790 1042 et
804 1014 907 1042 iterum
928 1023 980 1051 per
994 1015 1118 1042 eundem
1139 1014 1310 1041 diametrum
1326 1014 1361 1041 de

305 1055 328 1081 B
348 1052 379 1081 in
399 1054 440 1089 A,
462 1063 578 1082 necesse
599 1060 641 1082 est
662 1051 742 1090 quod
761 1063 813 1090 per
833 1054 934 1082 eadem
955 1053 1050 1081 media
1070 1053 1176 1089 pluries
1198 1059 1360 1087 moveatur3

304 1093 356 1121 sed
375 1093 399 1121 si
421 1099 571 1121 moveatur
590 1093 626 1121 de
646 1094 672 1121 A
686 1092 716 1120 in
731 1094 754 1120 B
768 1103 820 1129 per
839 1093 1058 1126 semicirculum,
1081 1098 1109 1120 et
1125 1093 1161 1120 de
1175 1091 1238 1128 ipso
1253 1091 1320 1119 Bjn
1334 1092 1359 1119 A

304 1141 356 1168 per
375 1132 496 1160 alterum
517 1132 726 1160 semicirculum
747 1133 839 1169 (quod
860 1139 902 1160 est
923 1131 1096 1160 circulariter
1116 1131 1246 1167 moveri),
1268 1131 1360 1159 mani-

303 1171 408 1199 festum
429 1178 471 1200 est
492 1172 572 1209 quod
592 1181 652 1200 non
673 1171 746 1200 redit
766 1173 803 1200 ad
824 1171 901 1200 idem
922 1181 973 1208 per
994 1172 1095 1199 eadem
1122 1170 1226 1199 media.
1251 1171 1293 1198 De
1314 1179 1358 1198 ra-

303 1210 382 1238 tione
408 1218 504 1238 autem
532 1211 734 1247 oppositorum
762 1217 805 1239 est
829 1209 909 1248 quod
922 1214 924 1219 ⁴
937 1210 1153 1239 considerentur
1178 1210 1252 1238 circa
1272 1209 1358 1237 idem.

303 1251 381 1286 Ergo
402 1250 512 1279 moveri
533 1251 570 1278 de
590 1251 694 1278 eodem
714 1249 744 1278 in
765 1250 841 1278 idem
870 1251 1028 1278 secundum
1050 1256 1162 1278 motum
1183 1249 1358 1284 circularem,

436 1368 457 1380 ,,
542 1350 551 1364 “
567 1350 742 1391 ostquam
769 1342 1022 1390 Philosophus
1055 1341 1216 1378 ostendit
1257 1340 1361 1390 quod

391 1392 395 1405 ¹
432 1392 478 1438 ζ’χ
508 1410 551 1461 4⁸¹⁴
566 1395 689 1431 nullus
715 1402 841 1431 motus
869 1395 994 1431 localis
1022 1402 1145 1442 potest
1165 1405 1245 1430 esse
1274 1406 1362 1430 con-

389 1474 395 1482 .
422 1443 429 1447 “
471 1443 691 1513 &jftinuus
717 1454 866 1495 praeter
891 1447 1122 1493 circularem,
1151 1446 1212 1483 hie
1239 1453 1362 1482 osten-

367 1525 386 1530 -ψ
566 1499 619 1536 dit
646 1499 749 1547 quod
767 1507 893 1536 motus
922 1499 1107 1536 circularis
1129 1506 1253 1548 potest
1281 1511 1361 1535 esse

305 1535 503 1588 continuus
532 1559 568 1588 et
594 1551 750 1599 primus.
781 1553 829 1588 Et
855 1552 978 1600 primo
1008 1551 1169 1588 ostendit
1195 1552 1268 1587 hoc
1294 1563 1363 1599 per

301 1603 474 1653 proprias
501 1604 684 1649 rationes3
705 1605 871 1641 secundo
890 1617 959 1652 per
982 1604 1143 1640 rationes
1171 1604 1308 1651 logicas
1328 1611 1364 1640 et

304 1656 541 1703 communes,
561 1656 632 1693 ibi:
652 1656 936 1693 Rationahiliter
954 1662 1077 1693 autem
1102 1657 1236 1693 accidit
1253 1658 1272 1678 *
1293 1664 1360 1693 etc.

305 1709 413 1745 Circa
443 1709 611 1757 primum
648 1709 725 1745 duo
753 1709 862 1746 facit:
890 1709 1014 1757 primo
1057 1709 1219 1745 ostendit
1260 1709 1364 1756 quod

305 1769 432 1798 motus
453 1761 636 1798 circularis
657 1761 702 1798 sit
730 1761 928 1798 continuus
947 1767 980 1806 ⁰²;
1002 1761 1169 1808 secundo
1194 1761 1298 1808 quod
1322 1761 1365 1797 sit

304 1813 461 1862 primus,
480 1813 547 1850 ibi:
577 1814 686 1855 Quod
702 1820 825 1850 autem
841 1814 1020 1850 lationum
1037 1814 1056 1834 ’¹‘
1073 1820 1141 1850 etc.
1168 1813 1277 1850 Circa
1289 1814 1363 1861 pri-

304 1877 413 1902 mum
447 1867 523 1902 duo
556 1866 657 1902 facit:
686 1866 808 1914 primo
841 1866 949 1914 ponit
986 1866 1078 1902 duas
1115 1865 1277 1902 rationes
1315 1865 1363 1902 ad

305 1918 583 1955 ostendendum
600 1956 602 1958 ,
619 1918 724 1966 quod
752 1926 878 1955 motus
908 1918 1094 1955 circularis
1130 1926 1254 1967 potest
1282 1931 1362 1955 esse

305 1970 521 2015 continuus;
543 1970 710 2007 secundo
732 1983 776 2007 ex
796 1970 938 2008 eisdem
957 1971 1161 2008 rationibus
1178 1971 1363 2008 concludit

305 2023 410 2070 quod
437 2023 560 2059 nullus
588 2023 680 2066 alius
713 2030 840 2059 motus
875 2031 999 2071 potest
1027 2035 1109 2060 esse
1143 2023 1361 2070 continuus,

304 2074 372 2111 ibi:
400 2075 647 2123 Manifestum
674 2081 797 2112 autem
825 2081 860 2111 et
885 2088 935 2112 ex
961 2077 1032 2112 hac
1059 2076 1237 2112 divisione
1254 2077 1273 2097 *
1293 2084 1360 2113 etc.

360 2138 395 2164 2.
435 2127 551 2172 Quod
583 2135 710 2164 autem
743 2135 870 2163 motus
904 2128 1090 2164 circularis
1125 2128 1243 2176 possit
1280 2126 1382 2164 esse'

303 2191 402 2216 unus
424 2180 443 2201 *
463 2179 673 2226 continuus,
698 2180 820 2227 prima
849 2180 992 2216 ratione
1013 2180 1064 2216 sic
1092 2181 1238 2228 probat.
1269 2180 1362 2217 Illud

305 2231 436 2268 dicitur
469 2243 551 2268 esse
582 2232 778 2280 possibile,
807 2232 855 2269 ad
884 2232 987 2281 quod
1016 2233 1160 2268 nullum
1197 2233 1364 2281 sequitur

303 2283 556 2332 impossibile3
586 2285 731 2320 nullum
760 2292 886 2320 autem
914 2285 1082 2333 sequitur
1113 2285 1362 2333 impossibile,

304 2336 335 2372 si
373 2336 542 2373 dicamus
574 2337 679 2384 quod
715 2345 840 2373 motus
878 2337 1062 2374 circularis
1091 2338 1134 2374 sit
1161 2338 1198 2374 in
1230 2350 1362 2386 perpe-

302 2395 412 2424 tuum
450 2388 660 2426 continuus.
702 2389 818 2436 Quod
855 2397 957 2437 patet
993 2401 1038 2426 ex
1076 2390 1150 2426 hoc
1186 2390 1289 2438 quod
1326 2389 1363 2426 in

302 2448 412 2477 motu
449 2441 635 2488 circulari,
673 2441 763 2478 illud
792 2441 897 2490 quod
933 2449 1110 2478 movetur
1143 2455 1188 2479 ex
1221 2443 1362 2491 aliquo,

302 2500 395 2541 puta
421 2494 471 2540 A,
501 2493 612 2530 simul
640 2492 816 2531 movetur
844 2495 881 2531 in
914 2494 1016 2531 idern
1051 2494 1198 2542 signum
1235 2507 1363 2531 secun-

303 2545 393 2581 dum
426 2546 581 2584 eandem
618 2547 855 2594 positionem,
894 2546 990 2585 idest
1026 2547 1237 2584 secundum
1274 2560 1363 2584 eun-

305 2597 394 2633 dem
422 2609 642 2646 processum
670 2599 840 2646 mobilis,
871 2600 1008 2636 eodem
1037 2599 1169 2636 ordine
1201 2601 1363 2648 partium

304 2657 466 2686 servato,
488 2650 604 2696 Quod
621 2650 660 2687 in
678 2659 787 2688 motu
806 2652 946 2689 reflexo
961 2664 1043 2698 ‚non
1062 2653 1255 2700 contingit;
1276 2653 1364 2701 quia

305 2714 393 2738 cum
413 2702 551 2750 aliquid
580 2703 795 2750 retrocedit,
816 2704 1024 2752 disponitur
1046 2705 1256 2742 secundum
1275 2717 1364 2741 con-

304 2754 456 2791 trarium
483 2754 655 2791 ordinem
681 2755 842 2803 partium
870 2757 908 2792 in
936 2757 1151 2793 movendo:
1187 2757 1275 2805 quia
1301 2759 1363 2794 vel

305 2814 452 2855 oportet
478 2806 584 2858 quod
611 2819 697 2855 pars
725 2808 874 2844 mobilis
902 2820 999 2856 quae
1033 2808 1071 2845 in
1103 2809 1227 2856 primo
1257 2818 1364 2846 motu

305 2867 384 2895 erat
400 2859 515 2907 prior,
535 2858 575 2895 in
590 2861 609 2880 ’¹‘
626 2860 828 2897 reflexione
853 2861 919 2897 fiat
937 2861 1137 2909 posterior3
1161 2863 1223 2898 vel
1252 2874 1363 2910 opor-

303 2918 355 2948 tet
383 2912 485 2960 quod
514 2912 575 2949 illa
601 2924 688 2960 pars
716 2913 866 2949 mobilis
903 2925 1000 2961 quae
1027 2914 1065 2950 in
1104 2914 1228 2962 primo
1257 2922 1363 2951 motu

304 2963 508 3012 aspiciebat
540 2965 588 3001 acl
615 2977 732 3001 unam
770 2965 1019 3002 differentiam
1048 2966 1137 3013 loci,
1166 2974 1256 3015 puta
1276 2967 1363 3003 dex-

304 3023 404 3052 trum
426 3018 488 3052 vel
512 3029 671 3063 sursum,
692 3017 730 3054 in
750 3018 953 3054 reflexione
973 3018 1126 3066 aspiciat
1145 3019 1192 3055 ad
1219 3027 1362 3056 contra—

304 3068 412 3104 rium.
431 3068 507 3105 Sed
521 3069 559 3106 in
573 3076 681 3106 motu
700 3069 866 3107 circulari
881 3077 1051 3107 servatur
1065 3071 1199 3107 eadem
1214 3072 1360 3119 positio,

306 3119 398 3156 dum
418 3121 557 3168 aliquid
575 3130 752 3158 movetur
770 3123 817 3159 ad
836 3123 874 3159 id
894 3135 916 3159 a
930 3135 1006 3170 quo
1027 3124 1175 3160 recedit.
1194 3124 1255 3160 Sic
1274 3136 1361 3171 ergo

304 3172 441 3220 poterit
460 3173 532 3209 dici
550 3175 654 3222 quod
673 3175 784 3211 etiam
799 3187 821 3211 a
835 3175 1017 3223 principio
1038 3176 1094 3212 sui
1113 3183 1248 3222 motus,
1271 3177 1362 3213 dum

305 3224 506 3262 recedebat
531 3226 579 3262 ab
607 3227 653 3272 A,
673 3228 897 3264 movebatur
915 3228 963 3264 ad
982 3228 1055 3263 hoc
1087 3229 1135 3265 ad
1160 3228 1263 3275 quod
1282 3236 1361 3265 tan-

307 3277 395 3314 dem
424 3278 634 3325 perveniet,
664 3279 802 3315 scilicet
830 3280 878 3316 ad
902 3280 1026 3327 ipsum
1051 3281 1096 3316 A.

359 3329 443 3365 Nec
460 3337 615 3378 propter
627 3331 702 3367 hoc
717 3331 883 3378 sequitur
901 3332 974 3367 hoc
993 3331 1235 3379 impossibile,
1257 3333 1359 3380 quod

305 3380 418 3418 simul
437 3390 638 3419 moveatur
665 3383 831 3420 motibus
860 3383 1051 3420 contrariis
1079 3391 1142 3420 aut
1169 3385 1358 3433 oppositis,

361 3503 387 3538 α)
404 3507 489 3528 motus
502 3504 640 3528 circularis
651 3503 686 3528 sit
699 3504 846 3528 continuus.
858 3504 1024 3529 -continuus
1036 3511 1088 3529 om.
1102 3505 1121 3528 Ρ
1135 3509 1160 3528 et
1173 3504 1264 3529 Venet.
1283 3504 1356 3535 1545,

306 3540 354 3563 sed
372 3539 472 3563 videtur
492 3546 578 3563 errore
598 3539 782 3571 typographico
805 3540 932 3563 omissum
952 3540 977 3563 in
996 3539 1079 3571 aliqua
1098 3539 1206 3563 editione
1229 3544 1288 3571 post
1305 3539 1356 3564 Ve-

1394 270 1543 306 LECT.
1573 271 1662 307 XIX
2382 270 2466 339 '437

1413 353 1455 374 est
1476 348 1584 384 absque
1606 348 1796 384 oppositione3
1819 357 1886 385 ergo
1908 354 2003 375 motus
2025 347 2167 376 circularis
2194 353 2288 384 potest
2309 356 2370 375 esse
2391 356 2466 375 unus

1413 392 1441 414 et
1454 386 1616 414 continuus.
1638 389 1702 415 Hoc
1716 394 1812 415 autem
1826 387 1892 415 ideo
1907 396 1968 415 non
1982 386 2120 424 contingit
2134 396 2227 423 neque
2241 387 2271 414 in
2285 387 2360 414 linea
2381 393 2466 421 recta,

1413 434 1507 462 neque
1527 426 1557 453 in
1584 427 1762 454 semicirculo
1783 427 1827 454 vel
1848 426 1903 454 alia
1923 435 2104 463 quacumque
2126 426 2258 463 portione
2280 425 2393 459 circuli,
2416 426 2467 453 sed

1413 464 1443 492 in
1457 465 1520 493 solo
1535 465 1650 500 circulo,
1666 466 1733 502 quia
1746 465 1776 493 in
1790 466 1853 502 ipso
1868 466 1931 493 solo
1946 465 2009 494 finis
2024 466 2175 502 copulatur
2189 465 2346 502 principio:
2362 474 2396 492 ex
2407 473 2466 501 quo

1413 504 1499 532 etiam
1520 512 1636 540 apparet
1657 506 1736 542 quod
1758 505 1835 533 solus
1851 512 1946 533 motus
1967 505 2110 533 circularis
2124 512 2166 533 est
2185 505 2334 541 perfectus.
2350 520 2369 525 -
2382 513 2410 538 4.
2426 505 2468 531 Ex

1413 544 1466 572 hac
1487 550 1582 571 autem
1603 544 1712 572 ratione
1734 545 1915 572 manifestum
1936 551 1986 579 est,
2009 545 2088 580 quod
2109 554 2161 572 nec
2182 545 2212 572 in
2235 544 2296 572 aliis
2316 543 2468 580 generibus

1414 592 1431 611 a
1445 590 1527 610 motu
1547 583 1640 618 locali,
1662 583 1800 620 contingit
1821 592 1882 611 esse
1902 583 2015 620 aliquos
2036 589 2133 611 motus
2154 583 2184 611 in
2211 583 2354 611 infinitum
2376 582 2469 610 conti·-

1413 631 1503 650 nuos:
1525 622 1593 659 quia
1613 622 1699 650 etiam
1727 622 1756 650 in
1784 623 1844 650 aliis
1872 623 2023 659 generibus
2052 629 2164 658 motus,
2186 622 2209 650 si
2231 623 2332 650 debeat
2359 621 2468 658 aliquid

1414 661 1523 689 moveri
1544 662 1580 689 ab
1602 662 1704 689 eodem
1726 661 1755 689 in
1772 662 1857 696 idern,
1873 671 1988 690 necesse
2010 668 2052 690 est
2072 663 2152 698 quod
2173 662 2317 689 multoties
2338 667 2467 697 pertran-

1413 707 1474 728 seat
1501 701 1603 728 eadem
1631 701 1738 736 media,
1768 707 1795 728 et
1821 707 2030 737 consequenter
2057 702 2137 738 quod
2165 707 2314 728 moveatur
2341 700 2468 728 motibus

1414 739 1572 767 contrariis.
1587 756 1605 759 —
1623 740 1648 768 5.
1670 741 1711 767 Ex
1732 740 1894 776 praemissis
1916 740 2056 776 colligitur
2077 741 2228 776 quomodo
2251 749 2310 768 non
2330 740 2403 767 bene
2425 739 2470 767 di-

1413 779 1504 807 xerint
1530 779 1639 815 antiqui
1666 780 1826 814 naturales,
1854 786 1994 815 ponentes
2018 779 2116 807 omnia
2143 788 2256 815 semper
2285 779 2411 807 moveri:
2441 784 2469 806 et

1413 818 1594 846 concluditur
1614 818 1769 854 principale
1783 819 1932 854 intentum,
1948 828 2051 855 nempe
2073 819 2152 855 quod
2173 819 2252 846 nulla
2273 818 2393 846 mutatio
2414 827 2468 854 po-

1413 864 1467 885 test
1488 867 1549 885 esse
1570 857 1680 885 infinita
1700 864 1727 885 et
1748 857 1884 886 continua
1911 858 1965 886 nisi
1993 858 2145 886 circularis.
2165 874 2184 878 -
2207 859 2233 885 6.
2256 858 2354 885 Motus
2374 857 2468 885 circu-

1413 897 1487 924 laris
1508 902 1550 924 est
1566 897 1682 934 primus
1697 903 1832 925 motuum.
1849 898 1991 925 Probatur
2007 897 2114 934 primo.
2137 898 2232 925 Motus
2254 896 2405 931 circularis,
2419 896 2469 932 qui

1413 945 1474 963 non
1489 943 1531 964 est
1551 936 1727 972 compositus
1749 945 1782 964 ex
1796 936 1923 972 pluribus
1948 936 2083 972 motibus,
2108 943 2135 964 et
2157 936 2206 972 qui
2227 945 2287 964 non
2309 935 2469 971 corrumpi-

1413 981 1460 1002 tur
1481 984 1546 1002 cum
1567 975 1726 1011 pervenerit
1747 976 1783 1003 ad
1803 976 1898 1010 finem,
1915 976 1964 1003 sed
1978 982 2072 1012 potest
2093 976 2248 1012 procedere
2264 975 2294 1002 in
2315 974 2469 1009 infinitum,

1415 1020 1456 1041 est
1478 1013 1633 1050 simplicior
1660 1021 1687 1042 et
1708 1015 1857 1050 perfectior
1885 1021 1967 1042 motu
1987 1021 2080 1050 recto,
2103 1021 2131 1043 et
2152 1021 2360 1051 consequenter
2387 1020 2470 1041 motu

1414 1053 1570 1080 commixto
1585 1062 1618 1080 ex
1639 1053 1767 1081 circulari
1791 1060 1818 1081 et
1837 1060 1924 1082 recto.
1953 1054 2111 1084 Perfectum
2133 1060 2228 1082 autern
2251 1060 2279 1081 et
2299 1053 2470 1089 incorrupti-

1414 1091 1471 1119 bile
1492 1098 1534 1119 est
1558 1092 1636 1128 prius
1651 1092 1815 1128 imperfecto
1837 1099 1864 1120 et
1885 1093 2077 1129 corruptibili,
2098 1100 2208 1127 natura,
2224 1093 2335 1121 ratione
2356 1099 2384 1121 et
2397 1098 2470 1120 tem-

1413 1140 1500 1167 pore;
1523 1140 1590 1167 ergo
1619 1137 1671 1159 etc.
1693 1149 1712 1153 —
1734 1141 1761 1168 7.
1784 1133 1924 1160 Probatur
1953 1133 2085 1160 secundo.
2116 1134 2290 1169 Perpetuurn
2318 1139 2360 1160 est
2392 1131 2470 1168 prius

1414 1177 1517 1198 natura
1537 1177 1565 1198 et
1584 1176 1714 1206 tempore
1743 1180 1830 1207 quam
1856 1181 1916 1198 non
1937 1178 2122 1207 perpetuum:
2145 1172 2222 1199 solus
2250 1178 2346 1200 autem
2373 1177 2470 1199 morus

1414 1209 1558 1237 circularis
1579 1216 1672 1246 potest
1700 1219 1761 1238 esse
1789 1217 1958 1246 perpetuus:
1981 1220 2047 1247 ergo
2074 1211 2133 1247 ipse
2162 1218 2203 1239 est
2230 1211 2309 1247 prior
2336 1211 2471 1239 omnibus

1413 1249 1476 1277 aliis
1498 1249 1633 1277 motibus.

1416 1341 1508 1377 sicut
1528 1342 1756 1390 sequebatur
1774 1341 1812 1377 in
1831 1349 1938 1377 motu
1958 1348 2058 1377 recto
2074 1342 2093 1361 ·’3
2121 1342 2210 1377 Non
2226 1341 2326 1378 enim
2347 1341 2471 1378 omnis

1416 1401 1541 1430 motus
1561 1393 1625 1441 qui
1641 1402 1695 1430 est
1709 1394 1757 1430 ad
1772 1394 1936 1442 aliquem
1955 1393 2170 1440 terminum,
2193 1401 2247 1430 est
2267 1394 2472 1430 contrarius

1417 1453 1480 1482 aut
1499 1446 1694 1494 oppositus
1714 1447 1834 1483 motui
1853 1446 1918 1495 qui
1934 1454 1988 1482 est
2003 1458 2048 1482 ex
2062 1446 2124 1482 illo
2142 1446 2278 1482 eodem
2293 1446 2472 1492 termino;

1417 1499 1487 1535 5εά’
1511 1499 1580 1535 ista
1608 1499 1846 1535 contrarietas
1875 1498 2063 1535 invenitur
2089 1498 2127 1535 in
2155 1498 2252 1535 linea
2280 1506 2391 1545 recta,
2417 1511 2473 1535 se-

1418 1551 1585 1588 cundum
1606 1563 1720 1599 quam
1739 1551 1940 1588 attenditur
1955 1551 2196 1588 contrarietas
2215 1551 2253 1587 in
2267 1552 2365 1588 loco.
2383 1552 2474 1587 Non

1418 1604 1518 1640 enim
1548 1604 1748 1640 attenditur
1776 1604 2016 1640 contrarietas
2039 1603 2135 1640 inter
2162 1603 2258 1640 duos
2292 1603 2474 1640 terminos

1417 1657 1628 1693 secundum
1656 1656 1794 1693 lineam
1824 1656 2060 1702 circularem,
2091 1666 2355 1704 quaecumque
2387 1668 2474 1704 pars

1418 1710 1464 1745 sit
1500 1709 1841 1753 circumferentiae3
1876 1708 1943 1745 sed
1980 1709 2190 1745 secundum
2234 1708 2472 1745 diametrum.

1418 1761 1615 1797 Contraria
1643 1761 1743 1798 enim
1773 1769 1858 1797 sunt
1885 1773 1983 1808 quae
2017 1761 2182 1797 maxime
2211 1761 2366 1797 distant:
2396 1773 2474 1798 ma-

1416 1814 1518 1850 xima
1546 1820 1673 1850 autem
1711 1814 1882 1851 distantia
1915 1813 2010 1850 inter
2048 1813 2143 1850 duos
2180 1813 2360 1850 terminos
2397 1826 2475 1850 non

1417 1873 1656 1903 mensuratur
1683 1866 1892 1903 secundum
1916 1866 2054 1902 lineam
2082 1866 2310 1912 circularem,
2331 1866 2399 1902 sed
2418 1878 2474 1903 se-

1419 1919 1586 1955 cundum
1615 1919 1752 1955 lineam
1780 1926 1932 1955 rectam.
1954 1915 2117 1955 Possunt
2147 1918 2247 1954 enirn
2274 1918 2370 1955 inter
2398 1919 2474 1955 duo

1417 1979 1556 2019 puncta
1584 1972 1750 2008 infinitae
1779 1971 1897 2007 lineae
1928 1983 2065 2007 curvae
2094 1971 2270 2017 describi,
2301 1971 2368 2007 sed
2395 1983 2474 2008 non

1417 2024 1487 2060 nisi
1514 2036 1591 2061 una
1628 2024 1725 2060 linea
1753 2031 1870 2060 recta:
1901 2023 1939 2060 id
1967 2031 2094 2060 autem
2122 2023 2228 2071 quod
2256 2031 2310 2059 est
2341 2036 2473 2070 unum,

1418 2084 1474 2113 est
1501 2088 1681 2114 mensura
1709 2077 1747 2113 in
1775 2076 1942 2124 quolibet
1969 2088 2118 2123 genere.
2150 2075 2213 2112 Sic
2239 2075 2347 2122 igitur
2373 2083 2476 2124 patet

1417 2129 1522 2177 quod
1550 2130 1582 2166 si
1601 2129 1648 2166 sit
1675 2128 1806 2177 aliquis
1833 2129 2001 2174 circulus,
2024 2135 2059 2164 et
2087 2128 2274 2165 dividatur
2300 2141 2369 2177 per
2396 2141 2475 2165 me-

1417 2181 1542 2226 dium,
1573 2189 1609 2218 et
1645 2180 1690 2217 sit
1727 2180 1909 2217 diameter
1946 2181 2026 2217 eius
2053 2182 2138 2226 AB3
2168 2188 2293 2217 motus
2330 2181 2393 2229 qui
2421 2189 2477 2218 est

1417 2245 1485 2281 per
1509 2232 1739 2271 'diametrum
1764 2233 1811 2269 ab
1840 2235 1874 2269 A
1894 2233 1931 2269 in
1958 2234 2007 2279 B,
2038 2240 2092 2269 est
2121 2233 2327 2269 contrarius
2354 2234 2475 2278 motui

1418 2285 1481 2334 qui
1511 2295 1566 2323 est
1592 2297 1660 2335 per
1698 2285 1862 2321 eundem
1901 2285 2127 2322 diametrum
2155 2298 2176 2322 a
2205 2287 2235 2321 B
2263 2285 2302 2321 in
2330 2288 2375 2322 A.
2398 2286 2474 2322 Sed

1417 2345 1545 2375 motus
1572 2337 1636 2387 qui
1665 2345 1719 2374 est
1737 2349 1805 2385 per
1832 2337 2108 2374 semicirculum
2128 2338 2175 2374 ab
2204 2339 2238 2374 A
2266 2338 2304 2374 in
2333 2339 2375 2385 B,
2396 2351 2474 2375 non

1418 2398 1472 2427 est
1502 2389 1708 2428 contrarius
1741 2389 1861 2426 motui
1889 2390 1952 2437 qui
1980 2397 2035 2426 est
2062 2402 2130 2438 per
2166 2390 2281 2426 alium
2310 2390 2473 2427 semicir—

1419 2444 1546 2485 culum
1575 2456 1597 2480 a
1624 2444 1654 2478 B
1683 2443 1721 2479 in
1749 2444 1794 2479 A.
1823 2442 2076 2478 Contrarietas
2113 2450 2239 2478 autem
2268 2441 2346 2479 era't
2375 2454 2472 2491 quae

1417 2495 1650 2544 impediebat
1677 2494 1781 2544 quod
1800 2502 1926 2530 motus
1955 2495 2115 2531 reflexus
2134 2507 2212 2531 non
2239 2503 2368 2543 posset
2391 2507 2472 2532 esse

1419 2548 1631 2594 continuus,
1647 2556 1692 2585 ut
1712 2559 1755 2583 ex
1775 2547 2030 2595 superioribus
2047 2548 2066 2568 ²2
2082 2547 2286 2583 rationibus
2306 2555 2470 2595 apparet.

1418 2601 1521 2638 Nihil
1546 2613 1634 2648 ergo
1662 2599 1847 2649 prohibet,
1869 2600 2127 2637 contrarietate
2147 2600 2302 2646 sublata,
2323 2608 2471 2636 motum

1419 2654 1636 2691 circularem
1666 2665 1746 2689 esse
1768 2651 1999 2698 continuum,
2022 2660 2057 2688 et
2075 2660 2203 2688 tamen
2215 2653 2233 2673 ²³
2253 2653 2356 2688 nullo
2376 2660 2469 2689 tem-

1417 2718 1510 2755 pore
1539 2706 1712 2743 deficere.
1734 2707 1782 2742 Et
1801 2704 1910 2741 huius
1940 2704 2031 2741 ratio
2053 2712 2121 2750 est,
2151 2704 2238 2752 quia
2257 2712 2384 2741 motus
2404 2705 2471 2741 cir-

1419 2759 1551 2795 cularis
1570 2759 1684 2795 habet
1712 2770 1822 2795 suum
1844 2758 2165 2805 complementum
2184 2769 2252 2805 per
2275 2758 2348 2793 hoc
2367 2758 2471 2806 quod

1418 2818 1473 2847 est
1501 2812 1548 2847 ab
1579 2811 1716 2848 eodem
1744 2811 1782 2847 in
1810 2810 1928 2855 idem;
1959 2817 1995 2846 et
2023 2810 2074 2846 sic
2101 2821 2169 2858 per
2195 2810 2269 2846 hoc
2296 2822 2375 2846 non
2402 2810 2470 2846 im-

1417 2863 1565 2911 peditur
1593 2863 1672 2900 eius
1693 2861 1934 2900 continuatio.
1957 2862 2032 2899 Sed
2056 2870 2182 2898 motus
2210 2859 2331 2901 rectus
2358 2863 2473 2899 habet

1418 2928 1528 2952 suurn
1548 2916 1871 2964 complementum
1890 2927 1958 2963 per
1975 2916 2049 2951 hoc
2068 2915 2172 2963 quod
2193 2923 2246 2951 est
2266 2915 2312 2951 ab
2333 2916 2470 2951 eodem

1417 2969 1456 3004 in
1484 2968 1604 3005 aliud:
1624 2969 1725 3005 unde
1754 2969 1783 3004 si
1811 2968 1858 3004 ab
1886 2967 1948 3004 illo
1968 2968 2040 3004 alio
2069 2974 2275 3003 revertatur
2301 2968 2339 3004 in
2367 2967 2469 3004 idern

1418 3033 1440 3056 a
1468 3033 1544 3068 quo
1581 3021 1771 3069 inceperat
1808 3020 1974 3067 moveri,
2005 3032 2082 3056 non
2111 3020 2177 3056 erit
2209 3032 2307 3056 unus
2345 3027 2470 3056 motus

1419 3074 1631 3119 continuus,
1653 3074 1719 3110 sed
1749 3073 1836 3109 duo.

1473 3126 1506 3162 3.
1527 3125 1675 3162 Deinde
1704 3137 1791 3161 cum
1812 3124 1914 3161 dicit:
1942 3125 1993 3160 Et
2018 3125 2117 3172 quod
2134 3124 2279 3172 quidem
2300 3131 2381 3170 etc.,
2400 3135 2468 3171 po-

1417 3177 1470 3213 nit
1499 3178 1706 3215 secundam
1735 3177 1933 3221 rationem,
1964 3176 2090 3212 dicens
2119 3175 2222 3223 quod
2249 3183 2374 3212 motus
2403 3175 2469 3212 cir-

1417 3230 1551 3266 cularis
1571 3242 1650 3266 non·
1670 3238 1724 3266 est
1751 3229 1789 3265 in
1809 3229 1950 3265 eisdem
1959 3239 1971 3273 3⁴
1998 3229 2063 3264 sed
2083 3235 2208 3264 motus
2233 3235 2354 3264 rectus
2373 3228 2468 3264 mul-

1361 3293 1369 3301 ·
1414 3282 1523 3318 toties
1552 3290 1607 3319 est
1634 3282 1671 3318 in
1701 3282 1851 3318 eisdem.
1873 3280 1988 3326 Quod
2017 3280 2067 3316 sic
2092 3279 2370 3327 intelligendum
2400 3288 2465 3317 est.

1417 3334 1456 3370 Si
1493 3334 1594 3371 enim
1623 3334 1761 3382 aliquid
1794 3340 1993 3369 moveatur
2027 3332 2073 3368 ab
2101 3334 2135 3368 A
2163 3332 2200 3368 in
2228 3333 2258 3367 B
2295 3344 2364 3380 per
2391 3332 2467 3370 dia-

1415 3394 1595 3432 metrum,
1626 3395 1662 3422 et
1689 3386 1823 3421 iterum
1860 3397 1882 3420 a
1915 3385 1946 3421 B
1975 3384 2013 3420 in
2041 3385 2074 3419 A
2101 3396 2170 3432 per
2197 3384 2360 3421 eundem
2390 3385 2466 3422 dia-

1411 3496 1595 3530 enim'clarum
1620 3511 1659 3530 est
1677 3505 1717 3529 hic
1736 3505 1774 3536 agi
1794 3505 1825 3528 de
1849 3504 2022 3529 continuitate
2040 3503 2083 3535 (ut
2101 3504 2190 3528 dicitur
2208 3504 2355 3529 immediate
2373 3504 2461 3538 infra),

1397 3545 1436 3564 -et
1458 3548 1510 3565 non
1529 3541 1561 3565 de
1579 3540 1722 3565 existentia
1741 3544 1827 3563 motus
1846 3539 1983 3569 circularis,
1996 3544 2024 3563 ut
2037 3539 2103 3563 credi
2117 3539 2199 3571 possit
2212 3539 2351 3564 continuus
2366 3540 2463 3564 delibe-

306 3579 358 3599 net.
382 3573 460 3605 1504,
480 3581 558 3606 quem
577 3581 690 3598 errorem
710 3574 795 3598 nullus
821 3575 983 3606 sequentium
1002 3575 1128 3598 editorum
1147 3574 1266 3605 correxit;
1281 3574 1356 3599 nimis
1411 3580 1465 3599 rato
1484 3575 1590 3600 consilio
1602 3579 1757 3607 expunctum
1771 3575 1858 3598 tuisse.
1877 3574 1927 3598 Pro
1945 3574 1987 3603 sit,
2002 3577 2091 3606 potest
2109 3581 2164 3599 esse
2182 3574 2260 3599 DEG.

1256 3689 1278 3703 φ

2498 1352 2507 1362 ·
2524 1351 2558 1373 Cf.
2570 1352 2620 1373 lect.
2634 1357 2682 1379 xvr,

2499 1384 2521 1399 n.
2536 1383 2556 1405 3,
2571 1384 2593 1404 4.

2499 2555 2509 2564 ‘¹
2524 2554 2585 2576 Lect.
2595 2560 2642 2579 xvr,
2653 2561 2675 2575 n.
2688 2561 2708 2583 3,

2498 2587 2521 2606 4;
2535 2581 2622 2611 etject.
2633 2587 2709 2608 praec.

2494 2613 2594 2634 passim.

2497 2663 2564 2684 non
2578 2669 2645 2690 Eupo,
2658 2669 2706 2684 om.

2498 2695 2550 2713 sot.
2566 2695 2615 2711 cum
2626 2695 2658 2717 pi.
2673 2691 2706 2715 (et

2499 2715 2568 2741 cet?).
