2950 4004
239 787 251 798 ²*
265 786 335 808 Num.
351 793 400 814 seq.

242 1323 253 1333 ¹⁴¹
268 1322 374 1349 sequitur
385 1321 453 1343 codd.

242 1354 291 1370 cxc.
306 1354 340 1370 rs.

241 1480 257 1527 ξι
271 1479 334 1533 L500t.
349 1479 454 1507 praeced.

245 1637 256 1648 ⁴
284 1637 438 1658 circulatione

243 1663 346 1691 quadam
367 1663 435 1685 codd.

244 1695 293 1711 exc.
308 1695 404 1711 neaunz.

242 1743 258 1790 ἓ
266 1743 331 1790 guod
344 1749 391 1765 om.
406 1749 434 1765 rr:

248 1852 259 1863 ⁸
270 1858 316 1880 per
330 1853 373 1874 rab

242 2540 253 2551 ⁸
268 2539 337 2561 habet
350 2539 401 2562 rab.

243 2696 254 2707 '⁶
268 2695 338 2717 Num.
354 2695 376 2717 6.

484 294 558 319 200

482 361 573 411 quid
602 361 647 398 sit
675 368 807 398 natura
827 360 919 406 eius,
940 372 1018 397 non
1041 366 1166 408 potest
1194 371 1276 395 esse
1305 359 1548 397 manifestum

482 427 527 452 ex
555 414 613 451 his
651 427 748 463 quae
782 413 916 450 tradita
954 420 1058 449 erant
1096 412 1142 449 de
1176 419 1349 460 tempore
1378 413 1425 449 ab
1455 413 1550 450 anti-

482 467 676 516 quioribus
691 495 701 513 ,
732 479 857 515 neque
875 477 944 514 per
968 465 1092 514 aliqua
1125 464 1262 514 quibu's
1282 464 1409 513 attingi
1432 466 1550 515 possit

482 520 574 569 quid
592 520 662 568 ipsi
683 519 780 556 circa
799 520 874 555 hoc
894 517 1239 555 determinaverint.
1257 517 1426 564 Quidam
1447 519 1548 556 enim

483 573 656 610 dixerunt
683 573 788 621 quod
815 579 966 620 tempus
996 578 1051 608 est
1082 578 1210 608 motus
1249 570 1361 617 caeli;
1391 571 1549 620 quidam

482 638 576 663 vero
606 626 710 674 quod
740 632 794 661 est
822 624 903 673 ipsa
932 624 1093 673 sphaera
1128 623 1308 661 caelestis.

538 690 572 715 2.
593 678 743 715 Deinde
759 689 847 714 cum
868 677 972 714 dicit:
994 677 1174 719 Quamvis
1193 676 1445 713 circulationis
1464 684 1547 724 etc„

482 731 672 780 improbat
707 730 850 779 positas
887 729 1105 778 opiniones:
1136 736 1172 766 et
1203 729 1328 778 primo
1365 729 1548 778 primam;

483 783 652 821 secundo
669 783 890 829 secundam,
907 782 974 819 ibi:
996 781 1122 819 Totius
1136 789 1261 819 autem
1275 783 1435 830 sphaera
1449 783 1468 804 ’¹‘
1479 790 1547 820 etc.

484 836 596 873 Circa
613 836 782 886 primum
801 835 909 884 ponit
928 835 1022 873 duas
1042 835 1222 872 rationes:
1243 847 1405 884 quarum
1426 835 1550 884 prima

483 890 564 926 talis
594 897 659 926 est.
691 889 730 926 Si
759 888 947 925 circulatio
978 895 1033 925 est
1060 896 1232 937 tempus,
1263 895 1413 936 oportet
1444 888 1550 937 quod

482 955 571 991 pars
600 941 850 980 circulationis
879 941 924 978 sit
953 941 1141 978 circulatio
1170 939 1198 988 Ρ,
1224 940 1312 990 quia
1339 953 1427 990 pars
1454 949 1549 978 tem-

482 995 586 1044 poris
615 1003 765 1044 tempus
795 1001 865 1031 est:
896 993 962 1031 sed
988 1007 1075 1043 pars
1105 993 1355 1031 circulationis
1387 1006 1466 1032 non
1495 1002 1551 1032 est

485 1048 696 1086 circulatio:
719 1060 807 1096 ergo
827 1055 979 1096 tempus
998 1059 1078 1084 non
1098 1055 1153 1084 est
1172 1047 1374 1084 circulatio.

538 1101 756 1138 Secundam
794 1100 980 1137 rationem
1020 1100 1128 1150 ponit
1163 1100 1232 1137 ibi:
1269 1100 1442 1148 Amplius
1482 1112 1548 1137 au-

470 1160 554 1205 -tem
584 1162 672 1202 etc.,
702 1166 799 1202 quae
828 1153 911 1190 talis
941 1160 1005 1190 est.
1036 1154 1165 1200 Motus
1198 1153 1465 1202 multiplicatur
1493 1165 1549 1190 se-

483 1207 653 1244 cundum
687 1206 968 1244 multitudinem
997 1205 1215 1243 mobilium:
1245 1205 1276 1243 si
1305 1218 1393 1254 ergo
1421 1206 1548 1255 plures

483 1268 608 1298 essent
627 1259 730 1307 caeli,
750 1259 877 1309 plures
898 1266 1023 1296 essent
1050 1259 1310 1296 circulationes
1330 1271 1483 1305 eorum3
1514 1266 1549 1296 et

483 1314 547 1361 sic,
578 1313 608 1350 si
637 1312 827 1350 circulatio
866 1312 912 1349 sit
943 1319 1115 1361 tempus,
1145 1319 1367 1361 sequeretur
1395 1313 1414 1332 ⁶
1444 1312 1549 1361 quod

485 1373 609 1403 essent
636 1367 756 1403 multa
783 1372 958 1414 tempora
995 1365 1124 1402 simul:
1154 1365 1260 1413 quod
1289 1372 1344 1401 est
1374 1364 1549 1413 impossi-

483 1419 568 1456 bile.
590 1420 682 1456 Non
703 1418 804 1455 enim
826 1426 881 1455 est
909 1418 1079 1467 accipere
1101 1417 1194 1454 duas
1221 1425 1347 1466 partes
1365 1417 1548 1466 temporis

483 1472 617 1520 simul,
646 1471 717 1509 nisi
743 1483 821 1508 una
860 1471 1048 1508 contineat
1076 1470 1209 1517 aliam,
1236 1477 1277 1507 ut
1305 1482 1418 1519 supra
1445 1472 1465 1490 ⁴*
1495 1470 1548 1507 di-

484 1533 587 1562 ctum
616 1533 681 1562 est.
721 1524 979 1562 Movebantur
1015 1531 1144 1560 tamen
1172 1523 1210 1560 hi
1240 1522 1288 1560 ad
1323 1523 1547 1572 ponendum

483 1586 634 1627 tempus
663 1589 745 1614 esse
783 1576 1086 1623 circulationem,
1116 1575 1203 1624 quia
1235 1576 1418 1614 videbant
1453 1583 1549 1614 tem-

482 1643 578 1680 pora
607 1630 744 1667 circulo
774 1629 942 1679 quodam
973 1630 993 1650 ’¹‘
1021 1628 1198 1666 reiterari.

538 1685 571 1721 3.
593 1683 742 1721 Deinde
764 1695 852 1719 cum
873 1682 976 1719 dicit:
1001 1682 1127 1719 Totius
1142 1687 1266 1718 autem
1285 1682 1445 1731 sphaera
1465 1689 1547 1729 etc.,

483 1736 646 1773 excludit
664 1736 872 1773 secundam
893 1734 1125 1784 opinionem.
1143 1735 1192 1771 Et
1211 1734 1300 1771 dicit
1318 1734 1452 1784 quod*
1468 1734 1549 1783 qui-

483 1790 647 1828 busdam
674 1789 802 1826 visum
822 1795 878 1825 est
906 1788 1011 1837 quod
1030 1788 1192 1836 sphaera
1212 1787 1304 1824 caeli
1329 1794 1427 1824 esset
1454 1795 1548 1824 tem-

482 1856 566 1892 pus,
591 1850 747 1892 propter
764 1843 784 1864 '⁹‘
803 1842 878 1878 hoc
897 1841 1002 1890 quod
1022 1840 1152 1877 omnia
1171 1847 1258 1877 sunt
1284 1840 1324 1877 in
1351 1848 1524 1888 tempore
1536 1869 1545 1887 ,

484 1903 520 1932 et
540 1896 651 1933 etiarn
673 1895 802 1932 omnia
827 1901 913 1931 sunt
926 1893 964 1930 in
984 1894 1146 1942 sphaera
1160 1893 1283 1940 totius,
1296 1893 1384 1942 quia
1400 1894 1547 1930 caelum

485 1949 650 1986 continet
677 1948 823 1985 omnia:
851 1946 954 1983 unde
975 1946 1202 1983 concludere
1224 1946 1416 1993 volebant,
1442 1946 1548 1995 quod

484 2003 644 2051 sphaera
674 2001 766 2038 caeli
795 2007 892 2037 esset
928 2007 1091 2048 tempus.
1123 2001 1165 2036 In
1202 2011 1277 2048 qua
1306 1999 1461 2048 quidem
1490 2012 1547 2036 ra-

484 2055 585 2092 tione
615 2055 754 2103 duplex
783 2061 861 2090 erat
890 2053 1073 2090 defectus:
1093 2052 1220 2101 primo
1249 2052 1406 2100 quidem
1426 2057 1440 2079 7
1460 2052 1547 2101 quia

484 2121 563 2145 non
595 2108 759 2145 univoce
798 2106 932 2143 dicitur
961 2117 1042 2142 esse
1071 2105 1213 2154 aliquid
1241 2105 1279 2141 in
1310 2113 1483 2154 tempore
1513 2113 1548 2142 et

483 2161 523 2198 in
542 2162 640 2207 loc03
657 2159 825 2198 secundo
842 2158 931 2208 quia
947 2159 1306 2206 argumentabantur
1324 2159 1365 2195 in
1379 2158 1546 2195 secunda

483 2215 605 2262 figura
633 2226 679 2250 ex
699 2213 846 2250 duabus
871 2211 1117 2248 affirmativis.
1139 2212 1187 2248 Et
1214 2211 1301 2248 ideo
1328 2211 1415 2248 dicit
1442 2211 1547 2259 quod

483 2267 553 2304 ista
580 2266 718 2316 positio
739 2273 794 2302 est
821 2265 940 2313 magis
961 2265 1082 2311 stulta,
1104 2276 1221 2313 quam
1241 2264 1345 2312 quod
1375 2271 1548 2313 oporteat

485 2319 724 2357 considerare
761 2317 1010 2367 impossibilia
1047 2329 1144 2366 quae
1173 2317 1221 2354 ad
1258 2317 1381 2366 ipsam
1415 2330 1547 2354 conse-

485 2381 661 2423 quuntur.
683 2371 927 2410 Manifestum
957 2377 1012 2407 est
1041 2370 1141 2407 enim
1167 2370 1272 2419 quod
1301 2382 1435 2407 omnes
1463 2382 1546 2419 par-

483 2434 538 2463 tes
567 2427 748 2476 sphaerae
777 2432 863 2461 sunt
890 2424 1018 2470 simul,
1048 2435 1127 2460 non
1155 2430 1284 2460 autem
1312 2423 1505 2472 temporis.

536 2491 574 2526 4.
604 2478 752 2516 Deinde
791 2490 878 2514 cum
917 2476 1028 2514 dicit:
1067 2477 1254 2518 Quoniam
1291 2482 1415 2513 autem
1448 2477 1547 2514 vide-

485 2538 545 2569 tur
573 2540 664 2580 etc.,
694 2531 844 2580 inquirit
880 2529 1078 2579 quomodo
1108 2541 1147 2566 se
1182 2530 1320 2566 habeat
1349 2531 1368 2551 '³²
1396 2537 1547 2578 tempus

485 2586 534 2623 ad
562 2592 723 2622 motum.
744 2585 793 2621 Et
819 2583 944 2633 primo
974 2582 1137 2619 ostendit
1157 2582 1263 2631 quod
1290 2590 1442 2631 tempus
1469 2595 1548 2619 non

487 2646 541 2675 est
569 2646 711 2685 motus3
732 2638 900 2674 secundo
922 2636 1026 2685 quod
1055 2648 1133 2672 non
1154 2643 1209 2672 est
1235 2635 1315 2672 sine
1339 2642 1459 2682 motu,
1479 2635 1548 2672 ibi:

484 2693 536 2728 At
552 2703 641 2729 vero
662 2703 780 2740 neque
806 2691 886 2727 sine
905 2695 1006 2726 motu
1024 2690 1043 2710 *
1060 2696 1128 2725 etc.
1151 2688 1259 2724 Circa
1287 2687 1454 2736 primum
1479 2700 1547 2736 po-

484 2745 538 2782 nit
567 2745 660 2782 duas
689 2743 852 2781 rationes
881 2742 929 2779 ad
958 2741 1236 2778 ostendendum
1266 2740 1369 2789 quod
1397 2748 1549 2789 tempus

485 2810 563 2835 non
592 2798 637 2835 sit
664 2804 791 2834 motus
812 2802 876 2832 aut
903 2795 1073 2841 mutatio,
1095 2794 1199 2843 quod
1226 2801 1355 2842 posset
1382 2794 1548 2830 maxime

484 2851 617 2888 videri.
648 2850 750 2897 Quia
785 2848 908 2885 omnis
937 2847 1095 2884 mutatio
1126 2855 1161 2883 et
1189 2854 1316 2883 motus
1343 2859 1433 2883 vere
1468 2845 1550 2884 est⁸

485 2905 609 2940 solum
646 2903 685 2940 in
721 2903 803 2951 ipso
841 2907 1113 2948 transmutat0‚
1151 2900 1213 2937 vel
1249 2899 1361 2936 etiam
1398 2900 1437 2936 in
1463 2901 1549 2936 loco

484 2957 550 2994 ubi
589 2963 644 2993 est
680 2962 971 2992 transmutatum
1010 2962 1046 2990 et
1073 2960 1338 2990 transmutans.
1373 2953 1550 2999 Quorum

484 3010 652 3058 primum
682 3008 814 3045 dicitur
842 3014 995 3056 propter
1032 3014 1181 3043 motum
1214 3005 1252 3043 in
1280 3005 1486 3043 substantia
1516 3013 1551 3042 et

487 3062 692 3111 quantitate
721 3069 758 3098 et
785 3060 982 3109 qualitate;
1013 3060 1223 3096 secundum
1262 3065 1388 3095 autem
1418 3058 1552 3095 dicitur

540 3175 564 3210 β)
575 3183 643 3209 pars
657 3175 837 3201 cir-culationis
851 3174 886 3200 sit
899 3174 1073 3200 circulatio.-
1087 3173 1229 3203 PsBCHR;
1239 3180 1306 3204 pars
1319 3172 1499 3198 circulationis
1512 3172 1547 3197 sit

486 3216 588 3245 tempus
604 3212 654 3243 (vel
667 3211 805 3236 circulatio
819 3210 876 3235 add.
886 3210 919 3242 T)
936 3215 983 3234 cet.
995 3214 1019 3234 et
1033 3216 1059 3234 α.
1074 3209 1144 3233 quta
1158 3208 1258 3232 codices
1273 3213 1451 3240 argumentum
1463 3212 1546 3232 esset:

485 3249 506 3273 si
526 3248 655 3272 circulatio
674 3251 714 3271 est
726 3251 837 3278 tempus,
856 3250 957 3277 oportet
971 3245 1041 3277 quod
1053 3251 1112 3277 pars
1128 3243 1297 3268 circulationis
1312 3243 1344 3268 sit
1357 3248 1472 3275 tempus;
1488 3243 1548 3275 quia

486 3291 546 3308 cum
565 3290 624 3316 pars
644 3282 767 3314 temporis
781 3281 813 3306 sit
830 3286 945 3313 tempus.
965 3285 1066 3313 oportet
1081 3279 1151 3312 quod
1170 3286 1230 3312 pars
1249 3279 1303 3303 eius
1323 3278 1393 3311 quod
1408 3283 1448 3302 est
1462 3278 1548 3310 ipsum

486 3323 596 3350 tempus,
610 3318 643 3342 sit
654 3322 771 3350 tempus:
783 3317 828 3341 sed
843 3315 997 3349 supponitur
1009 3315 1079 3348 quod
1094 3319 1198 3347 tempus
1212 3314 1244 3338 sit
1253 3314 1390 3339 circulatio
1396 3321 1404 3343 ;
1414 3321 1476 3346 ergo
1489 3321 1548 3346 pars

487 3353 656 3378 cii-culationis
671 3352 717 3377 erit
734 3352 871 3382 circulatio,
887 3351 957 3384 quod
978 3356 1017 3375 est
1035 3350 1144 3380 falsum,
1164 3349 1229 3374 sicut
1243 3349 1337 3374 falsum
1353 3353 1392 3373 est
1406 3349 1476 3381 quod
1489 3356 1548 3381 pars

488 3388 705 3413 circumferentiae
724 3388 756 3413 sit
770 3387 982 3412 circumferentia.
996 3386 1143 3411 Secundum
1163 3385 1182 3409 P
1201 3389 1286 3410 autem
1306 3389 1485 3417 argumentum
1504 3384 1549 3409 ha—

487 3423 559 3447 beret
573 3423 638 3447 hanc
653 3423 775 3447 formam:
789 3424 810 3447 si
822 3423 950 3447 circulatio
964 3427 1003 3446 est
1017 3427 1128 3454 tempus,
1144 3421 1208 3445 sicut
1223 3427 1282 3453 pars
1295 3419 1419 3452 temporis
1433 3424 1472 3444 est
1485 3424 1549 3444 tem-

488 3466 546 3490 pus,
561 3465 592 3481 eo
611 3459 681 3490 quod
697 3459 720 3482 in
735 3463 806 3490 parte
821 3458 946 3490 temporis
960 3458 1122 3482 inveniuntur
1140 3455 1225 3480 omnia
1240 3462 1306 3488 quae
1326 3460 1385 3479 sunt
1404 3455 1435 3479 de
1452 3454 1550 3480 ratione

488 3493 621 3524 temporiS‚
637 3493 670 3517 ita
684 3498 785 3524 oportet
798 3493 867 3526 quod
883 3501 942 3525 pars
956 3492 1127 3517 circulationis
1142 3492 1175 3516 sit
1189 3490 1331 3521 circulatim
1347 3490 1395 3515 hoc
1410 3495 1494 3515 autem
1510 3495 1550 3515 est

490 3527 592 3556 falsum,
606 3528 670 3551 sicut
680 3528 774 3552 dIctum
791 3533 838 3553 est.
858 3528 972 3560 Utraque
985 3528 1059 3552 lectio
1081 3531 1170 3559 posset
1193 3525 1324 3557 sustineri3
1345 3526 1391 3550 sed
1412 3525 1484 3557 pinna
1495 3526 1550 3558 pla-

490 3563 546 3586 nior
558 3563 672 3593 videtum
693 3563 767 3587 lectio
787 3568 871 3587 nutem
892 3564 966 3588 codd.
982 3568 1021 3587 est
1036 3563 1117 3595 magis
1138 3562 1276 3587 conformis
1295 3561 1439 3586 Aristotelis
1459 3561 1550 3586 textui:

489 3595 587 3622 Καίτοι
606 3599 650 3628 τῆς
670 3597 806 3630 περιφορᾶς
825 3595 866 3622 καὶ
888 3595 916 3622 τὸ
937 3597 1011 3631 μέρος
1030 3596 1123 3632 [powg
1142 3595 1178 3627 τίς
1194 3595 1255 3627 ἐστι,
1268 3594 1391 3630 περιφορὰ
1410 3595 1435 3620 δέ
1450 3604 1477 3629 γε
1493 3593 1532 3621 οὔ.

1109 281 1458 318 PHYSICORUM
1484 282 1833 319 ARISTOTELIS
1863 283 1957 319 LIB.
1988 283 2040 320 IV

1603 368 1758 410 propter
1786 369 1936 398 motum
1956 361 1995 398 in
2013 361 2092 409 ubi,
2113 362 2177 410 qui
2206 362 2339 400 dicitur
2357 372 2484 402 motus
2511 365 2549 403 in
2569 366 2666 404 loco.

1605 414 1682 450 Sed
1702 421 1852 463 tempus
1873 421 1928 451 est
1944 414 2086 463 ubique
2116 421 2152 451 et
2171 416 2274 464 apud
2293 417 2443 455 omnia:
2465 430 2553 467 ergo
2573 426 2669 456 tem—

1603 478 1676 515 pus
1692 479 1782 506 ,non
1811 475 1866 504 est
1893 474 2032 504 motus.

1662 520 1694 557 5.
1716 519 1935 557 Secundam
1964 519 2150 557 rationem
2169 519 2277 569 ponit
2300 521 2373 558 ibi:
2402 522 2574 572 Amplius
2601 537 2668 562 au-

1604 577 1676 609 tem
1696 573 1850 610 mutatio
1872 580 1958 610 etc.:
1989 585 2087 622 quae
2106 572 2188 610 talis
2208 581 2274 610 est.
2297 574 2434 612 Omnis
2453 576 2611 614 mutatio
2632 585 2668 615 et

1604 633 1731 662 motus
1762 633 1816 662 est
1842 626 1956 663 velox
1985 634 2049 663 aut
2072 626 2217 663 tardus:
2249 626 2316 663 sed
2334 634 2486 676 tempus
2514 641 2592 666 non
2613 638 2668 668 est

1604 677 1838 715 huiusmodi:
1861 691 1950 727 ergo
1974 686 2125 727 tempus
2145 691 2223 716 non
2244 686 2299 716 est
2318 687 2446 717 motus
2464 682 2526 718 vel
2546 689 2669 720 muta-

1604 730 1668 767 tio.
1699 731 1870 768 Mediam
1899 731 1952 768 sic
1979 733 2127 780 probat.
2157 732 2331 769 Tardum
2361 740 2397 770 et
2414 734 2528 771 velox
2547 734 2667 772 deter-

1605 783 1796 820 minantur
1811 797 1856 821 ex
1870 791 2060 834 ternpore:
2082 784 2170 834 quia
2183 786 2297 822 velox
2313 785 2447 823 dicitur
2461 787 2567 836 quod
2585 799 2669 825 mo-

1604 843 1715 874 vetur
1733 849 1802 885 per
1819 838 1983 874 multum
1998 837 2162 887 spatium
2181 838 2220 875 in
2237 850 2363 887 pauco
2383 846 2574 888 tempore;
2595 848 2667 878 tar-

1606 889 1698 926 dum
1719 897 1846 926 autem
1866 890 1971 939 quod
1991 902 2011 927 e
2032 902 2217 928 converso
2236 903 2306 940 per
2319 904 2487 941 paucum
2503 893 2673 942 spatium,

1604 942 1643 979 in
1662 942 1781 979 multo
1801 950 1973 991 tempore
1987 949 2010 980 ‘.
2034 943 2111 980 Sed
2131 950 2281 994 tempus
2300 957 2379 982 non
2399 945 2668 984 determinatur

1604 1002 1801 1044 tempore,
1840 1007 1965 1044 neque
2003 997 2214 1034 secundum
2253 1009 2362 1034 suam
2400 999 2666 1048 quantitatem,

1603 1060 1729 1097 neque
1757 1048 1969 1086 secundum
2002 1061 2112 1086 suam
2134 1050 2154 1070 ξ’
2183 1049 2419 1097 qualitatem3
2449 1051 2536 1099 quia
2564 1051 2667 1090 idem

1604 1113 1683 1138 non
1709 1108 1764 1138 est
1783 1113 1962 1138 mensura
1982 1101 2038 1138 sui
2058 1101 2186 1150 ipsius.
2216 1099 2317 1149 Ergo
2346 1110 2497 1152 ternpus
2517 1116 2596 1142 non
2615 1113 2670 1142 est

1604 1166 1729 1202 neque
1742 1156 1761 1175 ²¹⁸
1780 1155 1894 1191 velox
1913 1166 2038 1202 neque
2057 1154 2219 1191 tardum.
2242 1155 2291 1191 Et
2311 1155 2399 1203 quia
2417 1165 2670 1205 proposuerat

1604 1207 1710 1255 quod
1729 1207 1888 1243 mutatio
1910 1214 1964 1243 est
1981 1207 2094 1244 velox
2114 1214 2178 1244 aut
2197 1206 2319 1254 tarda,
2349 1220 2428 1245 non
2446 1208 2543 1246 facta
2562 1222 2668 1248 men-

1602 1259 1704 1296 tione
1734 1260 1782 1296 de
1811 1266 1931 1306 motu,
1952 1258 2142 1307 subiungit
2165 1260 2269 1309 quod
2289 1268 2473 1309 quantum
2493 1261 2543 1299 ad
2560 1275 2669 1312 prae-

1604 1325 1702 1359 sens,
1725 1324 1803 1349 non
1823 1311 1948 1348 differt
1976 1311 2099 1349 dicere
2128 1319 2278 1349 motum
2307 1320 2371 1350 aut
2398 1314 2668 1353 mutationem:

1603 1364 1642 1402 in
1671 1364 1801 1413 quinto
1824 1365 1843 1386 ‘¹‘
1868 1364 1969 1401 enim
1999 1364 2218 1402 ostendetur
2251 1377 2385 1403 eorum
2414 1366 2634 1406 differentia.

1658 1418 1693 1454 6.
1715 1417 1863 1454 Deinde
1892 1429 1980 1454 cum
2009 1417 2114 1454 dicit:
2142 1418 2195 1454 At
2219 1429 2322 1465 vero,
2347 1431 2466 1468 neque
2491 1420 2572 1458 sine
2589 1434 2669 1459 mo-

1603 1476 1641 1507 tu
1671 1478 1754 1517 ete.,
1775 1469 1939 1507 ostendit
1958 1471 2062 1519 quod
2090 1476 2241 1520 tempus
2261 1483 2340 1509 non
2369 1479 2423 1509 est
2442 1472 2521 1510 sine
2541 1482 2668 1513 motu:

1604 1523 1693 1573 quia
1721 1523 1875 1572 quando
1912 1523 2088 1560 homines
2116 1535 2195 1561 non
2232 1531 2426 1562 mutantur
2457 1528 2669 1566 secundum

1604 1588 1714 1613 suam
1742 1575 2099 1625 apprehensionem,
2130 1583 2210 1624 aut,
2240 1577 2271 1614 si
2299 1585 2510 1626 mutantur,
2539 1586 2669 1618 tamen

1603 1630 1691 1666 latet
1719 1641 1796 1677 eos,
1822 1636 1912 1666 tunc
1939 1641 2018 1666 non
2045 1629 2195 1667 videtur
2223 1629 2276 1667 eis
2305 1631 2409 1679 quod
2436 1638 2671 1680 pertranseat

1604 1682 1759 1731 aliquod
1785 1690 1953 1734 tempus.
1977 1682 2082 1719 Sicut
2107 1690 2211 1732 patet
2235 1683 2273 1721 in
2301 1683 2344 1721 iis
2374 1683 2438 1733 qui
2465 1684 2503 1722 in
2532 1685 2667 1734 Sardo,

1604 1747 1701 1784 quae
1731 1742 1786 1772 est
1805 1735 1934 1772 civitas
1953 1735 2078 1783 Asiae,
2100 1735 2273 1773 dicuntur
2301 1737 2471 1775 fabulose
2501 1737 2667 1776 dormire

1604 1787 1706 1837 apud
1720 1788 1874 1824 Heroas
1889 1787 1921 1835 ²⁸,
1938 1787 2033 1825 idest
2051 1788 2155 1837 apud
2173 1790 2289 1827 Deos.
2305 1789 2464 1828 Animas
2480 1791 2582 1829 enirn
2601 1792 2669 1829 bo-

1602 1853 1741 1878 norum
1763 1847 1798 1877 et
1825 1852 2053 1888 magnorum
2074 1841 2088 1867 ζ
2107 1842 2256 1878 Heroas
2280 1843 2481 1890 vocabant,
2503 1851 2540 1880 et
2558 1844 2667 1894 quasi

1602 1895 1707 1931 Deos
1736 1894 1921 1940 colebant,
1941 1901 1982 1930 ut
2001 1894 2174 1931 Herculis
2194 1902 2230 1931 et
2247 1895 2387 1932 Bacchi
2413 1903 2449 1932 et
2476 1896 2666 1935 similium.

1602 1948 1675 1983 Per
1694 1946 1965 1983 incantationes
1995 1946 2096 1983 enim
2124 1947 2278 1996 aliquas,
2300 1947 2412 1997 aliqui
2432 1948 2666 1988 insensibiles

1603 1999 1867 2046 reddebantur,
1884 2011 1981 2048 quos
2001 1999 2175 2037 dicebant
2191 1999 2356 2037 dormire
2376 2002 2479 2050 apud
2498 2002 2664 2050 Heroas;

1603 2052 1691 2102 quia
1711 2052 1867 2099 excitati,
1888 2053 2079 2100 quaedam
2098 2052 2283 2090 mirabilia
2299 2054 2319 2075 ‘⁴
2339 2066 2378 2090 se
2396 2054 2536 2092 vidisse
2565 2055 2664 2093 dice-

1602 2106 1712 2153 bant,
1743 2113 1779 2142 et
1806 2106 1930 2142 futura
1967 2106 2157 2154 quaedam
2191 2106 2523 2154 praenunciabant.
2552 2109 2668 2146 Tales

1602 2166 1729 2195 autem
1758 2158 1806 2195 ad
1835 2170 1874 2194 se
1896 2159 1915 2179 '¹‘
1944 2158 2155 2205 redeuntes,
2177 2171 2256 2195 non
2280 2159 2540 2208 percipiebant
2570 2168 2665 2199 tem-

1601 2224 1673 2260 pus
1693 2210 1799 2259 quod
1812 2210 2054 2259 praeterierat
2074 2211 2166 2247 dum
2186 2211 2256 2260 ipsi
2276 2211 2328 2248 sic
2354 2213 2521 2262 absorpti
2542 2222 2667 2262 erant3

1601 2264 1690 2313 quia
1719 2264 1808 2301 illud
1835 2264 1978 2301 instans
2005 2263 2186 2313 primum,
2215 2264 2254 2301 in
2282 2277 2358 2314 quo
2389 2265 2554 2303 dormire
2584 2279 2668 2305 cae—

1599 2325 1744 2366 perant,
1766 2317 1995 2366 copulabant
2013 2316 2212 2366 posteriori
2240 2330 2342 2354 nunc
2366 2317 2404 2355 in
2423 2331 2500 2368 quo
2531 2320 2666 2358 excita-

1602 2371 1749 2417 bantur,
1771 2382 1815 2407 ac
1834 2370 1864 2407 si
1893 2371 2018 2406 essent
2041 2371 2060 2389 ⁴*
2080 2382 2220 2417 unum;
2250 2370 2422 2408 medium
2443 2372 2545 2410 enim
2573 2381 2667 2411 tem·
2693 2384 2706 2396 ⁸

1601 2436 1674 2472 pus
1702 2435 1780 2460 non
1807 2422 2076 2471 percipiebant.
2108 2422 2212 2460 Sicut
2239 2423 2369 2472 igitur,
2395 2424 2426 2461 si
2454 2437 2533 2463 non
2571 2434 2668 2464 esset

1602 2476 1703 2513 aliud
1732 2483 1767 2513 et
1791 2475 1892 2512 aliud
1912 2488 2024 2522 nunc,
2045 2476 2113 2513 sed
2131 2476 2234 2513 idem
2256 2483 2291 2513 et
2309 2489 2441 2525 unum,
2463 2491 2542 2515 non
2571 2487 2669 2517 esset

1601 2537 1752 2578 tempus
1780 2528 1973 2575 medium;
2003 2528 2056 2565 sie
2093 2536 2129 2565 et
2147 2529 2312 2577 quando
2349 2530 2437 2567 latet
2471 2531 2667 2570 diversitas

1603 2582 1768 2619 duorum
1796 2594 1909 2629 nunc,
1930 2594 2009 2618 non
2026 2581 2177 2619 videtur
2199 2590 2350 2631 tempus
2372 2595 2453 2620 esse
2482 2585 2665 2624 medium.

1604 2635 1643 2672 Si
1671 2647 1760 2683 ergo
1798 2643 1886 2671 tunc
1915 2634 2048 2672 accidit
2084 2647 2162 2672 non
2196 2635 2341 2684 opinari
2378 2643 2545 2686 tempus,
2577 2650 2665 2676 cum

1602 2701 1681 2725 non
1708 2688 1938 2737 percipimus
1958 2687 2124 2737 aliquam
2144 2689 2406 2737 mutationem,
2427 2690 2494 2727 sed
2517 2691 2664 2729 homini

1602 2741 1752 2779 videtur
1780 2741 1884 2790 quod
1921 2741 1967 2777 sit
2002 2741 2041 2778 in
2074 2753 2153 2778 uno
2181 2741 2399 2779 indivisibili
2431 2755 2548 2790 nunc3
2578 2751 2667 2782 tunc

1604 2802 1732 2831 autem
1760 2794 1990 2843 percipimus
2017 2794 2100 2831 fieri
2119 2802 2282 2844 tempus,
2309 2796 2462 2845 quando
2483 2796 2667 2835 sentimus

1605 2855 1641 2884 et
1668 2848 1973 2893 determinamus,
2004 2847 2043 2884 id
2071 2855 2126 2884 est
2153 2860 2412 2897 numeramus,
2433 2857 2582 2887 motum
2603 2857 2670 2888 aut

1604 2900 1873 2947 mutationem3
1894 2900 2092 2938 manifeste
2111 2901 2279 2949 sequitur
2293 2902 2398 2950 quod
2417 2910 2568 2951 tempus
2587 2915 2666 2940 non

1605 2953 1649 2990 sit
1671 2954 1690 2974 ’¹‘
1709 2953 1788 2990 sine
1817 2961 1935 3001 motu,
1957 2966 2081 3002 neque
2110 2954 2191 2991 sine
2219 2955 2439 2992 mutatione.

1658 3006 1798 3044 Ultimo
1837 3018 1926 3054 ergo
1966 3006 2154 3044 concludit
2183 3008 2286 3056 quod
2318 3015 2469 3057 tempus
2507 3020 2585 3045 non
2621 3007 2668 3046 sit

1606 3067 1744 3106 motus,
1765 3071 1889 3108 neque
1918 3058 1964 3096 sit
1991 3059 2071 3096 sine
2100 3067 2219 3097 motu.

1652 3173 1679 3206 γ)
1694 3173 1785 3205 primo
1803 3172 1919 3205 quidem.
1932 3187 1952 3192 —
1965 3173 2035 3197 Haec
2053 3180 2108 3198 om.
2125 3173 2239 3198 PEab.-
2251 3173 2316 3198 Infra
2339 3181 2386 3206 pro
2404 3174 2666 3207 argumentabatur

1601 3209 1689 3240 legunt
1706 3207 1945 3240 argumentabatur
1959 3208 2044 3241 PHpE
2065 3213 2090 3233 et
2107 3215 2124 3233 a
2135 3208 2158 3233 b.
2170 3222 2188 3227 —
2204 3209 2247 3239 lbi,
2262 3215 2340 3240 quam
2354 3209 2425 3241 quod
2437 3212 2566 3241 oporteat,
2581 3209 2600 3234 P
2613 3217 2666 3236 om.

1601 3243 1672 3276 quod
1690 3246 1820 3275 oporteat,
1836 3248 1861 3268 et
1879 3251 1927 3276 pro
1945 3246 2143 3275 consequuntur
2161 3243 2237 3268 habet
2255 3248 2458 3276 consequantur.

1654 3277 1678 3311 δ)
1700 3279 1769 3309 Quia
1788 3278 1872 3304 omnis
1891 3279 2003 3304 mutatio
2021 3282 2047 3304 et
2062 3283 2147 3304 motus
2161 3286 2221 3304 vere
2239 3282 2286 3304 est.
2299 3293 2318 3298 —
2331 3279 2422 3305 Primo
2436 3280 2499 3312 quia
2512 3280 2598 3305 omnis
2612 3287 2667 3306 mo-

1601 3317 1643 3339 tus
1662 3317 1687 3339 et
1706 3313 1819 3339 mutatio
1838 3314 1879 3339 vel
1898 3317 1936 3339 est
1955 3314 1989 3344 P;
2009 3314 2050 3339 vel
2068 3318 2107 3339 est
2126 3314 2220 3339 habent
2244 3315 2321 3339 etiam
2339 3314 2384 3344 Bb,
2404 3315 2511 3340 videtur
2528 3322 2583 3341 esse
2601 3315 2631 3341 F.
2649 3329 2667 3334 —

1602 3349 1652 3374 Pro
1671 3349 1712 3374 ve!
1729 3349 1817 3379 etiam,
1833 3352 1859 3374 et
1877 3350 1957 3374 etiam
1976 3349 2172 3380 ADLQSTXY.

1656 3383 1678 3418 ε)
1704 3385 1812 3409 tardum
1837 3388 1952 3410 autem...
1980 3388 2105 3417 tempore.
2124 3399 2144 3404 —
2162 3386 2232 3410 Haec
2257 3393 2310 3410 orn.
2338 3385 2592 3418 AKOTVXYZpCI3
2618 3392 2666 3418 pro

1603 3427 1617 3445 e
1631 3427 1764 3450 converso,
1781 3420 1851 3453 quod
1869 3428 1923 3445 om.
1938 3421 1986 3450 LS,
2000 3427 2014 3445 e
2027 3421 2164 3446 contrario
2182 3421 2210 3450 Ρ,
2225 3424 2344 3446 movetur
2362 3421 2392 3451 D,
2408 3424 2447 3446 est
2465 3427 2480 3446 e
2492 3427 2617 3446 converso
2635 3420 2665 3451 Β,

1605 3455 1668 3488 (om.
1684 3455 1764 3489 quod)
1784 3462 1798 3481 e
1818 3463 1943 3481 converso
1962 3455 2033 3488 quod
2052 3459 2172 3481 movetur
2190 3456 2222 3481 R.

1657 3490 1682 3523 ζ)
1701 3491 1812 3516 Am‘mas
1835 3491 1904 3516 enim
1931 3491 2059 3516 bonorum
2085 3495 2111 3516 et
2135 3499 2335 3524 magnorum-
2356 3491 2409 3516 Pal·
2434 3496 2459 3516 et
2481 3490 2535 3523 pE;
2554 3490 2666 3515 Animas

1604 3526 1672 3551 enim
1694 3533 1851 3559 magnorum
1871 3527 2071 3559 (magnatorum
2085 3525 2118 3560 V)
2135 3526 2319 3560 defunctorum
2333 3529 2359 3551 et
2374 3527 2500 3552 bonorum
2516 3525 2663 3557 (beatorum

1605 3561 1742 3590 FKLMsE,
1757 3562 1792 3586 al.
1812 3561 1863 3586 l'ra
1882 3562 2017 3587 beatorum
2038 3562 2095 3587 add.
2110 3561 2139 3595 S)
2162 3562 2237 3586 ceteri
2257 3561 2365 3586 codices.
2379 3575 2398 3580 -
2411 3561 2461 3585 Pro
2475 3560 2600 3589 colebant,
2619 3566 2663 3584 νο-

1604 3596 1700 3621 cabant
1718 3597 1803 3621 PEab.

1181 3645 1975 3666 *ἠγ-,ἡψ-

2694 1054 2706 1066 ⁴*
2721 1060 2788 1076 suam
2803 1060 2850 1077 om·
2865 1060 2919 1079 m

2694 1081 2762 1103 mab.

2694 1160 2794 1208 mque
2807 1165 2919 1191 emm

2695 1374 2706 1386 ⁸
2719 1374 2783 1398 Lect-
2798 1381 2826 1398 u.

2695 1797 2707 1808 ¹⁵
2724 1796 2817 1819 Heroee
2829 1797 2907 1829 ‚eodm
2919 1798 2922 1803 ’

2696 1829 2782 1850 exc.n;
2797 1827 2859 1846 etin
2871 1829 2907 1846 m-
2928 1828 2950 1846 Ἃ

2695 1849 2729 1872 fra
2743 1849 2808 1907 bis.t
2927 1851 2928 1854 ’

2692 2066 2704 2078 ⁸
2716 2065 2832 2087 ntiracula
2839 2066 2906 2088 aab.

2694 2157 2923 2214 aeae-w

2724 2386 2787 2407 esset
2806 2389 2918 2408 nmmo

2695 2417 2808 2437 quun.
2903 2425 2904 2428 ,
2912 2423 2914 2427 ν

2694 2963 2745 2990 'stt
2757 2969 2780 2985 r.
