<?xml version="1.0" encoding="UTF-8"?>
<!DOCTYPE html PUBLIC "-//W3C//DTD XHTML 1.0 Transitional//EN"
    "http://www.w3.org/TR/xhtml1/DTD/xhtml1-transitional.dtd">
<html xmlns="http://www.w3.org/1999/xhtml" xml:lang="en" lang="en">
 <head>
  <title>
</title>
<meta http-equiv="Content-Type" content="text/html;charset=utf-8" />
  <meta name='ocr-system' content='tesseract 3.04.00' />
  <meta name='ocr-capabilities' content='ocr_page ocr_carea ocr_par ocr_line ocrx_word'/>
</head>
<body>
  <div class='ocr_page' id='page_1' title='image "./operaomniaiussui02thom_0045.png"; bbox 0 0 2982 4022; ppageno 0'>
   <div class='ocr_carea' id='block_1_1' title="bbox 0 0 36 816">
    <p class='ocr_par' dir='ltr' id='par_1_1' title="bbox 0 0 36 816">
     <span class='ocr_line' id='line_1_1' title="bbox 0 0 36 816; baseline 0 0"><span class='ocrx_word' id='word_1_1' title='bbox 0 0 36 816; x_wconf 95' lang='lat' dir='ltr'> </span> 
     </span>
    </p>
   </div>
   <div class='ocr_carea' id='block_1_2' title="bbox 0 1085 42 1742">
    <p class='ocr_par' dir='ltr' id='par_1_2' title="bbox 0 1085 42 1742">
     <span class='ocr_line' id='line_1_2' title="bbox 0 1085 42 1742; baseline 0 2280"><span class='ocrx_word' id='word_1_2' title='bbox 0 1085 42 1742; x_wconf 95' lang='lat' dir='ltr'> </span> 
     </span>
    </p>
   </div>
   <div class='ocr_carea' id='block_1_3' title="bbox 0 3436 57 4022">
    <p class='ocr_par' dir='ltr' id='par_1_3' title="bbox 0 3436 57 4022">
     <span class='ocr_line' id='line_1_3' title="bbox 0 3436 57 4022; baseline 0 0"><span class='ocrx_word' id='word_1_3' title='bbox 0 3436 57 4022; x_wconf 95' lang='lat' dir='ltr'> </span> 
     </span>
    </p>
   </div>
   <div class='ocr_carea' id='block_1_4' title="bbox 87 803 299 851">
    <p class='ocr_par' dir='ltr' id='par_1_4' title="bbox 87 803 299 851">
     <span class='ocr_line' id='line_1_4' title="bbox 89 803 299 826; baseline -0.005 -2"><span class='ocrx_word' id='word_1_4' title='bbox 89 803 101 815; x_wconf 71' lang='lat'>⁸</span> <span class='ocrx_word' id='word_1_5' title='bbox 115 803 221 825; x_wconf 67' lang='lat' dir='ltr'>rarione:</span> <span class='ocrx_word' id='word_1_6' title='bbox 241 807 299 826; x_wconf 75' lang='grc' dir='ltr'>Αιοα</span> 
     </span>
     <span class='ocr_line' id='line_1_5' title="bbox 87 836 127 851; baseline 0 0"><span class='ocrx_word' id='word_1_7' title='bbox 87 836 127 851; x_wconf 83' lang='lat' dir='ltr'>vx.</span> 
     </span>
    </p>
   </div>
   <div class='ocr_carea' id='block_1_5' title="bbox 83 1006 235 1036">
    <p class='ocr_par' dir='ltr' id='par_1_5' title="bbox 83 1006 235 1036">
     <span class='ocr_line' id='line_1_6' title="bbox 83 1006 235 1036; baseline -0.02 -3"><span class='ocrx_word' id='word_1_8' title='bbox 83 1006 100 1023; x_wconf 73' lang='lat'>&#39;⁶</span> <span class='ocrx_word' id='word_1_9' title='bbox 111 1010 176 1033; x_wconf 68' lang='lat' dir='ltr'>nect.</span> <span class='ocrx_word' id='word_1_10' title='bbox 186 1014 235 1036; x_wconf 71' lang='lat' dir='ltr'>neq-</span> 
     </span>
    </p>
   </div>
   <div class='ocr_carea' id='block_1_6' title="bbox 86 1115 298 1169">
    <p class='ocr_par' dir='ltr' id='par_1_6' title="bbox 86 1115 298 1169">
     <span class='ocr_line' id='line_1_7' title="bbox 87 1115 298 1139; baseline -0.019 0"><span class='ocrx_word' id='word_1_11' title='bbox 87 1119 99 1131; x_wconf 75' lang='lat'><strong>·</strong></span> <span class='ocrx_word' id='word_1_12' title='bbox 105 1116 235 1139; x_wconf 62' lang='lat' dir='ltr'>ranbntbus</span> <span class='ocrx_word' id='word_1_13' title='bbox 240 1115 298 1136; x_wconf 71' lang='lat' dir='ltr'>pah.-</span> 
     </span>
     <span class='ocr_line' id='line_1_8' title="bbox 86 1141 296 1169; baseline -0.014 -4"><span class='ocrx_word' id='word_1_14' title='bbox 86 1143 118 1167; x_wconf 69' lang='lat' dir='ltr'>ef.</span> <span class='ocrx_word' id='word_1_15' title='bbox 125 1143 177 1165; x_wconf 80' lang='lat' dir='ltr'>lect.</span> <span class='ocrx_word' id='word_1_16' title='bbox 191 1141 296 1169; x_wconf 77' lang='lat' dir='ltr'>praeced.</span> 
     </span>
    </p>
   </div>
   <div class='ocr_carea' id='block_1_7' title="bbox 85 1169 165 1204">
    <p class='ocr_par' dir='ltr' id='par_1_7' title="bbox 2 1150 165 1204">
     <span class='ocr_line' id='line_1_9' title="bbox 85 1169 165 1204; baseline 0 -50"><span class='ocrx_word' id='word_1_17' title='bbox 85 1177 129 1197; x_wconf 52' lang='lat' dir='ltr'>m</span> <span class='ocrx_word' id='word_1_18' title='bbox 151 1169 165 1204; x_wconf 64' lang='grc' dir='ltr'><strong>β</strong></span> 
     </span>
    </p>
   </div>
   <div class='ocr_carea' id='block_1_8' title="bbox 86 1188 221 1229">
    <p class='ocr_par' dir='ltr' id='par_1_8' title="bbox 86 1188 221 1229">
     <span class='ocr_line' id='line_1_10' title="bbox 86 1188 221 1229; baseline -0.015 -3"><span class='ocrx_word' id='word_1_19' title='bbox 86 1205 99 1217; x_wconf 75' lang='lat'>⁸</span> <span class='ocrx_word' id='word_1_20' title='bbox 112 1188 182 1226; x_wconf 78' lang='lat' dir='ltr'>Nurri-</span> <span class='ocrx_word' id='word_1_21' title='bbox 197 1209 221 1229; x_wconf 87' lang='lat'>4.</span> 
     </span>
    </p>
   </div>
   <div class='ocr_carea' id='block_1_9' title="bbox 4 1222 298 1304">
    <p class='ocr_par' dir='ltr' id='par_1_9' title="bbox 4 1222 298 1304">
     <span class='ocr_line' id='line_1_11' title="bbox 12 1222 297 1254; baseline -0.014 0"><span class='ocrx_word' id='word_1_22' title='bbox 12 1222 39 1254; x_wconf 25' lang='lat' dir='ltr'>*¹ss-</span> <span class='ocrx_word' id='word_1_23' title='bbox 86 1229 222 1253; x_wconf 70' lang='lat' dir='ltr'>*dicendum</span> <span class='ocrx_word' id='word_1_24' title='bbox 228 1229 264 1250; x_wconf 87' lang='lat' dir='ltr'>ed.</span> <span class='ocrx_word' id='word_1_25' title='bbox 273 1234 297 1250; x_wconf 83' lang='lat' dir='ltr'>a.</span> 
     </span>
     <span class='ocr_line' id='line_1_12' title="bbox 4 1255 298 1282; baseline -0.003 -5"><span class='ocrx_word' id='word_1_26' title='bbox 4 1273 5 1277; x_wconf 70' lang='grc'>,</span> <span class='ocrx_word' id='word_1_27' title='bbox 21 1278 23 1282; x_wconf 25' lang='grc' dir='ltr'><em>Α</em></span> <span class='ocrx_word' id='word_1_28' title='bbox 65 1261 71 1265; x_wconf 94' lang='grc'><em>“</em></span> <span class='ocrx_word' id='word_1_29' title='bbox 85 1257 144 1278; x_wconf 70' lang='lat' dir='ltr'>—eet</span> <span class='ocrx_word' id='word_1_30' title='bbox 153 1261 202 1277; x_wconf 86' lang='lat' dir='ltr'>om.</span> <span class='ocrx_word' id='word_1_31' title='bbox 215 1255 298 1277; x_wconf 69' lang='lat' dir='ltr'>naab-</span> 
     </span>
     <span class='ocr_line' id='line_1_13' title="bbox 34 1282 296 1304; baseline -0.011 1"><span class='ocrx_word' id='word_1_32' title='bbox 34 1287 37 1293; x_wconf 56' lang='lat'><em>*</em></span> <span class='ocrx_word' id='word_1_33' title='bbox 87 1284 139 1304; x_wconf 71' lang='lat' dir='ltr'>&#39;est</span> <span class='ocrx_word' id='word_1_34' title='bbox 146 1282 240 1304; x_wconf 47' lang='lat' dir='ltr'>:oasin</span> <span class='ocrx_word' id='word_1_35' title='bbox 248 1287 296 1303; x_wconf 86' lang='lat' dir='ltr'>om.</span> 
     </span>
    </p>
   </div>
   <div class='ocr_carea' id='block_1_10' title="bbox 86 1308 298 1389">
    <p class='ocr_par' dir='ltr' id='par_1_10' title="bbox 86 1308 298 1389">
     <span class='ocr_line' id='line_1_14' title="bbox 86 1308 151 1331; baseline -0.015 0"><span class='ocrx_word' id='word_1_36' title='bbox 86 1308 151 1331; x_wconf 66' lang='lat' dir='ltr'>nub.</span> 
     </span>
     <span class='ocr_line' id='line_1_15' title="bbox 86 1335 296 1362; baseline -0.01 -5"><span class='ocrx_word' id='word_1_37' title='bbox 86 1335 196 1362; x_wconf 73' lang='lat' dir='ltr'>&#39;&#39;Cap-v</span> <span class='ocrx_word' id='word_1_38' title='bbox 213 1339 258 1355; x_wconf 69' lang='grc' dir='ltr'>Ἱππ.</span> <span class='ocrx_word' id='word_1_39' title='bbox 273 1340 296 1355; x_wconf 89' lang='grc' dir='ltr'>ιο</span> 
     </span>
     <span class='ocr_line' id='line_1_16' title="bbox 87 1350 298 1389; baseline -0.009 -6"><span class='ocrx_word' id='word_1_40' title='bbox 87 1367 150 1389; x_wconf 74' lang='lat' dir='ltr'>seq.-</span> <span class='ocrx_word' id='word_1_41' title='bbox 159 1350 237 1383; x_wconf 77' lang='lat' dir='ltr'>S.&#39;l&#39;‘h.</span> <span class='ocrx_word' id='word_1_42' title='bbox 245 1360 298 1382; x_wconf 81' lang='lat' dir='ltr'>lect.</span> 
     </span>
    </p>
   </div>
   <div class='ocr_carea' id='block_1_11' title="bbox 86 1393 297 1461">
    <p class='ocr_par' dir='ltr' id='par_1_11' title="bbox 86 1393 297 1461">
     <span class='ocr_line' id='line_1_17' title="bbox 86 1393 297 1435; baseline -0.009 0"><span class='ocrx_word' id='word_1_43' title='bbox 86 1393 140 1435; x_wconf 47' lang='lat' dir='ltr'>{met</span> <span class='ocrx_word' id='word_1_44' title='bbox 156 1412 226 1434; x_wconf 84' lang='lat' dir='ltr'>codd.</span> <span class='ocrx_word' id='word_1_45' title='bbox 247 1418 297 1434; x_wconf 82' lang='lat' dir='ltr'>exc.</span> 
     </span>
     <span class='ocr_line' id='line_1_18' title="bbox 86 1445 171 1461; baseline -0.012 0"><span class='ocrx_word' id='word_1_46' title='bbox 86 1445 171 1461; x_wconf 72' lang='lat' dir='ltr'>runca.</span> 
     </span>
    </p>
   </div>
   <div class='ocr_carea' id='block_1_12' title="bbox 4 1462 298 1494">
    <p class='ocr_par' dir='ltr' id='par_1_12' title="bbox 4 1459 298 1494">
     <span class='ocr_line' id='line_1_19' title="bbox 4 1462 298 1494; baseline -0.014 -6"><span class='ocrx_word' id='word_1_47' title='bbox 4 1467 32 1481; x_wconf 49' lang='grc' dir='ltr'>’ν</span> <span class='ocrx_word' id='word_1_48' title='bbox 86 1466 98 1477; x_wconf 79' lang='grc'><em>“</em></span> <span class='ocrx_word' id='word_1_49' title='bbox 112 1471 199 1494; x_wconf 63' lang='lat' dir='ltr'>ergo...</span> <span class='ocrx_word' id='word_1_50' title='bbox 214 1466 252 1486; x_wconf 75' lang='lat' dir='ltr'>eet</span> <span class='ocrx_word' id='word_1_51' title='bbox 262 1462 298 1485; x_wconf 80' lang='lat' dir='ltr'>ni-</span> 
     </span>
    </p>
   </div>
   <div class='ocr_carea' id='block_1_13' title="bbox 88 1491 299 1513">
    <p class='ocr_par' dir='ltr' id='par_1_13' title="bbox 88 1491 299 1513">
     <span class='ocr_line' id='line_1_20' title="bbox 88 1491 299 1513; baseline -0.009 0"><span class='ocrx_word' id='word_1_52' title='bbox 88 1491 123 1513; x_wconf 69' lang='lat'>1211</span> <span class='ocrx_word' id='word_1_53' title='bbox 131 1498 180 1513; x_wconf 87' lang='lat' dir='ltr'>om.</span> <span class='ocrx_word' id='word_1_54' title='bbox 189 1497 205 1512; x_wconf 84' lang='lat' dir='ltr'>a</span> <span class='ocrx_word' id='word_1_55' title='bbox 220 1494 242 1512; x_wconf 78' lang='lat' dir='ltr'>et</span> <span class='ocrx_word' id='word_1_56' title='bbox 253 1496 299 1511; x_wconf 78' lang='lat' dir='ltr'>nou</span> 
     </span>
    </p>
   </div>
   <div class='ocr_carea' id='block_1_14' title="bbox 88 1795 280 1817">
    <p class='ocr_par' dir='ltr' id='par_1_14' title="bbox 88 1795 280 1817">
     <span class='ocr_line' id='line_1_21' title="bbox 88 1795 280 1817; baseline 0 0"><span class='ocrx_word' id='word_1_57' title='bbox 88 1795 101 1808; x_wconf 67' lang='lat'>⁴</span> <span class='ocrx_word' id='word_1_58' title='bbox 113 1797 138 1817; x_wconf 80' lang='lat' dir='ltr'>et</span> <span class='ocrx_word' id='word_1_59' title='bbox 149 1801 197 1817; x_wconf 90' lang='lat' dir='ltr'>om.</span> <span class='ocrx_word' id='word_1_60' title='bbox 210 1801 280 1817; x_wconf 70' lang='lat' dir='ltr'>nm.</span> 
     </span>
    </p>
   </div>
   <div class='ocr_carea' id='block_1_15' title="bbox 89 1849 300 1873">
    <p class='ocr_par' dir='ltr' id='par_1_15' title="bbox 89 1849 300 1873">
     <span class='ocr_line' id='line_1_22' title="bbox 89 1849 300 1873; baseline -0.009 -3"><span class='ocrx_word' id='word_1_61' title='bbox 89 1849 99 1858; x_wconf 80' lang='lat'>&#39;¹</span> <span class='ocrx_word' id='word_1_62' title='bbox 113 1853 168 1870; x_wconf 73' lang='lat' dir='ltr'>vero</span> <span class='ocrx_word' id='word_1_63' title='bbox 181 1853 300 1873; x_wconf 60' lang='lat' dir='ltr'>⁴:³01qu</span> 
     </span>
    </p>
   </div>
   <div class='ocr_carea' id='block_1_16' title="bbox 43 1879 272 1907">
    <p class='ocr_par' dir='ltr' id='par_1_16' title="bbox 43 1879 272 1907">
     <span class='ocr_line' id='line_1_23' title="bbox 43 1879 272 1907; baseline -0.004 -11"><span class='ocrx_word' id='word_1_64' title='bbox 43 1904 44 1907; x_wconf 13' lang='grc' dir='ltr'><strong>Ἴ</strong></span> <span class='ocrx_word' id='word_1_65' title='bbox 88 1879 172 1900; x_wconf 71' lang='lat' dir='ltr'>³1·va</span> <span class='ocrx_word' id='word_1_66' title='bbox 187 1880 237 1896; x_wconf 86' lang='lat' dir='ltr'>om.</span> <span class='ocrx_word' id='word_1_67' title='bbox 250 1881 272 1896; x_wconf 80' lang='lat' dir='ltr'>n.</span> 
     </span>
    </p>
   </div>
   <div class='ocr_carea' id='block_1_17' title="bbox 91 2316 302 2600">
    <p class='ocr_par' dir='ltr' id='par_1_17' title="bbox 91 2316 288 2422">
     <span class='ocr_line' id='line_1_24' title="bbox 92 2316 288 2344; baseline -0.005 -6"><span class='ocrx_word' id='word_1_68' title='bbox 92 2317 103 2326; x_wconf 82' lang='lat'>&#39;¹</span> <span class='ocrx_word' id='word_1_69' title='bbox 120 2322 166 2338; x_wconf 75' lang='lat' dir='ltr'>sec.</span> <span class='ocrx_word' id='word_1_70' title='bbox 179 2316 288 2344; x_wconf 75' lang='lat' dir='ltr'>sorrnam</span> 
     </span>
     <span class='ocr_line' id='line_1_25' title="bbox 93 2342 287 2364; baseline -0.005 0"><span class='ocrx_word' id='word_1_71' title='bbox 93 2342 192 2364; x_wconf 73' lang='lat' dir='ltr'>debitam</span> <span class='ocrx_word' id='word_1_72' title='bbox 219 2343 287 2364; x_wconf 83' lang='lat' dir='ltr'>codd.</span> 
     </span>
     <span class='ocr_line' id='line_1_26' title="bbox 93 2368 288 2391; baseline -0.01 0"><span class='ocrx_word' id='word_1_73' title='bbox 93 2368 227 2391; x_wconf 53' lang='lat' dir='ltr'>examas-</span> <span class='ocrx_word' id='word_1_74' title='bbox 237 2369 288 2390; x_wconf 73' lang='lat' dir='ltr'>lect.</span> 
     </span>
     <span class='ocr_line' id='line_1_27' title="bbox 91 2401 226 2422; baseline 0 -6"><span class='ocrx_word' id='word_1_75' title='bbox 91 2401 154 2422; x_wconf 81' lang='lat' dir='ltr'>pree.</span> <span class='ocrx_word' id='word_1_76' title='bbox 168 2401 191 2416; x_wconf 84' lang='lat' dir='ltr'>n.</span> <span class='ocrx_word' id='word_1_77' title='bbox 206 2401 226 2416; x_wconf 83' lang='lat'>2.</span> 
     </span>
    </p>

    <p class='ocr_par' dir='ltr' id='par_1_18' title="bbox 91 2420 302 2521">
     <span class='ocr_line' id='line_1_28' title="bbox 92 2420 300 2443; baseline -0.01 0"><span class='ocrx_word' id='word_1_78' title='bbox 92 2423 101 2431; x_wconf 86' lang='lat'>&#39;¹</span> <span class='ocrx_word' id='word_1_79' title='bbox 121 2423 145 2443; x_wconf 76' lang='lat' dir='ltr'>ee</span> <span class='ocrx_word' id='word_1_80' title='bbox 163 2427 210 2442; x_wconf 86' lang='lat' dir='ltr'>om.</span> <span class='ocrx_word' id='word_1_81' title='bbox 232 2420 300 2442; x_wconf 87' lang='lat' dir='ltr'>codd.</span> 
     </span>
     <span class='ocr_line' id='line_1_29' title="bbox 92 2446 301 2469; baseline -0.005 -1"><span class='ocrx_word' id='word_1_82' title='bbox 92 2453 141 2469; x_wconf 77' lang='lat' dir='ltr'>exc.</span> <span class='ocrx_word' id='word_1_83' title='bbox 151 2453 188 2469; x_wconf 73' lang='lat' dir='ltr'>m.</span> <span class='ocrx_word' id='word_1_84' title='bbox 197 2459 207 2463; x_wconf 95' lang='lat'>-</span> <span class='ocrx_word' id='word_1_85' title='bbox 230 2446 301 2468; x_wconf 79' lang='lat' dir='ltr'>artim</span> 
     </span>
     <span class='ocr_line' id='line_1_30' title="bbox 92 2473 302 2495; baseline 0 -1"><span class='ocrx_word' id='word_1_86' title='bbox 92 2475 205 2495; x_wconf 70' lang='lat' dir='ltr'>antenaco</span> <span class='ocrx_word' id='word_1_87' title='bbox 222 2473 302 2495; x_wconf 83' lang='lat' dir='ltr'>d.exc.</span> 
     </span>
     <span class='ocr_line' id='line_1_31' title="bbox 91 2501 183 2521; baseline -0.011 0"><span class='ocrx_word' id='word_1_88' title='bbox 91 2501 183 2521; x_wconf 50' lang='lat' dir='ltr'>nardus</span> 
     </span>
    </p>

    <p class='ocr_par' dir='ltr' id='par_1_19' title="bbox 91 2524 302 2600">
     <span class='ocr_line' id='line_1_32' title="bbox 91 2524 302 2552; baseline -0.005 -6"><span class='ocrx_word' id='word_1_89' title='bbox 91 2526 104 2537; x_wconf 67' lang='lat'>⁴</span> <span class='ocrx_word' id='word_1_90' title='bbox 111 2524 247 2552; x_wconf 74' lang='lat' dir='ltr'>disputandi</span> <span class='ocrx_word' id='word_1_91' title='bbox 253 2531 302 2546; x_wconf 89' lang='lat' dir='ltr'>om.</span> 
     </span>
     <span class='ocr_line' id='line_1_33' title="bbox 93 2551 302 2600; baseline 0 0"><span class='ocrx_word' id='word_1_92' title='bbox 93 2551 302 2600; x_wconf 43' lang='lat' dir='ltr'>ggofflaproprtoe</span> 
     </span>
    </p>
   </div>
   <div class='ocr_carea' id='block_1_18' title="bbox 94 2894 304 2975">
    <p class='ocr_par' dir='ltr' id='par_1_20' title="bbox 94 2894 304 2975">
     <span class='ocr_line' id='line_1_34' title="bbox 95 2894 304 2922; baseline 0 -6"><span class='ocrx_word' id='word_1_93' title='bbox 95 2895 107 2907; x_wconf 84' lang='grc'><em>“</em></span> <span class='ocrx_word' id='word_1_94' title='bbox 116 2894 186 2922; x_wconf 75' lang='lat' dir='ltr'>ponit</span> <span class='ocrx_word' id='word_1_95' title='bbox 194 2895 282 2916; x_wconf 74' lang='lat' dir='ltr'>addunt</span> <span class='ocrx_word' id='word_1_96' title='bbox 289 2901 304 2916; x_wconf 78' lang='grc' dir='ltr'><strong>Α</strong></span> 
     </span>
     <span class='ocr_line' id='line_1_35' title="bbox 94 2927 264 2975; baseline -0.012 -5"><span class='ocrx_word' id='word_1_97' title='bbox 94 2927 264 2975; x_wconf 50' lang='grc' dir='ltr'>Ρῗεᾝῖἒξέῗ·</span> 
     </span>
    </p>
   </div>
   <div class='ocr_carea' id='block_1_19' title="bbox 192 2992 206 3026">
    <p class='ocr_par' dir='ltr' id='par_1_21' title="bbox 192 2992 206 3026">
     <span class='ocr_line' id='line_1_36' title="bbox 192 2992 206 3026; baseline 0 0"><span class='ocrx_word' id='word_1_98' title='bbox 192 2992 206 3026; x_wconf 80' lang='grc' dir='ltr'><strong>β</strong></span> 
     </span>
    </p>
   </div>
   <div class='ocr_carea' id='block_1_20' title="bbox 1171 205 1640 252">
    <p class='ocr_par' dir='ltr' id='par_1_22' title="bbox 1171 205 1640 252">
     <span class='ocr_line' id='line_1_37' title="bbox 1171 205 1640 252; baseline -0.009 -7"><span class='ocrx_word' id='word_1_99' title='bbox 1171 209 1282 245; x_wconf 92' lang='lat' dir='ltr'>CAP.</span> <span class='ocrx_word' id='word_1_100' title='bbox 1312 206 1380 252; x_wconf 87' lang='lat' dir='ltr'>III,</span> <span class='ocrx_word' id='word_1_101' title='bbox 1410 205 1560 242; x_wconf 89' lang='lat' dir='ltr'>LECT.</span> <span class='ocrx_word' id='word_1_102' title='bbox 1589 205 1640 242; x_wconf 89' lang='lat' dir='ltr'>VI</span> 
     </span>
    </p>
   </div>
   <div class='ocr_carea' id='block_1_21' title="bbox 320 284 1378 483">
    <p class='ocr_par' dir='ltr' id='par_1_23' title="bbox 320 284 1378 483">
     <span class='ocr_line' id='line_1_38' title="bbox 320 284 1374 330; baseline -0.009 -9"><span class='ocrx_word' id='word_1_103' title='bbox 320 299 438 330; x_wconf 89' lang='lat' dir='ltr'>propter</span> <span class='ocrx_word' id='word_1_104' title='bbox 452 290 663 320; x_wconf 79' lang='lat' dir='ltr'>multitudinem</span> <span class='ocrx_word' id='word_1_105' title='bbox 678 289 818 326; x_wconf 82' lang='lat' dir='ltr'>partium,</span> <span class='ocrx_word' id='word_1_106' title='bbox 839 295 900 317; x_wconf 88' lang='lat' dir='ltr'>tum</span> <span class='ocrx_word' id='word_1_107' title='bbox 921 294 1037 325; x_wconf 89' lang='lat' dir='ltr'>propter</span> <span class='ocrx_word' id='word_1_108' title='bbox 1067 287 1207 315; x_wconf 89' lang='lat' dir='ltr'>diversam</span> <span class='ocrx_word' id='word_1_109' title='bbox 1233 284 1374 312; x_wconf 90' lang='lat' dir='ltr'>rationem</span> 
     </span>
     <span class='ocr_line' id='line_1_39' title="bbox 321 325 1374 368; baseline -0.009 -8"><span class='ocrx_word' id='word_1_110' title='bbox 321 332 440 360; x_wconf 84' lang='lat' dir='ltr'>subiecti</span> <span class='ocrx_word' id='word_1_111' title='bbox 468 338 495 359; x_wconf 91' lang='lat' dir='ltr'>et</span> <span class='ocrx_word' id='word_1_112' title='bbox 518 330 680 359; x_wconf 88' lang='lat' dir='ltr'>accidentis.</span> <span class='ocrx_word' id='word_1_113' title='bbox 695 346 714 350; x_wconf 89' lang='lat'>—</span> <span class='ocrx_word' id='word_1_114' title='bbox 733 330 759 357; x_wconf 85' lang='lat'>6.</span> <span class='ocrx_word' id='word_1_115' title='bbox 782 328 945 356; x_wconf 89' lang='lat' dir='ltr'>Subdivisio</span> <span class='ocrx_word' id='word_1_116' title='bbox 965 334 1066 355; x_wconf 90' lang='lat' dir='ltr'>textus.</span> <span class='ocrx_word' id='word_1_117' title='bbox 1081 343 1100 347; x_wconf 98' lang='lat'>—</span> <span class='ocrx_word' id='word_1_118' title='bbox 1115 335 1141 362; x_wconf 92' lang='lat'>7.</span> <span class='ocrx_word' id='word_1_119' title='bbox 1164 326 1238 368; x_wconf 80' lang='lat' dir='ltr'>Cum</span> <span class='ocrx_word' id='word_1_120' title='bbox 1253 325 1374 368; x_wconf 45' lang='lat' dir='ltr'>&#39;Parme-</span> 
     </span>
     <span class='ocr_line' id='line_1_40' title="bbox 321 362 1375 408; baseline -0.009 -9"><span class='ocrx_word' id='word_1_121' title='bbox 321 371 402 400; x_wconf 92' lang='lat' dir='ltr'>nides</span> <span class='ocrx_word' id='word_1_122' title='bbox 424 371 523 399; x_wconf 90' lang='lat' dir='ltr'>volens</span> <span class='ocrx_word' id='word_1_123' title='bbox 553 371 750 398; x_wconf 89' lang='lat' dir='ltr'>demonstrare</span> <span class='ocrx_word' id='word_1_124' title='bbox 778 377 828 396; x_wconf 86' lang='lat' dir='ltr'>ens</span> <span class='ocrx_word' id='word_1_125' title='bbox 849 376 910 395; x_wconf 89' lang='lat' dir='ltr'>esse</span> <span class='ocrx_word' id='word_1_126' title='bbox 937 375 1028 394; x_wconf 91' lang='lat' dir='ltr'>unum</span> <span class='ocrx_word' id='word_1_127' title='bbox 1054 371 1184 398; x_wconf 84' lang='lat' dir='ltr'>tantum,</span> <span class='ocrx_word' id='word_1_128' title='bbox 1207 364 1274 408; x_wconf 76' lang='lat' dir='ltr'>dicit</span> <span class='ocrx_word' id='word_1_129' title='bbox 1294 362 1375 407; x_wconf 67' lang='lat' dir='ltr'>quid-</span> 
     </span>
     <span class='ocr_line' id='line_1_41' title="bbox 321 402 1376 448; baseline -0.009 -10"><span class='ocrx_word' id='word_1_130' title='bbox 321 411 390 448; x_wconf 81' lang='lat' dir='ltr'>quid</span> <span class='ocrx_word' id='word_1_131' title='bbox 412 415 454 438; x_wconf 84' lang='lat' dir='ltr'>est</span> <span class='ocrx_word' id='word_1_132' title='bbox 471 415 593 447; x_wconf 82' lang='lat' dir='ltr'>praeter</span> <span class='ocrx_word' id='word_1_133' title='bbox 614 418 665 436; x_wconf 85' lang='lat' dir='ltr'>ens</span> <span class='ocrx_word' id='word_1_134' title='bbox 685 413 727 436; x_wconf 87' lang='lat' dir='ltr'>est</span> <span class='ocrx_word' id='word_1_135' title='bbox 745 417 799 435; x_wconf 83' lang='lat' dir='ltr'>non</span> <span class='ocrx_word' id='word_1_136' title='bbox 822 416 882 440; x_wconf 84' lang='lat' dir='ltr'>ens,</span> <span class='ocrx_word' id='word_1_137' title='bbox 903 415 963 434; x_wconf 85' lang='lat' dir='ltr'>non</span> <span class='ocrx_word' id='word_1_138' title='bbox 977 411 1071 441; x_wconf 88' lang='lat' dir='ltr'>potest</span> <span class='ocrx_word' id='word_1_139' title='bbox 1085 413 1136 440; x_wconf 89' lang='lat' dir='ltr'>per</span> <span class='ocrx_word' id='word_1_140' title='bbox 1156 412 1206 430; x_wconf 84' lang='lat' dir='ltr'>ens</span> <span class='ocrx_word' id='word_1_141' title='bbox 1221 402 1376 447; x_wconf 59' lang='lat' dir='ltr'>intelligere</span> 
     </span>
     <span class='ocr_line' id='line_1_42' title="bbox 321 442 1378 483; baseline -0.01 -5"><span class='ocrx_word' id='word_1_142' title='bbox 321 450 464 478; x_wconf 83' lang='lat' dir='ltr'>accidens.</span> <span class='ocrx_word' id='word_1_143' title='bbox 481 450 568 476; x_wconf 90' lang='lat' dir='ltr'>Secus</span> <span class='ocrx_word' id='word_1_144' title='bbox 583 448 659 476; x_wconf 90' lang='lat' dir='ltr'>enim</span> <span class='ocrx_word' id='word_1_145' title='bbox 670 456 769 475; x_wconf 88' lang='lat' dir='ltr'>sensus</span> <span class='ocrx_word' id='word_1_146' title='bbox 784 445 988 483; x_wconf 83' lang='lat' dir='ltr'><strong>propositionis</strong></span> <span class='ocrx_word' id='word_1_147' title='bbox 1003 450 1076 471; x_wconf 90' lang='lat' dir='ltr'>esset</span> <span class='ocrx_word' id='word_1_148' title='bbox 1090 443 1170 479; x_wconf 91' lang='lat' dir='ltr'>quod</span> <span class='ocrx_word' id='word_1_149' title='bbox 1184 442 1320 479; x_wconf 74' lang='lat' dir='ltr'>quidquzd</span> <span class='ocrx_word' id='word_1_150' title='bbox 1335 446 1378 468; x_wconf 83' lang='lat' dir='ltr'>est</span> 
     </span>
    </p>
   </div>
   <div class='ocr_carea' id='block_1_22' title="bbox 318 480 1379 527">
    <p class='ocr_par' dir='ltr' id='par_1_24' title="bbox 318 480 1379 527">
     <span class='ocr_line' id='line_1_43' title="bbox 318 480 1379 527; baseline -0.01 -10"><span class='ocrx_word' id='word_1_151' title='bbox 318 494 441 527; x_wconf 81' lang='lat' dir='ltr'>praeter</span> <span class='ocrx_word' id='word_1_152' title='bbox 461 488 594 516; x_wconf 84' lang='lat' dir='ltr'>accidens</span> <span class='ocrx_word' id='word_1_153' title='bbox 615 492 657 514; x_wconf 85' lang='lat' dir='ltr'>est</span> <span class='ocrx_word' id='word_1_154' title='bbox 678 496 732 514; x_wconf 89' lang='lat' dir='ltr'>non</span> <span class='ocrx_word' id='word_1_155' title='bbox 754 494 813 513; x_wconf 80' lang='lat' dir='ltr'>ens.</span> <span class='ocrx_word' id='word_1_156' title='bbox 829 486 864 512; x_wconf 90' lang='lat' dir='ltr'>Et</span> <span class='ocrx_word' id='word_1_157' title='bbox 884 484 952 520; x_wconf 86' lang='lat' dir='ltr'>quia</span> <span class='ocrx_word' id='word_1_158' title='bbox 972 484 1008 510; x_wconf 91' lang='lat' dir='ltr'>de</span> <span class='ocrx_word' id='word_1_159' title='bbox 1029 482 1139 510; x_wconf 91' lang='lat' dir='ltr'>ratione</span> <span class='ocrx_word' id='word_1_160' title='bbox 1161 480 1314 508; x_wconf 88' lang='lat' dir='ltr'>accidentis</span> <span class='ocrx_word' id='word_1_161' title='bbox 1336 486 1379 507; x_wconf 89' lang='lat' dir='ltr'>est</span> 
     </span>
    </p>
   </div>
   <div class='ocr_carea' id='block_1_23' title="bbox 322 519 1380 682">
    <p class='ocr_par' dir='ltr' id='par_1_25' title="bbox 322 519 1380 682">
     <span class='ocr_line' id='line_1_44' title="bbox 323 519 1378 565; baseline -0.009 -9"><span class='ocrx_word' id='word_1_162' title='bbox 323 529 403 565; x_wconf 92' lang='lat' dir='ltr'>quod</span> <span class='ocrx_word' id='word_1_163' title='bbox 423 527 601 564; x_wconf 85' lang='lat' dir='ltr'>praedicetur</span> <span class='ocrx_word' id='word_1_164' title='bbox 621 527 657 553; x_wconf 93' lang='lat' dir='ltr'>de</span> <span class='ocrx_word' id='word_1_165' title='bbox 677 524 843 558; x_wconf 84' lang='lat' dir='ltr'>substantia,</span> <span class='ocrx_word' id='word_1_166' title='bbox 858 528 1024 558; x_wconf 84' lang='lat' dir='ltr'>sequeretur</span> <span class='ocrx_word' id='word_1_167' title='bbox 1042 522 1122 557; x_wconf 92' lang='lat' dir='ltr'>quod</span> <span class='ocrx_word' id='word_1_168' title='bbox 1143 519 1275 548; x_wconf 89' lang='lat' dir='ltr'>accidens</span> <span class='ocrx_word' id='word_1_169' title='bbox 1295 528 1378 555; x_wconf 90' lang='lat' dir='ltr'>prae-</span> 
     </span>
     <span class='ocr_line' id='line_1_45' title="bbox 322 560 1378 600; baseline -0.01 -4"><span class='ocrx_word' id='word_1_170' title='bbox 322 568 433 596; x_wconf 84' lang='lat' dir='ltr'>dicetur</span> <span class='ocrx_word' id='word_1_171' title='bbox 453 568 488 594; x_wconf 91' lang='lat' dir='ltr'>de</span> <span class='ocrx_word' id='word_1_172' title='bbox 509 575 571 594; x_wconf 91' lang='lat' dir='ltr'>non</span> <span class='ocrx_word' id='word_1_173' title='bbox 585 571 658 599; x_wconf 88' lang='lat' dir='ltr'>ente,</span> <span class='ocrx_word' id='word_1_174' title='bbox 673 570 701 592; x_wconf 85' lang='lat' dir='ltr'>et</span> <span class='ocrx_word' id='word_1_175' title='bbox 721 563 801 600; x_wconf 90' lang='lat' dir='ltr'>quod</span> <span class='ocrx_word' id='word_1_176' title='bbox 814 571 875 590; x_wconf 90' lang='lat' dir='ltr'>non</span> <span class='ocrx_word' id='word_1_177' title='bbox 896 570 947 589; x_wconf 89' lang='lat' dir='ltr'>ens</span> <span class='ocrx_word' id='word_1_178' title='bbox 968 567 1010 588; x_wconf 86' lang='lat' dir='ltr'>est</span> <span class='ocrx_word' id='word_1_179' title='bbox 1023 569 1083 588; x_wconf 89' lang='lat' dir='ltr'>ens.</span> <span class='ocrx_word' id='word_1_180' title='bbox 1100 577 1118 581; x_wconf 97' lang='lat'><em>-</em></span> <span class='ocrx_word' id='word_1_181' title='bbox 1135 560 1162 587; x_wconf 89' lang='lat'>8.</span> <span class='ocrx_word' id='word_1_182' title='bbox 1179 560 1236 587; x_wconf 87' lang='lat' dir='ltr'>Sed</span> <span class='ocrx_word' id='word_1_183' title='bbox 1257 567 1310 586; x_wconf 84' lang='lat' dir='ltr'>nec</span> <span class='ocrx_word' id='word_1_184' title='bbox 1325 567 1378 594; x_wconf 89' lang='lat' dir='ltr'>pro</span> 
     </span>
     <span class='ocr_line' id='line_1_46' title="bbox 323 598 1378 641; baseline -0.01 -6"><span class='ocrx_word' id='word_1_185' title='bbox 323 606 480 635; x_wconf 78' lang='lat' dir='ltr'>substantia</span> <span class='ocrx_word' id='word_1_186' title='bbox 499 604 616 641; x_wconf 84' lang='lat' dir='ltr'>intelligi</span> <span class='ocrx_word' id='word_1_187' title='bbox 635 609 730 639; x_wconf 90' lang='lat' dir='ltr'>potest</span> <span class='ocrx_word' id='word_1_188' title='bbox 751 611 801 630; x_wconf 82' lang='lat' dir='ltr'>ens</span> <span class='ocrx_word' id='word_1_189' title='bbox 821 601 851 628; x_wconf 90' lang='lat' dir='ltr'>in</span> <span class='ocrx_word' id='word_1_190' title='bbox 865 600 1064 637; x_wconf 85' lang='lat' dir='ltr'>propositione</span> <span class='ocrx_word' id='word_1_191' title='bbox 1085 598 1273 627; x_wconf 85' lang='lat' dir='ltr'>Parmenidis.</span> <span class='ocrx_word' id='word_1_192' title='bbox 1289 598 1378 641; x_wconf 76' lang='lat' dir='ltr'>Secus</span> 
     </span>
     <span class='ocr_line' id='line_1_47' title="bbox 324 639 1380 682; baseline -0.009 -8"><span class='ocrx_word' id='word_1_193' title='bbox 324 645 401 674; x_wconf 89' lang='lat' dir='ltr'>enim</span> <span class='ocrx_word' id='word_1_194' title='bbox 422 644 562 682; x_wconf 90' lang='lat' dir='ltr'>quidquid</span> <span class='ocrx_word' id='word_1_195' title='bbox 582 648 624 671; x_wconf 90' lang='lat' dir='ltr'>est</span> <span class='ocrx_word' id='word_1_196' title='bbox 642 648 755 678; x_wconf 84' lang='lat' dir='ltr'>praeter</span> <span class='ocrx_word' id='word_1_197' title='bbox 782 639 970 668; x_wconf 83' lang='lat' dir='ltr'>substantiam</span> <span class='ocrx_word' id='word_1_198' title='bbox 991 645 1065 667; x_wconf 85' lang='lat' dir='ltr'>esset</span> <span class='ocrx_word' id='word_1_199' title='bbox 1090 648 1150 666; x_wconf 92' lang='lat' dir='ltr'>non</span> <span class='ocrx_word' id='word_1_200' title='bbox 1172 647 1230 666; x_wconf 87' lang='lat' dir='ltr'>ens.</span> <span class='ocrx_word' id='word_1_201' title='bbox 1255 639 1291 664; x_wconf 86' lang='lat' dir='ltr'>Et</span> <span class='ocrx_word' id='word_1_202' title='bbox 1312 646 1380 673; x_wconf 82' lang='lat' dir='ltr'>quia</span> 
     </span>
    </p>
   </div>
   <div class='ocr_carea' id='block_1_24' title="bbox 378 763 588 943">
    <p class='ocr_par' dir='ltr' id='par_1_26' title="bbox 378 763 588 943">
     <span class='ocr_line' id='line_1_48' title="bbox 378 763 588 943; baseline 0 0"><span class='ocrx_word' id='word_1_203' title='bbox 378 763 588 943; x_wconf 95' lang='lat' dir='ltr'>   </span> 
     </span>
    </p>
   </div>
   <div class='ocr_carea' id='block_1_25' title="bbox 402 737 1380 943">
    <p class='ocr_par' dir='ltr' id='par_1_27' title="bbox 402 737 1380 943">
     <span class='ocr_line' id='line_1_49' title="bbox 591 737 1379 789; baseline -0.009 -10.148"><span class='ocrx_word' id='word_1_204' title='bbox 591 749 765 789; x_wconf 90' lang='lat' dir='ltr'>ostquam</span> <span class='ocrx_word' id='word_1_205' title='bbox 789 740 1043 788; x_wconf 90' lang='lat' dir='ltr'>Philosophus</span> <span class='ocrx_word' id='word_1_206' title='bbox 1070 737 1298 786; x_wconf 81' lang='lat' dir='ltr'>improbavit</span> <span class='ocrx_word' id='word_1_207' title='bbox 1323 749 1379 773; x_wconf 90' lang='lat' dir='ltr'>ra-</span> 
     </span>
     <span class='ocr_line' id='line_1_50' title="bbox 402 788 1380 839; baseline -0.006 -8"><span class='ocrx_word' id='word_1_208' title='bbox 402 792 419 830; x_wconf 49' lang='grc' dir='ltr'>ῑτ</span> <span class='ocrx_word' id='word_1_209' title='bbox 452 803 477 819; x_wconf 66' lang='grc'>””</span> <span class='ocrx_word' id='word_1_210' title='bbox 499 791 502 793; x_wconf 42' lang='grc'><strong>“</strong></span> <span class='ocrx_word' id='word_1_211' title='bbox 544 794 732 830; x_wconf 43' lang='lat' dir='ltr'>&amp;tionem</span> <span class='ocrx_word' id='word_1_212' title='bbox 749 794 768 814; x_wconf 58' lang='lat'>5⁵</span> <span class='ocrx_word' id='word_1_213' title='bbox 789 792 942 838; x_wconf 85' lang='lat' dir='ltr'>Melissi,</span> <span class='ocrx_word' id='word_1_214' title='bbox 965 791 1026 828; x_wconf 89' lang='lat' dir='ltr'>hic</span> <span class='ocrx_word' id='word_1_215' title='bbox 1053 788 1242 839; x_wconf 81' lang='lat' dir='ltr'>improbat</span> <span class='ocrx_word' id='word_1_216' title='bbox 1270 789 1380 825; x_wconf 88' lang='lat' dir='ltr'>ratio-</span> 
     </span>
     <span class='ocr_line' id='line_1_51' title="bbox 475 842 1380 895; baseline -0.008 -11"><span class='ocrx_word' id='word_1_217' title='bbox 475 888 480 895; x_wconf 37' lang='lat'>,</span> <span class='ocrx_word' id='word_1_218' title='bbox 534 848 544 861; x_wconf 64' lang='lat'>³</span> <span class='ocrx_word' id='word_1_219' title='bbox 561 869 573 892; x_wconf 28' lang='grc' dir='ltr'><em>ἑ</em></span> <span class='ocrx_word' id='word_1_220' title='bbox 591 858 679 883; x_wconf 89' lang='lat' dir='ltr'>nem</span> <span class='ocrx_word' id='word_1_221' title='bbox 707 845 955 882; x_wconf 86' lang='lat' dir='ltr'>Parmenidis.</span> <span class='ocrx_word' id='word_1_222' title='bbox 976 845 1025 880; x_wconf 92' lang='lat' dir='ltr'>Et</span> <span class='ocrx_word' id='word_1_223' title='bbox 1047 843 1170 892; x_wconf 90' lang='lat' dir='ltr'>primo</span> <span class='ocrx_word' id='word_1_224' title='bbox 1191 842 1380 890; x_wconf 88' lang='lat' dir='ltr'>improbat</span> 
     </span>
     <span class='ocr_line' id='line_1_52' title="bbox 528 895 1378 943; baseline -0.002 -11"><span class='ocrx_word' id='word_1_225' title='bbox 528 899 573 932; x_wconf 44' lang='lat' dir='ltr'>fur*</span> <span class='ocrx_word' id='word_1_226' title='bbox 592 910 692 943; x_wconf 89' lang='lat' dir='ltr'>eam;</span> <span class='ocrx_word' id='word_1_227' title='bbox 714 897 882 934; x_wconf 90' lang='lat' dir='ltr'>secundo</span> <span class='ocrx_word' id='word_1_228' title='bbox 912 897 1074 933; x_wconf 85' lang='lat' dir='ltr'>excludit</span> <span class='ocrx_word' id='word_1_229' title='bbox 1098 895 1195 932; x_wconf 89' lang='lat' dir='ltr'>dicta</span> <span class='ocrx_word' id='word_1_230' title='bbox 1214 906 1378 943; x_wconf 88' lang='lat' dir='ltr'>quorun-</span> 
     </span>
    </p>
   </div>
   <div class='ocr_carea' id='block_1_26' title="bbox 306 946 1378 1052">
    <p class='ocr_par' dir='ltr' id='par_1_28' title="bbox 306 946 1378 1052">
     <span class='ocr_line' id='line_1_53' title="bbox 319 946 1378 999; baseline -0.007 -10"><span class='ocrx_word' id='word_1_231' title='bbox 319 948 415 990; x_wconf 47' lang='lat' dir='ltr'>‘dam</span> <span class='ocrx_word' id='word_1_232' title='bbox 444 951 508 999; x_wconf 91' lang='lat' dir='ltr'>qui</span> <span class='ocrx_word' id='word_1_233' title='bbox 529 952 627 987; x_wconf 88' lang='lat' dir='ltr'>male</span> <span class='ocrx_word' id='word_1_234' title='bbox 651 950 858 996; x_wconf 81' lang='lat' dir='ltr'>obviabant</span> <span class='ocrx_word' id='word_1_235' title='bbox 881 949 1014 986; x_wconf 88' lang='lat' dir='ltr'>rationi</span> <span class='ocrx_word' id='word_1_236' title='bbox 1042 947 1289 993; x_wconf 90' lang='lat' dir='ltr'>Parmenidis,</span> <span class='ocrx_word' id='word_1_237' title='bbox 1310 946 1378 983; x_wconf 87' lang='lat' dir='ltr'>ibi:</span> 
     </span>
     <span class='ocr_line' id='line_1_54' title="bbox 306 999 1377 1052; baseline -0.006 -11"><span class='ocrx_word' id='word_1_238' title='bbox 306 1050 311 1052; x_wconf 10' lang='grc' dir='ltr'><strong>ξ</strong></span> <span class='ocrx_word' id='word_1_239' title='bbox 329 1004 487 1046; x_wconf 86' lang='lat' dir='ltr'><strong><em>Quidam</em></strong></span> <span class='ocrx_word' id='word_1_240' title='bbox 503 1009 626 1040; x_wconf 85' lang='lat' dir='ltr'>autem</span> <span class='ocrx_word' id='word_1_241' title='bbox 642 1003 847 1039; x_wconf 86' lang='lat' dir='ltr'>rationibus</span> <span class='ocrx_word' id='word_1_242' title='bbox 862 1003 881 1023; x_wconf 72' lang='lat'>²²⁴·</span> <span class='ocrx_word' id='word_1_243' title='bbox 899 1009 965 1038; x_wconf 88' lang='lat' dir='ltr'>ete.</span> <span class='ocrx_word' id='word_1_244' title='bbox 989 1001 1098 1038; x_wconf 89' lang='lat' dir='ltr'>Circa</span> <span class='ocrx_word' id='word_1_245' title='bbox 1111 1000 1280 1049; x_wconf 88' lang='lat' dir='ltr'>primum</span> <span class='ocrx_word' id='word_1_246' title='bbox 1301 999 1377 1036; x_wconf 92' lang='lat' dir='ltr'>duo</span> 
     </span>
    </p>
   </div>
   <div class='ocr_carea' id='block_1_27' title="bbox 324 1052 1386 3305">
    <p class='ocr_par' dir='ltr' id='par_1_29' title="bbox 324 1052 1380 1208">
     <span class='ocr_line' id='line_1_55' title="bbox 324 1052 1380 1104; baseline -0.006 -11"><span class='ocrx_word' id='word_1_247' title='bbox 324 1057 426 1093; x_wconf 87' lang='lat' dir='ltr'>facit:</span> <span class='ocrx_word' id='word_1_248' title='bbox 450 1056 574 1104; x_wconf 91' lang='lat' dir='ltr'>primo</span> <span class='ocrx_word' id='word_1_249' title='bbox 601 1055 708 1104; x_wconf 89' lang='lat' dir='ltr'>ponit</span> <span class='ocrx_word' id='word_1_250' title='bbox 735 1055 872 1092; x_wconf 90' lang='lat' dir='ltr'>modos</span> <span class='ocrx_word' id='word_1_251' title='bbox 901 1054 1038 1102; x_wconf 92' lang='lat' dir='ltr'>quibus</span> <span class='ocrx_word' id='word_1_252' title='bbox 1059 1052 1295 1090; x_wconf 89' lang='lat' dir='ltr'>obviandum</span> <span class='ocrx_word' id='word_1_253' title='bbox 1325 1058 1380 1087; x_wconf 89' lang='lat' dir='ltr'>est</span> 
     </span>
     <span class='ocr_line' id='line_1_56' title="bbox 325 1105 1378 1153; baseline -0.005 -8"><span class='ocrx_word' id='word_1_254' title='bbox 325 1109 457 1145; x_wconf 91' lang='lat' dir='ltr'>rationi</span> <span class='ocrx_word' id='word_1_255' title='bbox 484 1109 504 1129; x_wconf 72' lang='lat'>&#39;¹‘</span> <span class='ocrx_word' id='word_1_256' title='bbox 531 1107 790 1153; x_wconf 83' lang='lat' dir='ltr'>Parmenidis3</span> <span class='ocrx_word' id='word_1_257' title='bbox 821 1106 988 1143; x_wconf 90' lang='lat' dir='ltr'>secundo</span> <span class='ocrx_word' id='word_1_258' title='bbox 1025 1106 1094 1142; x_wconf 89' lang='lat' dir='ltr'>illis</span> <span class='ocrx_word' id='word_1_259' title='bbox 1131 1105 1255 1142; x_wconf 90' lang='lat' dir='ltr'>modis</span> <span class='ocrx_word' id='word_1_260' title='bbox 1293 1116 1378 1140; x_wconf 88' lang='lat' dir='ltr'>eam</span> 
     </span>
     <span class='ocr_line' id='line_1_57' title="bbox 325 1160 993 1208; baseline -0.004 -10"><span class='ocrx_word' id='word_1_261' title='bbox 325 1161 436 1198; x_wconf 90' lang='lat' dir='ltr'>solvit</span> <span class='ocrx_word' id='word_1_262' title='bbox 462 1160 531 1197; x_wconf 91' lang='lat' dir='ltr'>ibi:</span> <span class='ocrx_word' id='word_1_263' title='bbox 560 1161 674 1197; x_wconf 86' lang='lat' dir='ltr'>Falsa</span> <span class='ocrx_word' id='word_1_264' title='bbox 702 1160 847 1208; x_wconf 85' lang='lat' dir='ltr'>quidem</span> <span class='ocrx_word' id='word_1_265' title='bbox 878 1161 897 1180; x_wconf 34' lang='grc' dir='ltr'>’ᾖ</span> <span class='ocrx_word' id='word_1_266' title='bbox 925 1166 993 1195; x_wconf 89' lang='lat' dir='ltr'>etc.</span> 
     </span>
    </p>

    <p class='ocr_par' dir='ltr' id='par_1_30' title="bbox 325 1210 1383 1679">
     <span class='ocr_line' id='line_1_58' title="bbox 379 1210 1379 1261; baseline -0.004 -12"><span class='ocrx_word' id='word_1_267' title='bbox 379 1225 413 1250; x_wconf 90' lang='lat'>2.</span> <span class='ocrx_word' id='word_1_268' title='bbox 436 1213 543 1250; x_wconf 92' lang='lat' dir='ltr'>Circa</span> <span class='ocrx_word' id='word_1_269' title='bbox 563 1213 730 1261; x_wconf 89' lang='lat' dir='ltr'>primum</span> <span class='ocrx_word' id='word_1_270' title='bbox 745 1212 941 1249; x_wconf 90' lang='lat' dir='ltr'>sciendum</span> <span class='ocrx_word' id='word_1_271' title='bbox 955 1213 975 1232; x_wconf 77' lang='lat'>&#39;¹‘</span> <span class='ocrx_word' id='word_1_272' title='bbox 990 1218 1045 1248; x_wconf 89' lang='lat' dir='ltr'>est</span> <span class='ocrx_word' id='word_1_273' title='bbox 1059 1210 1162 1259; x_wconf 91' lang='lat' dir='ltr'>quod</span> <span class='ocrx_word' id='word_1_274' title='bbox 1178 1210 1270 1246; x_wconf 89' lang='lat' dir='ltr'>ratio</span> <span class='ocrx_word' id='word_1_275' title='bbox 1290 1210 1379 1245; x_wconf 92' lang='lat' dir='ltr'>Par-</span> 
     </span>
     <span class='ocr_line' id='line_1_59' title="bbox 325 1262 1379 1314; baseline -0.004 -12"><span class='ocrx_word' id='word_1_276' title='bbox 325 1265 485 1302; x_wconf 87' lang='lat' dir='ltr'>menidis</span> <span class='ocrx_word' id='word_1_277' title='bbox 513 1265 594 1301; x_wconf 91' lang='lat' dir='ltr'>talis</span> <span class='ocrx_word' id='word_1_278' title='bbox 624 1273 701 1301; x_wconf 88' lang='lat' dir='ltr'>erat</span> <span class='ocrx_word' id='word_1_279' title='bbox 722 1267 759 1311; x_wconf 41' lang='grc' dir='ltr'>ἕ,</span> <span class='ocrx_word' id='word_1_280' title='bbox 787 1272 829 1301; x_wconf 91' lang='lat' dir='ltr'>ut</span> <span class='ocrx_word' id='word_1_281' title='bbox 854 1271 957 1314; x_wconf 88' lang='lat' dir='ltr'>patet</span> <span class='ocrx_word' id='word_1_282' title='bbox 984 1264 1022 1300; x_wconf 90' lang='lat' dir='ltr'>in</span> <span class='ocrx_word' id='word_1_283' title='bbox 1050 1265 1064 1300; x_wconf 92' lang='lat'>1</span> <span class='ocrx_word' id='word_1_284' title='bbox 1093 1263 1307 1310; x_wconf 85' lang='lat' dir='ltr'>Metaphys.</span> <span class='ocrx_word' id='word_1_285' title='bbox 1338 1262 1379 1282; x_wconf 46' lang='grc' dir='ltr'>’Μ</span> 
     </span>
     <span class='ocr_line' id='line_1_60' title="bbox 325 1315 1379 1366; baseline -0.003 -12"><span class='ocrx_word' id='word_1_286' title='bbox 325 1318 520 1366; x_wconf 87' lang='lat' dir='ltr'>Quidquid</span> <span class='ocrx_word' id='word_1_287' title='bbox 541 1325 595 1354; x_wconf 93' lang='lat' dir='ltr'>est</span> <span class='ocrx_word' id='word_1_288' title='bbox 613 1325 761 1366; x_wconf 89' lang='lat' dir='ltr'>praeter</span> <span class='ocrx_word' id='word_1_289' title='bbox 789 1330 854 1354; x_wconf 90' lang='lat' dir='ltr'>ens</span> <span class='ocrx_word' id='word_1_290' title='bbox 875 1324 930 1353; x_wconf 92' lang='lat' dir='ltr'>est</span> <span class='ocrx_word' id='word_1_291' title='bbox 949 1329 1027 1353; x_wconf 93' lang='lat' dir='ltr'>non</span> <span class='ocrx_word' id='word_1_292' title='bbox 1048 1328 1131 1362; x_wconf 88' lang='lat' dir='ltr'>ens;</span> <span class='ocrx_word' id='word_1_293' title='bbox 1152 1316 1219 1352; x_wconf 92' lang='lat' dir='ltr'>sed</span> <span class='ocrx_word' id='word_1_294' title='bbox 1237 1316 1257 1336; x_wconf 62' lang='lat'>³¹*</span> <span class='ocrx_word' id='word_1_295' title='bbox 1275 1315 1379 1363; x_wconf 92' lang='lat' dir='ltr'>quod</span> 
     </span>
     <span class='ocr_line' id='line_1_61' title="bbox 326 1369 1380 1418; baseline -0.004 -11"><span class='ocrx_word' id='word_1_296' title='bbox 326 1378 381 1407; x_wconf 91' lang='lat' dir='ltr'>est</span> <span class='ocrx_word' id='word_1_297' title='bbox 399 1382 476 1407; x_wconf 92' lang='lat' dir='ltr'>non</span> <span class='ocrx_word' id='word_1_298' title='bbox 498 1382 563 1406; x_wconf 89' lang='lat' dir='ltr'>ens</span> <span class='ocrx_word' id='word_1_299' title='bbox 593 1378 648 1407; x_wconf 87' lang='lat' dir='ltr'>est</span> <span class='ocrx_word' id='word_1_300' title='bbox 675 1370 782 1416; x_wconf 90' lang='lat' dir='ltr'>nihil;</span> <span class='ocrx_word' id='word_1_301' title='bbox 805 1382 892 1417; x_wconf 87' lang='lat' dir='ltr'>ergo</span> <span class='ocrx_word' id='word_1_302' title='bbox 913 1371 933 1391; x_wconf 59' lang='lat' dir='ltr'>ss</span> <span class='ocrx_word' id='word_1_303' title='bbox 954 1369 1136 1418; x_wconf 90' lang='lat' dir='ltr'>quidquid</span> <span class='ocrx_word' id='word_1_304' title='bbox 1157 1375 1211 1404; x_wconf 90' lang='lat' dir='ltr'>est</span> <span class='ocrx_word' id='word_1_305' title='bbox 1233 1374 1380 1417; x_wconf 89' lang='lat' dir='ltr'>praeter</span> 
     </span>
     <span class='ocr_line' id='line_1_62' title="bbox 327 1420 1382 1470; baseline -0.003 -11"><span class='ocrx_word' id='word_1_306' title='bbox 327 1435 392 1459; x_wconf 92' lang='lat' dir='ltr'>ens</span> <span class='ocrx_word' id='word_1_307' title='bbox 413 1430 468 1459; x_wconf 90' lang='lat' dir='ltr'>est</span> <span class='ocrx_word' id='word_1_308' title='bbox 486 1422 587 1459; x_wconf 90' lang='lat' dir='ltr'>nihil.</span> <span class='ocrx_word' id='word_1_309' title='bbox 606 1422 682 1459; x_wconf 89' lang='lat' dir='ltr'>Sed</span> <span class='ocrx_word' id='word_1_310' title='bbox 703 1435 768 1459; x_wconf 89' lang='lat' dir='ltr'>ens</span> <span class='ocrx_word' id='word_1_311' title='bbox 789 1430 844 1459; x_wconf 92' lang='lat' dir='ltr'>est</span> <span class='ocrx_word' id='word_1_312' title='bbox 861 1434 1000 1468; x_wconf 90' lang='lat' dir='ltr'>unum;</span> <span class='ocrx_word' id='word_1_313' title='bbox 1022 1434 1108 1469; x_wconf 88' lang='lat' dir='ltr'>ergo</span> <span class='ocrx_word' id='word_1_314' title='bbox 1129 1420 1311 1470; x_wconf 88' lang='lat' dir='ltr'>quidquid</span> <span class='ocrx_word' id='word_1_315' title='bbox 1327 1427 1382 1456; x_wconf 92' lang='lat' dir='ltr'>est</span> 
     </span>
     <span class='ocr_line' id='line_1_63' title="bbox 325 1475 1380 1524; baseline -0.003 -13"><span class='ocrx_word' id='word_1_316' title='bbox 325 1483 473 1524; x_wconf 91' lang='lat' dir='ltr'>praeter</span> <span class='ocrx_word' id='word_1_317' title='bbox 499 1487 619 1511; x_wconf 91' lang='lat' dir='ltr'>unum</span> <span class='ocrx_word' id='word_1_318' title='bbox 648 1483 704 1511; x_wconf 91' lang='lat' dir='ltr'>est</span> <span class='ocrx_word' id='word_1_319' title='bbox 737 1475 844 1520; x_wconf 87' lang='lat' dir='ltr'>nihil;</span> <span class='ocrx_word' id='word_1_320' title='bbox 880 1487 968 1522; x_wconf 89' lang='lat' dir='ltr'>ergo</span> <span class='ocrx_word' id='word_1_321' title='bbox 998 1482 1053 1510; x_wconf 89' lang='lat' dir='ltr'>est</span> <span class='ocrx_word' id='word_1_322' title='bbox 1085 1481 1231 1510; x_wconf 89' lang='lat' dir='ltr'>tantum</span> <span class='ocrx_word' id='word_1_323' title='bbox 1259 1485 1380 1509; x_wconf 89' lang='lat' dir='ltr'>unum</span> 
     </span>
     <span class='ocr_line' id='line_1_64' title="bbox 327 1525 1380 1575; baseline -0.004 -11"><span class='ocrx_word' id='word_1_324' title='bbox 327 1539 404 1564; x_wconf 89' lang='lat' dir='ltr'>ens.</span> <span class='ocrx_word' id='word_1_325' title='bbox 434 1528 483 1563; x_wconf 93' lang='lat' dir='ltr'>Et</span> <span class='ocrx_word' id='word_1_326' title='bbox 511 1539 555 1563; x_wconf 87' lang='lat' dir='ltr'>ex</span> <span class='ocrx_word' id='word_1_327' title='bbox 575 1528 649 1563; x_wconf 93' lang='lat' dir='ltr'>hoc</span> <span class='ocrx_word' id='word_1_328' title='bbox 669 1527 917 1563; x_wconf 84' lang='lat' dir='ltr'>concludebat</span> <span class='ocrx_word' id='word_1_329' title='bbox 936 1527 1039 1575; x_wconf 89' lang='lat' dir='ltr'>quod</span> <span class='ocrx_word' id='word_1_330' title='bbox 1060 1533 1155 1562; x_wconf 88' lang='lat' dir='ltr'>esset</span> <span class='ocrx_word' id='word_1_331' title='bbox 1174 1525 1380 1570; x_wconf 88' lang='lat' dir='ltr'>immobile,</span> 
     </span>
     <span class='ocr_line' id='line_1_65' title="bbox 326 1578 1383 1628; baseline -0.002 -13"><span class='ocrx_word' id='word_1_332' title='bbox 326 1579 415 1628; x_wconf 89' lang='lat' dir='ltr'>quia</span> <span class='ocrx_word' id='word_1_333' title='bbox 433 1591 510 1615; x_wconf 91' lang='lat' dir='ltr'>non</span> <span class='ocrx_word' id='word_1_334' title='bbox 533 1579 689 1615; x_wconf 89' lang='lat' dir='ltr'>haberet</span> <span class='ocrx_word' id='word_1_335' title='bbox 716 1592 738 1615; x_wconf 91' lang='lat' dir='ltr'>a</span> <span class='ocrx_word' id='word_1_336' title='bbox 766 1591 842 1627; x_wconf 92' lang='lat' dir='ltr'>quo</span> <span class='ocrx_word' id='word_1_337' title='bbox 871 1586 1101 1625; x_wconf 85' lang='lat' dir='ltr'>moveretur,</span> <span class='ocrx_word' id='word_1_338' title='bbox 1130 1590 1201 1614; x_wconf 91' lang='lat' dir='ltr'>nec</span> <span class='ocrx_word' id='word_1_339' title='bbox 1228 1578 1383 1614; x_wconf 90' lang='lat' dir='ltr'>haberet</span> 
     </span>
     <span class='ocr_line' id='line_1_66' title="bbox 327 1637 895 1679; baseline -0.002 -11"><span class='ocrx_word' id='word_1_340' title='bbox 327 1638 428 1668; x_wconf 88' lang='lat' dir='ltr'>extra</span> <span class='ocrx_word' id='word_1_341' title='bbox 447 1643 488 1667; x_wconf 91' lang='lat' dir='ltr'>se</span> <span class='ocrx_word' id='word_1_342' title='bbox 517 1643 592 1679; x_wconf 91' lang='lat' dir='ltr'>quo</span> <span class='ocrx_word' id='word_1_343' title='bbox 622 1639 840 1668; x_wconf 88' lang='lat' dir='ltr'>moveretur</span> <span class='ocrx_word' id='word_1_344' title='bbox 867 1637 895 1667; x_wconf 57' lang='grc' dir='ltr'>α.</span> 
     </span>
    </p>

    <p class='ocr_par' dir='ltr' id='par_1_31' title="bbox 325 1681 1384 2035">
     <span class='ocr_line' id='line_1_67' title="bbox 379 1681 1382 1732; baseline -0.002 -12"><span class='ocrx_word' id='word_1_345' title='bbox 379 1684 436 1720; x_wconf 87' lang='lat' dir='ltr'>Ex</span> <span class='ocrx_word' id='word_1_346' title='bbox 464 1683 554 1732; x_wconf 93' lang='lat' dir='ltr'>ipsis</span> <span class='ocrx_word' id='word_1_347' title='bbox 583 1691 709 1720; x_wconf 86' lang='lat' dir='ltr'>autem</span> <span class='ocrx_word' id='word_1_348' title='bbox 739 1696 872 1720; x_wconf 90' lang='lat' dir='ltr'>eorum</span> <span class='ocrx_word' id='word_1_349' title='bbox 901 1683 1107 1720; x_wconf 88' lang='lat' dir='ltr'>rationibus</span> <span class='ocrx_word' id='word_1_350' title='bbox 1138 1689 1241 1731; x_wconf 90' lang='lat' dir='ltr'>patet</span> <span class='ocrx_word' id='word_1_351' title='bbox 1277 1681 1382 1730; x_wconf 92' lang='lat' dir='ltr'>quod</span> 
     </span>
     <span class='ocr_line' id='line_1_68' title="bbox 325 1734 1383 1773; baseline -0.003 -1"><span class='ocrx_word' id='word_1_352' title='bbox 325 1736 572 1772; x_wconf 87' lang='lat' dir='ltr'>Parmenides</span> <span class='ocrx_word' id='word_1_353' title='bbox 592 1735 853 1773; x_wconf 85' lang='lat' dir='ltr'>considerabat</span> <span class='ocrx_word' id='word_1_354' title='bbox 873 1748 938 1772; x_wconf 90' lang='lat' dir='ltr'>ens</span> <span class='ocrx_word' id='word_1_355' title='bbox 959 1735 1168 1772; x_wconf 91' lang='lat' dir='ltr'>secundum</span> <span class='ocrx_word' id='word_1_356' title='bbox 1198 1734 1383 1770; x_wconf 91' lang='lat' dir='ltr'>rationem</span> 
     </span>
     <span class='ocr_line' id='line_1_69' title="bbox 327 1787 1383 1836; baseline -0.003 -11"><span class='ocrx_word' id='word_1_357' title='bbox 327 1789 436 1835; x_wconf 90' lang='lat' dir='ltr'>entis,</span> <span class='ocrx_word' id='word_1_358' title='bbox 458 1795 494 1825; x_wconf 87' lang='lat' dir='ltr'>et</span> <span class='ocrx_word' id='word_1_359' title='bbox 512 1788 596 1825; x_wconf 86' lang='lat' dir='ltr'>ideo</span> <span class='ocrx_word' id='word_1_360' title='bbox 617 1789 783 1836; x_wconf 87' lang='lat' dir='ltr'>ponebat</span> <span class='ocrx_word' id='word_1_361' title='bbox 806 1801 871 1825; x_wconf 88' lang='lat' dir='ltr'>ens</span> <span class='ocrx_word' id='word_1_362' title='bbox 892 1801 972 1825; x_wconf 90' lang='lat' dir='ltr'>esse</span> <span class='ocrx_word' id='word_1_363' title='bbox 991 1800 1111 1824; x_wconf 90' lang='lat' dir='ltr'>unum</span> <span class='ocrx_word' id='word_1_364' title='bbox 1133 1795 1168 1823; x_wconf 93' lang='lat' dir='ltr'>et</span> <span class='ocrx_word' id='word_1_365' title='bbox 1183 1788 1202 1808; x_wconf 66' lang='lat'>²³²</span> <span class='ocrx_word' id='word_1_366' title='bbox 1217 1787 1383 1823; x_wconf 87' lang='lat' dir='ltr'>finitum:</span> 
     </span>
     <span class='ocr_line' id='line_1_70' title="bbox 327 1841 1383 1888; baseline -0.003 -10"><span class='ocrx_word' id='word_1_367' title='bbox 327 1841 501 1878; x_wconf 90' lang='lat' dir='ltr'>Melissus</span> <span class='ocrx_word' id='word_1_368' title='bbox 521 1849 648 1877; x_wconf 90' lang='lat' dir='ltr'>autem</span> <span class='ocrx_word' id='word_1_369' title='bbox 670 1842 688 1862; x_wconf 75' lang='lat'>²¹³</span> <span class='ocrx_word' id='word_1_370' title='bbox 709 1841 970 1878; x_wconf 84' lang='lat' dir='ltr'>considerabat</span> <span class='ocrx_word' id='word_1_371' title='bbox 989 1853 1055 1877; x_wconf 91' lang='lat' dir='ltr'>ens</span> <span class='ocrx_word' id='word_1_372' title='bbox 1080 1853 1123 1876; x_wconf 85' lang='lat' dir='ltr'>ex</span> <span class='ocrx_word' id='word_1_373' title='bbox 1142 1847 1246 1888; x_wconf 88' lang='lat' dir='ltr'>parte</span> <span class='ocrx_word' id='word_1_374' title='bbox 1267 1846 1383 1875; x_wconf 89' lang='lat' dir='ltr'>mate-</span> 
     </span>
     <span class='ocr_line' id='line_1_71' title="bbox 326 1892 1384 1940; baseline -0.003 -10"><span class='ocrx_word' id='word_1_375' title='bbox 326 1894 423 1939; x_wconf 87' lang='lat' dir='ltr'>riae,</span> <span class='ocrx_word' id='word_1_376' title='bbox 445 1893 706 1930; x_wconf 83' lang='lat' dir='ltr'>considerabat</span> <span class='ocrx_word' id='word_1_377' title='bbox 733 1893 834 1930; x_wconf 85' lang='lat' dir='ltr'>enim</span> <span class='ocrx_word' id='word_1_378' title='bbox 864 1906 929 1930; x_wconf 90' lang='lat' dir='ltr'>ens</span> <span class='ocrx_word' id='word_1_379' title='bbox 958 1893 1168 1930; x_wconf 90' lang='lat' dir='ltr'>secundum</span> <span class='ocrx_word' id='word_1_380' title='bbox 1198 1892 1301 1940; x_wconf 89' lang='lat' dir='ltr'>quod</span> <span class='ocrx_word' id='word_1_381' title='bbox 1330 1899 1384 1928; x_wconf 90' lang='lat' dir='ltr'>est</span> 
     </span>
     <span class='ocr_line' id='line_1_72' title="bbox 325 1946 1382 1994; baseline -0.002 -12"><span class='ocrx_word' id='word_1_382' title='bbox 325 1947 465 1983; x_wconf 83' lang='lat' dir='ltr'>factum</span> <span class='ocrx_word' id='word_1_383' title='bbox 483 1947 545 1982; x_wconf 91' lang='lat' dir='ltr'>vel</span> <span class='ocrx_word' id='word_1_384' title='bbox 564 1958 642 1982; x_wconf 93' lang='lat' dir='ltr'>non</span> <span class='ocrx_word' id='word_1_385' title='bbox 662 1947 818 1992; x_wconf 83' lang='lat' dir='ltr'>factum3</span> <span class='ocrx_word' id='word_1_386' title='bbox 849 1954 884 1982; x_wconf 91' lang='lat' dir='ltr'>et</span> <span class='ocrx_word' id='word_1_387' title='bbox 911 1946 997 1983; x_wconf 91' lang='lat' dir='ltr'>ideo</span> <span class='ocrx_word' id='word_1_388' title='bbox 1023 1946 1191 1994; x_wconf 89' lang='lat' dir='ltr'>ponebat</span> <span class='ocrx_word' id='word_1_389' title='bbox 1215 1958 1280 1981; x_wconf 90' lang='lat' dir='ltr'>ens</span> <span class='ocrx_word' id='word_1_390' title='bbox 1301 1957 1382 1981; x_wconf 90' lang='lat' dir='ltr'>esse</span> 
     </span>
     <span class='ocr_line' id='line_1_73' title="bbox 325 1997 738 2035; baseline 0 -1"><span class='ocrx_word' id='word_1_391' title='bbox 325 2010 447 2035; x_wconf 90' lang='lat' dir='ltr'>unum</span> <span class='ocrx_word' id='word_1_392' title='bbox 476 2005 512 2034; x_wconf 92' lang='lat' dir='ltr'>et</span> <span class='ocrx_word' id='word_1_393' title='bbox 538 1997 738 2035; x_wconf 85' lang='lat' dir='ltr'>infinitum.</span> 
     </span>
    </p>

    <p class='ocr_par' dir='ltr' id='par_1_32' title="bbox 328 2050 1385 2831">
     <span class='ocr_line' id='line_1_74' title="bbox 382 2050 1382 2098; baseline -0.001 -12"><span class='ocrx_word' id='word_1_394' title='bbox 382 2051 416 2087; x_wconf 87' lang='lat'>3.</span> <span class='ocrx_word' id='word_1_395' title='bbox 446 2050 544 2087; x_wconf 90' lang='lat' dir='ltr'>Dicit</span> <span class='ocrx_word' id='word_1_396' title='bbox 578 2063 665 2097; x_wconf 90' lang='lat' dir='ltr'>ergo</span> <span class='ocrx_word' id='word_1_397' title='bbox 703 2051 808 2098; x_wconf 92' lang='lat' dir='ltr'>quod</span> <span class='ocrx_word' id='word_1_398' title='bbox 845 2050 947 2087; x_wconf 90' lang='lat' dir='ltr'>idern</span> <span class='ocrx_word' id='word_1_399' title='bbox 980 2050 1119 2086; x_wconf 89' lang='lat' dir='ltr'>modus</span> <span class='ocrx_word' id='word_1_400' title='bbox 1164 2057 1218 2086; x_wconf 93' lang='lat' dir='ltr'>est</span> <span class='ocrx_word' id='word_1_401' title='bbox 1249 2062 1382 2098; x_wconf 92' lang='lat' dir='ltr'>proce-</span> 
     </span>
     <span class='ocr_line' id='line_1_75' title="bbox 328 2100 1381 2139; baseline 0 -1"><span class='ocrx_word' id='word_1_402' title='bbox 328 2100 442 2139; x_wconf 90' lang='lat' dir='ltr'>dendi</span> <span class='ocrx_word' id='word_1_403' title='bbox 462 2109 591 2138; x_wconf 86' lang='lat' dir='ltr'>contra</span> <span class='ocrx_word' id='word_1_404' title='bbox 619 2102 803 2138; x_wconf 90' lang='lat' dir='ltr'>rationem</span> <span class='ocrx_word' id='word_1_405' title='bbox 831 2102 1065 2139; x_wconf 87' lang='lat' dir='ltr'>Parmenidis</span> <span class='ocrx_word' id='word_1_406' title='bbox 1104 2109 1140 2138; x_wconf 88' lang='lat' dir='ltr'>et</span> <span class='ocrx_word' id='word_1_407' title='bbox 1168 2109 1297 2138; x_wconf 87' lang='lat' dir='ltr'>contra</span> <span class='ocrx_word' id='word_1_408' title='bbox 1325 2114 1381 2138; x_wconf 88' lang='lat' dir='ltr'>ra-</span> 
     </span>
     <span class='ocr_line' id='line_1_76' title="bbox 328 2154 1383 2191; baseline 0.001 -1"><span class='ocrx_word' id='word_1_409' title='bbox 328 2154 471 2190; x_wconf 89' lang='lat' dir='ltr'>tionem</span> <span class='ocrx_word' id='word_1_410' title='bbox 492 2154 644 2190; x_wconf 87' lang='lat' dir='ltr'>Melissi.</span> <span class='ocrx_word' id='word_1_411' title='bbox 661 2155 764 2190; x_wconf 91' lang='lat' dir='ltr'>Nam</span> <span class='ocrx_word' id='word_1_412' title='bbox 784 2154 878 2190; x_wconf 88' lang='lat' dir='ltr'>sicut</span> <span class='ocrx_word' id='word_1_413' title='bbox 897 2154 988 2190; x_wconf 89' lang='lat' dir='ltr'>ratio</span> <span class='ocrx_word' id='word_1_414' title='bbox 1005 2154 1144 2190; x_wconf 88' lang='lat' dir='ltr'>Melissi</span> <span class='ocrx_word' id='word_1_415' title='bbox 1165 2155 1383 2191; x_wconf 88' lang='lat' dir='ltr'>solvebatur</span> 
     </span>
     <span class='ocr_line' id='line_1_77' title="bbox 331 2206 1381 2254; baseline 0 -12"><span class='ocrx_word' id='word_1_416' title='bbox 331 2218 375 2242; x_wconf 86' lang='lat' dir='ltr'>ex</span> <span class='ocrx_word' id='word_1_417' title='bbox 404 2218 450 2242; x_wconf 90' lang='lat' dir='ltr'>eo</span> <span class='ocrx_word' id='word_1_418' title='bbox 479 2207 582 2254; x_wconf 89' lang='lat' dir='ltr'>quod</span> <span class='ocrx_word' id='word_1_419' title='bbox 611 2207 826 2243; x_wconf 89' lang='lat' dir='ltr'>assumebat</span> <span class='ocrx_word' id='word_1_420' title='bbox 843 2206 1120 2254; x_wconf 88' lang='lat' dir='ltr'>propositiones</span> <span class='ocrx_word' id='word_1_421' title='bbox 1139 2206 1260 2252; x_wconf 86' lang='lat' dir='ltr'>falsas,</span> <span class='ocrx_word' id='word_1_422' title='bbox 1283 2214 1318 2242; x_wconf 89' lang='lat' dir='ltr'>et</span> <span class='ocrx_word' id='word_1_423' title='bbox 1338 2218 1381 2242; x_wconf 89' lang='lat' dir='ltr'>ex</span> 
     </span>
     <span class='ocr_line' id='line_1_78' title="bbox 330 2259 1381 2306; baseline 0 -12"><span class='ocrx_word' id='word_1_424' title='bbox 330 2270 376 2294; x_wconf 91' lang='lat' dir='ltr'>eo</span> <span class='ocrx_word' id='word_1_425' title='bbox 396 2259 500 2306; x_wconf 91' lang='lat' dir='ltr'>quod</span> <span class='ocrx_word' id='word_1_426' title='bbox 519 2271 596 2294; x_wconf 90' lang='lat' dir='ltr'>non</span> <span class='ocrx_word' id='word_1_427' title='bbox 617 2266 714 2294; x_wconf 85' lang='lat' dir='ltr'>recte</span> <span class='ocrx_word' id='word_1_428' title='bbox 743 2260 992 2296; x_wconf 85' lang='lat' dir='ltr'>concludebat</span> <span class='ocrx_word' id='word_1_429' title='bbox 1011 2259 1221 2295; x_wconf 90' lang='lat' dir='ltr'>secundum</span> <span class='ocrx_word' id='word_1_430' title='bbox 1241 2265 1381 2295; x_wconf 88' lang='lat' dir='ltr'>rectam</span> 
     </span>
     <span class='ocr_line' id='line_1_79' title="bbox 329 2310 1382 2358; baseline 0.001 -12"><span class='ocrx_word' id='word_1_431' title='bbox 329 2310 491 2346; x_wconf 87' lang='lat' dir='ltr'>formam</span> <span class='ocrx_word' id='word_1_432' title='bbox 522 2311 541 2331; x_wconf 77' lang='lat'>’¹‘</span> <span class='ocrx_word' id='word_1_433' title='bbox 568 2311 848 2358; x_wconf 88' lang='lat' dir='ltr'>syllogisticam;</span> <span class='ocrx_word' id='word_1_434' title='bbox 873 2311 925 2347; x_wconf 93' lang='lat' dir='ltr'>sic</span> <span class='ocrx_word' id='word_1_435' title='bbox 959 2319 994 2347; x_wconf 89' lang='lat' dir='ltr'>et</span> <span class='ocrx_word' id='word_1_436' title='bbox 1022 2311 1114 2347; x_wconf 91' lang='lat' dir='ltr'>ratio</span> <span class='ocrx_word' id='word_1_437' title='bbox 1148 2311 1382 2347; x_wconf 87' lang='lat' dir='ltr'>Parmenidis</span> 
     </span>
     <span class='ocr_line' id='line_1_80' title="bbox 329 2362 1382 2411; baseline 0.001 -13"><span class='ocrx_word' id='word_1_438' title='bbox 329 2362 485 2399; x_wconf 91' lang='lat' dir='ltr'>solvitur</span> <span class='ocrx_word' id='word_1_439' title='bbox 502 2363 637 2411; x_wconf 87' lang='lat' dir='ltr'>partim</span> <span class='ocrx_word' id='word_1_440' title='bbox 658 2363 745 2411; x_wconf 91' lang='lat' dir='ltr'>quia</span> <span class='ocrx_word' id='word_1_441' title='bbox 760 2364 852 2399; x_wconf 86' lang='lat' dir='ltr'>falsa</span> <span class='ocrx_word' id='word_1_442' title='bbox 871 2363 1037 2409; x_wconf 89' lang='lat' dir='ltr'>assumit,</span> <span class='ocrx_word' id='word_1_443' title='bbox 1055 2371 1091 2400; x_wconf 93' lang='lat' dir='ltr'>et</span> <span class='ocrx_word' id='word_1_444' title='bbox 1105 2364 1124 2384; x_wconf 69' lang='lat'>⁵¹³</span> <span class='ocrx_word' id='word_1_445' title='bbox 1138 2364 1275 2411; x_wconf 91' lang='lat' dir='ltr'>partim</span> <span class='ocrx_word' id='word_1_446' title='bbox 1295 2363 1382 2411; x_wconf 89' lang='lat' dir='ltr'>quia</span> 
     </span>
     <span class='ocr_line' id='line_1_81' title="bbox 328 2415 1382 2452; baseline 0 -1"><span class='ocrx_word' id='word_1_447' title='bbox 328 2427 406 2451; x_wconf 90' lang='lat' dir='ltr'>non</span> <span class='ocrx_word' id='word_1_448' title='bbox 435 2423 532 2451; x_wconf 89' lang='lat' dir='ltr'>recte</span> <span class='ocrx_word' id='word_1_449' title='bbox 571 2415 769 2452; x_wconf 89' lang='lat' dir='ltr'>concludit.</span> <span class='ocrx_word' id='word_1_450' title='bbox 809 2416 907 2452; x_wconf 91' lang='lat' dir='ltr'>Dicit</span> <span class='ocrx_word' id='word_1_451' title='bbox 943 2423 1070 2452; x_wconf 87' lang='lat' dir='ltr'>autem</span> <span class='ocrx_word' id='word_1_452' title='bbox 1108 2423 1143 2452; x_wconf 88' lang='lat' dir='ltr'>et</span> <span class='ocrx_word' id='word_1_453' title='bbox 1181 2428 1261 2452; x_wconf 90' lang='lat' dir='ltr'>esse</span> <span class='ocrx_word' id='word_1_454' title='bbox 1291 2416 1382 2452; x_wconf 86' lang='lat' dir='ltr'>alios</span> 
     </span>
     <span class='ocr_line' id='line_1_82' title="bbox 329 2466 1380 2517; baseline 0.003 -14"><span class='ocrx_word' id='word_1_455' title='bbox 329 2466 466 2503; x_wconf 90' lang='lat' dir='ltr'>modos</span> <span class='ocrx_word' id='word_1_456' title='bbox 486 2467 699 2515; x_wconf 87' lang='lat' dir='ltr'>disputandi</span> <span class='ocrx_word' id='word_1_457' title='bbox 719 2469 738 2488; x_wconf 74' lang='lat'>’¹‘</span> <span class='ocrx_word' id='word_1_458' title='bbox 754 2469 927 2517; x_wconf 88' lang='lat' dir='ltr'>proprios</span> <span class='ocrx_word' id='word_1_459' title='bbox 947 2475 1076 2504; x_wconf 86' lang='lat' dir='ltr'>contra</span> <span class='ocrx_word' id='word_1_460' title='bbox 1095 2468 1380 2514; x_wconf 81' lang='lat' dir='ltr'>Parmenidem3</span> 
     </span>
     <span class='ocr_line' id='line_1_83' title="bbox 329 2519 1382 2569; baseline 0.001 -14"><span class='ocrx_word' id='word_1_461' title='bbox 329 2519 417 2568; x_wconf 90' lang='lat' dir='ltr'>quia</span> <span class='ocrx_word' id='word_1_462' title='bbox 446 2527 574 2556; x_wconf 89' lang='lat' dir='ltr'>contra</span> <span class='ocrx_word' id='word_1_463' title='bbox 603 2532 691 2556; x_wconf 89' lang='lat' dir='ltr'>eum</span> <span class='ocrx_word' id='word_1_464' title='bbox 720 2521 899 2569; x_wconf 89' lang='lat' dir='ltr'>disputari</span> <span class='ocrx_word' id='word_1_465' title='bbox 926 2528 1050 2569; x_wconf 89' lang='lat' dir='ltr'>potest</span> <span class='ocrx_word' id='word_1_466' title='bbox 1085 2533 1128 2557; x_wconf 86' lang='lat' dir='ltr'>ex</span> <span class='ocrx_word' id='word_1_467' title='bbox 1156 2521 1382 2569; x_wconf 87' lang='lat' dir='ltr'>propositio-</span> 
     </span>
     <span class='ocr_line' id='line_1_84' title="bbox 330 2572 1382 2622; baseline 0.001 -14"><span class='ocrx_word' id='word_1_468' title='bbox 330 2572 440 2608; x_wconf 86' lang='lat' dir='ltr'>nibus</span> <span class='ocrx_word' id='word_1_469' title='bbox 468 2572 515 2615; x_wconf 60' lang='lat' dir='ltr'>‚ab</span> <span class='ocrx_word' id='word_1_470' title='bbox 550 2584 596 2608; x_wconf 89' lang='lat' dir='ltr'>eo</span> <span class='ocrx_word' id='word_1_471' title='bbox 626 2573 783 2621; x_wconf 88' lang='lat' dir='ltr'>sumptis</span> <span class='ocrx_word' id='word_1_472' title='bbox 800 2602 808 2618; x_wconf 94' lang='lat'>,</span> <span class='ocrx_word' id='word_1_473' title='bbox 848 2586 943 2622; x_wconf 87' lang='lat' dir='ltr'>quae</span> <span class='ocrx_word' id='word_1_474' title='bbox 981 2581 1067 2609; x_wconf 89' lang='lat' dir='ltr'>sunt</span> <span class='ocrx_word' id='word_1_475' title='bbox 1103 2573 1229 2622; x_wconf 91' lang='lat' dir='ltr'>aliquo</span> <span class='ocrx_word' id='word_1_476' title='bbox 1264 2573 1382 2610; x_wconf 90' lang='lat' dir='ltr'>modo</span> 
     </span>
     <span class='ocr_line' id='line_1_85' title="bbox 329 2625 1384 2675; baseline 0.002 -15"><span class='ocrx_word' id='word_1_477' title='bbox 329 2636 442 2660; x_wconf 86' lang='lat' dir='ltr'>verae</span> <span class='ocrx_word' id='word_1_478' title='bbox 467 2632 503 2660; x_wconf 90' lang='lat' dir='ltr'>et</span> <span class='ocrx_word' id='word_1_479' title='bbox 526 2625 751 2672; x_wconf 89' lang='lat' dir='ltr'>probabiles.</span> <span class='ocrx_word' id='word_1_480' title='bbox 779 2626 855 2662; x_wconf 90' lang='lat' dir='ltr'>Sed</span> <span class='ocrx_word' id='word_1_481' title='bbox 883 2626 1057 2662; x_wconf 83' lang='lat' dir='ltr'>Melissus</span> <span class='ocrx_word' id='word_1_482' title='bbox 1086 2626 1316 2675; x_wconf 91' lang='lat' dir='ltr'>procedebat</span> <span class='ocrx_word' id='word_1_483' title='bbox 1339 2638 1384 2662; x_wconf 83' lang='lat' dir='ltr'>ex</span> 
     </span>
     <span class='ocr_line' id='line_1_86' title="bbox 332 2676 1383 2726; baseline 0.002 -14"><span class='ocrx_word' id='word_1_484' title='bbox 332 2689 378 2712; x_wconf 91' lang='lat' dir='ltr'>eo</span> <span class='ocrx_word' id='word_1_485' title='bbox 406 2676 511 2725; x_wconf 90' lang='lat' dir='ltr'>quod</span> <span class='ocrx_word' id='word_1_486' title='bbox 540 2684 594 2713; x_wconf 89' lang='lat' dir='ltr'>est</span> <span class='ocrx_word' id='word_1_487' title='bbox 622 2677 757 2714; x_wconf 86' lang='lat' dir='ltr'>falsum</span> <span class='ocrx_word' id='word_1_488' title='bbox 786 2685 822 2714; x_wconf 89' lang='lat' dir='ltr'>et</span> <span class='ocrx_word' id='word_1_489' title='bbox 840 2678 1100 2726; x_wconf 87' lang='lat' dir='ltr'>improbabile,</span> <span class='ocrx_word' id='word_1_490' title='bbox 1122 2678 1260 2715; x_wconf 90' lang='lat' dir='ltr'>scilicet</span> <span class='ocrx_word' id='word_1_491' title='bbox 1279 2678 1383 2726; x_wconf 88' lang='lat' dir='ltr'>quod</span> 
     </span>
     <span class='ocr_line' id='line_1_87' title="bbox 332 2731 1385 2779; baseline 0.002 -15"><span class='ocrx_word' id='word_1_492' title='bbox 332 2740 398 2765; x_wconf 88' lang='lat' dir='ltr'>ens</span> <span class='ocrx_word' id='word_1_493' title='bbox 426 2741 504 2765; x_wconf 92' lang='lat' dir='ltr'>non</span> <span class='ocrx_word' id='word_1_494' title='bbox 535 2738 752 2776; x_wconf 84' lang='lat' dir='ltr'>generatur:</span> <span class='ocrx_word' id='word_1_495' title='bbox 782 2731 884 2767; x_wconf 87' lang='lat' dir='ltr'>unde</span> <span class='ocrx_word' id='word_1_496' title='bbox 919 2743 997 2776; x_wconf 90' lang='lat' dir='ltr'>non</span> <span class='ocrx_word' id='word_1_497' title='bbox 1026 2731 1228 2779; x_wconf 89' lang='lat' dir='ltr'>disputavit</span> <span class='ocrx_word' id='word_1_498' title='bbox 1256 2738 1385 2768; x_wconf 85' lang='lat' dir='ltr'>contra</span> 
     </span>
     <span class='ocr_line' id='line_1_88' title="bbox 333 2782 1180 2831; baseline 0.004 -14"><span class='ocrx_word' id='word_1_499' title='bbox 333 2793 422 2817; x_wconf 90' lang='lat' dir='ltr'>eum</span> <span class='ocrx_word' id='word_1_500' title='bbox 449 2793 517 2829; x_wconf 92' lang='lat' dir='ltr'>per</span> <span class='ocrx_word' id='word_1_501' title='bbox 543 2782 820 2830; x_wconf 86' lang='lat' dir='ltr'>propositiones</span> <span class='ocrx_word' id='word_1_502' title='bbox 848 2783 895 2819; x_wconf 90' lang='lat' dir='ltr'>ab</span> <span class='ocrx_word' id='word_1_503' title='bbox 925 2795 970 2819; x_wconf 92' lang='lat' dir='ltr'>eo</span> <span class='ocrx_word' id='word_1_504' title='bbox 1000 2791 1180 2831; x_wconf 85' lang='lat' dir='ltr'>sumptas.</span> 
     </span>
    </p>

    <p class='ocr_par' dir='ltr' id='par_1_33' title="bbox 330 2834 1386 3305">
     <span class='ocr_line' id='line_1_89' title="bbox 383 2834 1385 2884; baseline 0.004 -15"><span class='ocrx_word' id='word_1_505' title='bbox 383 2845 420 2879; x_wconf 87' lang='lat'>4.</span> <span class='ocrx_word' id='word_1_506' title='bbox 441 2834 588 2870; x_wconf 90' lang='lat' dir='ltr'>Deinde</span> <span class='ocrx_word' id='word_1_507' title='bbox 619 2847 704 2871; x_wconf 88' lang='lat' dir='ltr'>curn</span> <span class='ocrx_word' id='word_1_508' title='bbox 726 2834 831 2872; x_wconf 88' lang='lat' dir='ltr'>dicit:</span> <span class='ocrx_word' id='word_1_509' title='bbox 851 2835 964 2872; x_wconf 85' lang='lat' dir='ltr'>Falsa</span> <span class='ocrx_word' id='word_1_510' title='bbox 984 2836 1129 2884; x_wconf 78' lang='lat' dir='ltr'>quidem</span> <span class='ocrx_word' id='word_1_511' title='bbox 1146 2844 1227 2883; x_wconf 87' lang='lat' dir='ltr'>etc.,</span> <span class='ocrx_word' id='word_1_512' title='bbox 1256 2848 1385 2884; x_wconf 90' lang='lat' dir='ltr'>prose-</span> 
     </span>
     <span class='ocr_line' id='line_1_90' title="bbox 331 2885 1384 2937; baseline 0.005 -17"><span class='ocrx_word' id='word_1_513' title='bbox 331 2885 456 2934; x_wconf 85' lang='lat' dir='ltr'>quitur</span> <span class='ocrx_word' id='word_1_514' title='bbox 473 2886 684 2934; x_wconf 84' lang='lat' dir='ltr'>praedictos</span> <span class='ocrx_word' id='word_1_515' title='bbox 705 2887 852 2924; x_wconf 85' lang='lat' dir='ltr'>modos.</span> <span class='ocrx_word' id='word_1_516' title='bbox 874 2889 922 2924; x_wconf 90' lang='lat' dir='ltr'>Et</span> <span class='ocrx_word' id='word_1_517' title='bbox 941 2889 1063 2936; x_wconf 90' lang='lat' dir='ltr'>primo</span> <span class='ocrx_word' id='word_1_518' title='bbox 1085 2891 1104 2907; x_wconf 69' lang='lat'>⁴*</span> <span class='ocrx_word' id='word_1_519' title='bbox 1123 2889 1307 2937; x_wconf 89' lang='lat' dir='ltr'>primum;</span> <span class='ocrx_word' id='word_1_520' title='bbox 1328 2901 1384 2925; x_wconf 91' lang='lat' dir='ltr'>se-</span> 
     </span>
     <span class='ocr_line' id='line_1_91' title="bbox 332 2938 1382 2986; baseline 0.004 -12"><span class='ocrx_word' id='word_1_521' title='bbox 332 2938 457 2974; x_wconf 92' lang='lat' dir='ltr'>cundo</span> <span class='ocrx_word' id='word_1_522' title='bbox 473 2939 694 2986; x_wconf 88' lang='lat' dir='ltr'>secundum,</span> <span class='ocrx_word' id='word_1_523' title='bbox 707 2940 773 2976; x_wconf 89' lang='lat' dir='ltr'>ibi:</span> <span class='ocrx_word' id='word_1_524' title='bbox 788 2941 878 2977; x_wconf 88' lang='lat' dir='ltr'>Non</span> <span class='ocrx_word' id='word_1_525' title='bbox 895 2941 1125 2977; x_wconf 84' lang='lat' dir='ltr'>concluditur</span> <span class='ocrx_word' id='word_1_526' title='bbox 1138 2947 1261 2978; x_wconf 88' lang='lat' dir='ltr'>autem</span> <span class='ocrx_word' id='word_1_527' title='bbox 1278 2942 1298 2962; x_wconf 72' lang='lat'>²¹²</span> <span class='ocrx_word' id='word_1_528' title='bbox 1315 2949 1382 2978; x_wconf 92' lang='lat' dir='ltr'>etc.</span> 
     </span>
     <span class='ocr_line' id='line_1_92' title="bbox 331 2990 1384 3042; baseline 0.005 -16"><span class='ocrx_word' id='word_1_529' title='bbox 331 2990 429 3026; x_wconf 89' lang='lat' dir='ltr'>Dicit</span> <span class='ocrx_word' id='word_1_530' title='bbox 448 3002 535 3038; x_wconf 89' lang='lat' dir='ltr'>ergo</span> <span class='ocrx_word' id='word_1_531' title='bbox 554 2992 678 3039; x_wconf 92' lang='lat' dir='ltr'>primo</span> <span class='ocrx_word' id='word_1_532' title='bbox 699 2994 803 3040; x_wconf 92' lang='lat' dir='ltr'>quod</span> <span class='ocrx_word' id='word_1_533' title='bbox 822 2993 1067 3030; x_wconf 88' lang='lat' dir='ltr'>Parmenides</span> <span class='ocrx_word' id='word_1_534' title='bbox 1087 2994 1243 3030; x_wconf 88' lang='lat' dir='ltr'>assumit</span> <span class='ocrx_word' id='word_1_535' title='bbox 1262 2993 1279 3022; x_wconf 65' lang='lat' dir='ltr'><em>fi</em></span> <span class='ocrx_word' id='word_1_536' title='bbox 1297 3007 1384 3042; x_wconf 91' lang='lat' dir='ltr'>pro-</span> 
     </span>
     <span class='ocr_line' id='line_1_93' title="bbox 330 3042 1382 3094; baseline 0.005 -16"><span class='ocrx_word' id='word_1_537' title='bbox 330 3042 536 3091; x_wconf 88' lang='lat' dir='ltr'>positiones</span> <span class='ocrx_word' id='word_1_538' title='bbox 565 3044 685 3090; x_wconf 86' lang='lat' dir='ltr'>falsas‚</span> <span class='ocrx_word' id='word_1_539' title='bbox 706 3044 794 3093; x_wconf 90' lang='lat' dir='ltr'>quia</span> <span class='ocrx_word' id='word_1_540' title='bbox 817 3045 950 3094; x_wconf 82' lang='lat' dir='ltr'>accipit</span> <span class='ocrx_word' id='word_1_541' title='bbox 977 3047 1077 3094; x_wconf 85' lang='lat' dir='ltr'>quod</span> <span class='ocrx_word' id='word_1_542' title='bbox 1099 3052 1169 3092; x_wconf 89' lang='lat' dir='ltr'>est,</span> <span class='ocrx_word' id='word_1_543' title='bbox 1191 3047 1287 3083; x_wconf 91' lang='lat' dir='ltr'>idest</span> <span class='ocrx_word' id='word_1_544' title='bbox 1307 3059 1382 3093; x_wconf 69' lang='lat' dir='ltr'>ens,</span> 
     </span>
     <span class='ocr_line' id='line_1_94' title="bbox 333 3094 1384 3144; baseline 0.006 -14"><span class='ocrx_word' id='word_1_545' title='bbox 333 3094 405 3131; x_wconf 92' lang='lat' dir='ltr'>dici</span> <span class='ocrx_word' id='word_1_546' title='bbox 422 3095 645 3143; x_wconf 81' lang='lat' dir='ltr'>simpliciter,</span> <span class='ocrx_word' id='word_1_547' title='bbox 662 3097 756 3133; x_wconf 91' lang='lat' dir='ltr'>idest</span> <span class='ocrx_word' id='word_1_548' title='bbox 774 3109 851 3134; x_wconf 93' lang='lat' dir='ltr'>uno</span> <span class='ocrx_word' id='word_1_549' title='bbox 873 3098 1002 3144; x_wconf 91' lang='lat' dir='ltr'>modo,</span> <span class='ocrx_word' id='word_1_550' title='bbox 1025 3111 1111 3135; x_wconf 89' lang='lat' dir='ltr'>cum</span> <span class='ocrx_word' id='word_1_551' title='bbox 1131 3106 1258 3135; x_wconf 90' lang='lat' dir='ltr'>tamen</span> <span class='ocrx_word' id='word_1_552' title='bbox 1286 3100 1384 3136; x_wconf 89' lang='lat' dir='ltr'>dica-</span> 
     </span>
     <span class='ocr_line' id='line_1_95' title="bbox 332 3148 1385 3196; baseline 0.005 -13"><span class='ocrx_word' id='word_1_553' title='bbox 332 3154 391 3183; x_wconf 91' lang='lat' dir='ltr'>tur</span> <span class='ocrx_word' id='word_1_554' title='bbox 409 3148 667 3196; x_wconf 88' lang='lat' dir='ltr'>multipliciter.</span> <span class='ocrx_word' id='word_1_555' title='bbox 688 3150 832 3186; x_wconf 87' lang='lat' dir='ltr'>Dicitur</span> <span class='ocrx_word' id='word_1_556' title='bbox 856 3150 956 3186; x_wconf 90' lang='lat' dir='ltr'>enim</span> <span class='ocrx_word' id='word_1_557' title='bbox 978 3163 1043 3187; x_wconf 89' lang='lat' dir='ltr'>ens</span> <span class='ocrx_word' id='word_1_558' title='bbox 1062 3163 1139 3187; x_wconf 88' lang='lat' dir='ltr'>uno</span> <span class='ocrx_word' id='word_1_559' title='bbox 1161 3152 1278 3188; x_wconf 92' lang='lat' dir='ltr'>modo</span> <span class='ocrx_word' id='word_1_560' title='bbox 1299 3153 1385 3188; x_wconf 91' lang='lat' dir='ltr'>sub-</span> 
     </span>
     <span class='ocr_line' id='line_1_96' title="bbox 333 3200 1386 3252; baseline 0.006 -17"><span class='ocrx_word' id='word_1_561' title='bbox 333 3200 476 3246; x_wconf 76' lang='lat' dir='ltr'>stantia,</span> <span class='ocrx_word' id='word_1_562' title='bbox 506 3201 578 3236; x_wconf 86' lang='lat' dir='ltr'>alio</span> <span class='ocrx_word' id='word_1_563' title='bbox 607 3203 724 3238; x_wconf 91' lang='lat' dir='ltr'>modo</span> <span class='ocrx_word' id='word_1_564' title='bbox 753 3202 941 3248; x_wconf 89' lang='lat' dir='ltr'>accidens;</span> <span class='ocrx_word' id='word_1_565' title='bbox 973 3211 1007 3239; x_wconf 92' lang='lat' dir='ltr'>et</span> <span class='ocrx_word' id='word_1_566' title='bbox 1034 3205 1108 3240; x_wconf 91' lang='lat' dir='ltr'>hoc</span> <span class='ocrx_word' id='word_1_567' title='bbox 1136 3204 1386 3252; x_wconf 79' lang='lat' dir='ltr'>multipliciter</span> 
     </span>
     <span class='ocr_line' id='line_1_97' title="bbox 334 3252 1384 3305; baseline 0.006 -18"><span class='ocrx_word' id='word_1_568' title='bbox 334 3252 542 3289; x_wconf 90' lang='lat' dir='ltr'>secundum</span> <span class='ocrx_word' id='word_1_569' title='bbox 563 3253 711 3290; x_wconf 90' lang='lat' dir='ltr'>diversa</span> <span class='ocrx_word' id='word_1_570' title='bbox 729 3266 881 3301; x_wconf 88' lang='lat' dir='ltr'>genera:</span> <span class='ocrx_word' id='word_1_571' title='bbox 901 3263 1025 3303; x_wconf 91' lang='lat' dir='ltr'>potest</span> <span class='ocrx_word' id='word_1_572' title='bbox 1044 3256 1157 3292; x_wconf 89' lang='lat' dir='ltr'>etiam</span> <span class='ocrx_word' id='word_1_573' title='bbox 1176 3257 1294 3305; x_wconf 87' lang='lat' dir='ltr'>accipi</span> <span class='ocrx_word' id='word_1_574' title='bbox 1319 3270 1384 3294; x_wconf 91' lang='lat' dir='ltr'>ens</span> 
     </span>
    </p>
   </div>
   <div class='ocr_carea' id='block_1_28' title="bbox 2442 217 2485 252">
    <p class='ocr_par' dir='ltr' id='par_1_34' title="bbox 2442 217 2485 252">
     <span class='ocr_line' id='line_1_98' title="bbox 2442 217 2485 252; baseline 0 0"><span class='ocrx_word' id='word_1_575' title='bbox 2442 217 2485 252; x_wconf 86' lang='lat'>19</span> 
     </span>
    </p>
   </div>
   <div class='ocr_carea' id='block_1_29' title="bbox 1429 281 2490 514">
    <p class='ocr_par' dir='ltr' id='par_1_35' title="bbox 1429 281 2490 514">
     <span class='ocr_line' id='line_1_99' title="bbox 1429 281 2489 318; baseline 0 -8"><span class='ocrx_word' id='word_1_576' title='bbox 1429 283 1561 311; x_wconf 88' lang='lat' dir='ltr'>accidens</span> <span class='ocrx_word' id='word_1_577' title='bbox 1591 281 1772 318; x_wconf 82' lang='lat' dir='ltr'>praedicatur</span> <span class='ocrx_word' id='word_1_578' title='bbox 1802 282 1838 309; x_wconf 90' lang='lat' dir='ltr'>de</span> <span class='ocrx_word' id='word_1_579' title='bbox 1860 281 2033 316; x_wconf 86' lang='lat' dir='ltr'>substantia,</span> <span class='ocrx_word' id='word_1_580' title='bbox 2055 288 2220 318; x_wconf 87' lang='lat' dir='ltr'>sequeretur</span> <span class='ocrx_word' id='word_1_581' title='bbox 2250 283 2329 318; x_wconf 90' lang='lat' dir='ltr'>quod</span> <span class='ocrx_word' id='word_1_582' title='bbox 2356 291 2417 309; x_wconf 89' lang='lat' dir='ltr'>non</span> <span class='ocrx_word' id='word_1_583' title='bbox 2438 291 2489 310; x_wconf 88' lang='lat' dir='ltr'>ens</span> 
     </span>
     <span class='ocr_line' id='line_1_100' title="bbox 1429 321 2489 358; baseline -0.001 -9"><span class='ocrx_word' id='word_1_584' title='bbox 1429 322 1608 358; x_wconf 80' lang='lat' dir='ltr'>praedicatur</span> <span class='ocrx_word' id='word_1_585' title='bbox 1630 322 1665 348; x_wconf 90' lang='lat' dir='ltr'>de</span> <span class='ocrx_word' id='word_1_586' title='bbox 1687 328 1761 355; x_wconf 85' lang='lat' dir='ltr'>ente,</span> <span class='ocrx_word' id='word_1_587' title='bbox 1786 327 1814 348; x_wconf 89' lang='lat' dir='ltr'>et</span> <span class='ocrx_word' id='word_1_588' title='bbox 1834 321 1899 348; x_wconf 89' lang='lat' dir='ltr'>ideo</span> <span class='ocrx_word' id='word_1_589' title='bbox 1922 321 2001 357; x_wconf 90' lang='lat' dir='ltr'>quod</span> <span class='ocrx_word' id='word_1_590' title='bbox 2029 329 2079 348; x_wconf 90' lang='lat' dir='ltr'>ens</span> <span class='ocrx_word' id='word_1_591' title='bbox 2101 327 2143 348; x_wconf 89' lang='lat' dir='ltr'>est</span> <span class='ocrx_word' id='word_1_592' title='bbox 2163 330 2223 349; x_wconf 88' lang='lat' dir='ltr'>non</span> <span class='ocrx_word' id='word_1_593' title='bbox 2245 330 2304 348; x_wconf 90' lang='lat' dir='ltr'>ens.</span> <span class='ocrx_word' id='word_1_594' title='bbox 2319 338 2338 342; x_wconf 97' lang='lat'><em>—</em></span> <span class='ocrx_word' id='word_1_595' title='bbox 2353 331 2380 357; x_wconf 86' lang='lat'>9.</span> <span class='ocrx_word' id='word_1_596' title='bbox 2404 323 2489 349; x_wconf 85' lang='lat' dir='ltr'>Prae-</span> 
     </span>
     <span class='ocr_line' id='line_1_101' title="bbox 1429 359 2489 396; baseline -0.001 -7"><span class='ocrx_word' id='word_1_597' title='bbox 1429 368 1516 396; x_wconf 85' lang='lat' dir='ltr'>terea,</span> <span class='ocrx_word' id='word_1_598' title='bbox 1542 370 1575 388; x_wconf 89' lang='lat' dir='ltr'>ex</span> <span class='ocrx_word' id='word_1_599' title='bbox 1596 361 1708 388; x_wconf 89' lang='lat' dir='ltr'>ratione</span> <span class='ocrx_word' id='word_1_600' title='bbox 1730 360 1908 388; x_wconf 87' lang='lat' dir='ltr'>Parmenidis</span> <span class='ocrx_word' id='word_1_601' title='bbox 1936 369 1997 387; x_wconf 89' lang='lat' dir='ltr'>non</span> <span class='ocrx_word' id='word_1_602' title='bbox 2018 359 2146 396; x_wconf 87' lang='lat' dir='ltr'>sequitur</span> <span class='ocrx_word' id='word_1_603' title='bbox 2167 369 2228 388; x_wconf 88' lang='lat' dir='ltr'>esse</span> <span class='ocrx_word' id='word_1_604' title='bbox 2256 370 2347 388; x_wconf 92' lang='lat' dir='ltr'>unum</span> <span class='ocrx_word' id='word_1_605' title='bbox 2377 367 2489 388; x_wconf 89' lang='lat' dir='ltr'>tanturn</span> 
     </span>
     <span class='ocr_line' id='line_1_102' title="bbox 1431 399 2488 436; baseline -0.001 -8"><span class='ocrx_word' id='word_1_606' title='bbox 1431 410 1491 435; x_wconf 88' lang='lat' dir='ltr'>ens,</span> <span class='ocrx_word' id='word_1_607' title='bbox 1506 400 1574 436; x_wconf 89' lang='lat' dir='ltr'>quia</span> <span class='ocrx_word' id='word_1_608' title='bbox 1594 409 1675 427; x_wconf 86' lang='lat' dir='ltr'>secus</span> <span class='ocrx_word' id='word_1_609' title='bbox 1696 400 1774 427; x_wconf 85' lang='lat' dir='ltr'>nulla</span> <span class='ocrx_word' id='word_1_610' title='bbox 1795 399 1964 436; x_wconf 85' lang='lat' dir='ltr'>magnitudo</span> <span class='ocrx_word' id='word_1_611' title='bbox 1986 401 2071 435; x_wconf 83' lang='lat' dir='ltr'>(quae</span> <span class='ocrx_word' id='word_1_612' title='bbox 2093 406 2135 427; x_wconf 87' lang='lat' dir='ltr'>est</span> <span class='ocrx_word' id='word_1_613' title='bbox 2156 399 2301 427; x_wconf 80' lang='lat' dir='ltr'>divisibilis</span> <span class='ocrx_word' id='word_1_614' title='bbox 2326 400 2356 427; x_wconf 88' lang='lat' dir='ltr'>in</span> <span class='ocrx_word' id='word_1_615' title='bbox 2377 406 2488 435; x_wconf 90' lang='lat' dir='ltr'>partes,</span> 
     </span>
     <span class='ocr_line' id='line_1_103' title="bbox 1432 438 2490 476; baseline -0.001 -9"><span class='ocrx_word' id='word_1_616' title='bbox 1432 449 1554 476; x_wconf 88' lang='lat' dir='ltr'>quarum</span> <span class='ocrx_word' id='word_1_617' title='bbox 1576 448 1636 466; x_wconf 92' lang='lat' dir='ltr'>non</span> <span class='ocrx_word' id='word_1_618' title='bbox 1658 445 1700 466; x_wconf 89' lang='lat' dir='ltr'>est</span> <span class='ocrx_word' id='word_1_619' title='bbox 1722 448 1780 466; x_wconf 85' lang='lat' dir='ltr'>una</span> <span class='ocrx_word' id='word_1_620' title='bbox 1800 439 1884 473; x_wconf 87' lang='lat' dir='ltr'>ratio)</span> <span class='ocrx_word' id='word_1_621' title='bbox 1907 438 1959 466; x_wconf 88' lang='lat' dir='ltr'>erit</span> <span class='ocrx_word' id='word_1_622' title='bbox 1980 447 2048 473; x_wconf 89' lang='lat' dir='ltr'>ens,</span> <span class='ocrx_word' id='word_1_623' title='bbox 2072 448 2166 475; x_wconf 89' lang='lat' dir='ltr'>neque</span> <span class='ocrx_word' id='word_1_624' title='bbox 2187 448 2237 466; x_wconf 88' lang='lat' dir='ltr'>ens</span> <span class='ocrx_word' id='word_1_625' title='bbox 2259 439 2311 466; x_wconf 89' lang='lat' dir='ltr'>erit</span> <span class='ocrx_word' id='word_1_626' title='bbox 2332 439 2490 466; x_wconf 84' lang='lat' dir='ltr'>substantia</span> 
     </span>
     <span class='ocr_line' id='line_1_104' title="bbox 1433 477 2490 514; baseline -0.001 -8"><span class='ocrx_word' id='word_1_627' title='bbox 1433 487 1580 514; x_wconf 85' lang='lat' dir='ltr'>corporea.</span> <span class='ocrx_word' id='word_1_628' title='bbox 1598 495 1615 499; x_wconf 85' lang='lat'>—</span> <span class='ocrx_word' id='word_1_629' title='bbox 1635 487 1676 505; x_wconf 78' lang='grc' dir='ltr'>ιο.</span> <span class='ocrx_word' id='word_1_630' title='bbox 1701 478 1873 514; x_wconf 89' lang='lat' dir='ltr'>Sequeretur</span> <span class='ocrx_word' id='word_1_631' title='bbox 1901 477 1986 505; x_wconf 85' lang='lat' dir='ltr'>etiam</span> <span class='ocrx_word' id='word_1_632' title='bbox 2008 487 2041 505; x_wconf 89' lang='lat' dir='ltr'>ex</span> <span class='ocrx_word' id='word_1_633' title='bbox 2063 477 2172 505; x_wconf 89' lang='lat' dir='ltr'>ratione</span> <span class='ocrx_word' id='word_1_634' title='bbox 2204 478 2380 505; x_wconf 83' lang='lat' dir='ltr'>Parmenidis</span> <span class='ocrx_word' id='word_1_635' title='bbox 2410 479 2490 514; x_wconf 94' lang='lat' dir='ltr'>quod</span> 
     </span>
    </p>
   </div>
   <div class='ocr_carea' id='block_1_30' title="bbox 1433 517 2506 553">
    <p class='ocr_par' dir='ltr' id='par_1_36' title="bbox 1433 517 2506 553">
     <span class='ocr_line' id='line_1_105' title="bbox 1433 517 2506 553; baseline 0 -8"><span class='ocrx_word' id='word_1_636' title='bbox 1433 526 1520 546; x_wconf 90' lang='lat' dir='ltr'>omne</span> <span class='ocrx_word' id='word_1_637' title='bbox 1542 526 1593 544; x_wconf 88' lang='lat' dir='ltr'>ens</span> <span class='ocrx_word' id='word_1_638' title='bbox 1615 523 1688 544; x_wconf 85' lang='lat' dir='ltr'>esset</span> <span class='ocrx_word' id='word_1_639' title='bbox 1710 518 1745 544; x_wconf 92' lang='lat' dir='ltr'>de</span> <span class='ocrx_word' id='word_1_640' title='bbox 1766 526 1887 544; x_wconf 88' lang='lat' dir='ltr'>numero</span> <span class='ocrx_word' id='word_1_641' title='bbox 1908 517 2132 552; x_wconf 88' lang='lat' dir='ltr'>indivisibilium,</span> <span class='ocrx_word' id='word_1_642' title='bbox 2152 526 2211 545; x_wconf 93' lang='lat' dir='ltr'>non</span> <span class='ocrx_word' id='word_1_643' title='bbox 2233 518 2327 545; x_wconf 92' lang='lat' dir='ltr'>solum</span> <span class='ocrx_word' id='word_1_644' title='bbox 2349 523 2506 553; x_wconf 60' lang='lat' dir='ltr'>quatenus*</span> 
     </span>
    </p>
   </div>
   <div class='ocr_carea' id='block_1_31' title="bbox 1433 556 2492 672">
    <p class='ocr_par' dir='ltr' id='par_1_37' title="bbox 1433 556 2492 672">
     <span class='ocr_line' id='line_1_106' title="bbox 1433 556 2491 593; baseline -0.001 -8"><span class='ocrx_word' id='word_1_645' title='bbox 1433 556 1602 585; x_wconf 86' lang='lat' dir='ltr'>indivisibile</span> <span class='ocrx_word' id='word_1_646' title='bbox 1624 556 1746 583; x_wconf 89' lang='lat' dir='ltr'>excludit</span> <span class='ocrx_word' id='word_1_647' title='bbox 1766 563 1860 592; x_wconf 89' lang='lat' dir='ltr'>partes</span> <span class='ocrx_word' id='word_1_648' title='bbox 1881 556 2094 592; x_wconf 85' lang='lat' dir='ltr'>magnitudinis,</span> <span class='ocrx_word' id='word_1_649' title='bbox 2110 557 2160 584; x_wconf 90' lang='lat' dir='ltr'>sed</span> <span class='ocrx_word' id='word_1_650' title='bbox 2174 557 2259 584; x_wconf 89' lang='lat' dir='ltr'>etiarn</span> <span class='ocrx_word' id='word_1_651' title='bbox 2282 564 2422 593; x_wconf 87' lang='lat' dir='ltr'>quatenus</span> <span class='ocrx_word' id='word_1_652' title='bbox 2443 566 2491 584; x_wconf 87' lang='lat' dir='ltr'>ex-</span> 
     </span>
     <span class='ocr_line' id='line_1_107' title="bbox 1434 595 2492 632; baseline -0.001 -8"><span class='ocrx_word' id='word_1_653' title='bbox 1434 596 1521 624; x_wconf 90' lang='lat' dir='ltr'>cludit</span> <span class='ocrx_word' id='word_1_654' title='bbox 1542 602 1636 632; x_wconf 88' lang='lat' dir='ltr'>partes</span> <span class='ocrx_word' id='word_1_655' title='bbox 1657 595 1784 622; x_wconf 90' lang='lat' dir='ltr'>rationis.</span> <span class='ocrx_word' id='word_1_656' title='bbox 1810 596 1950 623; x_wconf 87' lang='lat' dir='ltr'>Probatur</span> <span class='ocrx_word' id='word_1_657' title='bbox 1971 604 2004 623; x_wconf 88' lang='lat' dir='ltr'>ex</span> <span class='ocrx_word' id='word_1_658' title='bbox 2025 595 2199 624; x_wconf 86' lang='lat' dir='ltr'>definitione.</span> <span class='ocrx_word' id='word_1_659' title='bbox 2222 613 2240 617; x_wconf 92' lang='lat'><em>-</em></span> <span class='ocrx_word' id='word_1_660' title='bbox 2261 606 2304 624; x_wconf 87' lang='lat'>11.</span> <span class='ocrx_word' id='word_1_661' title='bbox 2326 596 2492 624; x_wconf 86' lang='lat' dir='ltr'>Excluditur</span> 
     </span>
     <span class='ocr_line' id='line_1_108' title="bbox 1435 634 1910 672; baseline -0.002 -9"><span class='ocrx_word' id='word_1_662' title='bbox 1435 636 1578 672; x_wconf 87' lang='lat' dir='ltr'>quaedam</span> <span class='ocrx_word' id='word_1_663' title='bbox 1606 634 1745 670; x_wconf 88' lang='lat' dir='ltr'>expositi0</span> <span class='ocrx_word' id='word_1_664' title='bbox 1766 634 1910 662; x_wconf 86' lang='lat' dir='ltr'>Averrois.</span> 
     </span>
    </p>
   </div>
   <div class='ocr_carea' id='block_1_32' title="bbox 1430 734 2496 1888">
    <p class='ocr_par' dir='ltr' id='par_1_38' title="bbox 1430 734 2493 1359">
     <span class='ocr_line' id='line_1_109' title="bbox 1431 734 2493 782; baseline 0.003 -14"><span class='ocrx_word' id='word_1_665' title='bbox 1431 740 1544 782; x_wconf 87' lang='lat' dir='ltr'>prout</span> <span class='ocrx_word' id='word_1_666' title='bbox 1560 740 1614 769; x_wconf 89' lang='lat' dir='ltr'>est</span> <span class='ocrx_word' id='word_1_667' title='bbox 1634 745 1838 769; x_wconf 89' lang='lat' dir='ltr'>commune</span> <span class='ocrx_word' id='word_1_668' title='bbox 1853 738 1867 759; x_wconf 77' lang='lat'>⁷</span> <span class='ocrx_word' id='word_1_669' title='bbox 1882 734 2109 771; x_wconf 85' lang='lat' dir='ltr'>substantiae</span> <span class='ocrx_word' id='word_1_670' title='bbox 2126 741 2161 770; x_wconf 90' lang='lat' dir='ltr'>et</span> <span class='ocrx_word' id='word_1_671' title='bbox 2176 735 2369 772; x_wconf 88' lang='lat' dir='ltr'>accidenti.</span> <span class='ocrx_word' id='word_1_672' title='bbox 2386 736 2493 771; x_wconf 87' lang='lat' dir='ltr'>Patet</span> 
     </span>
     <span class='ocr_line' id='line_1_110' title="bbox 1433 785 2490 835; baseline 0.003 -14"><span class='ocrx_word' id='word_1_673' title='bbox 1433 793 1560 822; x_wconf 90' lang='lat' dir='ltr'>autem</span> <span class='ocrx_word' id='word_1_674' title='bbox 1581 785 1683 834; x_wconf 91' lang='lat' dir='ltr'>quod</span> <span class='ocrx_word' id='word_1_675' title='bbox 1702 786 1981 833; x_wconf 90' lang='lat' dir='ltr'>propositiones</span> <span class='ocrx_word' id='word_1_676' title='bbox 2010 788 2058 822; x_wconf 91' lang='lat' dir='ltr'>ab</span> <span class='ocrx_word' id='word_1_677' title='bbox 2088 799 2133 822; x_wconf 92' lang='lat' dir='ltr'>eo</span> <span class='ocrx_word' id='word_1_678' title='bbox 2163 795 2336 835; x_wconf 90' lang='lat' dir='ltr'>sumptae</span> <span class='ocrx_word' id='word_1_679' title='bbox 2356 787 2394 824; x_wconf 91' lang='lat' dir='ltr'>in</span> <span class='ocrx_word' id='word_1_680' title='bbox 2412 800 2490 824; x_wconf 91' lang='lat' dir='ltr'>uno</span> 
     </span>
     <span class='ocr_line' id='line_1_111' title="bbox 1433 838 2490 884; baseline 0.002 -10"><span class='ocrx_word' id='word_1_681' title='bbox 1433 850 1546 874; x_wconf 91' lang='lat' dir='ltr'>sensu</span> <span class='ocrx_word' id='word_1_682' title='bbox 1574 845 1660 874; x_wconf 89' lang='lat' dir='ltr'>sunt</span> <span class='ocrx_word' id='word_1_683' title='bbox 1686 850 1811 884; x_wconf 89' lang='lat' dir='ltr'>verae,</span> <span class='ocrx_word' id='word_1_684' title='bbox 1834 845 1869 874; x_wconf 91' lang='lat' dir='ltr'>et</span> <span class='ocrx_word' id='word_1_685' title='bbox 1896 838 1934 874; x_wconf 90' lang='lat' dir='ltr'>in</span> <span class='ocrx_word' id='word_1_686' title='bbox 1962 838 2177 875; x_wconf 89' lang='lat' dir='ltr'>alio-sensu</span> <span class='ocrx_word' id='word_1_687' title='bbox 2206 848 2292 876; x_wconf 91' lang='lat' dir='ltr'>sunt</span> <span class='ocrx_word' id='word_1_688' title='bbox 2318 841 2338 861; x_wconf 73' lang='lat'>&#39;¹‘</span> <span class='ocrx_word' id='word_1_689' title='bbox 2364 840 2490 876; x_wconf 86' lang='lat' dir='ltr'>falsae.</span> 
     </span>
     <span class='ocr_line' id='line_1_112' title="bbox 1433 890 2489 939; baseline 0.003 -13"><span class='ocrx_word' id='word_1_690' title='bbox 1433 891 1535 926; x_wconf 91' lang='lat' dir='ltr'>Nam</span> <span class='ocrx_word' id='word_1_691' title='bbox 1557 902 1644 926; x_wconf 91' lang='lat' dir='ltr'>cum</span> <span class='ocrx_word' id='word_1_692' title='bbox 1666 890 1798 926; x_wconf 88' lang='lat' dir='ltr'>dicitur</span> <span class='ocrx_word' id='word_1_693' title='bbox 1826 891 2004 938; x_wconf 85' lang='lat' dir='ltr'>quidquid</span> <span class='ocrx_word' id='word_1_694' title='bbox 2021 898 2075 927; x_wconf 86' lang='lat' dir='ltr'>est</span> <span class='ocrx_word' id='word_1_695' title='bbox 2085 898 2240 939; x_wconf 84' lang='lat' dir='ltr'>praeter</span> <span class='ocrx_word' id='word_1_696' title='bbox 2258 905 2322 929; x_wconf 91' lang='lat' dir='ltr'>ens</span> <span class='ocrx_word' id='word_1_697' title='bbox 2345 898 2399 929; x_wconf 91' lang='lat' dir='ltr'>est</span> <span class='ocrx_word' id='word_1_698' title='bbox 2415 905 2489 929; x_wconf 88' lang='lat' dir='ltr'>non</span> 
     </span>
     <span class='ocr_line' id='line_1_113' title="bbox 1432 942 2490 993; baseline 0.004 -15"><span class='ocrx_word' id='word_1_699' title='bbox 1432 954 1508 988; x_wconf 89' lang='lat' dir='ltr'>ens,</span> <span class='ocrx_word' id='word_1_700' title='bbox 1528 954 1664 979; x_wconf 89' lang='lat' dir='ltr'>verum</span> <span class='ocrx_word' id='word_1_701' title='bbox 1686 950 1740 978; x_wconf 92' lang='lat' dir='ltr'>est</span> <span class='ocrx_word' id='word_1_702' title='bbox 1759 942 1788 978; x_wconf 92' lang='lat' dir='ltr'>si</span> <span class='ocrx_word' id='word_1_703' title='bbox 1809 955 1873 979; x_wconf 87' lang='lat' dir='ltr'>ens</span> <span class='ocrx_word' id='word_1_704' title='bbox 1893 951 2063 980; x_wconf 85' lang='lat' dir='ltr'>sumatur</span> <span class='ocrx_word' id='word_1_705' title='bbox 2079 953 2192 993; x_wconf 89' lang='lat' dir='ltr'>prout</span> <span class='ocrx_word' id='word_1_706' title='bbox 2212 953 2266 981; x_wconf 87' lang='lat' dir='ltr'>est</span> <span class='ocrx_word' id='word_1_707' title='bbox 2286 958 2490 982; x_wconf 88' lang='lat' dir='ltr'>commune</span> 
     </span>
     <span class='ocr_line' id='line_1_114' title="bbox 1432 995 2491 1046; baseline 0.005 -16"><span class='ocrx_word' id='word_1_708' title='bbox 1432 995 1661 1031; x_wconf 89' lang='lat' dir='ltr'>substantiae</span> <span class='ocrx_word' id='word_1_709' title='bbox 1683 1002 1718 1030; x_wconf 91' lang='lat' dir='ltr'>et</span> <span class='ocrx_word' id='word_1_710' title='bbox 1738 995 1935 1031; x_wconf 89' lang='lat' dir='ltr'>accidenti:</span> <span class='ocrx_word' id='word_1_711' title='bbox 1958 996 1987 1032; x_wconf 92' lang='lat' dir='ltr'>si</span> <span class='ocrx_word' id='word_1_712' title='bbox 2007 1004 2134 1033; x_wconf 85' lang='lat' dir='ltr'>autem</span> <span class='ocrx_word' id='word_1_713' title='bbox 2149 1005 2319 1034; x_wconf 87' lang='lat' dir='ltr'>sumatur</span> <span class='ocrx_word' id='word_1_714' title='bbox 2341 1010 2411 1046; x_wconf 93' lang='lat' dir='ltr'>pro</span> <span class='ocrx_word' id='word_1_715' title='bbox 2432 1010 2491 1034; x_wconf 87' lang='lat' dir='ltr'>ac-</span> 
     </span>
     <span class='ocr_line' id='line_1_115' title="bbox 1433 1047 2491 1096; baseline 0.004 -13"><span class='ocrx_word' id='word_1_716' title='bbox 1433 1047 1578 1084; x_wconf 90' lang='lat' dir='ltr'>cidente</span> <span class='ocrx_word' id='word_1_717' title='bbox 1607 1054 1753 1083; x_wconf 87' lang='lat' dir='ltr'>tanturn</span> <span class='ocrx_word' id='word_1_718' title='bbox 1783 1048 1802 1068; x_wconf 54' lang='lat'>³²</span> <span class='ocrx_word' id='word_1_719' title='bbox 1829 1049 1892 1084; x_wconf 92' lang='lat' dir='ltr'>vel</span> <span class='ocrx_word' id='word_1_720' title='bbox 1915 1060 1984 1096; x_wconf 91' lang='lat' dir='ltr'>pro</span> <span class='ocrx_word' id='word_1_721' title='bbox 2014 1050 2220 1086; x_wconf 88' lang='lat' dir='ltr'>substantia</span> <span class='ocrx_word' id='word_1_722' title='bbox 2248 1058 2406 1096; x_wconf 88' lang='lat' dir='ltr'>tanturn,</span> <span class='ocrx_word' id='word_1_723' title='bbox 2428 1051 2491 1086; x_wconf 89' lang='lat' dir='ltr'>fal-</span> 
     </span>
     <span class='ocr_line' id='line_1_116' title="bbox 1433 1100 2491 1146; baseline 0.005 -11"><span class='ocrx_word' id='word_1_724' title='bbox 1433 1112 1518 1136; x_wconf 91' lang='lat' dir='ltr'>sum</span> <span class='ocrx_word' id='word_1_725' title='bbox 1548 1106 1613 1146; x_wconf 85' lang='lat' dir='ltr'>est,</span> <span class='ocrx_word' id='word_1_726' title='bbox 1629 1106 1670 1135; x_wconf 89' lang='lat' dir='ltr'>ut</span> <span class='ocrx_word' id='word_1_727' title='bbox 1698 1100 1792 1136; x_wconf 89' lang='lat' dir='ltr'>infra</span> <span class='ocrx_word' id='word_1_728' title='bbox 1821 1100 2038 1137; x_wconf 82' lang='lat' dir='ltr'>ostendetur</span> <span class='ocrx_word' id='word_1_729' title='bbox 2054 1102 2084 1137; x_wconf 65' lang='lat'>*.</span> <span class='ocrx_word' id='word_1_730' title='bbox 2103 1102 2278 1139; x_wconf 87' lang='lat' dir='ltr'>Similiter</span> <span class='ocrx_word' id='word_1_731' title='bbox 2294 1111 2329 1139; x_wconf 90' lang='lat' dir='ltr'>et</span> <span class='ocrx_word' id='word_1_732' title='bbox 2343 1103 2384 1124; x_wconf 46' lang='grc' dir='ltr'>*Ψ-</span> <span class='ocrx_word' id='word_1_733' title='bbox 2404 1115 2491 1139; x_wconf 89' lang='lat' dir='ltr'>cum</span> 
     </span>
     <span class='ocr_line' id='line_1_117' title="bbox 1433 1152 2492 1204; baseline 0.003 -15"><span class='ocrx_word' id='word_1_734' title='bbox 1433 1152 1520 1189; x_wconf 91' lang='lat' dir='ltr'>dicit</span> <span class='ocrx_word' id='word_1_735' title='bbox 1539 1152 1644 1200; x_wconf 92' lang='lat' dir='ltr'>quod</span> <span class='ocrx_word' id='word_1_736' title='bbox 1662 1164 1726 1188; x_wconf 90' lang='lat' dir='ltr'>ens</span> <span class='ocrx_word' id='word_1_737' title='bbox 1786 1158 1840 1188; x_wconf 86' lang='lat' dir='ltr'>est</span> <span class='ocrx_word' id='word_1_738' title='bbox 1857 1165 1984 1199; x_wconf 87' lang='lat' dir='ltr'>unum,</span> <span class='ocrx_word' id='word_1_739' title='bbox 2004 1166 2140 1190; x_wconf 88' lang='lat' dir='ltr'>verum</span> <span class='ocrx_word' id='word_1_740' title='bbox 2162 1164 2216 1192; x_wconf 86' lang='lat' dir='ltr'>est</span> <span class='ocrx_word' id='word_1_741' title='bbox 2241 1155 2270 1191; x_wconf 91' lang='lat' dir='ltr'>si</span> <span class='ocrx_word' id='word_1_742' title='bbox 2290 1155 2492 1204; x_wconf 90' lang='lat' dir='ltr'>accipiatur</span> 
     </span>
     <span class='ocr_line' id='line_1_118' title="bbox 1430 1205 2492 1256; baseline 0.005 -16"><span class='ocrx_word' id='word_1_743' title='bbox 1430 1217 1501 1254; x_wconf 92' lang='lat' dir='ltr'>pro</span> <span class='ocrx_word' id='word_1_744' title='bbox 1526 1205 1650 1253; x_wconf 88' lang='lat' dir='ltr'>aliqua</span> <span class='ocrx_word' id='word_1_745' title='bbox 1676 1217 1753 1240; x_wconf 89' lang='lat' dir='ltr'>una</span> <span class='ocrx_word' id='word_1_746' title='bbox 1776 1205 1982 1242; x_wconf 71' lang='lat' dir='ltr'>substantia</span> <span class='ocrx_word' id='word_1_747' title='bbox 2009 1208 2070 1243; x_wconf 89' lang='lat' dir='ltr'>vel</span> <span class='ocrx_word' id='word_1_748' title='bbox 2094 1220 2164 1255; x_wconf 90' lang='lat' dir='ltr'>pro</span> <span class='ocrx_word' id='word_1_749' title='bbox 2190 1208 2314 1256; x_wconf 90' lang='lat' dir='ltr'>aliquo</span> <span class='ocrx_word' id='word_1_750' title='bbox 2334 1221 2412 1244; x_wconf 90' lang='lat' dir='ltr'>uno</span> <span class='ocrx_word' id='word_1_751' title='bbox 2433 1221 2492 1251; x_wconf 76' lang='lat' dir='ltr'>ac-</span> 
     </span>
     <span class='ocr_line' id='line_1_119' title="bbox 1433 1257 2493 1297; baseline 0.005 -4"><span class='ocrx_word' id='word_1_752' title='bbox 1433 1257 1599 1294; x_wconf 87' lang='lat' dir='ltr'>cidente:</span> <span class='ocrx_word' id='word_1_753' title='bbox 1629 1269 1707 1293; x_wconf 92' lang='lat' dir='ltr'>non</span> <span class='ocrx_word' id='word_1_754' title='bbox 1743 1265 1872 1294; x_wconf 88' lang='lat' dir='ltr'>tamen</span> <span class='ocrx_word' id='word_1_755' title='bbox 1909 1270 2044 1295; x_wconf 91' lang='lat' dir='ltr'>verum</span> <span class='ocrx_word' id='word_1_756' title='bbox 2074 1260 2140 1296; x_wconf 87' lang='lat' dir='ltr'>erit</span> <span class='ocrx_word' id='word_1_757' title='bbox 2169 1261 2188 1281; x_wconf 59' lang='grc'><strong><em>*</em></strong></span> <span class='ocrx_word' id='word_1_758' title='bbox 2216 1261 2254 1296; x_wconf 92' lang='lat' dir='ltr'>in</span> <span class='ocrx_word' id='word_1_759' title='bbox 2282 1261 2344 1297; x_wconf 91' lang='lat' dir='ltr'>illo</span> <span class='ocrx_word' id='word_1_760' title='bbox 2379 1274 2493 1297; x_wconf 91' lang='lat' dir='ltr'>sensu</span> 
     </span>
     <span class='ocr_line' id='line_1_120' title="bbox 1434 1310 2490 1359; baseline 0.006 -14"><span class='ocrx_word' id='word_1_761' title='bbox 1434 1310 1537 1359; x_wconf 92' lang='lat' dir='ltr'>quod</span> <span class='ocrx_word' id='word_1_762' title='bbox 1547 1311 1567 1331; x_wconf 78' lang='lat'><strong><em>*</em></strong></span> <span class='ocrx_word' id='word_1_763' title='bbox 1578 1310 1761 1358; x_wconf 91' lang='lat' dir='ltr'>quidquid</span> <span class='ocrx_word' id='word_1_764' title='bbox 1777 1318 1832 1346; x_wconf 89' lang='lat' dir='ltr'>est</span> <span class='ocrx_word' id='word_1_765' title='bbox 1843 1318 1992 1359; x_wconf 88' lang='lat' dir='ltr'>praeter</span> <span class='ocrx_word' id='word_1_766' title='bbox 2011 1312 2100 1348; x_wconf 88' lang='lat' dir='ltr'>illud</span> <span class='ocrx_word' id='word_1_767' title='bbox 2116 1313 2157 1333; x_wconf 64' lang='lat'>³⁴*</span> <span class='ocrx_word' id='word_1_768' title='bbox 2170 1325 2248 1359; x_wconf 88' lang='lat' dir='ltr'>ens,</span> <span class='ocrx_word' id='word_1_769' title='bbox 2261 1313 2306 1350; x_wconf 89' lang='lat' dir='ltr'>sit</span> <span class='ocrx_word' id='word_1_770' title='bbox 2319 1326 2397 1350; x_wconf 90' lang='lat' dir='ltr'>non</span> <span class='ocrx_word' id='word_1_771' title='bbox 2413 1327 2490 1351; x_wconf 89' lang='lat' dir='ltr'>ens.</span> 
     </span>
    </p>

    <p class='ocr_par' dir='ltr' id='par_1_39' title="bbox 1434 1362 2496 1888">
     <span class='ocr_line' id='line_1_121' title="bbox 1491 1362 2493 1415; baseline 0.006 -17"><span class='ocrx_word' id='word_1_772' title='bbox 1491 1363 1523 1399; x_wconf 88' lang='lat'>5.</span> <span class='ocrx_word' id='word_1_773' title='bbox 1544 1362 1691 1399; x_wconf 90' lang='lat' dir='ltr'>Deinde</span> <span class='ocrx_word' id='word_1_774' title='bbox 1713 1375 1800 1399; x_wconf 90' lang='lat' dir='ltr'>curn</span> <span class='ocrx_word' id='word_1_775' title='bbox 1821 1363 1927 1400; x_wconf 89' lang='lat' dir='ltr'>dicit:</span> <span class='ocrx_word' id='word_1_776' title='bbox 1943 1365 2034 1401; x_wconf 88' lang='lat' dir='ltr'>Non</span> <span class='ocrx_word' id='word_1_777' title='bbox 2059 1365 2290 1402; x_wconf 84' lang='lat' dir='ltr'>concluditur</span> <span class='ocrx_word' id='word_1_778' title='bbox 2309 1374 2390 1414; x_wconf 85' lang='lat' dir='ltr'>etc.,</span> <span class='ocrx_word' id='word_1_779' title='bbox 2406 1379 2493 1415; x_wconf 92' lang='lat' dir='ltr'>pro-</span> 
     </span>
     <span class='ocr_line' id='line_1_122' title="bbox 1434 1415 2492 1467; baseline 0.005 -16"><span class='ocrx_word' id='word_1_780' title='bbox 1434 1415 1601 1463; x_wconf 88' lang='lat' dir='ltr'>sequitur</span> <span class='ocrx_word' id='word_1_781' title='bbox 1629 1415 1840 1452; x_wconf 87' lang='lat' dir='ltr'>secundum</span> <span class='ocrx_word' id='word_1_782' title='bbox 1870 1417 2030 1453; x_wconf 90' lang='lat' dir='ltr'>modum</span> <span class='ocrx_word' id='word_1_783' title='bbox 2064 1418 2270 1466; x_wconf 87' lang='lat' dir='ltr'>solutionis,</span> <span class='ocrx_word' id='word_1_784' title='bbox 2292 1420 2396 1467; x_wconf 91' lang='lat' dir='ltr'>quod</span> <span class='ocrx_word' id='word_1_785' title='bbox 2425 1420 2492 1456; x_wconf 91' lang='lat' dir='ltr'>sci-</span> 
     </span>
     <span class='ocr_line' id='line_1_123' title="bbox 1434 1467 2494 1509; baseline 0.006 -6"><span class='ocrx_word' id='word_1_786' title='bbox 1434 1467 1519 1504; x_wconf 92' lang='lat' dir='ltr'>licet</span> <span class='ocrx_word' id='word_1_787' title='bbox 1547 1467 1639 1504; x_wconf 89' lang='lat' dir='ltr'>ratio</span> <span class='ocrx_word' id='word_1_788' title='bbox 1664 1468 1902 1505; x_wconf 80' lang='lat' dir='ltr'>parmenidis</span> <span class='ocrx_word' id='word_1_789' title='bbox 1929 1482 2007 1506; x_wconf 90' lang='lat' dir='ltr'>non</span> <span class='ocrx_word' id='word_1_790' title='bbox 2036 1478 2134 1506; x_wconf 81' lang='lat' dir='ltr'>recte</span> <span class='ocrx_word' id='word_1_791' title='bbox 2164 1472 2424 1509; x_wconf 88' lang='lat' dir='ltr'>concludebat.</span> <span class='ocrx_word' id='word_1_792' title='bbox 2446 1474 2494 1509; x_wconf 89' lang='lat' dir='ltr'>Et</span> 
     </span>
     <span class='ocr_line' id='line_1_124' title="bbox 1434 1520 2493 1574; baseline 0.007 -19"><span class='ocrx_word' id='word_1_793' title='bbox 1434 1520 1558 1568; x_wconf 87' lang='lat' dir='ltr'>primo</span> <span class='ocrx_word' id='word_1_794' title='bbox 1580 1520 1742 1557; x_wconf 90' lang='lat' dir='ltr'>ostendit</span> <span class='ocrx_word' id='word_1_795' title='bbox 1762 1521 1800 1556; x_wconf 94' lang='lat' dir='ltr'>in</span> <span class='ocrx_word' id='word_1_796' title='bbox 1828 1521 1953 1568; x_wconf 87' lang='lat' dir='ltr'>simili;</span> <span class='ocrx_word' id='word_1_797' title='bbox 1976 1523 2144 1559; x_wconf 86' lang='lat' dir='ltr'>secundo</span> <span class='ocrx_word' id='word_1_798' title='bbox 2169 1524 2321 1572; x_wconf 87' lang='lat' dir='ltr'>adaptat</span> <span class='ocrx_word' id='word_1_799' title='bbox 2340 1525 2388 1561; x_wconf 92' lang='lat' dir='ltr'>ad</span> <span class='ocrx_word' id='word_1_800' title='bbox 2406 1537 2493 1574; x_wconf 90' lang='lat' dir='ltr'>pro-</span> 
     </span>
     <span class='ocr_line' id='line_1_125' title="bbox 1434 1573 2492 1625; baseline 0.008 -18"><span class='ocrx_word' id='word_1_801' title='bbox 1434 1573 1613 1621; x_wconf 89' lang='lat' dir='ltr'>positum,</span> <span class='ocrx_word' id='word_1_802' title='bbox 1643 1573 1711 1609; x_wconf 89' lang='lat' dir='ltr'>ibi:</span> <span class='ocrx_word' id='word_1_803' title='bbox 1740 1573 1902 1611; x_wconf 82' lang='lat' dir='ltr'>Necesse</span> <span class='ocrx_word' id='word_1_804' title='bbox 1921 1580 1975 1611; x_wconf 86' lang='lat' dir='ltr'>est</span> <span class='ocrx_word' id='word_1_805' title='bbox 2000 1575 2115 1624; x_wconf 78' lang='lat' dir='ltr'>igitur</span> <span class='ocrx_word' id='word_1_806' title='bbox 2135 1577 2153 1596; x_wconf 33' lang='lat' dir='ltr'>“i</span> <span class='ocrx_word' id='word_1_807' title='bbox 2179 1584 2246 1613; x_wconf 91' lang='lat' dir='ltr'>etc.</span> <span class='ocrx_word' id='word_1_808' title='bbox 2277 1577 2376 1614; x_wconf 91' lang='lat' dir='ltr'>Dicit</span> <span class='ocrx_word' id='word_1_809' title='bbox 2405 1590 2492 1625; x_wconf 86' lang='lat' dir='ltr'>ergo</span> 
     </span>
     <span class='ocr_line' id='line_1_126' title="bbox 1435 1625 2493 1677; baseline 0.007 -17"><span class='ocrx_word' id='word_1_810' title='bbox 1435 1625 1559 1673; x_wconf 92' lang='lat' dir='ltr'>primo</span> <span class='ocrx_word' id='word_1_811' title='bbox 1589 1625 1694 1673; x_wconf 91' lang='lat' dir='ltr'>quod</span> <span class='ocrx_word' id='word_1_812' title='bbox 1723 1637 1767 1661; x_wconf 84' lang='lat' dir='ltr'>ex</span> <span class='ocrx_word' id='word_1_813' title='bbox 1794 1627 1868 1663; x_wconf 92' lang='lat' dir='ltr'>hoc</span> <span class='ocrx_word' id='word_1_814' title='bbox 1896 1628 1979 1664; x_wconf 88' lang='lat' dir='ltr'>sciri</span> <span class='ocrx_word' id='word_1_815' title='bbox 2006 1636 2130 1675; x_wconf 89' lang='lat' dir='ltr'>potest</span> <span class='ocrx_word' id='word_1_816' title='bbox 2159 1629 2263 1677; x_wconf 91' lang='lat' dir='ltr'>quod</span> <span class='ocrx_word' id='word_1_817' title='bbox 2292 1630 2384 1667; x_wconf 90' lang='lat' dir='ltr'>ratio</span> <span class='ocrx_word' id='word_1_818' title='bbox 2404 1631 2493 1667; x_wconf 90' lang='lat' dir='ltr'>Par-</span> 
     </span>
     <span class='ocr_line' id='line_1_127' title="bbox 1437 1677 2493 1730; baseline 0.006 -16"><span class='ocrx_word' id='word_1_819' title='bbox 1437 1677 1598 1714; x_wconf 89' lang='lat' dir='ltr'>menidis</span> <span class='ocrx_word' id='word_1_820' title='bbox 1627 1689 1705 1713; x_wconf 92' lang='lat' dir='ltr'>non</span> <span class='ocrx_word' id='word_1_821' title='bbox 1734 1679 1922 1716; x_wconf 91' lang='lat' dir='ltr'>concludit</span> <span class='ocrx_word' id='word_1_822' title='bbox 1951 1688 2069 1727; x_wconf 87' lang='lat' dir='ltr'>recte,</span> <span class='ocrx_word' id='word_1_823' title='bbox 2109 1682 2196 1729; x_wconf 88' lang='lat' dir='ltr'>quia</span> <span class='ocrx_word' id='word_1_824' title='bbox 2230 1683 2353 1719; x_wconf 90' lang='lat' dir='ltr'>forma</span> <span class='ocrx_word' id='word_1_825' title='bbox 2385 1695 2493 1730; x_wconf 88' lang='lat' dir='ltr'>argu-</span> 
     </span>
     <span class='ocr_line' id='line_1_128' title="bbox 1437 1730 2494 1783; baseline 0.007 -18"><span class='ocrx_word' id='word_1_826' title='bbox 1437 1730 1631 1766; x_wconf 88' lang='lat' dir='ltr'>mentandi</span> <span class='ocrx_word' id='word_1_827' title='bbox 1647 1731 1666 1750; x_wconf 77' lang='lat'>’¹‘</span> <span class='ocrx_word' id='word_1_828' title='bbox 1687 1742 1764 1766; x_wconf 90' lang='lat' dir='ltr'>non</span> <span class='ocrx_word' id='word_1_829' title='bbox 1784 1738 1839 1767; x_wconf 90' lang='lat' dir='ltr'>est</span> <span class='ocrx_word' id='word_1_830' title='bbox 1859 1733 1991 1768; x_wconf 79' lang='lat' dir='ltr'>efficax</span> <span class='ocrx_word' id='word_1_831' title='bbox 2010 1732 2047 1768; x_wconf 91' lang='lat' dir='ltr'>in</span> <span class='ocrx_word' id='word_1_832' title='bbox 2068 1734 2173 1770; x_wconf 88' lang='lat' dir='ltr'>omni</span> <span class='ocrx_word' id='word_1_833' title='bbox 2193 1735 2368 1781; x_wconf 80' lang='lat' dir='ltr'>materia3</span> <span class='ocrx_word' id='word_1_834' title='bbox 2391 1736 2494 1783; x_wconf 88' lang='lat' dir='ltr'>quod</span> 
     </span>
     <span class='ocr_line' id='line_1_129' title="bbox 1437 1782 2494 1834; baseline 0.008 -17"><span class='ocrx_word' id='word_1_835' title='bbox 1437 1789 1628 1831; x_wconf 88' lang='lat' dir='ltr'>oporteret</span> <span class='ocrx_word' id='word_1_836' title='bbox 1646 1782 1676 1819; x_wconf 91' lang='lat' dir='ltr'>si</span> <span class='ocrx_word' id='word_1_837' title='bbox 1697 1791 1794 1819; x_wconf 86' lang='lat' dir='ltr'>esset</span> <span class='ocrx_word' id='word_1_838' title='bbox 1813 1784 1938 1821; x_wconf 85' lang='lat' dir='ltr'>debita</span> <span class='ocrx_word' id='word_1_839' title='bbox 1958 1786 2080 1821; x_wconf 81' lang='lat' dir='ltr'>forma</span> <span class='ocrx_word' id='word_1_840' title='bbox 2100 1788 2386 1834; x_wconf 83' lang='lat' dir='ltr'>argumentandi</span> <span class='ocrx_word' id='word_1_841' title='bbox 2401 1789 2432 1824; x_wconf 73' lang='lat'>²¹⁴.</span> <span class='ocrx_word' id='word_1_842' title='bbox 2455 1788 2494 1824; x_wconf 88' lang='lat' dir='ltr'>Si</span> 
     </span>
     <span class='ocr_line' id='line_1_130' title="bbox 1438 1834 2496 1888; baseline 0.008 -18"><span class='ocrx_word' id='word_1_843' title='bbox 1438 1835 1539 1871; x_wconf 90' lang='lat' dir='ltr'>enim</span> <span class='ocrx_word' id='word_1_844' title='bbox 1560 1834 1789 1883; x_wconf 87' lang='lat' dir='ltr'>accipiamus</span> <span class='ocrx_word' id='word_1_845' title='bbox 1817 1837 1943 1873; x_wconf 84' lang='lat' dir='ltr'>album</span> <span class='ocrx_word' id='word_1_846' title='bbox 1971 1839 2054 1873; x_wconf 92' lang='lat' dir='ltr'>loco</span> <span class='ocrx_word' id='word_1_847' title='bbox 2075 1841 2177 1885; x_wconf 83' lang='lat' dir='ltr'>entis,</span> <span class='ocrx_word' id='word_1_848' title='bbox 2199 1847 2235 1876; x_wconf 87' lang='lat' dir='ltr'>et</span> <span class='ocrx_word' id='word_1_849' title='bbox 2257 1853 2448 1888; x_wconf 89' lang='lat' dir='ltr'>ponamus</span> <span class='ocrx_word' id='word_1_850' title='bbox 2476 1842 2496 1862; x_wconf 67' lang='lat'>’¹‘</span> 
     </span>
    </p>
   </div>
   <div class='ocr_carea' id='block_1_33' title="bbox 1437 1887 2530 1941">
    <p class='ocr_par' dir='ltr' id='par_1_40' title="bbox 1437 1887 2530 1941">
     <span class='ocr_line' id='line_1_131' title="bbox 1437 1887 2530 1941; baseline 0.007 -18"><span class='ocrx_word' id='word_1_851' title='bbox 1437 1887 1540 1936; x_wconf 90' lang='lat' dir='ltr'>quod</span> <span class='ocrx_word' id='word_1_852' title='bbox 1561 1889 1689 1924; x_wconf 91' lang='lat' dir='ltr'>album</span> <span class='ocrx_word' id='word_1_853' title='bbox 1722 1888 1905 1936; x_wconf 89' lang='lat' dir='ltr'>significet</span> <span class='ocrx_word' id='word_1_854' title='bbox 1925 1892 1943 1909; x_wconf 41' lang='grc' dir='ltr'><strong>ἦ</strong></span> <span class='ocrx_word' id='word_1_855' title='bbox 1963 1902 2084 1927; x_wconf 89' lang='lat' dir='ltr'>unum</span> <span class='ocrx_word' id='word_1_856' title='bbox 2105 1899 2249 1929; x_wconf 88' lang='lat' dir='ltr'>tantum</span> <span class='ocrx_word' id='word_1_857' title='bbox 2280 1901 2315 1929; x_wconf 92' lang='lat' dir='ltr'>et</span> <span class='ocrx_word' id='word_1_858' title='bbox 2342 1906 2420 1941; x_wconf 85' lang='lat' dir='ltr'>non</span> <span class='ocrx_word' id='word_1_859' title='bbox 2440 1894 2492 1930; x_wconf 89' lang='lat' dir='ltr'>di·</span> <span class='ocrx_word' id='word_1_860' title='bbox 2521 1901 2530 1911; x_wconf 82' lang='grc'><em>“</em></span> 
     </span>
    </p>
   </div>
   <div class='ocr_carea' id='block_1_34' title="bbox 1434 1941 2496 3308">
    <p class='ocr_par' dir='ltr' id='par_1_41' title="bbox 1434 1941 2496 3033">
     <span class='ocr_line' id='line_1_132' title="bbox 1437 1941 2494 1993; baseline 0.008 -18"><span class='ocrx_word' id='word_1_861' title='bbox 1437 1947 1542 1976; x_wconf 89' lang='lat' dir='ltr'>catur</span> <span class='ocrx_word' id='word_1_862' title='bbox 1555 1941 1776 1989; x_wconf 89' lang='lat' dir='ltr'>aequivoce,</span> <span class='ocrx_word' id='word_1_863' title='bbox 1793 1949 1830 1978; x_wconf 88' lang='lat' dir='ltr'>et</span> <span class='ocrx_word' id='word_1_864' title='bbox 1844 1942 2016 1979; x_wconf 89' lang='lat' dir='ltr'>dicamus</span> <span class='ocrx_word' id='word_1_865' title='bbox 2036 1944 2104 1980; x_wconf 83' lang='lat' dir='ltr'>sic:</span> <span class='ocrx_word' id='word_1_866' title='bbox 2127 1946 2305 1993; x_wconf 84' lang='lat' dir='ltr'>quidquid</span> <span class='ocrx_word' id='word_1_867' title='bbox 2317 1952 2371 1982; x_wconf 88' lang='lat' dir='ltr'>est</span> <span class='ocrx_word' id='word_1_868' title='bbox 2381 1958 2494 1993; x_wconf 86' lang='lat' dir='ltr'>prae-</span> 
     </span>
     <span class='ocr_line' id='line_1_133' title="bbox 1435 1993 2494 2046; baseline 0.006 -17"><span class='ocrx_word' id='word_1_869' title='bbox 1435 1998 1491 2029; x_wconf 89' lang='lat' dir='ltr'>ter</span> <span class='ocrx_word' id='word_1_870' title='bbox 1518 1993 1644 2029; x_wconf 84' lang='lat' dir='ltr'>album</span> <span class='ocrx_word' id='word_1_871' title='bbox 1673 1999 1727 2030; x_wconf 89' lang='lat' dir='ltr'>est</span> <span class='ocrx_word' id='word_1_872' title='bbox 1752 2006 1826 2031; x_wconf 90' lang='lat' dir='ltr'>non</span> <span class='ocrx_word' id='word_1_873' title='bbox 1847 1995 1985 2041; x_wconf 78' lang='lat' dir='ltr'>album,</span> <span class='ocrx_word' id='word_1_874' title='bbox 2007 2002 2041 2031; x_wconf 83' lang='lat' dir='ltr'>et</span> <span class='ocrx_word' id='word_1_875' title='bbox 2068 1998 2247 2046; x_wconf 85' lang='lat' dir='ltr'>quidquid</span> <span class='ocrx_word' id='word_1_876' title='bbox 2268 2004 2322 2034; x_wconf 85' lang='lat' dir='ltr'>est</span> <span class='ocrx_word' id='word_1_877' title='bbox 2348 2011 2421 2035; x_wconf 84' lang='lat' dir='ltr'>non</span> <span class='ocrx_word' id='word_1_878' title='bbox 2441 1999 2494 2035; x_wconf 85' lang='lat' dir='ltr'>al-</span> 
     </span>
     <span class='ocr_line' id='line_1_134' title="bbox 1435 2046 2494 2097; baseline 0.007 -16"><span class='ocrx_word' id='word_1_879' title='bbox 1435 2047 1523 2082; x_wconf 87' lang='lat' dir='ltr'>bum</span> <span class='ocrx_word' id='word_1_880' title='bbox 1543 2051 1597 2082; x_wconf 89' lang='lat' dir='ltr'>est</span> <span class='ocrx_word' id='word_1_881' title='bbox 1613 2046 1704 2082; x_wconf 83' lang='lat' dir='ltr'>nihil</span> <span class='ocrx_word' id='word_1_882' title='bbox 1712 2060 1725 2091; x_wconf 90' lang='lat'>‚·</span> <span class='ocrx_word' id='word_1_883' title='bbox 1744 2059 1822 2083; x_wconf 85' lang='lat' dir='ltr'>non</span> <span class='ocrx_word' id='word_1_884' title='bbox 1842 2048 2010 2096; x_wconf 86' lang='lat' dir='ltr'>sequitur</span> <span class='ocrx_word' id='word_1_885' title='bbox 2030 2050 2134 2097; x_wconf 84' lang='lat' dir='ltr'>quod</span> <span class='ocrx_word' id='word_1_886' title='bbox 2160 2051 2287 2087; x_wconf 90' lang='lat' dir='ltr'>album</span> <span class='ocrx_word' id='word_1_887' title='bbox 2310 2051 2355 2087; x_wconf 91' lang='lat' dir='ltr'>sit</span> <span class='ocrx_word' id='word_1_888' title='bbox 2372 2063 2494 2087; x_wconf 89' lang='lat' dir='ltr'>unum</span> 
     </span>
     <span class='ocr_line' id='line_1_135' title="bbox 1434 2098 2493 2149; baseline 0.006 -15"><span class='ocrx_word' id='word_1_889' title='bbox 1434 2105 1591 2134; x_wconf 84' lang='lat' dir='ltr'>tantum.</span> <span class='ocrx_word' id='word_1_890' title='bbox 1613 2098 1742 2135; x_wconf 90' lang='lat' dir='ltr'>Primo</span> <span class='ocrx_word' id='word_1_891' title='bbox 1764 2100 1919 2148; x_wconf 91' lang='lat' dir='ltr'>quidem</span> <span class='ocrx_word' id='word_1_892' title='bbox 1948 2101 2035 2149; x_wconf 85' lang='lat' dir='ltr'>quia</span> <span class='ocrx_word' id='word_1_893' title='bbox 2054 2114 2132 2138; x_wconf 90' lang='lat' dir='ltr'>non</span> <span class='ocrx_word' id='word_1_894' title='bbox 2153 2103 2220 2139; x_wconf 88' lang='lat' dir='ltr'>erit</span> <span class='ocrx_word' id='word_1_895' title='bbox 2239 2104 2493 2140; x_wconf 86' lang='lat' dir='ltr'>necessarium</span> 
     </span>
     <span class='ocr_line' id='line_1_136' title="bbox 1435 2151 2493 2199; baseline 0.007 -13"><span class='ocrx_word' id='word_1_896' title='bbox 1435 2151 1539 2199; x_wconf 92' lang='lat' dir='ltr'>quod</span> <span class='ocrx_word' id='word_1_897' title='bbox 1555 2151 1684 2188; x_wconf 87' lang='lat' dir='ltr'>omnia</span> <span class='ocrx_word' id='word_1_898' title='bbox 1698 2153 1782 2188; x_wconf 89' lang='lat' dir='ltr'>alba</span> <span class='ocrx_word' id='word_1_899' title='bbox 1801 2152 1873 2189; x_wconf 88' lang='lat' dir='ltr'>sint</span> <span class='ocrx_word' id='word_1_900' title='bbox 1888 2151 1901 2174; x_wconf 61' lang='grc' dir='ltr'><em>δ</em></span> <span class='ocrx_word' id='word_1_901' title='bbox 1915 2166 2035 2190; x_wconf 90' lang='lat' dir='ltr'>unum</span> <span class='ocrx_word' id='word_1_902' title='bbox 2051 2155 2277 2192; x_wconf 84' lang='lat' dir='ltr'>continuum.</span> <span class='ocrx_word' id='word_1_903' title='bbox 2289 2157 2358 2192; x_wconf 92' lang='lat' dir='ltr'>Vel</span> <span class='ocrx_word' id='word_1_904' title='bbox 2374 2156 2493 2193; x_wconf 89' lang='lat' dir='ltr'>aliter:</span> 
     </span>
     <span class='ocr_line' id='line_1_137' title="bbox 1435 2204 2494 2253; baseline 0.006 -14"><span class='ocrx_word' id='word_1_905' title='bbox 1435 2215 1509 2240; x_wconf 87' lang='lat' dir='ltr'>non</span> <span class='ocrx_word' id='word_1_906' title='bbox 1540 2205 1559 2224; x_wconf 69' lang='lat'>²⁸⁵</span> <span class='ocrx_word' id='word_1_907' title='bbox 1587 2204 1658 2239; x_wconf 87' lang='lat' dir='ltr'>erit</span> <span class='ocrx_word' id='word_1_908' title='bbox 1692 2217 1807 2242; x_wconf 87' lang='lat' dir='ltr'>unum</span> <span class='ocrx_word' id='word_1_909' title='bbox 1836 2206 1973 2242; x_wconf 82' lang='lat' dir='ltr'>album</span> <span class='ocrx_word' id='word_1_910' title='bbox 1995 2208 2291 2253; x_wconf 84' lang='lat' dir='ltr'>continuatione;</span> <span class='ocrx_word' id='word_1_911' title='bbox 2322 2209 2418 2245; x_wconf 91' lang='lat' dir='ltr'>idest</span> <span class='ocrx_word' id='word_1_912' title='bbox 2450 2222 2494 2245; x_wconf 86' lang='lat' dir='ltr'>ex</span> 
     </span>
     <span class='ocr_line' id='line_1_138' title="bbox 1435 2255 2494 2305; baseline 0.007 -14"><span class='ocrx_word' id='word_1_913' title='bbox 1435 2256 1509 2292; x_wconf 92' lang='lat' dir='ltr'>hoc</span> <span class='ocrx_word' id='word_1_914' title='bbox 1527 2255 1610 2304; x_wconf 90' lang='lat' dir='ltr'>ipso</span> <span class='ocrx_word' id='word_1_915' title='bbox 1630 2257 1735 2304; x_wconf 92' lang='lat' dir='ltr'>quod</span> <span class='ocrx_word' id='word_1_916' title='bbox 1755 2265 1811 2294; x_wconf 89' lang='lat' dir='ltr'>est</span> <span class='ocrx_word' id='word_1_917' title='bbox 1831 2259 2064 2305; x_wconf 80' lang='lat' dir='ltr'>continuum,</span> <span class='ocrx_word' id='word_1_918' title='bbox 2082 2273 2159 2297; x_wconf 89' lang='lat' dir='ltr'>non</span> <span class='ocrx_word' id='word_1_919' title='bbox 2180 2262 2247 2298; x_wconf 88' lang='lat' dir='ltr'>erit</span> <span class='ocrx_word' id='word_1_920' title='bbox 2265 2274 2385 2298; x_wconf 86' lang='lat' dir='ltr'>unum</span> <span class='ocrx_word' id='word_1_921' title='bbox 2406 2261 2494 2298; x_wconf 89' lang='lat' dir='ltr'>sim-</span> 
     </span>
     <span class='ocr_line' id='line_1_139' title="bbox 1434 2308 2492 2361; baseline 0.008 -18"><span class='ocrx_word' id='word_1_922' title='bbox 1434 2308 1596 2356; x_wconf 82' lang='lat' dir='ltr'>pliciter3</span> <span class='ocrx_word' id='word_1_923' title='bbox 1618 2309 1705 2356; x_wconf 88' lang='lat' dir='ltr'>quia</span> <span class='ocrx_word' id='word_1_924' title='bbox 1726 2310 1947 2347; x_wconf 88' lang='lat' dir='ltr'>continuum</span> <span class='ocrx_word' id='word_1_925' title='bbox 1969 2320 2023 2348; x_wconf 84' lang='lat' dir='ltr'>est</span> <span class='ocrx_word' id='word_1_926' title='bbox 2052 2314 2342 2360; x_wconf 85' lang='lat' dir='ltr'>quodammodo</span> <span class='ocrx_word' id='word_1_927' title='bbox 2363 2315 2492 2361; x_wconf 85' lang='lat' dir='ltr'>multa,</span> 
     </span>
     <span class='ocr_line' id='line_1_140' title="bbox 1434 2361 2494 2408; baseline 0.008 -13"><span class='ocrx_word' id='word_1_928' title='bbox 1434 2368 1476 2396; x_wconf 90' lang='lat' dir='ltr'>ut</span> <span class='ocrx_word' id='word_1_929' title='bbox 1503 2373 1616 2408; x_wconf 89' lang='lat' dir='ltr'>supra</span> <span class='ocrx_word' id='word_1_930' title='bbox 1636 2361 1777 2398; x_wconf 90' lang='lat' dir='ltr'>dictum</span> <span class='ocrx_word' id='word_1_931' title='bbox 1798 2370 1853 2399; x_wconf 88' lang='lat' dir='ltr'>est</span> <span class='ocrx_word' id='word_1_932' title='bbox 1873 2364 1904 2400; x_wconf 71' lang='lat'>²¹².</span> <span class='ocrx_word' id='word_1_933' title='bbox 1926 2365 1974 2400; x_wconf 82' lang='lat' dir='ltr'>Et</span> <span class='ocrx_word' id='word_1_934' title='bbox 1998 2365 2166 2403; x_wconf 88' lang='lat' dir='ltr'>similiter</span> <span class='ocrx_word' id='word_1_935' title='bbox 2188 2380 2267 2403; x_wconf 92' lang='lat' dir='ltr'>non</span> <span class='ocrx_word' id='word_1_936' title='bbox 2288 2368 2355 2404; x_wconf 90' lang='lat' dir='ltr'>erit</span> <span class='ocrx_word' id='word_1_937' title='bbox 2372 2379 2494 2403; x_wconf 90' lang='lat' dir='ltr'>unum</span> 
     </span>
     <span class='ocr_line' id='line_1_141' title="bbox 1436 2414 2492 2468; baseline 0.008 -20"><span class='ocrx_word' id='word_1_938' title='bbox 1436 2414 1600 2449; x_wconf 86' lang='lat' dir='ltr'>ratione:</span> <span class='ocrx_word' id='word_1_939' title='bbox 1629 2414 1700 2449; x_wconf 84' lang='lat' dir='ltr'>alia</span> <span class='ocrx_word' id='word_1_940' title='bbox 1730 2414 1830 2451; x_wconf 85' lang='lat' dir='ltr'>enirn</span> <span class='ocrx_word' id='word_1_941' title='bbox 1860 2423 1914 2452; x_wconf 91' lang='lat' dir='ltr'>est</span> <span class='ocrx_word' id='word_1_942' title='bbox 1942 2418 2034 2453; x_wconf 84' lang='lat' dir='ltr'>ratio</span> <span class='ocrx_word' id='word_1_943' title='bbox 2064 2419 2137 2455; x_wconf 88' lang='lat' dir='ltr'>albi</span> <span class='ocrx_word' id='word_1_944' title='bbox 2169 2427 2204 2456; x_wconf 91' lang='lat' dir='ltr'>et</span> <span class='ocrx_word' id='word_1_945' title='bbox 2236 2419 2492 2468; x_wconf 87' lang='lat' dir='ltr'>susceptibilis.</span> 
     </span>
     <span class='ocr_line' id='line_1_142' title="bbox 1436 2467 1704 2502; baseline 0 0"><span class='ocrx_word' id='word_1_946' title='bbox 1436 2467 1484 2502; x_wconf 90' lang='lat' dir='ltr'>Et</span> <span class='ocrx_word' id='word_1_947' title='bbox 1520 2473 1648 2502; x_wconf 87' lang='lat' dir='ltr'>tamen</span> <span class='ocrx_word' id='word_1_948' title='bbox 1685 2467 1704 2486; x_wconf 64' lang='lat'>²²²</span> 
     </span>
     <span class='ocr_line' id='line_1_143' title="bbox 1436 2518 2493 2567; baseline 0.008 -14"><span class='ocrx_word' id='word_1_949' title='bbox 1436 2518 1543 2567; x_wconf 87' lang='lat' dir='ltr'>quasi</span> <span class='ocrx_word' id='word_1_950' title='bbox 1572 2519 1618 2554; x_wconf 90' lang='lat' dir='ltr'>ab</span> <span class='ocrx_word' id='word_1_951' title='bbox 1640 2531 1685 2554; x_wconf 91' lang='lat' dir='ltr'>eo</span> <span class='ocrx_word' id='word_1_952' title='bbox 1715 2520 1900 2557; x_wconf 90' lang='lat' dir='ltr'>divisum:</span> <span class='ocrx_word' id='word_1_953' title='bbox 1931 2534 2008 2558; x_wconf 91' lang='lat' dir='ltr'>non</span> <span class='ocrx_word' id='word_1_954' title='bbox 2038 2532 2093 2560; x_wconf 93' lang='lat' dir='ltr'>est</span> <span class='ocrx_word' id='word_1_955' title='bbox 2121 2525 2222 2561; x_wconf 87' lang='lat' dir='ltr'>enim</span> <span class='ocrx_word' id='word_1_956' title='bbox 2243 2525 2344 2561; x_wconf 90' lang='lat' dir='ltr'>aliud</span> <span class='ocrx_word' id='word_1_957' title='bbox 2364 2526 2493 2561; x_wconf 85' lang='lat' dir='ltr'>album</span> 
     </span>
     <span class='ocr_line' id='line_1_144' title="bbox 1437 2571 2493 2625; baseline 0.008 -19"><span class='ocrx_word' id='word_1_958' title='bbox 1437 2583 1458 2607; x_wconf 91' lang='lat' dir='ltr'>a</span> <span class='ocrx_word' id='word_1_959' title='bbox 1478 2571 1706 2618; x_wconf 82' lang='lat' dir='ltr'>susceptibili</span> <span class='ocrx_word' id='word_1_960' title='bbox 1735 2573 1823 2620; x_wconf 91' lang='lat' dir='ltr'>quia</span> <span class='ocrx_word' id='word_1_961' title='bbox 1843 2575 1862 2594; x_wconf 62' lang='lat'>’³²</span> <span class='ocrx_word' id='word_1_962' title='bbox 1882 2574 2009 2610; x_wconf 88' lang='lat' dir='ltr'>album</span> <span class='ocrx_word' id='word_1_963' title='bbox 2036 2576 2082 2612; x_wconf 90' lang='lat' dir='ltr'>sit</span> <span class='ocrx_word' id='word_1_964' title='bbox 2100 2577 2308 2625; x_wconf 86' lang='lat' dir='ltr'>separabile</span> <span class='ocrx_word' id='word_1_965' title='bbox 2329 2589 2351 2613; x_wconf 93' lang='lat' dir='ltr'>a</span> <span class='ocrx_word' id='word_1_966' title='bbox 2370 2590 2493 2613; x_wconf 90' lang='lat' dir='ltr'>susce-</span> 
     </span>
     <span class='ocr_line' id='line_1_145' title="bbox 1435 2623 2491 2677; baseline 0.008 -19"><span class='ocrx_word' id='word_1_967' title='bbox 1435 2624 1569 2672; x_wconf 89' lang='lat' dir='ltr'>ptibili;</span> <span class='ocrx_word' id='word_1_968' title='bbox 1591 2623 1658 2659; x_wconf 90' lang='lat' dir='ltr'>sed</span> <span class='ocrx_word' id='word_1_969' title='bbox 1678 2625 1765 2672; x_wconf 91' lang='lat' dir='ltr'>quia</span> <span class='ocrx_word' id='word_1_970' title='bbox 1784 2624 1854 2661; x_wconf 87' lang='lat' dir='ltr'>alia</span> <span class='ocrx_word' id='word_1_971' title='bbox 1875 2634 1929 2662; x_wconf 93' lang='lat' dir='ltr'>est</span> <span class='ocrx_word' id='word_1_972' title='bbox 1957 2627 2049 2663; x_wconf 84' lang='lat' dir='ltr'>ratio</span> <span class='ocrx_word' id='word_1_973' title='bbox 2071 2630 2143 2665; x_wconf 86' lang='lat' dir='ltr'>albi</span> <span class='ocrx_word' id='word_1_974' title='bbox 2173 2637 2208 2666; x_wconf 90' lang='lat' dir='ltr'>et</span> <span class='ocrx_word' id='word_1_975' title='bbox 2235 2629 2491 2677; x_wconf 87' lang='lat' dir='ltr'>susceptibilis.</span> 
     </span>
     <span class='ocr_line' id='line_1_146' title="bbox 1438 2677 2494 2731; baseline 0.007 -19"><span class='ocrx_word' id='word_1_976' title='bbox 1438 2677 1515 2713; x_wconf 90' lang='lat' dir='ltr'>Sed</span> <span class='ocrx_word' id='word_1_977' title='bbox 1530 2677 1604 2712; x_wconf 92' lang='lat' dir='ltr'>hoc</span> <span class='ocrx_word' id='word_1_978' title='bbox 1619 2677 1790 2714; x_wconf 87' lang='lat' dir='ltr'>nondum</span> <span class='ocrx_word' id='word_1_979' title='bbox 1812 2686 1890 2714; x_wconf 90' lang='lat' dir='ltr'>erat</span> <span class='ocrx_word' id='word_1_980' title='bbox 1910 2680 2187 2718; x_wconf 83' lang='lat' dir='ltr'>consideratum</span> <span class='ocrx_word' id='word_1_981' title='bbox 2213 2690 2385 2731; x_wconf 90' lang='lat' dir='ltr'>tempore</span> <span class='ocrx_word' id='word_1_982' title='bbox 2405 2683 2494 2719; x_wconf 85' lang='lat' dir='ltr'>Par-</span> 
     </span>
     <span class='ocr_line' id='line_1_147' title="bbox 1438 2729 2493 2781; baseline 0.008 -17"><span class='ocrx_word' id='word_1_983' title='bbox 1438 2729 1619 2775; x_wconf 87' lang='lat' dir='ltr'>menidis,</span> <span class='ocrx_word' id='word_1_984' title='bbox 1650 2730 1786 2767; x_wconf 88' lang='lat' dir='ltr'>scilicet</span> <span class='ocrx_word' id='word_1_985' title='bbox 1814 2731 1918 2779; x_wconf 90' lang='lat' dir='ltr'>quod</span> <span class='ocrx_word' id='word_1_986' title='bbox 1947 2733 2086 2781; x_wconf 86' lang='lat' dir='ltr'>aliquid</span> <span class='ocrx_word' id='word_1_987' title='bbox 2111 2743 2207 2771; x_wconf 87' lang='lat' dir='ltr'>esset</span> <span class='ocrx_word' id='word_1_988' title='bbox 2230 2747 2350 2771; x_wconf 89' lang='lat' dir='ltr'>unum</span> <span class='ocrx_word' id='word_1_989' title='bbox 2371 2735 2493 2772; x_wconf 89' lang='lat' dir='ltr'>subie-</span> 
     </span>
     <span class='ocr_line' id='line_1_148' title="bbox 1438 2783 2494 2836; baseline 0.008 -19"><span class='ocrx_word' id='word_1_990' title='bbox 1438 2790 1497 2818; x_wconf 90' lang='lat' dir='ltr'>cto</span> <span class='ocrx_word' id='word_1_991' title='bbox 1532 2789 1567 2818; x_wconf 92' lang='lat' dir='ltr'>et</span> <span class='ocrx_word' id='word_1_992' title='bbox 1595 2783 1712 2819; x_wconf 88' lang='lat' dir='ltr'>multa</span> <span class='ocrx_word' id='word_1_993' title='bbox 1750 2784 1913 2820; x_wconf 78' lang='lat' dir='ltr'>ratione:</span> <span class='ocrx_word' id='word_1_994' title='bbox 1954 2794 1988 2821; x_wconf 89' lang='lat' dir='ltr'>et</span> <span class='ocrx_word' id='word_1_995' title='bbox 2020 2786 2105 2822; x_wconf 89' lang='lat' dir='ltr'>ideo</span> <span class='ocrx_word' id='word_1_996' title='bbox 2142 2787 2296 2824; x_wconf 90' lang='lat' dir='ltr'>credidit</span> <span class='ocrx_word' id='word_1_997' title='bbox 2332 2787 2435 2836; x_wconf 89' lang='lat' dir='ltr'>quod</span> <span class='ocrx_word' id='word_1_998' title='bbox 2464 2788 2494 2824; x_wconf 91' lang='lat' dir='ltr'>si</span> 
     </span>
     <span class='ocr_line' id='line_1_149' title="bbox 1437 2834 2496 2888; baseline 0.007 -18"><span class='ocrx_word' id='word_1_999' title='bbox 1437 2835 1527 2871; x_wconf 90' lang='lat' dir='ltr'>nihil</span> <span class='ocrx_word' id='word_1_1000' title='bbox 1556 2834 1601 2871; x_wconf 87' lang='lat' dir='ltr'>sit</span> <span class='ocrx_word' id='word_1_1001' title='bbox 1629 2842 1730 2871; x_wconf 83' lang='lat' dir='ltr'>extra</span> <span class='ocrx_word' id='word_1_1002' title='bbox 1758 2836 1910 2885; x_wconf 89' lang='lat' dir='ltr'>aliquod</span> <span class='ocrx_word' id='word_1_1003' title='bbox 1939 2838 2164 2886; x_wconf 83' lang='lat' dir='ltr'>subiectum,</span> <span class='ocrx_word' id='word_1_1004' title='bbox 2195 2840 2298 2888; x_wconf 92' lang='lat' dir='ltr'>quod</span> <span class='ocrx_word' id='word_1_1005' title='bbox 2318 2848 2496 2888; x_wconf 89' lang='lat' dir='ltr'>sequatur</span> 
     </span>
     <span class='ocr_line' id='line_1_150' title="bbox 1437 2887 2496 2942; baseline 0.006 -19"><span class='ocrx_word' id='word_1_1006' title='bbox 1437 2887 1476 2924; x_wconf 91' lang='lat' dir='ltr'>id</span> <span class='ocrx_word' id='word_1_1007' title='bbox 1496 2899 1577 2924; x_wconf 88' lang='lat' dir='ltr'>esse</span> <span class='ocrx_word' id='word_1_1008' title='bbox 1605 2900 1738 2925; x_wconf 90' lang='lat' dir='ltr'>unum.</span> <span class='ocrx_word' id='word_1_1009' title='bbox 1770 2889 1846 2926; x_wconf 92' lang='lat' dir='ltr'>Sed</span> <span class='ocrx_word' id='word_1_1010' title='bbox 1878 2891 1952 2926; x_wconf 91' lang='lat' dir='ltr'>hoc</span> <span class='ocrx_word' id='word_1_1011' title='bbox 1981 2891 2116 2935; x_wconf 83' lang='lat' dir='ltr'>falsum</span> <span class='ocrx_word' id='word_1_1012' title='bbox 2146 2900 2201 2929; x_wconf 89' lang='lat' dir='ltr'>est</span> <span class='ocrx_word' id='word_1_1013' title='bbox 2237 2900 2317 2929; x_wconf 90' lang='lat' dir='ltr'>tum</span> <span class='ocrx_word' id='word_1_1014' title='bbox 2341 2900 2496 2942; x_wconf 89' lang='lat' dir='ltr'>propter</span> 
     </span>
     <span class='ocr_line' id='line_1_151' title="bbox 1438 2940 2493 2993; baseline 0.007 -17"><span class='ocrx_word' id='word_1_1015' title='bbox 1438 2940 1716 2977; x_wconf 71' lang='lat' dir='ltr'>multitudinem</span> <span class='ocrx_word' id='word_1_1016' title='bbox 1744 2943 1924 2989; x_wconf 78' lang='lat' dir='ltr'>partium,</span> <span class='ocrx_word' id='word_1_1017' title='bbox 1954 2950 2033 2979; x_wconf 85' lang='lat' dir='ltr'>tum</span> <span class='ocrx_word' id='word_1_1018' title='bbox 2053 2952 2207 2993; x_wconf 89' lang='lat' dir='ltr'>propter</span> <span class='ocrx_word' id='word_1_1019' title='bbox 2227 2946 2417 2982; x_wconf 88' lang='lat' dir='ltr'>diversam</span> <span class='ocrx_word' id='word_1_1020' title='bbox 2438 2958 2493 2982; x_wconf 84' lang='lat' dir='ltr'>ra-</span> 
     </span>
     <span class='ocr_line' id='line_1_152' title="bbox 1438 2993 2070 3033; baseline 0.005 -4"><span class='ocrx_word' id='word_1_1021' title='bbox 1438 2993 1581 3030; x_wconf 87' lang='lat' dir='ltr'>tionem</span> <span class='ocrx_word' id='word_1_1022' title='bbox 1611 2994 1766 3030; x_wconf 90' lang='lat' dir='ltr'>subiecti</span> <span class='ocrx_word' id='word_1_1023' title='bbox 1795 3002 1830 3030; x_wconf 92' lang='lat' dir='ltr'>et</span> <span class='ocrx_word' id='word_1_1024' title='bbox 1858 2995 2070 3033; x_wconf 87' lang='lat' dir='ltr'>accidentis.</span> 
     </span>
    </p>

    <p class='ocr_par' dir='ltr' id='par_1_42' title="bbox 1438 3046 2493 3308">
     <span class='ocr_line' id='line_1_153' title="bbox 1491 3046 2491 3099; baseline 0.005 -18"><span class='ocrx_word' id='word_1_1025' title='bbox 1491 3047 1526 3082; x_wconf 80' lang='lat'>6.</span> <span class='ocrx_word' id='word_1_1026' title='bbox 1557 3046 1705 3082; x_wconf 90' lang='lat' dir='ltr'>Deinde</span> <span class='ocrx_word' id='word_1_1027' title='bbox 1735 3060 1821 3083; x_wconf 89' lang='lat' dir='ltr'>curn</span> <span class='ocrx_word' id='word_1_1028' title='bbox 1851 3047 1957 3084; x_wconf 91' lang='lat' dir='ltr'>dicit:</span> <span class='ocrx_word' id='word_1_1029' title='bbox 1987 3049 2149 3086; x_wconf 80' lang='lat' dir='ltr'>Necesse</span> <span class='ocrx_word' id='word_1_1030' title='bbox 2175 3056 2229 3085; x_wconf 87' lang='lat' dir='ltr'>est</span> <span class='ocrx_word' id='word_1_1031' title='bbox 2254 3051 2370 3099; x_wconf 80' lang='lat' dir='ltr'>igitur</span> <span class='ocrx_word' id='word_1_1032' title='bbox 2406 3058 2491 3096; x_wconf 92' lang='lat' dir='ltr'>etc.,</span> 
     </span>
     <span class='ocr_line' id='line_1_154' title="bbox 1438 3098 2493 3151; baseline 0.005 -17"><span class='ocrx_word' id='word_1_1033' title='bbox 1438 3098 1590 3147; x_wconf 89' lang='lat' dir='ltr'>adaptat</span> <span class='ocrx_word' id='word_1_1034' title='bbox 1617 3099 1898 3136; x_wconf 90' lang='lat' dir='ltr'>similitudinem</span> <span class='ocrx_word' id='word_1_1035' title='bbox 1927 3101 1975 3137; x_wconf 90' lang='lat' dir='ltr'>ad</span> <span class='ocrx_word' id='word_1_1036' title='bbox 2003 3102 2256 3150; x_wconf 87' lang='lat' dir='ltr'>propositum,</span> <span class='ocrx_word' id='word_1_1037' title='bbox 2286 3111 2327 3139; x_wconf 90' lang='lat' dir='ltr'>ut</span> <span class='ocrx_word' id='word_1_1038' title='bbox 2350 3103 2369 3123; x_wconf 71' lang='lat'>&#39;¹²</span> <span class='ocrx_word' id='word_1_1039' title='bbox 2390 3103 2493 3151; x_wconf 89' lang='lat' dir='ltr'>quod</span> 
     </span>
     <span class='ocr_line' id='line_1_155' title="bbox 1439 3151 2493 3199; baseline 0.004 -12"><span class='ocrx_word' id='word_1_1040' title='bbox 1439 3151 1580 3187; x_wconf 91' lang='lat' dir='ltr'>dictum</span> <span class='ocrx_word' id='word_1_1041' title='bbox 1601 3159 1655 3188; x_wconf 85' lang='lat' dir='ltr'>est</span> <span class='ocrx_word' id='word_1_1042' title='bbox 1679 3153 1726 3188; x_wconf 89' lang='lat' dir='ltr'>de</span> <span class='ocrx_word' id='word_1_1043' title='bbox 1747 3153 1848 3199; x_wconf 88' lang='lat' dir='ltr'>albo,</span> <span class='ocrx_word' id='word_1_1044' title='bbox 1870 3155 2042 3190; x_wconf 88' lang='lat' dir='ltr'>ostendat</span> <span class='ocrx_word' id='word_1_1045' title='bbox 2070 3155 2236 3190; x_wconf 88' lang='lat' dir='ltr'>similiter</span> <span class='ocrx_word' id='word_1_1046' title='bbox 2255 3156 2274 3175; x_wconf 66' lang='lat'>²²</span> <span class='ocrx_word' id='word_1_1047' title='bbox 2294 3167 2333 3191; x_wconf 85' lang='lat' dir='ltr'>se</span> <span class='ocrx_word' id='word_1_1048' title='bbox 2352 3156 2493 3191; x_wconf 86' lang='lat' dir='ltr'>habere</span> 
     </span>
     <span class='ocr_line' id='line_1_156' title="bbox 1438 3204 2493 3255; baseline 0.005 -16"><span class='ocrx_word' id='word_1_1049' title='bbox 1438 3204 1535 3240; x_wconf 88' lang='lat' dir='ltr'>circa</span> <span class='ocrx_word' id='word_1_1050' title='bbox 1550 3205 1570 3224; x_wconf 71' lang='lat'>²¹⁸</span> <span class='ocrx_word' id='word_1_1051' title='bbox 1586 3217 1663 3241; x_wconf 89' lang='lat' dir='ltr'>ens.</span> <span class='ocrx_word' id='word_1_1052' title='bbox 1686 3206 1734 3241; x_wconf 90' lang='lat' dir='ltr'>Et</span> <span class='ocrx_word' id='word_1_1053' title='bbox 1754 3205 1850 3242; x_wconf 89' lang='lat' dir='ltr'>circa</span> <span class='ocrx_word' id='word_1_1054' title='bbox 1869 3206 1942 3242; x_wconf 91' lang='lat' dir='ltr'>hoc</span> <span class='ocrx_word' id='word_1_1055' title='bbox 1959 3207 2034 3242; x_wconf 87' lang='lat' dir='ltr'>duo</span> <span class='ocrx_word' id='word_1_1056' title='bbox 2056 3207 2161 3242; x_wconf 87' lang='lat' dir='ltr'>facit:</span> <span class='ocrx_word' id='word_1_1057' title='bbox 2186 3207 2309 3255; x_wconf 88' lang='lat' dir='ltr'>primo</span> <span class='ocrx_word' id='word_1_1058' title='bbox 2331 3208 2493 3244; x_wconf 90' lang='lat' dir='ltr'>ostendit</span> 
     </span>
     <span class='ocr_line' id='line_1_157' title="bbox 1440 3258 2491 3308; baseline 0.004 -15"><span class='ocrx_word' id='word_1_1059' title='bbox 1440 3258 1543 3305; x_wconf 90' lang='lat' dir='ltr'>quod</span> <span class='ocrx_word' id='word_1_1060' title='bbox 1576 3270 1653 3294; x_wconf 92' lang='lat' dir='ltr'>non</span> <span class='ocrx_word' id='word_1_1061' title='bbox 1682 3258 1848 3306; x_wconf 88' lang='lat' dir='ltr'>sequitur</span> <span class='ocrx_word' id='word_1_1062' title='bbox 1876 3271 1941 3294; x_wconf 92' lang='lat' dir='ltr'>ens</span> <span class='ocrx_word' id='word_1_1063' title='bbox 1971 3271 2051 3294; x_wconf 89' lang='lat' dir='ltr'>esse</span> <span class='ocrx_word' id='word_1_1064' title='bbox 2079 3271 2199 3295; x_wconf 90' lang='lat' dir='ltr'>unum</span> <span class='ocrx_word' id='word_1_1065' title='bbox 2223 3259 2438 3308; x_wconf 84' lang='lat' dir='ltr'>simpliciter</span> <span class='ocrx_word' id='word_1_1066' title='bbox 2460 3262 2491 3308; x_wconf 45' lang='lat'>²³,</span> 
     </span>
    </p>
   </div>
   <div class='ocr_carea' id='block_1_35' title="bbox 1193 3343 1764 3349">
    <p class='ocr_par' dir='ltr' id='par_1_43' title="bbox 1193 3343 1764 3349">
     <span class='ocr_line' id='line_1_158' title="bbox 1193 3343 1764 3349; baseline 0 0"><span class='ocrx_word' id='word_1_1067' title='bbox 1193 3343 1764 3349; x_wconf 95' lang='lat' dir='ltr'> </span> 
     </span>
    </p>
   </div>
   <div class='ocr_carea' id='block_1_36' title="bbox 334 3383 1387 3555">
    <p class='ocr_par' dir='ltr' id='par_1_44' title="bbox 334 3383 1387 3453">
     <span class='ocr_line' id='line_1_159' title="bbox 387 3383 1387 3418; baseline 0.005 -11"><span class='ocrx_word' id='word_1_1068' title='bbox 387 3383 413 3415; x_wconf 89' lang='grc' dir='ltr'>α)</span> <span class='ocrx_word' id='word_1_1069' title='bbox 427 3383 509 3407; x_wconf 88' lang='lat' dir='ltr'>Nec...</span> <span class='ocrx_word' id='word_1_1070' title='bbox 523 3387 679 3408; x_wconf 85' lang='lat' dir='ltr'>moveretur.</span> <span class='ocrx_word' id='word_1_1071' title='bbox 688 3398 707 3402; x_wconf 98' lang='lat'><strong>—</strong></span> <span class='ocrx_word' id='word_1_1072' title='bbox 716 3384 785 3408; x_wconf 85' lang='lat' dir='ltr'>Haec</span> <span class='ocrx_word' id='word_1_1073' title='bbox 799 3392 853 3408; x_wconf 90' lang='lat' dir='ltr'>om.</span> <span class='ocrx_word' id='word_1_1074' title='bbox 867 3384 986 3413; x_wconf 87' lang='lat' dir='ltr'><strong>COQTX</strong></span> <span class='ocrx_word' id='word_1_1075' title='bbox 999 3384 1033 3408; x_wconf 89' lang='lat' dir='ltr'>ob</span> <span class='ocrx_word' id='word_1_1076' title='bbox 1048 3390 1134 3409; x_wconf 87' lang='lat' dir='ltr'>notam</span> <span class='ocrx_word' id='word_1_1077' title='bbox 1149 3393 1252 3410; x_wconf 83' lang='lat' dir='ltr'>causam</span> <span class='ocrx_word' id='word_1_1078' title='bbox 1260 3394 1267 3417; x_wconf 89' lang='grc'><strong>;</strong></span> <span class='ocrx_word' id='word_1_1079' title='bbox 1282 3394 1328 3418; x_wconf 90' lang='lat' dir='ltr'>pro</span> <span class='ocrx_word' id='word_1_1080' title='bbox 1341 3387 1387 3411; x_wconf 84' lang='lat' dir='ltr'>ha-</span> 
     </span>
     <span class='ocr_line' id='line_1_160' title="bbox 334 3418 1386 3453; baseline 0.004 -11"><span class='ocrx_word' id='word_1_1081' title='bbox 334 3418 411 3447; x_wconf 83' lang='lat' dir='ltr'>beret,</span> <span class='ocrx_word' id='word_1_1082' title='bbox 425 3418 535 3442; x_wconf 83' lang='lat' dir='ltr'>habebat</span> <span class='ocrx_word' id='word_1_1083' title='bbox 549 3418 746 3448; x_wconf 82' lang='lat' dir='ltr'>BDFHMNRZ;</span> <span class='ocrx_word' id='word_1_1084' title='bbox 761 3422 842 3443; x_wconf 83' lang='lat' dir='ltr'>extra</span> <span class='ocrx_word' id='word_1_1085' title='bbox 854 3426 882 3443; x_wconf 85' lang='lat' dir='ltr'>se</span> <span class='ocrx_word' id='word_1_1086' title='bbox 895 3427 948 3443; x_wconf 86' lang='lat' dir='ltr'>orn.</span> <span class='ocrx_word' id='word_1_1087' title='bbox 959 3419 1072 3445; x_wconf 83' lang='lat' dir='ltr'>AIKVY.</span> <span class='ocrx_word' id='word_1_1088' title='bbox 1087 3420 1125 3444; x_wconf 89' lang='lat' dir='ltr'>Cf.</span> <span class='ocrx_word' id='word_1_1089' title='bbox 1137 3421 1193 3444; x_wconf 86' lang='lat' dir='ltr'>lect.</span> <span class='ocrx_word' id='word_1_1090' title='bbox 1205 3429 1289 3453; x_wconf 82' lang='lat' dir='ltr'>praec.</span> <span class='ocrx_word' id='word_1_1091' title='bbox 1300 3427 1352 3446; x_wconf 88' lang='lat' dir='ltr'>not.</span> <span class='ocrx_word' id='word_1_1092' title='bbox 1366 3430 1386 3446; x_wconf 87' lang='grc' dir='ltr'>ε.</span> 
     </span>
    </p>

    <p class='ocr_par' dir='ltr' id='par_1_45' title="bbox 334 3451 1385 3555">
     <span class='ocr_line' id='line_1_161' title="bbox 386 3451 1385 3486; baseline 0.003 -9"><span class='ocrx_word' id='word_1_1093' title='bbox 386 3451 412 3486; x_wconf 73' lang='grc' dir='ltr'>β)</span> <span class='ocrx_word' id='word_1_1094' title='bbox 427 3453 569 3477; x_wconf 81' lang='lat' dir='ltr'>assumit.-</span> <span class='ocrx_word' id='word_1_1095' title='bbox 577 3454 698 3486; x_wconf 85' lang='lat' dir='ltr'>Legimus</span> <span class='ocrx_word' id='word_1_1096' title='bbox 709 3462 766 3478; x_wconf 90' lang='lat' dir='ltr'>cum</span> <span class='ocrx_word' id='word_1_1097' title='bbox 779 3454 974 3478; x_wconf 79' lang='lat' dir='ltr'>PBEFGMNSL</span> <span class='ocrx_word' id='word_1_1098' title='bbox 989 3459 1014 3478; x_wconf 91' lang='lat' dir='ltr'>et</span> <span class='ocrx_word' id='word_1_1099' title='bbox 1026 3454 1080 3483; x_wconf 83' lang='lat' dir='ltr'>ab,·</span> <span class='ocrx_word' id='word_1_1100' title='bbox 1093 3455 1191 3486; x_wconf 82' lang='lat' dir='ltr'>accipit</span> <span class='ocrx_word' id='word_1_1101' title='bbox 1202 3455 1385 3486; x_wconf 86' lang='lat' dir='ltr'>AClKTVXY,</span> 
     </span>
     <span class='ocr_line' id='line_1_162' title="bbox 334 3488 1384 3522; baseline 0.005 -11"><span class='ocrx_word' id='word_1_1102' title='bbox 334 3488 476 3519; x_wconf 82' lang='lat' dir='ltr'>assumpsit</span> <span class='ocrx_word' id='word_1_1103' title='bbox 490 3488 604 3519; x_wconf 84' lang='lat' dir='ltr'>DHSpL,</span> <span class='ocrx_word' id='word_1_1104' title='bbox 619 3488 766 3520; x_wconf 77' lang='lat' dir='ltr'>assignavit</span> <span class='ocrx_word' id='word_1_1105' title='bbox 780 3489 831 3513; x_wconf 88' lang='lat' dir='ltr'>RZ.</span> <span class='ocrx_word' id='word_1_1106' title='bbox 849 3502 868 3507; x_wconf 92' lang='lat'>-</span> <span class='ocrx_word' id='word_1_1107' title='bbox 882 3489 961 3514; x_wconf 81' lang='lat' dir='ltr'>Linea</span> <span class='ocrx_word' id='word_1_1108' title='bbox 983 3497 1038 3522; x_wconf 90' lang='lat' dir='ltr'>seq.</span> <span class='ocrx_word' id='word_1_1109' title='bbox 1054 3496 1100 3520; x_wconf 89' lang='lat' dir='ltr'>pro</span> <span class='ocrx_word' id='word_1_1110' title='bbox 1118 3490 1227 3522; x_wconf 81' lang='lat' dir='ltr'>accipit,</span> <span class='ocrx_word' id='word_1_1111' title='bbox 1247 3492 1348 3522; x_wconf 80' lang='lat' dir='ltr'>accepit</span> <span class='ocrx_word' id='word_1_1112' title='bbox 1365 3491 1384 3515; x_wconf 89' lang='lat' dir='ltr'>P</span> 
     </span>
     <span class='ocr_line' id='line_1_163' title="bbox 334 3522 884 3555; baseline 0.002 -8"><span class='ocrx_word' id='word_1_1113' title='bbox 334 3522 488 3554; x_wconf 81' lang='lat' dir='ltr'>DEGHRZ;</span> <span class='ocrx_word' id='word_1_1114' title='bbox 508 3523 575 3548; x_wconf 84' lang='lat' dir='ltr'>idest</span> <span class='ocrx_word' id='word_1_1115' title='bbox 593 3531 645 3547; x_wconf 88' lang='lat' dir='ltr'>om.</span> <span class='ocrx_word' id='word_1_1116' title='bbox 665 3523 774 3555; x_wconf 79' lang='lat' dir='ltr'>PEGpH</span> <span class='ocrx_word' id='word_1_1117' title='bbox 794 3529 819 3548; x_wconf 89' lang='lat' dir='ltr'>et</span> <span class='ocrx_word' id='word_1_1118' title='bbox 836 3524 884 3548; x_wconf 87' lang='lat' dir='ltr'>ab.</span> 
     </span>
    </p>
   </div>
   <div class='ocr_carea' id='block_1_37' title="bbox 1439 3387 2492 3559">
    <p class='ocr_par' dir='ltr' id='par_1_46' title="bbox 1439 3387 2492 3559">
     <span class='ocr_line' id='line_1_164' title="bbox 1494 3387 2492 3421; baseline 0.004 -10"><span class='ocrx_word' id='word_1_1119' title='bbox 1494 3387 1520 3421; x_wconf 84' lang='grc' dir='ltr'>γ)</span> <span class='ocrx_word' id='word_1_1120' title='bbox 1545 3391 1637 3419; x_wconf 80' lang='lat' dir='ltr'>prout.</span> <span class='ocrx_word' id='word_1_1121' title='bbox 1651 3402 1670 3406; x_wconf 98' lang='lat'><em>-</em></span> <span class='ocrx_word' id='word_1_1122' title='bbox 1691 3389 1762 3412; x_wconf 86' lang='lat' dir='ltr'>Hanc</span> <span class='ocrx_word' id='word_1_1123' title='bbox 1786 3396 1877 3412; x_wconf 90' lang='lat' dir='ltr'>vocem</span> <span class='ocrx_word' id='word_1_1124' title='bbox 1904 3388 2044 3412; x_wconf 83' lang='lat' dir='ltr'>retinemus</span> <span class='ocrx_word' id='word_1_1125' title='bbox 2075 3396 2134 3413; x_wconf 89' lang='lat' dir='ltr'>cum</span> <span class='ocrx_word' id='word_1_1126' title='bbox 2153 3389 2318 3419; x_wconf 85' lang='lat' dir='ltr'>PDEGHab,</span> <span class='ocrx_word' id='word_1_1127' title='bbox 2342 3390 2416 3414; x_wconf 88' lang='lat' dir='ltr'>cuius</span> <span class='ocrx_word' id='word_1_1128' title='bbox 2435 3391 2492 3415; x_wconf 86' lang='lat' dir='ltr'>loco</span> 
     </span>
     <span class='ocr_line' id='line_1_165' title="bbox 1439 3423 2492 3462; baseline 0.003 -15"><span class='ocrx_word' id='word_1_1129' title='bbox 1439 3423 1582 3462; x_wconf 59' lang='lat' dir='ltr'>secundum</span> <span class='ocrx_word' id='word_1_1130' title='bbox 1604 3423 1675 3455; x_wconf 83' lang='lat' dir='ltr'>quod</span> <span class='ocrx_word' id='word_1_1131' title='bbox 1697 3430 1742 3447; x_wconf 83' lang='lat' dir='ltr'>ens</span> <span class='ocrx_word' id='word_1_1132' title='bbox 1770 3423 1887 3452; x_wconf 79' lang='lat' dir='ltr'>CFsLN,</span> <span class='ocrx_word' id='word_1_1133' title='bbox 1911 3423 2052 3447; x_wconf 82' lang='lat' dir='ltr'>secundnm</span> <span class='ocrx_word' id='word_1_1134' title='bbox 2080 3424 2151 3455; x_wconf 80' lang='lat' dir='ltr'>quod</span> <span class='ocrx_word' id='word_1_1135' title='bbox 2168 3431 2229 3452; x_wconf 85' lang='lat' dir='ltr'>ens,</span> <span class='ocrx_word' id='word_1_1136' title='bbox 2248 3428 2333 3456; x_wconf 82' lang='lat' dir='ltr'>prout</span> <span class='ocrx_word' id='word_1_1137' title='bbox 2351 3430 2399 3450; x_wconf 87' lang='lat' dir='ltr'>cet.</span> <span class='ocrx_word' id='word_1_1138' title='bbox 2421 3426 2492 3457; x_wconf 88' lang='lat' dir='ltr'>pleo-</span> 
     </span>
     <span class='ocr_line' id='line_1_166' title="bbox 1440 3462 2491 3526; baseline 0.004 -10"><span class='ocrx_word' id='word_1_1139' title='bbox 1440 3462 1609 3526; x_wconf 42' lang='lat' dir='ltr'>nasiiielquod</span> <span class='ocrx_word' id='word_1_1140' title='bbox 1618 3492 1711 3517; x_wconf 66' lang='lat' dir='ltr'>&#39;omnia</span> <span class='ocrx_word' id='word_1_1141' title='bbox 1725 3492 1784 3516; x_wconf 77' lang='lat' dir='ltr'>alba</span> <span class='ocrx_word' id='word_1_1142' title='bbox 1795 3493 1855 3516; x_wconf 82' lang='lat' dir='ltr'>sint.</span> <span class='ocrx_word' id='word_1_1143' title='bbox 1868 3507 1886 3510; x_wconf 98' lang='lat'><strong>—</strong></span> <span class='ocrx_word' id='word_1_1144' title='bbox 1900 3493 1935 3516; x_wconf 85' lang='lat' dir='ltr'>Ita</span> <span class='ocrx_word' id='word_1_1145' title='bbox 1949 3501 2040 3517; x_wconf 83' lang='lat' dir='ltr'>ornnes</span> <span class='ocrx_word' id='word_1_1146' title='bbox 2056 3494 2130 3518; x_wconf 91' lang='lat' dir='ltr'>codd.</span> <span class='ocrx_word' id='word_1_1147' title='bbox 2149 3494 2182 3518; x_wconf 88' lang='lat' dir='ltr'>Ut</span> <span class='ocrx_word' id='word_1_1148' title='bbox 2195 3495 2284 3519; x_wconf 84' lang='lat' dir='ltr'>omnia</span> <span class='ocrx_word' id='word_1_1149' title='bbox 2298 3495 2358 3519; x_wconf 84' lang='lat' dir='ltr'>alba</span> <span class='ocrx_word' id='word_1_1150' title='bbox 2376 3498 2439 3520; x_wconf 82' lang='lat' dir='ltr'>sunt</span> <span class='ocrx_word' id='word_1_1151' title='bbox 2451 3496 2491 3520; x_wconf 89' lang='lat' dir='ltr'>ed.</span> 
     </span>
     <span class='ocr_line' id='line_1_167' title="bbox 1439 3527 2490 3559; baseline 0.004 -8"><span class='ocrx_word' id='word_1_1152' title='bbox 1439 3534 1463 3556; x_wconf 83' lang='lat' dir='ltr'>a,</span> <span class='ocrx_word' id='word_1_1153' title='bbox 1475 3528 1521 3552; x_wconf 89' lang='lat' dir='ltr'>sed</span> <span class='ocrx_word' id='word_1_1154' title='bbox 1533 3531 1595 3552; x_wconf 79' lang='lat' dir='ltr'>sunt</span> <span class='ocrx_word' id='word_1_1155' title='bbox 1608 3528 1742 3559; x_wconf 83' lang='lat' dir='ltr'>corrigitur</span> <span class='ocrx_word' id='word_1_1156' title='bbox 1755 3527 1780 3551; x_wconf 84' lang='lat' dir='ltr'>in</span> <span class='ocrx_word' id='word_1_1157' title='bbox 1794 3528 1855 3556; x_wconf 82' lang='lat' dir='ltr'>sint,</span> <span class='ocrx_word' id='word_1_1158' title='bbox 1870 3533 1895 3552; x_wconf 84' lang='lat' dir='ltr'>et</span> <span class='ocrx_word' id='word_1_1159' title='bbox 1913 3529 1949 3552; x_wconf 88' lang='lat' dir='ltr'>sic</span> <span class='ocrx_word' id='word_1_1160' title='bbox 1969 3528 2044 3552; x_wconf 84' lang='lat' dir='ltr'>habet</span> <span class='ocrx_word' id='word_1_1161' title='bbox 2058 3529 2089 3557; x_wconf 79' lang='lat' dir='ltr'>b,-</span> <span class='ocrx_word' id='word_1_1162' title='bbox 2103 3529 2122 3553; x_wconf 81' lang='lat' dir='ltr'>P</span> <span class='ocrx_word' id='word_1_1163' title='bbox 2137 3537 2199 3554; x_wconf 89' lang='lat' dir='ltr'>vero</span> <span class='ocrx_word' id='word_1_1164' title='bbox 2214 3533 2243 3554; x_wconf 83' lang='lat' dir='ltr'>ut</span> <span class='ocrx_word' id='word_1_1165' title='bbox 2261 3530 2351 3555; x_wconf 84' lang='lat' dir='ltr'>omnia</span> <span class='ocrx_word' id='word_1_1166' title='bbox 2370 3531 2430 3555; x_wconf 81' lang='lat' dir='ltr'>alba</span> <span class='ocrx_word' id='word_1_1167' title='bbox 2447 3531 2490 3555; x_wconf 80' lang='lat' dir='ltr'>sit.</span> 
     </span>
    </p>
   </div>
   <div class='ocr_carea' id='block_1_38' title="bbox 1733 2469 2532 2520">
    <p class='ocr_par' dir='ltr' id='par_1_47' title="bbox 1733 2469 2532 2520">
     <span class='ocr_line' id='line_1_168' title="bbox 1733 2469 2532 2520; baseline 0.008 -17"><span class='ocrx_word' id='word_1_1168' title='bbox 1733 2479 1812 2503; x_wconf 90' lang='lat' dir='ltr'>non</span> <span class='ocrx_word' id='word_1_1169' title='bbox 1849 2469 1915 2504; x_wconf 90' lang='lat' dir='ltr'>erit</span> <span class='ocrx_word' id='word_1_1170' title='bbox 1950 2471 1988 2490; x_wconf 62' lang='lat'>³²³⁵*</span> <span class='ocrx_word' id='word_1_1171' title='bbox 2021 2471 2160 2519; x_wconf 89' lang='lat' dir='ltr'>aliquid</span> <span class='ocrx_word' id='word_1_1172' title='bbox 2192 2480 2338 2520; x_wconf 87' lang='lat' dir='ltr'>praeter</span> <span class='ocrx_word' id='word_1_1173' title='bbox 2366 2473 2494 2508; x_wconf 90' lang='lat' dir='ltr'>album</span> <span class='ocrx_word' id='word_1_1174' title='bbox 2523 2491 2532 2499; x_wconf 89' lang='lat'><strong>·</strong></span> 
     </span>
    </p>
   </div>
   <div class='ocr_carea' id='block_1_39' title="bbox 2616 748 2633 773">
    <p class='ocr_par' dir='ltr' id='par_1_48' title="bbox 2616 748 2633 773">
     <span class='ocr_line' id='line_1_169' title="bbox 2616 748 2633 773; baseline 0 0"><span class='ocrx_word' id='word_1_1175' title='bbox 2616 748 2633 773; x_wconf 73' lang='grc' dir='ltr'><strong>Υ</strong></span> 
     </span>
    </p>
   </div>
   <div class='ocr_carea' id='block_1_40' title="bbox 2520 846 2731 894">
    <p class='ocr_par' dir='ltr' id='par_1_49' title="bbox 2520 846 2731 894">
     <span class='ocr_line' id='line_1_170' title="bbox 2520 846 2731 868; baseline 0.009 -2"><span class='ocrx_word' id='word_1_1176' title='bbox 2520 846 2531 857; x_wconf 68' lang='grc'><em>“</em></span> <span class='ocrx_word' id='word_1_1177' title='bbox 2538 852 2610 867; x_wconf 79' lang='lat' dir='ltr'>sensu</span> <span class='ocrx_word' id='word_1_1178' title='bbox 2617 847 2674 867; x_wconf 78' lang='lat' dir='ltr'>sunt</span> <span class='ocrx_word' id='word_1_1179' title='bbox 2683 852 2731 868; x_wconf 88' lang='lat' dir='ltr'>om.</span> 
     </span>
     <span class='ocr_line' id='line_1_171' title="bbox 2521 872 2731 894; baseline 0.005 -1"><span class='ocrx_word' id='word_1_1180' title='bbox 2521 872 2589 893; x_wconf 85' lang='lat' dir='ltr'>codd.</span> <span class='ocrx_word' id='word_1_1181' title='bbox 2599 878 2649 894; x_wconf 82' lang='lat' dir='ltr'>cxc.</span> <span class='ocrx_word' id='word_1_1182' title='bbox 2663 879 2731 894; x_wconf 72' lang='lat' dir='ltr'>neon.</span> 
     </span>
    </p>
   </div>
   <div class='ocr_carea' id='block_1_41' title="bbox 2518 1056 2734 1444">
    <p class='ocr_par' dir='ltr' id='par_1_50' title="bbox 2519 1056 2732 1102">
     <span class='ocr_line' id='line_1_172' title="bbox 2520 1056 2732 1076; baseline 0.005 -1"><span class='ocrx_word' id='word_1_1183' title='bbox 2520 1056 2528 1064; x_wconf 93' lang='grc'><strong>”</strong></span> <span class='ocrx_word' id='word_1_1184' title='bbox 2544 1056 2632 1076; x_wconf 84' lang='lat' dir='ltr'>tantum</span> <span class='ocrx_word' id='word_1_1185' title='bbox 2647 1061 2732 1076; x_wconf 60' lang='lat' dir='ltr'>omma</span> 
     </span>
     <span class='ocr_line' id='line_1_173' title="bbox 2519 1081 2602 1102; baseline 0 0"><span class='ocrx_word' id='word_1_1186' title='bbox 2519 1081 2602 1102; x_wconf 68' lang='lat' dir='ltr'>zanab.</span> 
     </span>
    </p>

    <p class='ocr_par' dir='ltr' id='par_1_51' title="bbox 2520 1108 2719 1134">
     <span class='ocr_line' id='line_1_174' title="bbox 2520 1108 2719 1134; baseline 0.005 -6"><span class='ocrx_word' id='word_1_1187' title='bbox 2520 1108 2531 1119; x_wconf 57' lang='lat'>³</span> <span class='ocrx_word' id='word_1_1188' title='bbox 2542 1108 2613 1128; x_wconf 89' lang='lat' dir='ltr'>Num.</span> <span class='ocrx_word' id='word_1_1189' title='bbox 2628 1114 2641 1134; x_wconf 94' lang='lat'><em>7</em></span> <span class='ocrx_word' id='word_1_1190' title='bbox 2650 1124 2656 1134; x_wconf 89' lang='lat'>,</span> <span class='ocrx_word' id='word_1_1191' title='bbox 2674 1108 2696 1129; x_wconf 90' lang='lat'>8.</span> <span class='ocrx_word' id='word_1_1192' title='bbox 2709 1119 2719 1124; x_wconf 96' lang='lat'>-</span> 
     </span>
    </p>

    <p class='ocr_par' dir='ltr' id='par_1_52' title="bbox 2519 1134 2720 1155">
     <span class='ocr_line' id='line_1_175' title="bbox 2519 1134 2720 1155; baseline 0.005 -1"><span class='ocrx_word' id='word_1_1193' title='bbox 2519 1134 2626 1155; x_wconf 81' lang='lat' dir='ltr'>ostendet</span> <span class='ocrx_word' id='word_1_1194' title='bbox 2632 1134 2689 1155; x_wconf 81' lang='lat' dir='ltr'>ed.a</span> <span class='ocrx_word' id='word_1_1195' title='bbox 2698 1137 2720 1155; x_wconf 85' lang='lat' dir='ltr'>et</span> 
     </span>
    </p>

    <p class='ocr_par' dir='ltr' id='par_1_53' title="bbox 2519 1160 2718 1181">
     <span class='ocr_line' id='line_1_176' title="bbox 2519 1160 2718 1181; baseline 0.005 -1"><span class='ocrx_word' id='word_1_1196' title='bbox 2519 1160 2589 1181; x_wconf 81' lang='lat' dir='ltr'>codd.</span> <span class='ocrx_word' id='word_1_1197' title='bbox 2603 1167 2653 1181; x_wconf 85' lang='lat' dir='ltr'>exc.</span> <span class='ocrx_word' id='word_1_1198' title='bbox 2664 1167 2718 1181; x_wconf 77' lang='lat' dir='ltr'>nno.</span> 
     </span>
    </p>

    <p class='ocr_par' dir='ltr' id='par_1_54' title="bbox 2518 1187 2732 1260">
     <span class='ocr_line' id='line_1_177' title="bbox 2518 1187 2731 1213; baseline 0 -6"><span class='ocrx_word' id='word_1_1199' title='bbox 2518 1187 2541 1197; x_wconf 76' lang='lat'>&#39;⁸</span> <span class='ocrx_word' id='word_1_1200' title='bbox 2556 1187 2626 1207; x_wconf 83' lang='lat' dir='ltr'>etiam</span> <span class='ocrx_word' id='word_1_1201' title='bbox 2641 1193 2716 1207; x_wconf 69' lang='lat' dir='ltr'>nmmz</span> <span class='ocrx_word' id='word_1_1202' title='bbox 2725 1202 2731 1213; x_wconf 83' lang='lat'><strong><em>‚</em></strong></span> 
     </span>
     <span class='ocr_line' id='line_1_178' title="bbox 2520 1215 2732 1238; baseline 0.005 -5"><span class='ocrx_word' id='word_1_1203' title='bbox 2520 1215 2596 1234; x_wconf 79' lang='lat' dir='ltr'>autem</span> <span class='ocrx_word' id='word_1_1204' title='bbox 2604 1219 2625 1238; x_wconf 81' lang='grc' dir='ltr'>Α,</span> <span class='ocrx_word' id='word_1_1205' title='bbox 2633 1219 2680 1234; x_wconf 90' lang='lat' dir='ltr'>om.</span> <span class='ocrx_word' id='word_1_1206' title='bbox 2688 1216 2732 1234; x_wconf 90' lang='lat' dir='ltr'>cet.</span> 
     </span>
     <span class='ocr_line' id='line_1_179' title="bbox 2520 1245 2651 1260; baseline 0 0"><span class='ocrx_word' id='word_1_1207' title='bbox 2520 1245 2571 1260; x_wconf 85' lang='lat' dir='ltr'>cxc.</span> <span class='ocrx_word' id='word_1_1208' title='bbox 2583 1245 2651 1260; x_wconf 70' lang='lat' dir='ltr'>neca.</span> 
     </span>
    </p>

    <p class='ocr_par' dir='ltr' id='par_1_55' title="bbox 2519 1266 2732 1365">
     <span class='ocr_line' id='line_1_180' title="bbox 2521 1266 2731 1294; baseline 0 -8"><span class='ocrx_word' id='word_1_1209' title='bbox 2521 1266 2528 1275; x_wconf 83' lang='lat'>¹</span> <span class='ocrx_word' id='word_1_1210' title='bbox 2544 1271 2585 1286; x_wconf 84' lang='lat' dir='ltr'>ens</span> <span class='ocrx_word' id='word_1_1211' title='bbox 2593 1271 2641 1287; x_wconf 89' lang='lat' dir='ltr'>om.</span> <span class='ocrx_word' id='word_1_1212' title='bbox 2653 1271 2698 1294; x_wconf 72' lang='lat' dir='ltr'>epo</span> <span class='ocrx_word' id='word_1_1213' title='bbox 2708 1268 2731 1286; x_wconf 84' lang='lat' dir='ltr'>et</span> 
     </span>
     <span class='ocr_line' id='line_1_181' title="bbox 2519 1297 2543 1312; baseline 0 0"><span class='ocrx_word' id='word_1_1214' title='bbox 2519 1297 2543 1312; x_wconf 88' lang='lat' dir='ltr'>a.</span> 
     </span>
     <span class='ocr_line' id='line_1_182' title="bbox 2522 1318 2732 1340; baseline 0.014 -3"><span class='ocrx_word' id='word_1_1215' title='bbox 2522 1319 2530 1327; x_wconf 83' lang='lat'><strong>·</strong></span> <span class='ocrx_word' id='word_1_1216' title='bbox 2546 1319 2583 1338; x_wconf 80' lang='lat' dir='ltr'>est</span> <span class='ocrx_word' id='word_1_1217' title='bbox 2597 1318 2665 1340; x_wconf 82' lang='lat' dir='ltr'>codd.</span> <span class='ocrx_word' id='word_1_1218' title='bbox 2683 1324 2732 1340; x_wconf 85' lang='lat' dir='ltr'>exc.</span> 
     </span>
     <span class='ocr_line' id='line_1_183' title="bbox 2521 1350 2620 1365; baseline 0 0"><span class='ocrx_word' id='word_1_1219' title='bbox 2521 1350 2620 1365; x_wconf 69' lang='lat' dir='ltr'>necans.</span> 
     </span>
    </p>

    <p class='ocr_par' dir='ltr' id='par_1_56' title="bbox 2523 1373 2719 1398">
     <span class='ocr_line' id='line_1_184' title="bbox 2523 1373 2719 1398; baseline 0.005 -7"><span class='ocrx_word' id='word_1_1220' title='bbox 2523 1373 2529 1379; x_wconf 86' lang='lat'>¹¹</span> <span class='ocrx_word' id='word_1_1221' title='bbox 2545 1377 2590 1398; x_wconf 85' lang='lat' dir='ltr'>quo</span> <span class='ocrx_word' id='word_1_1222' title='bbox 2600 1377 2719 1392; x_wconf 72' lang='lat' dir='ltr'>AIKSTVXY.</span> 
     </span>
    </p>

    <p class='ocr_par' dir='ltr' id='par_1_57' title="bbox 2520 1397 2734 1444">
     <span class='ocr_line' id='line_1_185' title="bbox 2520 1397 2734 1425; baseline 0 -7"><span class='ocrx_word' id='word_1_1223' title='bbox 2520 1397 2542 1408; x_wconf 68' lang='lat'>⁴⁸</span> <span class='ocrx_word' id='word_1_1224' title='bbox 2557 1397 2583 1418; x_wconf 76' lang='lat' dir='ltr'>id</span> <span class='ocrx_word' id='word_1_1225' title='bbox 2596 1397 2661 1425; x_wconf 82' lang='lat' dir='ltr'>quod</span> <span class='ocrx_word' id='word_1_1226' title='bbox 2674 1400 2734 1419; x_wconf 73' lang='lat' dir='ltr'>extr.</span> 
     </span>
     <span class='ocr_line' id='line_1_186' title="bbox 2521 1429 2560 1444; baseline 0 0"><span class='ocrx_word' id='word_1_1227' title='bbox 2521 1429 2560 1444; x_wconf 80' lang='lat' dir='ltr'>oa.</span> 
     </span>
    </p>
   </div>
   <div class='ocr_carea' id='block_1_42' title="bbox 2520 1591 2680 1618">
    <p class='ocr_par' dir='ltr' id='par_1_58' title="bbox 2520 1591 2680 1618">
     <span class='ocr_line' id='line_1_187' title="bbox 2520 1591 2680 1618; baseline -0.006 -5"><span class='ocrx_word' id='word_1_1228' title='bbox 2520 1591 2532 1603; x_wconf 74' lang='lat'>⁸</span> <span class='ocrx_word' id='word_1_1229' title='bbox 2546 1591 2617 1613; x_wconf 88' lang='lat' dir='ltr'>Num.</span> <span class='ocrx_word' id='word_1_1230' title='bbox 2631 1596 2680 1618; x_wconf 75' lang='lat' dir='ltr'>seq.</span> 
     </span>
    </p>
   </div>
   <div class='ocr_carea' id='block_1_43' title="bbox 2521 1738 2736 1822">
    <p class='ocr_par' dir='ltr' id='par_1_59' title="bbox 2521 1738 2736 1822">
     <span class='ocr_line' id='line_1_188' title="bbox 2523 1738 2736 1764; baseline 0.005 -6"><span class='ocrx_word' id='word_1_1231' title='bbox 2523 1739 2532 1746; x_wconf 83' lang='lat'>&#39;</span> <span class='ocrx_word' id='word_1_1232' title='bbox 2546 1738 2736 1764; x_wconf 66' lang='lat' dir='ltr'>argumentum</span> 
     </span>
     <span class='ocr_line' id='line_1_189' title="bbox 2522 1770 2650 1785; baseline 0 -1"><span class='ocrx_word' id='word_1_1233' title='bbox 2522 1770 2650 1785; x_wconf 70' lang='grc' dir='ltr'><strong>Μκετνκγῑ.</strong></span> 
     </span>
     <span class='ocr_line' id='line_1_190' title="bbox 2521 1795 2716 1822; baseline 0 -7"><span class='ocrx_word' id='word_1_1234' title='bbox 2521 1795 2533 1805; x_wconf 68' lang='lat'><strong><em>⁴</em></strong></span> <span class='ocrx_word' id='word_1_1235' title='bbox 2547 1795 2684 1822; x_wconf 82' lang='lat' dir='ltr'>argumenti</span> <span class='ocrx_word' id='word_1_1236' title='bbox 2696 1801 2716 1815; x_wconf 84' lang='lat' dir='ltr'>s.</span> 
     </span>
    </p>
   </div>
   <div class='ocr_carea' id='block_1_44' title="bbox 2522 1846 2734 1947">
    <p class='ocr_par' dir='ltr' id='par_1_60' title="bbox 2522 1846 2734 1947">
     <span class='ocr_line' id='line_1_191' title="bbox 2524 1846 2734 1893; baseline 0.005 -26"><span class='ocrx_word' id='word_1_1237' title='bbox 2524 1848 2532 1856; x_wconf 90' lang='grc'><strong>’</strong></span> <span class='ocrx_word' id='word_1_1238' title='bbox 2546 1846 2653 1893; x_wconf 55' lang='lat' dir='ltr'>git-amus</span> <span class='ocrx_word' id='word_1_1239' title='bbox 2674 1852 2734 1868; x_wconf 63' lang='lat' dir='ltr'>»aaa</span> 
     </span>
     <span class='ocr_line' id='line_1_192' title="bbox 2522 1879 2720 1946; baseline 0 -26"><span class='ocrx_word' id='word_1_1240' title='bbox 2522 1879 2537 1894; x_wconf 70' lang='lat' dir='ltr'><em>a</em></span> <span class='ocrx_word' id='word_1_1241' title='bbox 2547 1890 2676 1946; x_wconf 62' lang='lat' dir='ltr'>bsigng&#39;ficat</span> <span class='ocrx_word' id='word_1_1242' title='bbox 2692 1905 2720 1920; x_wconf 67' lang='lat' dir='ltr'>pn</span> 
     </span>
     <span class='ocr_line' id='line_1_193' title="bbox 2522 1932 2567 1947; baseline 0.022 -1"><span class='ocrx_word' id='word_1_1243' title='bbox 2522 1932 2537 1946; x_wconf 88' lang='grc' dir='ltr'><em>α</em></span> <span class='ocrx_word' id='word_1_1244' title='bbox 2562 1942 2567 1947; x_wconf 94' lang='grc'><em>.</em></span> 
     </span>
    </p>
   </div>
   <div class='ocr_carea' id='block_1_45' title="bbox 2618 2172 2632 2196">
    <p class='ocr_par' dir='ltr' id='par_1_61' title="bbox 2618 2172 2632 2196">
     <span class='ocr_line' id='line_1_194' title="bbox 2618 2172 2632 2196; baseline 0 0"><span class='ocrx_word' id='word_1_1245' title='bbox 2618 2172 2632 2196; x_wconf 84' lang='grc' dir='ltr'>δ</span> 
     </span>
    </p>
   </div>
   <div class='ocr_carea' id='block_1_46' title="bbox 2524 2228 2720 2250">
    <p class='ocr_par' dir='ltr' id='par_1_62' title="bbox 2524 2228 2720 2250">
     <span class='ocr_line' id='line_1_195' title="bbox 2524 2228 2720 2250; baseline 0.01 -2"><span class='ocrx_word' id='word_1_1246' title='bbox 2524 2229 2532 2237; x_wconf 93' lang='grc'>·</span> <span class='ocrx_word' id='word_1_1247' title='bbox 2548 2229 2607 2249; x_wconf 81' lang='lat' dir='ltr'>em&#39;m</span> <span class='ocrx_word' id='word_1_1248' title='bbox 2622 2228 2684 2249; x_wconf 78' lang='lat' dir='ltr'>addit</span> <span class='ocrx_word' id='word_1_1249' title='bbox 2699 2235 2720 2250; x_wconf 77' lang='lat' dir='ltr'>P.</span> 
     </span>
    </p>
   </div>
   <div class='ocr_carea' id='block_1_47' title="bbox 2522 2385 2680 2413">
    <p class='ocr_par' dir='ltr' id='par_1_63' title="bbox 2522 2385 2680 2413">
     <span class='ocr_line' id='line_1_196' title="bbox 2522 2385 2680 2413; baseline 0 -6"><span class='ocrx_word' id='word_1_1250' title='bbox 2522 2387 2531 2396; x_wconf 89' lang='grc'>·</span> <span class='ocrx_word' id='word_1_1251' title='bbox 2546 2385 2609 2407; x_wconf 80' lang='lat' dir='ltr'>Lect.</span> <span class='ocrx_word' id='word_1_1252' title='bbox 2623 2392 2647 2407; x_wconf 87' lang='lat' dir='ltr'>m</span> <span class='ocrx_word' id='word_1_1253' title='bbox 2660 2391 2680 2413; x_wconf 91' lang='lat'>3.</span> 
     </span>
    </p>
   </div>
   <div class='ocr_carea' id='block_1_48' title="bbox 2520 2492 2735 2754">
    <p class='ocr_par' dir='ltr' id='par_1_64' title="bbox 2521 2492 2735 2565">
     <span class='ocr_line' id='line_1_197' title="bbox 2551 2492 2735 2512; baseline 0.005 -1"><span class='ocrx_word' id='word_1_1254' title='bbox 2551 2493 2575 2511; x_wconf 82' lang='lat' dir='ltr'>et</span> <span class='ocrx_word' id='word_1_1255' title='bbox 2594 2492 2697 2512; x_wconf 74' lang='lat' dir='ltr'>tamen...</span> <span class='ocrx_word' id='word_1_1256' title='bbox 2711 2493 2735 2512; x_wconf 79' lang='lat' dir='ltr'>et</span> 
     </span>
     <span class='ocr_line' id='line_1_198' title="bbox 2521 2517 2732 2544; baseline 0.009 -7"><span class='ocrx_word' id='word_1_1257' title='bbox 2521 2517 2676 2544; x_wconf 70' lang='lat' dir='ltr'>susceptibilis</span> <span class='ocrx_word' id='word_1_1258' title='bbox 2684 2523 2732 2539; x_wconf 92' lang='lat' dir='ltr'>om.</span> 
     </span>
     <span class='ocr_line' id='line_1_199' title="bbox 2521 2543 2657 2565; baseline 0 -2"><span class='ocrx_word' id='word_1_1259' title='bbox 2521 2549 2564 2565; x_wconf 69' lang='lat' dir='ltr'>cve</span> <span class='ocrx_word' id='word_1_1260' title='bbox 2579 2546 2600 2564; x_wconf 87' lang='lat' dir='ltr'>et</span> <span class='ocrx_word' id='word_1_1261' title='bbox 2615 2548 2629 2563; x_wconf 83' lang='lat' dir='ltr'>a</span> <span class='ocrx_word' id='word_1_1262' title='bbox 2638 2543 2657 2564; x_wconf 80' lang='lat' dir='ltr'>b.</span> 
     </span>
    </p>

    <p class='ocr_par' dir='ltr' id='par_1_65' title="bbox 2521 2570 2734 2616">
     <span class='ocr_line' id='line_1_200' title="bbox 2521 2570 2734 2595; baseline 0.009 -6"><span class='ocrx_word' id='word_1_1263' title='bbox 2521 2570 2542 2580; x_wconf 75' lang='lat'>⁸·</span> <span class='ocrx_word' id='word_1_1264' title='bbox 2554 2572 2608 2590; x_wconf 82' lang='lat' dir='ltr'>erat</span> <span class='ocrx_word' id='word_1_1265' title='bbox 2615 2575 2734 2595; x_wconf 69' lang='grc' dir='ltr'>Λεικοατν</span> 
     </span>
     <span class='ocr_line' id='line_1_201' title="bbox 2521 2602 2586 2616; baseline 0 0"><span class='ocrx_word' id='word_1_1266' title='bbox 2521 2602 2586 2616; x_wconf 71' lang='lat' dir='ltr'>xvss.</span> 
     </span>
    </p>

    <p class='ocr_par' dir='ltr' id='par_1_66' title="bbox 2520 2622 2735 2754">
     <span class='ocr_line' id='line_1_202' title="bbox 2521 2622 2735 2649; baseline 0 -7"><span class='ocrx_word' id='word_1_1267' title='bbox 2521 2622 2532 2633; x_wconf 67' lang='lat'><em>⁴</em></span> <span class='ocrx_word' id='word_1_1268' title='bbox 2546 2622 2617 2648; x_wconf 76' lang='lat' dir='ltr'>quasi</span> <span class='ocrx_word' id='word_1_1269' title='bbox 2630 2627 2651 2645; x_wconf 76' lang='lat' dir='ltr'>c,</span> <span class='ocrx_word' id='word_1_1270' title='bbox 2671 2622 2735 2649; x_wconf 80' lang='lat' dir='ltr'>quod</span> 
     </span>
     <span class='ocr_line' id='line_1_203' title="bbox 2520 2648 2735 2675; baseline -0.005 -6"><span class='ocrx_word' id='word_1_1271' title='bbox 2520 2655 2578 2674; x_wconf 72' lang='lat' dir='ltr'>nso,</span> <span class='ocrx_word' id='word_1_1272' title='bbox 2600 2654 2645 2668; x_wconf 87' lang='lat' dir='ltr'>non</span> <span class='ocrx_word' id='word_1_1273' title='bbox 2671 2648 2735 2675; x_wconf 79' lang='lat' dir='ltr'>quod</span> 
     </span>
     <span class='ocr_line' id='line_1_204' title="bbox 2522 2674 2734 2701; baseline 0 -6"><span class='ocrx_word' id='word_1_1274' title='bbox 2522 2678 2572 2696; x_wconf 87' lang='lat' dir='ltr'>tert.</span> <span class='ocrx_word' id='word_1_1275' title='bbox 2584 2681 2606 2697; x_wconf 90' lang='grc' dir='ltr'>ο,</span> <span class='ocrx_word' id='word_1_1276' title='bbox 2623 2675 2656 2695; x_wconf 82' lang='lat' dir='ltr'>ita</span> <span class='ocrx_word' id='word_1_1277' title='bbox 2672 2674 2734 2701; x_wconf 79' lang='lat' dir='ltr'>quod</span> 
     </span>
     <span class='ocr_line' id='line_1_205' title="bbox 2521 2701 2733 2727; baseline 0 -6"><span class='ocrx_word' id='word_1_1278' title='bbox 2521 2707 2542 2723; x_wconf 80' lang='lat' dir='ltr'>L:</span> <span class='ocrx_word' id='word_1_1279' title='bbox 2551 2707 2592 2727; x_wconf 79' lang='lat' dir='ltr'>spo</span> <span class='ocrx_word' id='word_1_1280' title='bbox 2600 2701 2733 2726; x_wconf 62' lang='lat' dir='ltr'>ornantia...</span> 
     </span>
     <span class='ocr_line' id='line_1_206' title="bbox 2522 2727 2674 2754; baseline 0 -6"><span class='ocrx_word' id='word_1_1281' title='bbox 2522 2727 2674 2754; x_wconf 78' lang='lat' dir='ltr'>susceptibili.</span> 
     </span>
    </p>
   </div>
   <div class='ocr_carea' id='block_1_49' title="bbox 2521 3032 2732 3289">
    <p class='ocr_par' dir='ltr' id='par_1_67' title="bbox 2522 3032 2732 3079">
     <span class='ocr_line' id='line_1_207' title="bbox 2523 3032 2732 3059; baseline 0 -6"><span class='ocrx_word' id='word_1_1282' title='bbox 2523 3033 2532 3042; x_wconf 84' lang='lat'><strong>·</strong></span> <span class='ocrx_word' id='word_1_1283' title='bbox 2541 3034 2564 3053; x_wconf 79' lang='lat' dir='ltr'>et</span> <span class='ocrx_word' id='word_1_1284' title='bbox 2570 3032 2732 3059; x_wconf 78' lang='lat' dir='ltr'>quid...osten-</span> 
     </span>
     <span class='ocr_line' id='line_1_208' title="bbox 2522 3058 2590 3079; baseline 0 0"><span class='ocrx_word' id='word_1_1285' title='bbox 2522 3058 2556 3079; x_wconf 80' lang='lat' dir='ltr'>dit</span> <span class='ocrx_word' id='word_1_1286' title='bbox 2569 3065 2590 3079; x_wconf 79' lang='lat' dir='ltr'>P.</span> 
     </span>
    </p>

    <p class='ocr_par' dir='ltr' id='par_1_68' title="bbox 2521 3084 2730 3131">
     <span class='ocr_line' id='line_1_209' title="bbox 2523 3084 2730 3111; baseline 0 -6"><span class='ocrx_word' id='word_1_1287' title='bbox 2523 3087 2530 3094; x_wconf 88' lang='lat'><strong>¹</strong></span> <span class='ocrx_word' id='word_1_1288' title='bbox 2545 3086 2569 3105; x_wconf 80' lang='lat' dir='ltr'>et</span> <span class='ocrx_word' id='word_1_1289' title='bbox 2581 3084 2690 3105; x_wconf 80' lang='lat' dir='ltr'>similiter</span> <span class='ocrx_word' id='word_1_1290' title='bbox 2703 3090 2730 3111; x_wconf 69' lang='lat' dir='ltr'>r,</span> 
     </span>
     <span class='ocr_line' id='line_1_210' title="bbox 2521 3117 2591 3131; baseline 0 0"><span class='ocrx_word' id='word_1_1291' title='bbox 2521 3117 2568 3131; x_wconf 82' lang='lat' dir='ltr'>om.</span> <span class='ocrx_word' id='word_1_1292' title='bbox 2584 3117 2591 3131; x_wconf 84' lang='lat'>1</span> 
     </span>
    </p>

    <p class='ocr_par' dir='ltr' id='par_1_69' title="bbox 2521 3136 2732 3236">
     <span class='ocr_line' id='line_1_211' title="bbox 2521 3136 2732 3158; baseline 0 -1"><span class='ocrx_word' id='word_1_1293' title='bbox 2521 3138 2531 3147; x_wconf 76' lang='lat'>⁸</span> <span class='ocrx_word' id='word_1_1294' title='bbox 2547 3139 2571 3157; x_wconf 77' lang='lat' dir='ltr'>et</span> <span class='ocrx_word' id='word_1_1295' title='bbox 2584 3137 2646 3158; x_wconf 86' lang='lat' dir='ltr'>circa</span> <span class='ocrx_word' id='word_1_1296' title='bbox 2663 3136 2732 3157; x_wconf 87' lang='lat' dir='ltr'>codd.</span> 
     </span>
     <span class='ocr_line' id='line_1_212' title="bbox 2522 3167 2732 3184; baseline 0 0"><span class='ocrx_word' id='word_1_1297' title='bbox 2522 3169 2571 3184; x_wconf 84' lang='lat' dir='ltr'>exc.</span> <span class='ocrx_word' id='word_1_1298' title='bbox 2581 3169 2670 3184; x_wconf 66' lang='lat' dir='ltr'>nerana</span> <span class='ocrx_word' id='word_1_1299' title='bbox 2686 3167 2707 3184; x_wconf 87' lang='lat' dir='ltr'>et</span> <span class='ocrx_word' id='word_1_1300' title='bbox 2716 3169 2732 3184; x_wconf 78' lang='grc' dir='ltr'>κ</span> 
     </span>
     <span class='ocr_line' id='line_1_213' title="bbox 2523 3189 2731 3216; baseline 0 -6"><span class='ocrx_word' id='word_1_1301' title='bbox 2523 3190 2561 3216; x_wconf 91' lang='lat' dir='ltr'>qui</span> <span class='ocrx_word' id='word_1_1302' title='bbox 2590 3195 2639 3210; x_wconf 90' lang='lat' dir='ltr'>om.</span> <span class='ocrx_word' id='word_1_1303' title='bbox 2667 3189 2731 3210; x_wconf 80' lang='lat' dir='ltr'>circa</span> 
     </span>
     <span class='ocr_line' id='line_1_214' title="bbox 2521 3222 2574 3236; baseline 0 0"><span class='ocrx_word' id='word_1_1304' title='bbox 2521 3222 2574 3236; x_wconf 66' lang='lat' dir='ltr'>ens.</span> 
     </span>
    </p>

    <p class='ocr_par' dir='ltr' id='par_1_70' title="bbox 2521 3241 2731 3289">
     <span class='ocr_line' id='line_1_215' title="bbox 2522 3241 2731 3263; baseline 0 0"><span class='ocrx_word' id='word_1_1305' title='bbox 2522 3244 2529 3251; x_wconf 89' lang='lat'>·</span> <span class='ocrx_word' id='word_1_1306' title='bbox 2550 3242 2643 3263; x_wconf 82' lang='lat' dir='ltr'>omnino</span> <span class='ocrx_word' id='word_1_1307' title='bbox 2663 3241 2731 3263; x_wconf 85' lang='lat' dir='ltr'>codd.</span> 
     </span>
     <span class='ocr_line' id='line_1_216' title="bbox 2521 3274 2625 3289; baseline 0 0"><span class='ocrx_word' id='word_1_1308' title='bbox 2521 3274 2572 3289; x_wconf 83' lang='lat' dir='ltr'>exc.</span> <span class='ocrx_word' id='word_1_1309' title='bbox 2587 3274 2625 3289; x_wconf 73' lang='grc' dir='ltr'>εο-</span> 
     </span>
    </p>
   </div>
  </div>
 </body>
</html>
