2898 3996
216 559 227 569 ⁸
245 557 307 585 quod
320 562 366 578 orn.
381 563 402 577 P.

215 713 226 723 ⁸
242 711 367 732 contraria
387 717 426 732 Αικ

216 743 311 765 κννφεα
326 741 347 758 et
361 743 385 758 a.

218 1289 227 1297 ⁶
242 1294 276 1308 εκ
286 1287 337 1314 Pal),
347 1293 394 1309 om.
404 1294 428 1308 x.

217 1342 226 1349 ·
242 1339 277 1361 Cf.
293 1346 356 1361 num.
370 1346 390 1361 2.

217 1445 226 1453 '
248 1446 322 1465 motus
336 1444 427 1472 quidem

218 1550 227 1558 ·
243 1549 373 1570 continuum
387 1555 408 1570 Ρ.

214 2395 222 2402 ·
239 2392 309 2414 Num.
325 2398 372 2420 seq.

218 3019 226 3026 ⁶
243 3017 307 3044 quod
315 3023 361 3039 om.
372 3023 426 3039 cun.

214 3070 223 3079 ·
243 3072 265 3090 e!
278 3070 331 3091 add.
346 3076 424 3091 ΡΛΒΕΠ

220 3096 353 3121 xuqrvvab.

450 259 527 305 438

453 344 634 384 metrum,
664 345 816 373 necesse
837 342 892 372 est
919 334 1022 382 quod
1049 346 1118 382 per
1137 334 1272 370 eadem
1298 334 1425 371 media
1453 346 1508 370 re-

455 390 539 426 deat
566 402 635 438 per
653 401 749 438 quae
778 388 881 437 prius
909 387 1120 423 transierat:
1142 393 1178 422 et
1205 386 1257 422 sic
1284 386 1424 435 pluries
1442 399 1511 435 per

455 442 589 478 eadem
618 442 742 478 fertur.
765 440 842 477 Sed
861 440 891 476 si
920 439 1058 487 aliquid
1078 446 1279 475 moveatur
1298 439 1344 475 ab
1368 441 1403 475 A
1422 438 1460 475 in
1478 439 1508 475 B

452 506 522 542 per
549 493 835 538 semicirculum,
866 499 900 528 et
928 491 1060 528 iterum
1081 503 1102 527 a
1121 492 1151 526 B
1172 490 1210 526 in
1237 493 1272 527 A
1298 503 1367 539 per
1394 491 1509 528 alium

455 545 745 592 semicirculum,
767 545 873 594 quod
889 545 908 565 ²¹⁴
925 551 978 580 est
999 542 1223 579 circulariter
1242 542 1406 590 moveri,
1431 555 1510 579 ma-

454 598 629 634 nifestum
658 605 713 634 est
740 596 844 646 quod
872 608 950 633 non
970 595 1062 632 redit
1090 595 1139 632 ad
1167 594 1269 632 idem
1287 607 1357 644 per
1376 595 1510 632 eadem

454 650 592 686 media.
613 650 686 694 Est
708 658 835 686 autem
864 649 909 685 de
939 647 1081 684 ratione
1110 647 1384 696 oppositorum,
1406 647 1510 695 quod

455 702 552 738 circa
571 701 673 738 idem
690 703 708 722 ²⁴
730 701 1029 738 considerentur:
1061 707 1095 736 et
1115 701 1167 736 sic
1185 699 1425 736 manifestum
1455 706 1510 735 est

454 754 559 802 quod
586 754 734 791 moveri
752 755 810 790 'ab
830 754 967 790 eodem
995 752 1033 789 in
1061 752 1162 788 idern
1187 752 1398 790 secundum
1427 764 1509 788 mo-

454 814 534 843 tum
564 806 793 853 circularem,
816 813 869 842 est
888 806 1031 853 absque
1056 804 1311 853 oppositione;
1342 804 1409 841 sed
1427 816 1510 841 mo-

453 858 532 895 veri
561 860 607 895 ab
637 860 774 896 eodem
798 858 836 894 in
864 857 966 895 idem
986 857 1196 894 secundum
1224 865 1373 899 motum
1402 856 1509 893 refle-

453 923 557 957 xum,
579 918 634 947 est
656 924 743 948 cum
773 910 1022 959 oppositione.
1054 909 1115 945 Sic
1142 909 1251 957 igitur
1277 917 1380 958 patet
1407 908 1511 957 quod

454 971 581 1000 motus
610 963 808 1011 circularis,
829 962 893 1011 qui
916 975 994 999 non
1023 961 1116 998 redit
1144 962 1193 999 ad
1225 961 1327 999 idem
1354 973 1423 1011 per
1451 973 1510 998 ea-

455 1017 543 1052 dem
569 1017 704 1062 media,
726 1016 793 1055 sed
813 1027 964 1064 semper
986 1015 1184 1063 pertransit
1213 1014 1314 1051 aliud
1342 1022 1378 1051 et
1397 1013 1510 1061 aliud,

453 1076 577 1116 potest
606 1081 685 1106 esse
709 1067 726 1097 β
749 1067 847 1105 unus
876 1076 911 1104 et
939 1067 1150 1114 continuus,
1177 1067 1264 1115 quia
1293 1079 1371 1104 non
1398 1067 1512 1104 habet

455 1120 750 1169 oppositionem:
771 1120 838 1157 sed
858 1120 915 1157 ille
935 1127 1072 1166 motus,
1099 1120 1259 1157 reflexus
1278 1119 1427 1165 scilicet,
1449 1119 1512 1168 qui

457 1174 548 1210 dum
578 1174 671 1211 redit
699 1174 736 1210 in
764 1173 879 1220 idem,
907 1172 1046 1221 pluries
1074 1171 1112 1208 in
1141 1172 1282 1209 eisdem
1307 1171 1442 1209 mediis
1470 1172 1512 1208 fit

454 1226 753 1274 pertranseundo
764 1232 790 1273 ⁷,
802 1238 880 1262 non
893 1232 1017 1274 potest
1031 1236 1112 1261 esse
1128 1225 1166 1261 in
1180 1232 1407 1273 perpetuum
1423 1236 1511 1260 con—

455 1278 596 1323 tinuus;
618 1279 706 1328 quia
721 1291 874 1316 necesse
891 1285 988 1314 esset
1002 1277 1107 1326 quod
1124 1277 1262 1326 aliquid
1279 1277 1389 1313 simul
1400 1277 1419 1297 *
1430 1289 1512 1312 mo-

453 1338 606 1368 veretur
621 1331 814 1368 contrariis
829 1330 1005 1377 motibus,
1017 1337 1057 1366 ut
1072 1342 1185 1378 supra
1200 1331 1219 1349 ³⁵
1235 1337 1429 1366 ostensum
1446 1336 1510 1365 est.

454 1384 503 1419 Et
523 1395 567 1420 ex
587 1385 722 1422 eadem
742 1384 885 1420 ratione
914 1381 1086 1419 concludi
1105 1389 1240 1431 potest,
1261 1382 1365 1429 quod
1388 1394 1512 1430 neque

453 1443 580 1472 motus
607 1437 671 1486 qui
691 1444 746 1473 est
765 1439 784 1458 '⁴‘
803 1436 842 1472 in
861 1435 1107 1482 semicirculo,
1127 1446 1251 1482 neque
1271 1434 1310 1470 in
1333 1446 1513 1482 quacum-

454 1500 528 1536 que
548 1489 619 1526 alia
639 1489 764 1525 circuli
782 1489 966 1537 portione,
981 1495 1105 1535 potest
1128 1499 1210 1523 esse
1229 1486 1267 1523 in
1285 1494 1512 1535 perpetuum

455 1541 653 1579 continuus
671 1542 709 1586 *;
730 1541 817 1590 quia
836 1541 874 1577 in
892 1539 950 1576 his
970 1541 1134 1577 motibus
1158 1551 1312 1576 necesse
1334 1547 1388 1576 est
1407 1539 1512 1588 quod

454 1594 643 1631 multoties
671 1600 975 1642 pertranseantur
1004 1593 1139 1630 eadem
1167 1591 1314 1638 media,
1346 1599 1381 1628 et
1409 1592 1512 1641 quod

454 1655 681 1683 moveantur
709 1646 902 1687 contrariis
930 1646 1107 1692 motibus,
1129 1644 1236 1693 quasi
1265 1644 1401 1681 debeat
1427 1644 1511 1681 fieri

454 1699 594 1736 reditus
622 1699 671 1736 ad
698 1698 934 1748 principium.
960 1698 1009 1734 Et
1036 1699 1110 1734 hoc
1137 1698 1241 1743 ideo,
1272 1697 1360 1745 quia
1387 1709 1511 1745 neque

454 1751 492 1788 in
511 1752 609 1789 linea
628 1759 738 1798 recta,
760 1762 883 1799 neque
898 1750 937 1787 in
956 1751 1204 1796 semicirculo,
1221 1761 1345 1797 neque
1361 1749 1399 1786 in
1419 1762 1511 1798 qua-

454 1817 616 1853 cumque
637 1804 761 1840 circuli
779 1803 965 1852 portione,
987 1804 1182 1852 copulatur
1200 1801 1286 1839 finis
1304 1801 1509 1850 principio,

453 1858 520 1895 sed
549 1857 684 1894 distant
717 1857 763 1893 ab
792 1855 956 1892 invicem
989 1855 1214 1904 principium
1244 1861 1279 1890 et
1305 1854 1416 1891 finis:
1445 1855 1512 1891 sed

452 1910 491 1946 in
518 1911 599 1946 solo
629 1909 765 1946 circulo
794 1908 879 1945 finis
909 1909 1105 1956 copulatur
1126 1907 1324 1956 principio.
1349 1908 1397 1943 Et
1426 1907 1511 1944 ideo

453 1963 555 1999 solus
583 1969 708 1998 motus
737 1960 923 1997 circularis
952 1968 1007 1997 est
1033 1961 1239 2009 perfectus:
1268 1960 1512 2008 unumquod-

454 2027 528 2064 que
557 2014 659 2051 enim
695 2014 904 2062 perfectum
942 2020 998 2050 est
1035 2025 1079 2049 ex
1115 2013 1190 2049 hoc
1227 2012 1331 2061 quod
1369 2012 1512 2060 attingit

454 2079 565 2104 suum
593 2066 830 2115 principium.

505 2131 542 2166 4.
563 2119 710 2156 Deinde
739 2130 826 2154 cum
846 2117 949 2155 dicit:
978 2117 1225 2166 Manffestum
1253 2122 1377 2153 autem
1405 2122 1442 2153 et
1462 2129 1512 2153 ex

452 2173 524 2209 hac
542 2172 720 2208 divisione
734 2178 816 2217 etc.,
833 2170 995 2207 ostendit
1010 2182 1054 2206 ex
1074 2169 1209 2206 eadem
1238 2169 1381 2205 ratione
1407 2169 1510 2217 quod

452 2225 490 2261 in
527 2225 629 2261 nullo
658 2224 730 2260 alio
767 2235 903 2270 genere
935 2230 1059 2271 potest
1095 2234 1178 2258 esse
1215 2221 1347 2269 aliquis
1383 2229 1510 2258 motus

453 2277 661 2314 continuus.
679 2277 727 2312 Et
740 2275 864 2324 primo
885 2275 1046 2312 ostendit
1063 2274 1318 2323 propositum;
1339 2274 1507 2311 secundo

451 2330 560 2366 infert
588 2328 782 2378 quoddam
803 2327 1060 2364 corrollarium
1081 2339 1126 2364 ex
1146 2326 1263 2373 dictis,
1284 2326 1352 2363 ibi:
1381 2325 1525 2364 Mani-'

441 2384 584 2431 festum
604 2382 720 2431 igitur
737 2393 786 2417 ex
803 2381 859 2417 his
878 2380 898 2401 ²⁸
914 2388 982 2416 etc.
1003 2379 1102 2416 Dicit
1130 2391 1218 2427 ergo
1247 2379 1384 2427 primo,
1406 2380 1510 2428 quod

452 2434 564 2471 etiam
581 2446 625 2470 ex
640 2434 708 2470 ista
723 2433 956 2470 distinctione
972 2445 1069 2481 quae
1083 2432 1235 2481 ponitur
1253 2432 1347 2468 inter
1361 2439 1510 2468 motum

453 2487 672 2523 circularem
701 2494 738 2522 et
756 2486 848 2522 alios
876 2493 1002 2522 motus
1021 2485 1169 2531 locales,
1191 2485 1433 2521 manifestum
1454 2492 1509 2521 est

452 2539 556 2588 quod
584 2551 655 2575 nec
681 2539 719 2575 in
739 2538 819 2575 aliis
847 2538 1046 2586 generibus
1065 2545 1190 2574 motus
1220 2537 1399 2584 contingit
1427 2549 1507 2574 esse

452 2592 596 2640 aliquos
634 2599 760 2628 motus
797 2591 835 2627 in
872 2590 1059 2628 infinitum
1096 2589 1317 2626 continuos:
1345 2588 1435 2637 quia
1470 2589 1508 2625 in

453 2644 631 2681 omnibus
659 2643 736 2680 aliis
765 2643 963 2691 generibus
987 2649 1125 2689 motus,
1146 2642 1176 2678 si
1207 2641 1341 2678 debeat
1369 2641 1509 2689 aliquid

452 2696 599 2734 moveri
618 2697 665 2733 ab
695 2696 833 2733 eodem
860 2695 899 2732 in
918 2695 1032 2741 idem,
1052 2694 1219 2742 sequitur
1246 2693 1352 2741 quod
1372 2694 1507 2730 multo-

450 2750 518 2786 ties
545 2757 776 2797 pertranseat
805 2748 951 2784 eadem.
982 2747 1085 2784 Sicut
1103 2746 1142 2782 in
1160 2746 1376 2783 alteratione
1397 2758 1508 2794 opor-

451 2809 502 2839 tet
530 2801 632 2850 quod
660 2807 891 2850 pertranseat
910 2799 1055 2836 medias
1075 2799 1290 2847 qualitates:
1317 2811 1361 2835 ex
1387 2798 1506 2836 calido

453 2854 553 2891 enim
572 2853 747 2891 transitur
773 2853 811 2890 in
830 2852 1005 2900 frigidum
1032 2863 1101 2900 per
1123 2851 1310 2900 tepidum;
1332 2859 1368 2887 et
1395 2851 1425 2887 si
1445 2851 1507 2888 de-

452 2907 539 2943 beat
566 2906 676 2943 rediri
706 2917 750 2942 ex
777 2905 909 2952 frigido
943 2902 983 2941 in
1012 2903 1195 2951 calidum,
1225 2911 1372 2952 oportet
1405 2903 1508 2952 quod

451 2971 520 3007 per
546 2958 716 3006 tepidum
736 2964 955 2994 transeatur.
976 2957 1025 2992 Et
1043 2955 1145 2993 idem
1170 2963 1324 3004 apparet
1343 2956 1381 2992 in
1401 2964 1508 2992 motu

452 3011 517 3059 qui
537 3018 592 3047 est
610 3010 820 3047 secundum
835 3009 1096 3057 quantitatem:
1118 3007 1206 3056 quia
1224 3008 1254 3044 si
1274 3009 1378 3057 quod
1392 3009 1411 3029 '¹‘
1426 3021 1506 3045 mo-

451 3071 561 3100 vetur
589 3062 636 3099 de
665 3074 803 3110 magno
833 3061 870 3098 in
897 3073 1058 3109 parvum
1080 3062 1110 3106 *,
1130 3060 1265 3097 iterum
1303 3061 1430 3098 redeat
1458 3061 1507 3098 ad

452 3127 646 3163 magnum,
667 3122 815 3163 oportet
843 3113 947 3163 quod
974 3113 1031 3150 bis
1060 3113 1105 3150 sit
1131 3113 1170 3150 in
1206 3113 1333 3150 media
1361 3114 1506 3162 quanti-

452 3175 536 3205 tate.
558 3169 607 3205 Et
634 3167 753 3204 simile
791 3174 847 3204 est
875 3166 986 3203 etiam
1014 3166 1052 3202 in
1089 3165 1328 3213 generatione
1363 3173 1398 3202 et
1427 3179 1506 3203 cor-

453 3220 646 3269 ruptione:
667 3220 696 3257 si
725 3219 827 3257 enim
856 3231 901 3256 ex
929 3219 1012 3267 igne
1041 3218 1107 3255 fiat
1134 3230 1208 3264 aer,
1237 3225 1272 3254 et
1299 3218 1439 3265 iterum,
1461 3231 1504 3255 ex

508 3358 532 3391 β)
552 3359 622 3391 quod
647 3362 732 3384 motus
754 3358 919 3384 circularis...
938 3361 1028 3390 potest
1052 3364 1115 3383 esse.
1133 3371 1152 3376 —
1170 3356 1394 3382 PDRTsCGHLO
1437 3358 1507 3390 quod

456 3398 552 3419 motum
572 3394 755 3423 ἀνεμων-επ..
770 3396 859 3426 potest
876 3400 931 3418 esse
950 3398 1006 3423 cet„
1025 3393 1075 3421 ab,
1095 3397 1120 3418 et
1131 3392 1222 3417 Venet.
1245 3391 1318 3422 ι,5ο4,
1337 3391 1409 3423 ι545,
1433 3392 1506 3423 1551,

460 3428 536 3458 1552;
557 3430 601 3453 scd
621 3429 684 3453 hanc
704 3428 919 3453 constructionem
939 3428 1104 3461 grammatica
1117 3435 1168 3452 non
1188 3426 1289 3460 patitur.
1302 3440 1320 3445 -
1332 3430 1358 3451 et
1376 3432 1433 3452 ante
1445 3435 1506 3452 con-

456 3464 544 3488 tinuus
563 3471 614 3487 om.
630 3463 883 3493 AClKMQTVXYa.

508 3499 534 3531 γ)
554 3498 623 3522 redit
643 3498 668 3522 in
689 3498 764 3526 idem,
776 3498 878 3529 pIuries
893 3498 918 3522 r'n
933 3498 1030 3522 eisdem
1049 3497 1141 3522 mediis
1148 3497 1185 3530 fit
1199 3497 1421 3529 pertranseundo.
1434 3510 1452 3516 -
1466 3504 1505 3522 re-

458 3533 497 3557 dit
519 3533 619 3563 pluries
644 3533 669 3557 in
689 3533 784 3557 eisdem
806 3533 897 3557 mediis
916 3533 950 3557 sit
972 3531 1049 3565 (corr.
1067 3533 1092 3556 in
1117 3532 1163 3564 sle)
1186 3532 1398 3564 pertranseundo
1423 3533 1460 3564 H;
1479 3533 1505 3557 t'n

459 3567 526 3591 idem
547 3575 599 3591 om.
618 3568 693 3591 etium
712 3568 748 3598 N;
768 3567 804 3592 ad
823 3567 891 3592 idem
911 3567 947 3598 D;
966 3567 1003 3592 sic
1023 3568 1110 3599 legunt
1129 3567 1204 3592 etiarn
1224 3567 1280 3598 Do,
1299 3567 1334 3592 sit
1353 3567 1426 3592 CFN.

1059 256 1402 293 PHYSICORUM
1429 256 1776 293 ARISTOTELIS
1806 257 1899 293 LIB.
1929 257 2014 294 VIII

1564 346 1649 371 aere
1671 335 1737 371 fiat
1764 334 1869 382 ignis,
1891 341 2040 383 oportet
2058 335 2161 383 quod
2186 335 2331 372 medias
2361 335 2622 384 dispositiones

1565 386 1622 423 bis
1650 394 1813 424 transeat
1833 387 1903 433 (sic
1924 387 2024 423 enim
2051 387 2222 424 medium
2242 395 2365 436 potest
2391 388 2483 436 poni
2502 388 2540 425 in
2558 400 2620 436 ge-

1564 439 1759 476 neratione
1787 446 1824 475 et
1853 439 2105 487 corruptione,
2125 439 2336 477 secundum
2358 440 2462 488 quod
2490 441 2622 490 accipi—

1563 498 1623 528 tur
1651 504 1738 528 cum
1758 492 2068 528 transmutatione
2089 492 2378 541 dispositionum
2398 493 2445 539 ²⁸²).
2466 493 2515 529 Et
2533 493 2622 541 quia

1542 544 1690 581 'media
1710 544 1862 581 transire
1878 545 1898 565 ’Κ
1919 543 2095 592 contingit
2114 545 2152 581 in
2176 544 2332 582 diversis
2353 544 2622 582 mutationibus

1564 596 1830 644 diversimode,
1853 596 2041 644 subiungit
2059 598 2163 646 quod
2177 597 2267 634 nihil
2283 597 2405 634 differt
2419 598 2482 634 vel
2501 610 2623 647 pauca

1563 649 1625 685 vel
1643 650 1760 685 multa
1779 649 1904 686 media
1921 651 1940 670 ’ἕ
1954 650 2088 696 facere,
2104 661 2172 698 per
2190 661 2288 698 quae
2308 649 2448 698 aliquid
2466 662 2622 688 movea-

1564 707 1623 736 tur
1651 701 1697 738 de
1718 708 1886 738 extremo
1910 701 1948 739 in
1968 709 2194 748 extremum;
2214 714 2337 750 neque
2367 702 2536 751 accipere
2559 702 2623 740 ali-

1565 753 1668 801 quod
1697 753 1867 793 medium
1894 754 2067 802 positive,
2087 762 2128 791 ut
2155 754 2337 803 pallidum
2370 755 2465 792 inter
2493 755 2622 792 album

1566 812 1601 841 et
1629 805 1788 853 nigrum,
1808 807 1870 843 vel
1899 807 2095 854 remotive,
2116 814 2158 844 ut
2179 807 2275 843 inter
2302 807 2448 844 bonum
2479 814 2515 844 et
2542 819 2621 844 ma-

1565 858 1643 893 lum
1670 857 1774 905 quod
1802 869 1927 906 neque
1947 859 2093 896 bonum
2122 871 2246 908 neque
2269 860 2415 896 malum
2445 867 2514 897 est:
2535 859 2624 909 quia

1567 909 1887 959 qualitercumque
1907 911 2034 948 media
2061 924 2101 948 se
2120 912 2296 959 habeant,
2316 924 2467 961 semper
2490 912 2623 950 accidit

1567 962 1671 1011 quod
1699 962 1833 999 eadem
1861 963 2050 1000 multoties
2077 972 2391 1013 pertranseantur.

1623 1015 1655 1052 5.
1677 1014 1825 1051 Deinde
1854 1027 1942 1052 cum
1972 1016 2073 1054 dicit:
2102 1017 2348 1065 Manifestum
2387 1017 2502 1066 igitur
2530 1023 2621 1065 etc.,

1567 1067 1755 1104 concludit
1784 1079 1829 1104 ex
1864 1068 2100 1116 praemissis,
2130 1068 2233 1117 quod
2261 1068 2400 1117 antiqui
2436 1070 2623 1107 naturales

1566 1131 1644 1156 non
1659 1120 1756 1156 bene
1772 1119 1954 1166 dixerunt,
1970 1127 2155 1168 ponentes
2171 1120 2300 1158 omnia
2318 1121 2505 1158 sensibilia
2524 1133 2622 1158 sem-

1565 1184 1635 1220 per
1671 1171 1844 1208 moveri:
1882 1172 1971 1220 quia
2007 1180 2198 1221 oporteret
2232 1173 2337 1221 quod
2378 1181 2624 1211 moverentur

1567 1224 1777 1261 secundum
1820 1223 1984 1272 aliquem
2021 1224 2303 1273 praedictorum
2345 1233 2520 1263 motuum
2535 1255 2545 1273 ,
2574 1225 2622 1264 de

1567 1276 1703 1325 quibus
1733 1276 1966 1313 ostendimus
1995 1277 2014 1297 ²³*
2043 1277 2147 1326 quod
2183 1289 2261 1314 non
2287 1285 2447 1326 possunt
2474 1291 2556 1316 esse
2583 1278 2622 1316 in

1565 1336 1793 1378 perpetuum
1814 1328 1996 1375 continui3
2018 1336 2054 1366 et
2072 1330 2238 1366 maxime
2259 1330 2348 1379 quia
2363 1332 2394 1378 ’ξ
2410 1331 2622 1369 secundum

1567 1381 1670 1430 quod
1698 1381 1748 1417 illi
1777 1381 1914 1428 dicunt,
1939 1389 2067 1418 motus
2086 1394 2238 1431 semper
2265 1382 2464 1420 continuus
2492 1390 2548 1421 est
2571 1384 2622 1421 al-

1566 1433 1709 1470 teratio.
1730 1434 1870 1471 Dicunt
1888 1434 1990 1470 enim
2008 1434 2113 1483 quod
2132 1434 2262 1472 omnia
2280 1447 2432 1484 semper
2453 1435 2624 1474 defluunt

1568 1494 1604 1523 et
1627 1494 1935 1536 corrumpuntur3
1963 1493 1999 1523 et
2018 1487 2142 1524 adhuc
2162 1487 2290 1524 dicunt
2308 1487 2413 1536 quod
2431 1489 2622 1536 generatio

1569 1546 1604 1575 et
1632 1539 1822 1587 corruptio
1841 1539 1931 1576 nihil
1951 1545 2006 1576 est
2024 1539 2125 1576 aliud
2154 1552 2271 1588 quam
2291 1540 2475 1577 alteratio:
2505 1549 2542 1578 et
2567 1541 2622 1579 sic

1568 1592 1661 1628 dum
1677 1591 1804 1628 dicunt
1819 1591 1949 1628 omnia
1963 1603 2115 1640 semper
2129 1593 2332 1642 corrumpi,
2350 1593 2478 1630 dicunt
2492 1594 2623 1632 omnia

1568 1656 1719 1693 semper
1737 1644 1894 1681 alterari.
1915 1645 2124 1682 Probatum
2140 1652 2195 1682 est
2212 1653 2339 1682 autem
2353 1657 2423 1694 per
2437 1645 2622 1684 rationem

1567 1709 1681 1745 supra
1699 1696 1904 1743 inductam,
1926 1697 2031 1745 quod
2058 1698 2161 1734 nullo
2189 1705 2298 1734 motu
2318 1697 2497 1746 contingit
2523 1710 2622 1736 sem·

1566 1757 1635 1798 per
1662 1749 1810 1786 moveri
1829 1749 2112 1799 nisi—circulari:
2143 1757 2178 1787 et
2203 1750 2256 1787 sic
2274 1750 2491 1799 relinquitur
2518 1751 2623 1800 quod

1567 1813 1690 1850 neque
1719 1802 1928 1838 secundum
1958 1802 2229 1848 alterationem,
2258 1803 2622 1852 neque.secundum

1567 1862 1833 1901 augmentum,
1866 1861 2025 1902 possunt
2053 1854 2182 1892 omnia
2214 1867 2366 1904 semper
2393 1855 2552 1903 moveri,
2580 1862 2623 1893 ut

1565 1907 1615 1943 illi
1635 1906 1809 1943 dicebant
1823 1907 1854 1944 ³¹².
1870 1927 1894 1934 -
1910 1906 2051 1944 Ultimo
2068 1914 2195 1944 autem
2210 1907 2416 1956 principale
2435 1908 2622 1946 intentum

1566 1958 1790 2007 epilogando
1820 1959 2019 2006 concludit,
2048 1959 2187 1996 scilicet
2213 1960 2318 2008 quod
2337 1961 2439 1996 nulla
2464 1961 2622 1998 mutatio

1564 2012 1683 2060 possit
1702 2023 1783 2048 esse
1811 2011 1955 2049 infinita
1978 2019 2013 2048 et
2041 2011 2218 2048 continua
2245 2012 2315 2049 nisi
2344 2012 2541 2050 circularis.

1618 2065 1654 2100 6.
1670 2064 1819 2101 Deinde
1839 2076 1927 2101 curn
1948 2063 2049 2101 dicit:
2075 2064 2184 2105 Quod
2200 2070 2324 2101 autem
2339 2065 2518 2103 lationum
2539 2072 2621 2114 etc.,

1563 2117 1700 2165 probat
1728 2116 1832 2165 quod
1851 2124 1978 2153 motus
2003 2116 2187 2154 circularis
2207 2117 2252 2154 sit
2269 2117 2416 2166 primus
2433 2125 2621 2166 motuum,

1565 2169 1712 2206 duabus
1732 2169 1953 2206 rationibus:
1975 2181 2135 2218 quarum
2155 2169 2279 2218 prima
2296 2170 2378 2207 talis
2398 2178 2463 2208 est.
2485 2170 2622 2208 Omnis

1564 2229 1690 2258 motus
1718 2221 1857 2268 localis,
1877 2229 1919 2258 ut
1945 2221 2088 2270 prius?
2117 2222 2258 2259 dictum
2278 2230 2352 2269 est,
2381 2230 2446 2260 aut
2473 2230 2528 2260 est
2554 2223 2622 2260 cir—

1565 2273 1698 2310 cularis
1726 2281 1790 2310 aut
1818 2281 1940 2310 rectus
1967 2282 2030 2311 aut
2059 2275 2296 2312 commixtus.
2331 2275 2530 2312 Circularis
2557 2287 2622 2313 au-

1563 2334 1641 2363 tem
1670 2333 1706 2362 et
1733 2334 1969 2363 rectussunt
1994 2326 2139 2375 priores
2167 2327 2386 2374 commixto,
2416 2327 2504 2377 quia
2527 2328 2548 2349 ⁸
2577 2340 2622 2366 ex
2649 2334 2864 2364 'evit-‚quodr-

1562 2379 1630 2416 illis
1659 2379 1903 2415 constituitur.
1926 2380 2025 2416 Inter
2043 2379 2126 2416 illos
2149 2386 2277 2416 autem
2306 2379 2414 2427 duos,
2436 2380 2622 2418 circularis

1564 2439 1619 2468 est
1645 2431 1748 2479 prior
1775 2438 1894 2468 recto:
1924 2431 2110 2468 circularis
2139 2431 2240 2469 enim
2269 2439 2324 2468 est
2351 2432 2558 2481 simplicior
2584 2441 2622 2471 et

1561 2483 1762 2532 perfectior
1798 2491 1910 2520 recto,
1942 2484 2058 2530 Quod
2086 2483 2138 2521 sic
2174 2485 2322 2532 probat.
2352 2485 2481 2522 Motus
2519 2485 2621 2523 enim

1562 2544 1686 2572 rectus
1722 2539 1800 2572 non
1836 2543 1960 2584 potest
1996 2537 2202 2584 procedere
2229 2537 2268 2574 in
2305 2536 2506 2574 infinitum.
2535 2538 2622 2575 Hoc

1563 2589 1664 2625 enim
1693 2595 1791 2624 esset
1818 2588 2022 2637 dupliciter.
2043 2589 2130 2626 Uno
2158 2590 2277 2627 modo
2312 2589 2364 2626 sic
2393 2590 2496 2638 quod
2525 2597 2622 2628 esset

1562 2640 1782 2688 magnitudo
1810 2653 1878 2689 per
1913 2653 2028 2689 quam
2055 2642 2185 2679 transit
2221 2648 2348 2678 motus
2380 2649 2502 2679 rectus
2538 2642 2620 2680 infi-

1563 2693 1655 2730 nita:
1676 2692 1780 2741 quod
1800 2701 1855 2730 est
1874 2693 2104 2742 impossibile
2120 2692 2145 2732 ὃ.
2167 2694 2244 2732 Sed
2263 2694 2376 2732 etiam
2396 2695 2427 2732 si
2441 2702 2540 2732 esset
2557 2695 2621 2733 ali-

1562 2758 1637 2794 qua
1660 2745 1879 2792 magnitudo
1899 2746 2055 2793 infinita,
2075 2747 2165 2784 nihil
2193 2754 2413 2784 moveretur
2431 2747 2479 2785 ad
2497 2747 2620 2785 infini-

1561 2806 1654 2835 tum.
1676 2798 1791 2844 Quod
1821 2798 1921 2835 enim
1950 2798 2181 2847 impossibile
2211 2806 2266 2837 est
2293 2811 2375 2837 esse
2385 2828 2400 2847 ,,
2425 2811 2621 2849 nunquam

1562 2852 1603 2887 fit
1631 2858 1694 2887 aut
1722 2858 1950 2900 generatum
1966 2851 2198 2900 impossibile
2229 2859 2284 2888 est
2311 2859 2437 2889 autem
2464 2851 2620 2890 transire

1561 2903 1768 2948 infinitum;
1797 2903 1886 2940 nihil
1915 2915 2003 2951 ergo
2041 2912 2217 2941 movetur
2244 2903 2293 2941 ad
2319 2905 2394 2942 hoc
2431 2904 2537 2952 quod
2564 2904 2619 2941 in-

1561 2956 1666 2992 finita
1682 2957 1704 2982 -*
1722 2963 1964 3004 pertranseat.
1995 2957 2086 2993 Non
2114 2969 2203 3004 ergo
2231 2963 2355 3005 potest
2383 2969 2464 2994 esse
2492 2963 2620 2994 motus

1562 3015 1683 3045 rectus
1719 3008 1885 3045 infinitus
1923 3021 2036 3057 super
2081 3008 2379 3057 magnitudinem
2420 3009 2617 3047 infinitam.

1561 3060 1646 3097 Alio
1674 3061 1792 3098 modo
1821 3068 1950 3109 posset
1972 3061 2121 3108 intelligi
2141 3069 2267 3099 motus
2290 3069 2412 3098 rectus
2439 3061 2618 3109 infinitus,
2646 3077 2656 3087 ·

1561 3125 1674 3162 super
1701 3113 1957 3161 magnitudine
1985 3113 2091 3150 finita
2111 3115 2130 3135 ²⁸
2157 3126 2227 3162 per
2254 3114 2511 3151 reflexionem.
2543 3114 2619 3152 Sed

1561 3173 1686 3203 motus
1714 3166 1779 3215 qui
1808 3173 1862 3203 est
1890 3166 2052 3203 reflexus
2079 3178 2158 3203 non
2187 3173 2241 3203 est
2267 3178 2377 3214 unus,
2397 3174 2439 3204 ut
2465 3178 2580 3216 supra
2599 3167 2619 3189 ¹*

1560 3219 1763 3267 probatum
1783 3226 1849 3266 est,
1870 3218 1938 3256 sed
1953 3226 2007 3256 est
2026 3218 2259 3268 compositus
2272 3219 2292 3240 ¹¹¹
2306 3231 2350 3256 ex
2366 3219 2516 3257 duobus
2535 3231 2619 3256 mo·
2665 3249 2671 3256 .

1613 3357 1638 3392 δ)
1657 3358 1728 3390 quod
1746 3362 1785 3383 est
1805 3358 1971 3391 impossibile.
1989 3372 2007 3377 —
2026 3357 2092 3383 Ηυίε
2118 3358 2177 3383 add.
2195 3357 2274 3391 EpG:
2299 3357 2362 3391 quia
2381 3364 2433 3383 non
2453 3361 2492 3383 est
2511 3358 2543 3383 de
2562 3365 2618 3383 ma-
2656 3370 2659 3372 >

1558 3393 1698 3426 gnitudine
1723 3393 1828 3426 infinita
1852 3393 1878 3418 in
1899 3393 2029 3419 directum
2049 3393 2173 3422 tendens,
2193 3393 2228 3418 F:
2251 3393 2315 3426 quia
2333 3399 2384 3418 non
2403 3395 2443 3418 est
2461 3393 2618 3426 magnitudo

1559 3431 1630 3453 recta
1649 3427 1754 3461 infinita
1777 3428 1802 3452 in
1823 3428 1953 3453 directum
1978 3428 2103 3457 tendens,
2129 3428 2226 3461 DSpL:
2251 3428 2314 3460 quia
2334 3435 2384 3453 non
2405 3431 2444 3453 est
2462 3427 2617 3459 magnitudo

1559 3463 1584 3487 ιἰι
1604 3460 1731 3488 directum
1751 3462 1868 3492 tendens,
1889 3463 2059 3488 BHOZsGL:
2079 3463 2141 3495 quta
2161 3470 2211 3487 non
2231 3466 2271 3488 est
2291 3462 2448 3496 magnitudo
2467 3462 2571 3496 infinita
2589 3461 2616 3486 in

1559 3498 1686 3523 directum
1706 3498 1823 3523 tendens.
1838 3498 1884 3522 His
1904 3498 2114 3523 adnumerandus
2128 3503 2168 3523 est
2183 3498 2214 3528 R,
2229 3498 2273 3530 qui
2293 3498 2382 3523 habet:
2401 3497 2512 3529 (transit
2530 3499 2615 3522 motus

1558 3535 1644 3558 rectus
1664 3533 1689 3557 1’n
1711 3533 1831 3566 inflm'ta)
1850 3533 1876 3558 in
1894 3531 2024 3558 directum
2044 3533 2171 3561 tendens:
2189 3537 2228 3558 est
2247 3533 2322 3558 lectio
2340 3532 2368 3563 Z,
2381 3533 2480 3557 omino
2498 3531 2615 3556 homan>

1558 3568 1640 3592 leuto:
1659 3567 1729 3600 quod
1747 3570 1812 3593 est...
1832 3566 1947 3600 Infinita.

2649 505 2659 515 ⁶
2670 504 2706 526 Cf.
2722 505 2762 527 lib.
2776 505 2817 533 Vt,

2649 531 2783 558 lect.v1n‚n.
2810 547 2817 554 .

2650 558 2659 567 ·
2676 559 2790 584 pertrans
2799 564 2827 580 re
2845 564 2861 583 ι

2649 588 2846 607 mmai-noum.
2870 602 2874 606 ,

2649 661 2659 671 ·
2673 661 2751 683 media
2766 661 2816 684 oui.
2830 668 2860 685 οι

2648 1288 2659 1300 ·
2673 1287 2744 1310 Num.
2758 1293 2835 1316 praec·

2647 1339 2724 1388 25:1⁶
2731 1346 2780 1363 on.
2787 1340 2860 1363 codd.
2872 1355 2875 1362 v

2649 1917 2659 1926 ·
2669 1915 2791 1944 ponebant
2802 1921 2865 1939 nno

2649 1948 2733 1964 1111012.

2649 2230 2659 2240 ·
2673 2229 2793 2258 laeam,
2806 2235 2863 2254 ma.
