2982 4022
301 1863 308 1870 ·
341 1860 498 1887 Philosophus

302 1893 349 1908 om.
358 1886 482 1908 puzousab.

304 2072 314 2081 ¹⁵
327 2072 431 2117 gratiarae
443 2076 491 2092 om.
501 2076 514 2091 Ρ

303 2103 318 2118 α
342 2113 347 2118 .

308 2282 315 2290 ”
332 2281 397 2302 Lect.
413 2286 461 2308 seq.

304 2335 312 2342 '
319 2333 439 2360 opiniones
446 2338 514 2358 ntor-r,

300 2359 443 2386 positionem
471 2362 515 2379 cet.

305 2392 353 2406 exc.
370 2391 412 2410 00.-

307 2440 314 2447 ·
323 2437 387 2465 quod
394 2443 516 2458 mrxovxx·

304 2470 356 2491 pso.

302 2649 349 2674 'set
362 2653 420 2669 aere
434 2647 498 2668 prab.

302 2701 311 2710 ⁶
328 2700 389 2721 Lect.
406 2706 430 2722 ιι.
446 2706 468 2720 n.
480 2705 499 2720 2.

302 2727 322 2737 *¹
338 2725 429 2754 aliquid
438 2731 513 2747 trouu

303 2759 369 2774 noaz.

402 2811 419 2826 α

302 3125 313 3134 ·
328 3126 352 3145 ut
365 3130 412 3145 om.
430 3129 512 3145 menn.

302 3151 513 3198 &transsata-m

304 3209 338 3226 La.
350 3183 450 3230 pauciim
470 3206 514 3224 cet.

305 3235 353 3250 exc.
374 3235 459 3254 tom-Q-

533 319 584 354 24

1178 305 1523 342 PHYSICORUM
1550 304 1897 342 ARISTOTELIS
1927 304 2021 340 LIB.
2051 304 2066 339 I

1283 510 1583 583 LECTIQ
1630 510 1967 599 ocsrAVA

823 671 1053 704 OPINIONES
1075 670 1355 702 PHYSICORUM
1379 671 1453 708 QUI
1477 671 1534 701 DE
1557 670 1776 701 PRINCIPIIS
1798 669 2109 701 NATURALITER
2132 669 2245 700 SUNT
2268 667 2432 700 LOCUTI

533 822 587 856 Ὠς
611 814 640 849 δ’
670 820 699 849 οἱ
724 818 852 862 φυσικοὶ
875 816 1026 862 λέγουσι,
1044 806 1251 858 δύο’τρο’ποι
1275 814 1369 845 εἰσίν·
1397 816 1426 846 οἰ
1451 814 1509 858 μὲν
1533 813 1598 859 γοὶρ

605 861 871 900 ἓνποιήσαντες
896 862 938 893 τό
966 859 1000 892 ὃν
1025 860 1122 903 σῶμα
1148 858 1189 890 τὸ
1222 859 1459 902 ὑποκείμενον,
1486 856 1506 894 ἦ
1531 859 1598 890 τῶν

600 907 698 949 τριῶν
720 917 754 938 τι
779 904 800 942 ἦ
828 905 924 946 ἄλλο,
945 903 961 935 ὅ
980 905 1052 935 ἐστι
1070 903 1170 947 πυρὸς
1188 902 1247 947 μὲν
1266 901 1483 946 πυκνότερον,
1503 901 1597 946 ἀέρος

604 947 641 982 δὲ
664 950 886 992 λεπτότερον,
906 947 1020 981 τᾶλλα
1043 948 1181 993 γεννῶσι
1206 946 1394 983 πυκνότητι
1417 948 1474 977 καὶ
1495 945 1600 989 μανό-

605 1006 686 1031 τητι
704 994 818 1026 πολλοὶ
837 994 1026 1029 ποιοῦντες.
1053 992 1175 1023 Ταῦτα
1200 986 1230 1021 δ’
1253 991 1343 1022 ἐστὶν
1365 991 1520 1032 ἐναντία,
1538 1001 1600 1021 κα-

605 1037 704 1070 θόλου
729 1035 757 1070 ‹5'
787 1037 936 1085 ύπεροχή
961 1038 1018 1067 καὶ
1044 1035 1197 1078 ἔλλειψις,
1216 1033 1325 1077 ὥσπερ
1352 1034 1392 1067 τὸ
1412 1034 1503 1080 μέγα
1521 1036 1597 1078 φησὶ

602 1082 744 1115 Πλάτων
769 1084 826 1114 καὶ
853 1083 893 1113 τὸ
918 1079 1045 1125 μικρόν·
1072 1079 1160 1116 πλήν
1187 1078 1240 1111 ὅτι
1259 1080 1274 1110 ὁ
1291 1079 1351 1122 μὲν
1369 1079 1487 1111 ταῦτα
1509 1081 1600 1110 ποιεῖ

605 1125 699 1167 ὕλην,
719 1127 760 1158 τὸ
784 1122 821 1157 δὲ
846 1127 878 1158 ἓν
904 1125 945 1157 τὸ
969 1121 1069 1161 εἶδος·
1096 1126 1125 1156 οἰ
1150 1119 1188 1155 δὲ
1214 1121 1254 1154 τὸ
1272 1124 1331 1166 μὲν
1350 1123 1382 1154 ἓν
1401 1121 1442 1155 τό
1465 1123 1600 1154 ὑποκεί-

605 1182 701 1214 μενον
728 1170 822 1210 ὕλην,
843 1169 890 1202 τοὶ
913 1165 942 1200 δ’
964 1169 1105 1201 ἐναντία
1129 1163 1291 1221 διαφοράς
1314 1169 1372 1198 καὶ
1397 1163 1483 1204 εἴδη·
1510 1168 1540 1198 οἰ
1565 1161 1594 1197 δ’

605 1215 640 1247 ἐκ
666 1215 727 1247 τοῦ
754 1214 825 1251 ἑνὸς
851 1212 990 1250 ἐνούσας
1014 1213 1076 1249 τοίς
1103 1210 1352 1248 ἑναντιοτητας
1378 1209 1596 1254 &mptum-Oai,

604 1257 713 1303 ὥσπερ
731 1257 996 1313 Ἀναξίμανδρός
1022 1268 1100 1301 φησι
1121 1258 1179 1287 καὶ
1198 1255 1268 1288 ὅσοι
1293 1251 1322 1286 δ’
1344 1255 1376 1286 ἓν
1401 1257 1460 1286 καὶ
1485 1253 1599 1286 πολλοί

604 1314 702 1346 φασιν
721 1299 819 1343 εἶναι,
839 1304 947 1346 ὡσπερ
967 1297 1200 1344 Ἐμπεδοκλῆς
1217 1301 1276 1332 καὶ
1294 1298 1542 1345 Ἀναξαγόρας·
1562 1298 1598 1330 ὲκ

604 1348 667 1379 τοῦ
700 1349 869 1392 μίγματος
902 1347 966 1391 γαρ
991 1348 1048 1377 καὶ
1074 1345 1170 1377 οὗτοι
1201 1345 1383 1388 ἑκκρίνουσι
1413 1343 1460 1375 τοὶ
1493 1343 1594 1374 ἄλλα.

605 1391 801 1435 Διαφέρουσι
825 1387 854 1421 δ’
885 1389 1039 1426 ἀλλήλων
1065 1390 1112 1430 τῷ
1138 1390 1197 1422 τὸν
1222 1388 1281 1432 μὲν
1307 1382 1461 1431 περίοδον
1491 1390 1597 1418 ποιεῖν

606 1435 760 1476 τούτων,
787 1435 847 1466 τὸν
873 1432 900 1467 δ’
932 1433 1044 1475 ἅπαξ,
1070 1434 1128 1465 καὶ
1158 1433 1217 1464 τον
1242 1432 1300 1476 μὲν
1334 1432 1456 1475 ἄπειρα
1486 1430 1535 1462 τοί
1558 1442 1596 1463 τε

607 1480 787 1524 ὁμοιομερῆ
811 1481 869 1511 καὶ
895 1479 1081 1519 τάναντία,
1100 1477 1159 1510 τὸν
1177 1473 1214 1509 δὲ
1231 1476 1279 1509 τοὶ
1295 1473 1491 1519 καλούμενα
1507 1486 1600 1507 στοι-

605 1527 684 1568 χεῖα
708 1523 821 1568 μόνον.

1651 817 1669 836 *
1683 818 1771 849 Sicut
1793 826 1900 850 autern
1923 819 2044 860 physici
2067 819 2187 857 dicunt,
2211 819 2277 850 duo
2296 819 2384 849 modi
2409 825 2491 849 sunt.
2516 818 2559 849 Hi
2582 818 2713 859 quidem

1719 862 1820 900 enim,
1845 873 1947 893 unum
1970 863 2117 894 facientes
2140 863 2229 904 quod
2253 870 2300 894 est
2316 873 2431 903 corpus
2450 862 2628 893 subiectum
2644 861 2714 905 (aut

1719 905 1815 936 trium
1833 907 1983 948 aliquod,
2007 913 2062 938 aut
2084 907 2170 937 aliud
2193 907 2282 947 quod
2305 913 2351 938 est
2373 908 2445 946 igne
2472 907 2620 946 densius,
2643 916 2713 937 aere

1719 956 1825 980 autem
1839 949 2010 993 subtilius),
2023 951 2083 981 alia
2097 957 2246 991 generant
2265 950 2415 981 densitate
2431 957 2462 981 et
2476 950 2598 982 raritate
2611 950 2713 982 multa

1719 993 1874 1024 facientes.
1900 995 1986 1024 Haec
2009 1001 2116 1025 autem
2139 1001 2212 1025 sunt
2235 995 2406 1025 contraria:
2424 994 2638 1025 universaliter
2655 1004 2712 1024 au-

1718 1043 1783 1067 tem
1807 1038 1985 1068 excellentia
2000 1045 2031 1069 et
2044 1037 2194 1075 defectus,
2214 1039 2294 1068 sicut
2311 1047 2465 1078 magnum
2484 1037 2559 1068 dicit
2577 1038 2666 1068 Plato
2682 1044 2713 1068 et

1718 1091 1862 1121 parvum.
1873 1082 1941 1112 Nisi
1951 1082 2039 1122 quod
2053 1081 2103 1112 hic
2113 1081 2243 1122 quidem
2252 1081 2328 1112 haec
2343 1081 2416 1112 facit
2425 1081 2598 1120 materiam,
2610 1091 2712 1112 unum

1718 1132 1825 1156 autem
1843 1125 1995 1166 speciem:
2015 1125 2067 1156 alii
2079 1135 2155 1156 vero
2173 1135 2276 1155 unum
2292 1125 2422 1165 quidem
2438 1125 2630 1163 subiectum,
2646 1134 2713 1156 ma-

1718 1169 1840 1208 teriam,
1860 1170 2014 1200 contraria
2036 1176 2142 1200 autem
2161 1168 2348 1199 differentias
2369 1175 2400 1199 et
2419 1168 2547 1208 species.
2572 1168 2713 1206 Quidam

1719 1220 1825 1243 autem
1836 1223 1872 1243 ex
1884 1223 1950 1244 uno
1964 1213 2157 1243 inhaerentes
2174 1212 2405 1243 contrarietates
2417 1219 2590 1252 segregant,
2602 1221 2713 1253 quem-

1719 1257 1894 1287 admodum
1916 1257 2149 1287 Anaximander
2171 1255 2266 1294 dixit,
2290 1262 2321 1286 et
2343 1256 2538 1297 quicumque
2556 1266 2659 1287 unum
2682 1263 2713 1288 et

1719 1301 1820 1331 multa
1842 1301 1951 1331 dicunt
1973 1310 2060 1338 esse,
2088 1300 2169 1330 sicut
2195 1299 2404 1339 Empedocles
2433 1307 2464 1331 et
2490 1302 2711 1340 Anaxagoras:

1719 1354 1756 1374 ex
1771 1344 1997 1375 commixtione
2013 1353 2151 1384 namque
2167 1349 2330 1382 segregant
2345 1343 2413 1374 alia.
2430 1344 2586 1374 Differunt
2605 1350 2713 1375 autem
2732 1351 2735 1354 ⁴

1719 1389 1757 1418 ab
1781 1388 1915 1418 invicem
1931 1397 1970 1418 eo
1989 1388 2078 1428 quod
2093 1387 2144 1417 hic
2160 1386 2397 1418 circulationem
2415 1387 2488 1418 facit
2510 1388 2638 1425 horum,
2661 1387 2713 1419 hic

1719 1438 1826 1462 autem
1849 1432 1964 1462 semel:
1985 1438 2015 1462 et
2032 1431 2084 1461 hic
2102 1430 2232 1471 quidem
2255 1430 2392 1461 infinitas
2416 1431 2533 1462 similes
2556 1437 2659 1472 partes
2682 1437 2713 1463 et

1720 1475 1908 1514 contrarias,
1932 1475 1983 1506 ille
2005 1485 2080 1505 vero
2102 1480 2214 1505 vocata
2237 1474 2392 1506 elementa
2414 1476 2530 1506 solum.

592 1628 740 1656 SYNopsm.
752 1644 786 1648 —
802 1636 825 1655 1.
840 1627 1050 1663 Argumentum
1066 1631 1094 1653 et
1105 1624 1207 1653 divisio
1222 1630 1323 1652 textus.
1333 1640 1351 1645 -
1362 1631 1388 1651 2.
1398 1624 1480 1651 Unus
1494 1623 1600 1650 modus
1652 1627 1725 1650 rant.
1741 1639 1760 1643 -
1773 1631 1801 1657 4.
1823 1622 1904 1650 Alter
1925 1622 2030 1649 modus
2053 1627 2131 1656 erat,
2154 1629 2263 1658 ponere
2281 1630 2326 1649 res
2345 1621 2406 1649 fieri
2430 1630 2464 1650 ex
2487 1621 2634 1659 principiis
2656 1621 2714 1651 hoc

539 1667 698 1703 explicandi
712 1666 851 1703 principia
865 1667 943 1702 apud
957 1665 1090 1702 physicos
1110 1671 1178 1699 erat,
1193 1673 1301 1700 ponere
1320 1673 1411 1691 unum
1426 1662 1598 1699 principium
1653 1662 1743 1690 modo
1764 1662 1845 1698 quod
1866 1661 1927 1698 ipsa
1947 1660 2091 1689 contraria
2111 1661 2325 1688 extraherentur
2344 1661 2381 1689 ab
2401 1670 2472 1696 uno,
2493 1660 2524 1689 in
2538 1670 2598 1698 quo
2619 1666 2714 1689 essent

538 1707 693 1742 materiale,
715 1715 749 1734 ex
763 1715 822 1743 quo
837 1715 936 1734 omma
956 1711 1128 1742 generantur
1149 1704 1308 1732 secundum
1327 1702 1471 1731 raritatem
1487 1708 1515 1730 et
1528 1703 1598 1729 den—

539 1746 659 1774 sitatem.
675 1763 694 1767 -
712 1746 784 1774 3.1n
805 1755 864 1782 quo
885 1745 931 1773 isti
952 1754 1019 1773 curn
1039 1745 1159 1772 Platone
1181 1743 1368 1778 concordent,
1385 1741 1415 1769 in
1436 1750 1495 1778 quo
1517 1741 1598 1769 diffe-

682 1873 693 1885 .
803 1855 978 1895 ostquam
1020 1845 1274 1893 Philosophus
1318 1845 1337 1865 *
1365 1842 1595 1892 improbavit

804 1900 1024 1950 opinionem
1045 1898 1092 1935 de
1105 1897 1296 1946 principiis
1317 1909 1449 1933 eorum
1464 1897 1529 1944 qui
1548 1896 1595 1932 de

748 1953 759 1970 ’“
776 1955 788 2001 3
804 1962 936 1990 natura
955 1964 1034 1988 non
1052 1950 1267 1987 naturaliter
1285 1957 1372 1986 sunt
1390 1949 1515 1995 locuti,
1536 1949 1596 1985 hic

673 1997 694 2013 ''
742 2002 785 2041 ,ἐν’
803 2004 1043 2055 prosequitur
1070 2003 1269 2051 opiniones
1298 2014 1432 2039 eorum
1461 2002 1525 2050 qui
1551 2001 1597 2038 de

540 2060 730 2109 principiis
749 2067 903 2096 naturae
927 2058 947 2078 '¹‘
966 2056 1181 2094 naturaliter
1199 2063 1284 2092 sunt
1302 2055 1428 2101 locuti,
1444 2067 1523 2091 non
1542 2066 1598 2090 re-

541 2120 740 2150 moventes
769 2119 938 2149 motum:
974 2117 1010 2146 et
1036 2109 1122 2146 ideo
1152 2116 1266 2145 vocat
1302 2120 1368 2144 eos
1399 2107 1597 2156 physicos,

542 2166 637 2203 idest
650 2166 849 2202 naturales.
862 2165 910 2201 Et
925 2163 1022 2199 circa
1035 2162 1110 2198 hoc
1125 2162 1202 2198 duo
1222 2161 1319 2198 facit:
1335 2160 1459 2209 primo
1476 2167 1599 2196 osten-

543 2219 596 2255 dit
620 2218 873 2255 diversitatem
898 2214 1335 2264 opinionum;,secundo
1360 2213 1601 2262 prosequitur

542 2284 658 2308 unam
689 2282 836 2316 earum,
857 2269 924 2306 ibi:
961 2269 1112 2306 Videtur
1138 2272 1261 2303 autem
1292 2267 1312 2287 *
1341 2274 1409 2302 etc.

597 2336 631 2360 2.
649 2321 747 2360 Dicit
763 2335 849 2370 ergo
865 2322 988 2371 primo
1004 2320 1109 2368 quod
1124 2320 1335 2356 secundum
1352 2317 1599 2367 opinionem*

542 2377 768 2413 naturalium
805 2374 1143 2423 philosophorum,
1175 2372 1251 2409 duo
1285 2379 1371 2408 sunt
1402 2370 1509 2407 modi
1542 2382 1599 2406 se-

543 2429 710 2466 cundum
730 2440 827 2476 quos
845 2429 865 2449 *
883 2433 1108 2475 generantur
1131 2437 1190 2461 res
1211 2437 1255 2462 ex
1273 2423 1474 2473 principiis.
1492 2423 1598 2469 Quo-

541 2494 626 2519 rum
662 2494 782 2518 unum
824 2480 1026 2527 tangebant
1057 2476 1275 2526 philosophi
1307 2477 1494 2514 naturales
1530 2488 1599 2524 po-

540 2542 672 2571 nentes
700 2546 820 2570 unum
849 2541 994 2570 tanturn
1021 2530 1248 2580 principium
1277 2529 1489 2580 materiale-3
1519 2528 1598 2565 sive

541 2595 638 2624 esset
673 2599 793 2623 unum
832 2586 879 2623 de
916 2586 1033 2622 tribus
1072 2583 1267 2620 elementis
1282 2612 1291 2629 ,
1322 2583 1460 2619 scilicet
1490 2581 1596 2629 igne,

541 2652 626 2676 aere
646 2640 667 2661 *
688 2647 723 2676 et
750 2651 849 2687 aqua
878 2638 985 2686 (quia
1013 2646 1151 2674 terram
1172 2637 1294 2673 solam
1322 2637 1444 2673 nullus
1471 2634 1599 2683 posuit

539 2693 783 2741 principium,
798 2699 840 2728 ut
859 2703 972 2739 supra
988 2692 1007 2712 ’¹‘
1024 2691 1164 2727 dictum
1185 2692 1268 2735 est),
1290 2688 1369 2725 sive
1389 2687 1543 2736 aliquod
1558 2687 1599 2707 *³²

541 2745 711 2782 medium
741 2745 835 2781 inter
855 2757 910 2789 ea,
931 2751 972 2780 ut
989 2750 1080 2792 puta
1100 2743 1204 2790 quod
1224 2749 1321 2778 esset
1340 2741 1493 2778 densius
1512 2739 1597 2787 igne

541 2806 577 2834 et
605 2798 773 2834 subtilius
801 2809 887 2833 aere
906 2802 934 2831 α.
965 2797 1024 2832 Ab
1053 2795 1124 2831 isto
1153 2803 1281 2832 autem
1309 2806 1387 2830 uno
1412 2792 1596 2842 principio

541 2851 716 2887 dicebant
744 2849 872 2886 omnia
893 2848 964 2884 alia
992 2848 1160 2895 generari
1179 2847 1390 2884 secundum
1410 2845 1596 2883 raritatem

541 2911 576 2940 et
596 2903 839 2946 densitatem;
860 2908 900 2937 ut
918 2909 1019 2949 puta,
1041 2901 1104 2948 qui
1123 2901 1317 2949 ponebant
1341 2911 1469 2936 aerem
1496 2898 1596 2946 prin-

541 2956 693 3003 cipium,
723 2955 897 2991 dicebant
925 2954 1029 3002 quod
1058 2966 1102 2989 ex
1124 2966 1168 2990 eo
1190 2953 1370 2990 rarefacto
1399 2958 1598 3000 generatur

540 3008 652 3055 ignis,
683 3019 727 3043 ex
756 3019 801 3043 eo
831 3014 957 3042 autern
992 3007 1221 3042 condensato
1260 3012 1458 3053 generatur
1485 3016 1595 3052 aqua.

541 3062 684 3096 Rarum
714 3067 839 3095 autern
861 3067 895 3095 et
915 3059 1075 3095 densum
1104 3066 1189 3095 sunt
1214 3057 1411 3103 contraria;
1434 3065 1469 3094 et
1489 3057 1596 3094 redu-

541 3120 675 3149 cuntur
695 3113 741 3149 ad
763 3112 1019 3148 excellentiam
1041 3119 1076 3147 et
1095 3111 1296 3157 defectum,
1316 3118 1357 3146 ut
1378 3110 1397 3131 *
1415 3110 1464 3146 ad
1485 3121 1598 3158 quae-

542 3166 630 3202 dam
659 3164 949 3201 universaliora:
979 3176 1068 3200 nam
1093 3164 1254 3200 densum
1281 3171 1335 3200 est
1354 3163 1458 3210 quod
1484 3163 1598 3199 habet

541 3219 702 3255 multum
723 3213 957 3264 de'materia,
980 3229 1105 3253 rarum
1134 3224 1260 3252 autem
1290 3215 1393 3264 quod
1413 3227 1549 3263 parum
1565 3215 1595 3251 *.

594 3388 621 3419 α)
640 3387 744 3411 densius
764 3387 824 3419 igne
842 3389 867 3411 et
885 3386 1005 3411 subtilius
1018 3393 1087 3410 aere.
1098 3386 1164 3410 —lta
1177 3385 1271 3410 habent
1290 3385 1377 3409 PGRS
1396 3389 1421 3408 et
1439 3385 1470 3409 ad
1490 3392 1596 3409 sensum

542 3422 753 3450 BCFMsEKOY;
775 3422 796 3445 ll
817 3421 985 3453 singulariter.
1006 3421 1110 3446 densius
1134 3421 1203 3453 igne,
1224 3427 1295 3452 aqua
1313 3420 1449 3449 subtilius,·
1467 3419 1596 3449 ADILQT

542 3456 798 3487 VXZpEGKORSY,
815 3456 918 3481 densius
932 3463 994 3480 aere
1012 3459 1037 3480 et
1055 3456 1175 3480 subtilius
1196 3455 1270 3488 igne:
1289 3455 1335 3479 sed
1350 3454 1411 3478 haec
1429 3455 1596 3487 transpositio

543 3491 751 3521 inintelligibilem
772 3491 852 3515 reddit
875 3492 1024 3515 sententiam
1045 3499 1123 3523 quam
1146 3491 1215 3522 ponit
1234 3498 1255 3515 s.
1270 3489 1386 3514 Thomas
1405 3496 1434 3513 ex
1458 3489 1595 3514 Aristotele

544 3525 641 3549 dicente
657 3525 717 3557 igne
736 3526 848 3552 densius,
864 3533 924 3550 aere
936 3529 1023 3550 autem
1038 3526 1166 3550 subtilius.
1176 3539 1194 3544 —
1204 3525 1283 3550 Linea
1296 3524 1414 3556 sequenti
1430 3524 1487 3548 loco
1506 3524 1595 3548 omnia

542 3560 604 3588 alia,
620 3560 693 3583 codd.
708 3568 758 3583 exc.
775 3561 819 3583 EG
839 3561 926 3591 legunt
945 3561 1035 3585 multa.
1055 3560 1086 3584 cf.
1105 3565 1211 3585 textum.

598 3594 622 3625 β)
641 3594 769 3625 quaedam
791 3595 848 3618 idea
871 3595 1035 3626 participata
1054 3595 1240 3619 etc.-Omnes
1260 3594 1360 3619 codices
1379 3593 1499 3618 omittunt
1517 3600 1594 3626 quae-

544 3629 622 3658 dam,
644 3634 667 3652 ct
687 3637 739 3653 cxc.
762 3629 826 3653 ΕΟΖ
846 3630 932 3660 legunt
957 3630 1164 3661 participatun1;
1183 3630 1251 3654 unde
1275 3630 1381 3654 resultat
1405 3629 1493 3658 lectio,
1515 3636 1594 3653 unum

1652 1701 1730 1738 prius
1751 1701 1833 1738 quasi
1854 1700 2010 1729 commixta
2030 1706 2058 1728 et
2078 1699 2206 1728 confusa.
2223 1717 2242 1722 -
2258 1700 2284 1728 5.
2299 1701 2382 1729 Duae
2402 1700 2578 1729 differentiae
2599 1707 2713 1729 senten·

1651 1741 1756 1769 riarum
1776 1741 1963 1777 Anaxagorae
1985 1746 2013 1768 et
2033 1739 2225 1776 Empedoclis.

1703 1843 1737 1879 3.
1754 1843 1803 1879 Et
1816 1842 1868 1878 sic
1883 1841 2173 1890 quodammodo
2194 1841 2506 1879 concordabant*
2523 1851 2610 1879 curn
2629 1841 2713 1878 Pla·
2739 1847 2751 1860 ⁴

1648 1903 1760 1942 tone,
1795 1895 1859 1944 qui
1893 1895 2061 1943 ponebat
2095 1905 2279 1943 magnum
2309 1902 2345 1931 et
2372 1907 2539 1943 parvum
2577 1896 2713 1945 princi-

1650 1948 1724 1997 pia,
1744 1961 1843 1996 quae
1867 1948 1980 1984 etiarn
1999 1947 2186 1995 pertinent
2204 1947 2252 1984 ad
2273 1948 2531 1985 excellentiam
2552 1949 2572 1970 ²³²
2593 1957 2629 1986 et
2648 1949 2712 1986 de-

1651 2002 1801 2038 fectum.
1839 2001 1916 2037 Sed
1943 2001 1981 2037 in
2008 2001 2082 2037 hoc
2111 1999 2336 2037 differebant
2364 2013 2386 2037 a
2414 2001 2592 2048 Platone,
2623 2001 2712 2051 quia

1652 2055 1759 2090 Plato
1786 2053 1914 2102 posuit
1940 2065 2124 2100 magnum
2159 2060 2195 2089 et
2230 2065 2394 2101 parvum
2424 2065 2469 2090 ex
2496 2062 2603 2102 parte
2630 2066 2711 2091 ma-

1651 2107 1788 2153 teriae,
1818 2106 1906 2155 quia
1932 2106 2101 2154 ponebat
2127 2102 2248 2142 unum
2280 2105 2507 2154 principium
2540 2107 2710 2155 formale,

1653 2159 1757 2208 quod
1778 2167 1833 2196 est
1851 2159 2040 2206 quaedam
2060 2158 2145 2196 idea
2163 2157 2382 2206 participata
2404 2156 2422 2187 ¹⁸
2437 2171 2460 2195 a
2479 2158 2636 2196 diversis
2655 2171 2713 2196 se-

1655 2212 1822 2248 cundum
1851 2211 2105 2248 diversitatem
2134 2210 2334 2247 materiae:
2364 2211 2507 2259 antiqui
2530 2223 2623 2248 vero
2647 2224 2712 2249 na-

1653 2265 1789 2301 turales
1817 2264 2011 2312 ponebant
2031 2263 2332 2300 contrarietatem
2361 2275 2406 2299 ex
2428 2271 2534 2312 parte
2553 2265 2712 2312 formae,

1654 2317 1742 2366 quia
1768 2318 1962 2366 ponebant
1989 2317 2156 2365 primum
2189 2315 2416 2365 principium
2447 2329 2565 2354 unam
2594 2324 2713 2354 mate-

1654 2370 1764 2417 riam,
1795 2382 1839 2406 ex
1868 2382 1944 2418 qua
1971 2371 2089 2406 multa
2118 2367 2391 2405 constituuntur
2418 2369 2629 2407 secundum
2658 2369 2713 2407 di-

1652 2435 1782 2460 versas
1810 2423 1964 2459 formas.

1705 2487 1742 2522 4.
1763 2474 1837 2511 Alii
1855 2487 1949 2512 vero
1969 2473 2111 2523 antiqui
2134 2473 2321 2510 naturales
2339 2474 2534 2522 ponebant
2551 2485 2610 2511 res
2628 2474 2712 2512 fieri

1655 2540 1699 2564 ex
1717 2527 1919 2577 principiis,
1941 2539 1985 2564 ex
2003 2528 2078 2563 hoc
2097 2526 2200 2575 quod
2219 2526 2301 2575 ipsa
2321 2526 2505 2563 contraria
2524 2534 2561 2563 et
2589 2526 2711 2564 diver-

1653 2593 1695 2617 sa
1719 2581 2008 2617 extrahebantur
2027 2580 2074 2616 ab
2094 2591 2185 2627 uno,
2202 2578 2337 2627 inquo
2357 2587 2462 2616 erant
2481 2579 2588 2628 quasi
2606 2591 2711 2616 com-

1653 2633 1768 2670 mixta
1798 2641 1834 2670 et
1862 2633 2029 2669 confusa.
2052 2632 2128 2669 Sed
2149 2632 2187 2669 in
2210 2631 2543 2679 hoedifferebant,
2564 2633 2669 2681 quod
2695 2637 2711 2659 ⁷

1652 2686 1935 2723 Anaximander
1962 2685 2129 2734 ponebat
2157 2685 2247 2722 illud
2264 2696 2386 2721 unum
2407 2684 2607 2721 confusum
2628 2697 2710 2722 esse

1651 2739 1898 2787 principium,
1929 2751 2007 2774 non
2044 2745 2172 2774 autern
2206 2737 2266 2773 illa
2303 2738 2422 2774 multa
2461 2750 2559 2785 quae
2591 2737 2630 2774 in
2663 2749 2709 2781 eo

1652 2800 1757 2828 erant
1785 2791 2014 2828 commixta:
2042 2790 2144 2827 unde
2174 2791 2194 2812 *
2220 2791 2388 2838 ponebat
2413 2802 2535 2827 unum
2563 2797 2709 2827 tantum

1651 2844 1890 2893 principium.
1920 2843 2174 2892 Empedocles
2202 2855 2296 2879 vero
2325 2851 2362 2880 et
2378 2844 2622 2890 Anaxagoras
2639 2855 2710 2891 po-

1651 2898 1793 2934 nebant
1820 2896 1939 2944 magis
1968 2908 2048 2933 esse
2076 2895 2259 2944 principia
2286 2895 2347 2932 illa
2374 2908 2471 2944 quae
2501 2896 2539 2932 in
2560 2908 2605 2932 eo
2624 2908 2708 2944 per-

1651 2950 1922 2987 miscebantur:
1953 2957 1988 2985 et
2015 2948 2101 2985 ideo
2134 2949 2328 2997 ponebant
2359 2949 2477 2985 multa
2503 2948 2706 2997 principia,

1651 3003 1735 3040 licet
1764 3010 1799 3039 et
1825 3002 1915 3039 illud
1934 3013 2055 3038 unum
2076 3001 2275 3039 confusum
2300 3001 2589 3049 quodammodo
2607 3001 2708 3050 prin·

1651 3055 1791 3104 cipiurn
1819 3061 2005 3103 ponerent
2034 3055 2065 3090 ²¹³.

1708 3109 1740 3145 5.
1772 3108 1848 3144 Sed
1876 3109 2120 3154 Anaxagoras
2149 3114 2185 3142 et
2209 3106 2464 3154 Empedocles
2484 3105 2709 3143 differebant

1651 3161 1689 3198 in
1718 3161 1879 3198 duobus.
1910 3160 2038 3196 Primo
2067 3158 2223 3207 quidem
2252 3158 2339 3207 quia
2367 3158 2622 3207 Empedocles
2641 3171 2708 3208 po-

1651 3215 1765 3250 nebat
1789 3212 2068 3250 circulationem
2084 3212 2277 3261 quandam
2297 3211 2576 3248 commixtionis
2596 3219 2632 3248 et
2651 3224 2708 3249 se-

1647 3384 1808 3416 principium
1827 3383 1959 3417 formale,
1980 3382 2051 3415 quod
2069 3385 2108 3407 est
2131 3375 2204 3410 idea,
2219 3381 2413 3413 participatum
2433 3386 2496 3407 etc.:
2516 3389 2583 3415 quae
2601 3381 2705 3415 quidem

1651 3420 1725 3444 lectio
1744 3419 1841 3443 bonum
1860 3426 1967 3443 sensum
1986 3418 2063 3442 habet
2081 3422 2106 3442 et
2124 3416 2246 3450 acceptari
2266 3421 2364 3449 posset.

1703 3454 1729 3487 γ)
1744 3454 1839 3486 quod...
1849 3453 2020 3485 principium,
2037 3459 2088 3477 non
2102 3455 2200 3477 autem.
2209 3465 2228 3470 -
2237 3451 2406 3476 PBCDEGIX
2419 3459 2466 3484 pro
2481 3451 2559 3484 quod,
2570 3451 2641 3484 quia.
2654 3451 2704 3476 De-

1650 3490 1708 3514 inde
1727 3489 1774 3513 MN
1795 3489 1861 3514 iIIud
1880 3496 1959 3512 unum
1975 3487 2137 3519 principium
2157 3494 2212 3512 esse
2230 3487 2323 3515 squm,
2343 3493 2394 3511 non
2408 3490 2499 3512 'autem
2518 3491 2575 3516 etc„
2589 3491 2636 3511 cet.
2651 3493 2706 3511 exc.

1651 3524 1810 3548 DEFGHRZ
1834 3523 1899 3548 illud
1917 3524 2054 3556 confusum
2078 3529 2158 3546 unum
2177 3529 2232 3547 esse
2251 3526 2312 3551 etc-5
2339 3521 2459 3551 OvaY
2478 3521 2575 3546 addunt
2598 3524 2624 3546 et
2647 3526 2704 3544 ante

1644 3559 1815 3591 principium.
1829 3559 1916 3583 Lectio
1935 3558 1954 3582 Ρ
1970 3557 2103 3590 perspicua
2121 3561 2167 3586 est,
2189 3562 2214 3581 et
2233 3556 2371 3582 conformis
2390 3556 2469 3581 modo
2487 3555 2608 3588 loquendi
2625 3563 2704 3588 quem

1649 3594 1674 3618 in
1692 3593 1742 3618 fine
1762 3601 1832 3618 num.
1847 3593 1940 3618 habent
1959 3593 2034 3618 etiarn
2054 3591 2163 3617 codices.

2739 822 2823 878 {aew-
2837 829 2868 846 iv.
2882 822 2952 848 Ten.

2781 1848 2926 1870 concordant

2740 1874 2810 1896 codd.
2821 1880 2872 1897 exe.
2879 1881 2950 1898 m.

2739 1953 2750 1964 ⁶
2768 1953 2938 1975 ammiran-

2738 1979 2810 2028 ff·
2825 1985 2875 2001 exc.
2892 1985 2938 2001 nm

2735 3057 2750 3104 L
2756 3057 2886 3104 {puer-ew
2903 3061 2950 3079 m
