2982 4022
47 561 58 570 '
71 559 132 581 eninr·
140 563 256 583 Δαιιιιοαε

12 582 26 606 {1
45 591 116 608 rvxr.

41 822 52 832 ·
71 820 166 849 quando
187 825 257 842 mcxx

42 853 175 873 ιοαετνιι.

46 1345 57 1355 ·
65 1342 218 1372 quantitatem
225 1343 258 1364 n*-

47 1375 76 1392 ve
101 1375 150 1391 om.
174 1368 258 1396 codd.,

12 1412 24 1432 (1
47 1401 146 1418 exc-m.

46 1448 59 1460 ²*
72 1449 97 1470 e!
108 1453 155 1470 non
169 1450 231 1469 recte
244 1453 259 1468 z

21 1469 27 1474 '
47 1480 125 1496 muna
147 1485 159 1490 -
177 1479 259 1495 secun·-

21 1518 25 1528 „
47 1500 102 1528 dnm
118 1506 166 1522 om.
182 1500 226 1522 rab
237 1503 259 1521 et

17 1534 20 1539 ·
49 1526 118 1548 codd.
133 1532 245 1548 exeam..

6 1587 19 1627 J
47 1605 61 1618 ⁸
73 1607 145 1628 totum
158 1610 238 1627 omo.

13 1783 27 1795 ,ἑ
45 1765 59 1778 ⁴*
76 1767 131 1787 actu
139 1765 208 1786 exist.
217 1770 257 1786 co-

11 1813 14 1817 ,
46 1790 110 1815 dices
124 1797 174 1813 exc.
183 1797 237 1812 ιιαι..

45 1817 103 1840 ”et
111 1817 166 1840 add.
174 1823 256 1839 omn.

46 1845 119 1866 'toto
133 1843 186 1866 add.
200 1848 244 1865 ιιι.

16 1887 21 1890 .
46 1870 116 1898 ‘qua
126 1869 196 1892 codd.
206 1875 256 1891 exc.

18 1902 20 1905 “
47 1901 142 1918 ΘΗΜ.

32 2793 36 2807 t

20 1930 25 1934 Α
45 1923 59 1934 ⁸
78 1922 182 1949 {desti-a,
203 1927 257 1943 Αεικ

20 1973 27 1987 .-
46 1954 144 1980 σαι-ηις
153 1954 201 1971 om.

47 2030 96 2052 'in
109 2030 163 2052 add.
171 2037 256 2053 mcum

45 2062 170 2111 2>qu1qu
187 2083 256 2105 codd.

45 2109 257 2172 ξιῧωῖιᾛοωωωέο

47 2193 244 2210 ammosa-vn.

50 2395 61 2406 ·
75 2400 91 2417 a
105 2395 261 2418 deetructione

149 2511 167 2536 Ρ·

50 2713 63 2726 ““
75 2713 154 2741 magi:
173 2719 260 2736 umen

51 2745 140 2766 uuaz.

1123 257 1234 293 CAP.
1265 256 1332 303 ιν,

284 335 452 372 cundum
481 334 697 383 qualitatem
716 341 740 372 κ.
763 336 811 372 Et
837 335 948 372 huius
977 334 1069 372 ratio
1099 341 1164 382 est,
1185 333 1274 382 quia
1301 333 1339 371 id

283 388 389 436 quod
418 395 472 424 est
499 394 633 425 notum
662 388 764 437 apud
791 388 1031 435 intellectum,
1053 386 1339 435 comprehendi-

283 448 344 478 tur
371 441 419 478 ab
448 440 530 489 ipso
550 448 735 489 quantum
763 440 812 478 ad
831 440 960 477 omnia
979 448 1077 487 quae
1095 439 1212 487 ipsius
1231 446 1337 483 sunt;

284 493 389 542 quod
408 506 487 530 non
514 501 638 542 potest
658 493 873 541 contingere
900 492 938 529 in
966 493 1091 540 aliquo
1119 491 1277 528 infinito.
1300 490 1339 527 Si

284 546 393 594 igitur
412 545 607 584 *ssalicuius
631 547 683 584 rei
701 545 884 596 principia
911 552 998 581 sunt
1014 543 1170 602 infinita,
1193 550 1341 592 oportet

286 611 331 636 ea
359 612 439 636 esse
467 599 604 658 ignota,
623 600 686 636 vel
710 597 919 636 secundum
938 596 1183 655 quantitatem
1201 596 1264 633 vel
1283 608 1339 632 se-

285 652 454 689 cundum
486 652 662 701 speciem.
697 651 775 688 Sed
805 650 836 686 si
867 649 1050 698 principia
1083 656 1170 685 sunt
1196 648 1338 721 ignota,

286 712 433 754 oportet
461 717 540 742 esse
569 704 695 752 ignota
723 715 768 739 ea
796 714 892 751 quae
921 709 1007 739 sunt
1036 714 1080 738 ex
1105 698 1337 750 principiis.

286 757 403 804 Quod
428 758 565 806 probat
593 768 637 792 ex
664 756 755 801 hoc,
786 754 874 803 quia
901 762 990 791 tunc
1018 754 1256 826 arbitramur*
1268 766 1338 790 nos

286 821 512 858 cognoscere
531 807 833 856 unumquodque
849 807 1115 856 compositum,
1137 818 1221 843 cum
1236 806 1338 842 *sci-

284 874 368 900 mus
393 873 443 898 ex
469 861 600 909 quibus
634 866 669 897 et
700 860 846 908 quantis
872 861 936 906 sit,
966 860 1062 897 idest
1094 859 1247 908 quando
1278 871 1339 895 co-

283 913 500 962 gnoscimus
520 921 556 950 et
573 913 717 962 species
746 919 781 949 et
804 912 1027 961 quantitates
1054 911 1337 961 principiorum.

284 966 460 1014 Sequitur
494 965 604 1013 igitur
637 965 683 1002 de
711 965 835 1013 primo
870 966 919 1002 ad
951 965 1148 1011 ultimum,
1178 964 1281 1013 quod
1309 963 1339 999 si

282 1018 463 1068 principia
483 1031 607 1055 rerum
623 1018 848 1055 naturalium
868 1025 954 1054 sunt
971 1017 1127 1064 infinita,
1148 1017 1251 1066 quod
1275 1028 1340 1052 na-

283 1071 420 1108 turales
448 1083 507 1108 res
527 1078 635 1107 erunt
656 1071 817 1118 ignotae,
836 1071 899 1108 vel
917 1070 1129 1107 secundum
1157 1068 1339 1118 quantita-

283 1130 361 1160 tem
388 1124 451 1161 vel
478 1124 688 1161 secundum
717 1123 893 1172 speciem.

339 1177 374 1212 8.
409 1177 626 1214 Secundam
655 1176 838 1213 rationem
867 1175 974 1224 'ponit
991 1175 1062 1212 ibi:
1082 1174 1254 1223 Amplius
1273 1186 1339 1210 au-

283 1234 356 1265 tem
383 1229 418 1265 si
443 1241 588 1266 necesse
612 1235 666 1266 est
692 1237 777 1265 etc.:
807 1241 904 1277 quae
930 1228 1011 1265 talis
1040 1235 1105 1264 est.
1128 1228 1167 1264 Si
1187 1227 1340 1264 alicuius

284 1281 398 1318 totius
425 1289 549 1330 partes
583 1294 661 1318 non
687 1282 838 1318 habent·
856 1281 1019 1329 aliquam
1052 1280 1340 1318 determinatam

285 1328 542 1383 quantitatem,
563 1334 643 1372 sive
659 1335 679 1356 ²¹²
706 1334 1005 1381 magnitudinem
1023 1334 1086 1370 vel
1103 1333 1339 1382 parvitatem,

285 1386 353 1424 sed
373 1387 550 1434 contingit
578 1399 641 1424 eas
665 1395 988 1435 quantascumque
1017 1398 1098 1423 esse
1121 1387 1183 1423 vel
1208 1398 1340 1422 secun-

286 1440 378 1477 dum
407 1439 705 1487 magnitudinem
732 1439 829 1476 vel*
854 1439 1066 1476 secundum
1097 1438 1340 1487 parvitatem3

285 1505 439 1530 necesse
459 1501 514 1529 est
534 1493 638 1541 quod
662 1499 783 1528 totum
803 1504 881 1528 non
899 1492 1037 1528 habeat
1055 1491 1341 1528 determinatam

286 1545 584 1593 magnitudinem
611 1545 673 1582 vel
704 1544 944 1594 parvitatem,
975 1544 1041 1581 sed
1071 1544 1259 1591 contingat
1286 1551 1341 1580 to-

285 1605 367 1635 tum
379 1599 399 1620 ²¹²
418 1610 499 1634 esse
519 1597 791 1645 cuiuscumque
814 1596 1080 1643 magnitudinis
1099 1597 1161 1632 vel
1179 1597 1341 1645 parvita-

285 1651 348 1687 tis:
372 1658 410 1687 et
427 1651 501 1686 hoc
519 1650 618 1696 ideo,
639 1650 727 1697 quia
745 1649 930 1696 quantitas
949 1648 1062 1685 totius
1082 1649 1269 1696 consurgit
1296 1661 1342 1685 ex

284 1703 464 1751 partibus.
485 1702 578 1749 (Sed
605 1703 680 1738 hoc
707 1701 989 1749 intelligendum
1018 1708 1073 1737 est
1101 1701 1147 1737 de
1174 1702 1342 1749 partibus

285 1753 525 1792 existentibus
554 1762 639 1791 actu
659 1756 679 1777 ²³²
707 1755 746 1792 in
777 1761 868 1801 toto,
891 1754 985 1791 sicut
1013 1766 1112 1802 caro,
1135 1754 1176 1775 ²¹³*
1203 1766 1342 1791 nervus

285 1815 322 1845 et
350 1821 394 1845 os
418 1808 577 1845 existunt
595 1808 668 1844 in*
692 1806 864 1844 animali:
885 1814 921 1843 et
938 1807 1013 1843 hoc
1033 1814 1088 1843 est
1114 1807 1218 1867 quod
1243 1806 1341 1853 dicit,

283 1861 366 1898 dico
393 1866 518 1897 autem
547 1861 675 1897 talium
709 1860 875 1908 aliquam
902 1860 1092 1907 partium,
1122 1860 1158 1896 in
1188 1871 1302 1908 quam
1322 1861 1341 1880 ⁴⁶

284 1925 370 1950 cum
394 1914 488 1959 insit,
515 1913 665 1950 scilicet
673 1914 692 1935 ²¹⁸
721 1919 817 1958 actu,
838 1912 1013 1949 dividitur
1031 1912 1184 1960 aliquod
1209 1917 1342 1949 totum.-

284 1973 321 2002 et
338 1978 407 2015 per
424 1967 498 2003 hoc
517 1965 766 2003 excluduntur
782 1972 907 2014 partes
921 1964 1033 2002 totius
1050 1965 1227 2012 continui,
1244 1977 1341 2013 quae

283 2020 400 2055 sunt*
414 2018 581 2067 potentia
599 2018 638 2055 in
656 2019 765 2067 ipso).
778 2039 802 2046 -
820 2018 895 2055 Sed
914 2017 1144 2066 impossibile
1165 2025 1221 2054 est
1239 2018 1343 2066 quod

284 2071 423 2108 animal
441 2072 503 2107 vel
521 2072 648 2119 planta
665 2072 727 2108 vel
756 2070 908 2118 aliquod
922 2071 942 2092 *
968 2070 1188 2108 huiusmodi
1205 2071 1343 2107 habeat

285 2135 324 2160 se
343 2123 629 2161 indeterminate
649 2124 697 2160 ad
717 2125 1065 2171 quantamcumque
1080 2123 1099 2144 ’¹‘
1119 2123 1342 2170 magnitudi-

285 2187 375 2212 nem
393 2176 456 2212 vel
483 2175 724 2223 parvitatem:
751 2182 806 2212 est
825 2175 1069 2223 enimaliqua
1088 2175 1273 2223 quantitas
1292 2176 1356 2217 ita,

286 2239 440 2275 magna,
463 2228 560 2264 ultra
578 2240 694 2275 quam
723 2228 868 2264 nullum
896 2227 1036 2263 animal
1066 2227 1284 2275 extenditur,
1307 2235 1342 2264 et

288 2279 413 2327 aliqua
440 2280 490 2316 ita
516 2292 651 2328 parva,
681 2280 775 2317 infra
803 2291 919 2328 quam
947 2280 1092 2316 nullum
1120 2276 1260 2316 animal
1287 2280 1341 2316 in-

286 2332 446 2378 venitur3
469 2339 512 2368 et·
523 2332 691 2369 similiter
717 2332 920 2369 dicendum
941 2339 995 2368 est
1014 2332 1061 2369 de
1080 2333 1216 2381 planta.
1239 2333 1340 2380 Ergo

288 2385 454 2433 sequitur
468 2384 517 2421 ad
532 2385 824 2422 destructionem
839 2386 859 2406 *
870 2385 1144 2433 consequentis,
1157 2385 1262 2433 quod
1276 2397 1340 2421 ne-

287 2450 361 2486 que
389 2437 513 2486 aliqua
539 2437 702 2486 partium
723 2438 768 2474 sit
786 2437 1096 2474 indeterminatae
1115 2438 1339 2486 quantitatis,

287 2490 374 2539 quia
402 2490 522 2527 simile
542 2498 597 2527 est
625 2490 672 2526 de
691 2498 770 2527 toto
792 2497 827 2527 et
845 2491 892 2527 de
911 2490 1078 2539 partibus
1096 2496 1126 2527 μ,
1149 2491 1225 2527 Sed
1254 2502 1340 2527 caro

288 2550 324 2580 et
342 2555 385 2579 os
405 2550 441 2580 et
458 2542 678 2580 huiusmodi
698 2551 783 2580 sunt
801 2550 925 2592 partes
945 2543 1127 2590 animalis,
1149 2550 1184 2579 et
1202 2544 1342 2580 fructus

286 2602 372 2632 sunt
389 2603 514 2645 partes
532 2597 760 2645 plantarum:
781 2596 1012 2644 impossibile
1033 2604 1088 2632 est
1113 2595 1219 2643 igitur
1238 2596 1341 2644 quod

287 2660 374 2685 caro
404 2656 440 2685 et
463 2661 506 2685 os
527 2655 562 2685 et
579 2649 799 2686 huiusmodi
825 2650 988 2689 habeant
1015 2649 1342 2686 indeterminatam

287 2701 538 2749 quantitatem,
550 2702 611 2737 vel
630 2701 840 2739 secundum
865 2702 987 2738 maius
1004 2702 1025 2723 ’¹‘
1046 2702 1108 2738 vel
1132 2701 1342 2738 secundum

287 2754 424 2790 minus.
454 2754 546 2789 Non
574 2766 662 2800 ergo
692 2761 746 2790 est
772 2754 949 2802 possibile
977 2754 1082 2802 quod
1106 2754 1177 2790 sint
1196 2754 1342 2802 aliquae

287 2813 411 2855 partes
440 2806 559 2842 carnis
589 2814 652 2842 aut
680 2806 774 2843 ossis
793 2819 891 2854 quae
911 2807 981 2843 sint
1004 2807 1237 2843 insensibiles
1255 2819 1342 2855 pro-

286 2866 369 2907 pter
392 2859 632 2907 parvitatem.

288 2970 667 3038 .di.}‘3.{{”1‚⁰'¹23’3.{3‡“2‡22';
683 2970 1344 3039 {Zssffgssssssn'0353afiiflic‘ssss’pffssaidssiltfjassess‘i.53

289 3042 352 3066 dum
371 3041 553 3074 quantitatem.
572 3041 606 3064 At
624 3041 700 3064 editio
714 3048 731 3064 a
751 3045 776 3065 et
793 3042 893 3066 codices
912 3040 1014 3072 habent,
1029 3042 1149 3074 ignotum
1168 3042 1200 3066 de
1219 3049 1249 3067 eo
1269 3042 1345 3074 quale

288 3077 361 3101 sit.-
370 3076 419 3100 Per
442 3076 566 3100 vocabula
586 3076 661 3107 quale
679 3076 720 3100 vel
739 3076 893 3108 qualitatem
913 3084 964 3100 non
982 3076 1130 3108 intelligitur
1148 3077 1189 3101 hic
1207 3077 1343 3106 accidens,

290 3111 336 3135 sed
355 3111 495 3135 differentia
513 3110 670 3141 essentiam,
690 3118 742 3142 qua
758 3118 800 3135 res
820 3110 979 3136 constituitur
999 3111 1025 3136 in
1050 3112 1216 3136 determinata
1234 3113 1345 3138 essentia

290 3153 302 3170 s
323 3145 416 3170 ecifica.

304 3153 320 3178 p
342 3179 371 3212 λ)
390 3187 427 3205 ex
441 3180 589 3212 principiis.
604 3194 624 3199 -
638 3180 879 3210 ABCIKLOQSTV
892 3188 929 3206 ex
943 3181 1018 3213 ipsis;
1037 3182 1061 3206 X
1078 3182 1160 3214 prima
1179 3190 1257 3206 manu
1276 3182 1343 3207 idem

290 3215 381 3246 habet,
401 3215 447 3239 sed
466 3216 578 3240 secunda
596 3223 674 3240 manu
689 3216 822 3247 corrigitur
836 3217 861 3240 in
882 3223 918 3240 ex
928 3217 1083 3247 praedictis.
1096 3230 1115 3235 —
1128 3217 1206 3241 Linea
1225 3217 1346 3249 sequenti

291 3258 338 3283 pro
357 3257 395 3274 ex
406 3250 462 3279 hoc,
475 3249 569 3274 habent
583 3257 634 3281 per
646 3251 693 3275 hoc
713 3251 1037 3281 ABCFlKLOQSTVXY;
1052 3252 1110 3276 loco
1124 3252 1194 3284 quia,
1208 3252 1345 3284 MNRZpH

291 3286 327 3309 sL
347 3285 428 3317 quod,
449 3285 794 3316 ABCIKOQSTVXYpLsH
809 3286 879 3317 quod
898 3286 970 3315 dicit,
985 3286 1029 3310 DF
1044 3287 1114 3318 quod
1127 3287 1191 3311 dicit
1210 3287 1345 3319 quia.—ln

291 3319 342 3344 fine
361 3319 435 3343 huius
455 3319 555 3343 numeri
574 3320 690 3344 addimus
703 3320 816 3352 primum
835 3321 875 3344 vel
893 3328 923 3345 ex
941 3321 1061 3345 omnibus
1077 3322 1220 3352 codicibus3
1240 3322 1285 3354 qui
1304 3330 1345 3346 ex-

292 3355 371 3386 ceptis
389 3354 485 3378 DEGH
506 3358 674 3386 transponunt
691 3354 780 3378 ultima
798 3355 877 3378 verba
894 3354 944 3379 hoc
962 3356 1054 3380 modo:
1077 3356 1117 3380 vel
1129 3357 1270 3381 secundum
1289 3364 1345 3388 spe-

291 3389 356 3414 ciem
376 3390 416 3413 vel
433 3389 575 3413 secundum
594 3389 777 3420 quantitatem.

346 3423 374 3458 μ)
394 3427 420 3448 et
439 3424 471 3448 de
484 3423 692 3455 partibus.—1ta
712 3423 794 3447 HMN.
814 3423 938 3448 PDEGab
956 3427 982 3448 et
995 3425 1132 3456 partibus,
1153 3425 1198 3450 FO
1217 3429 1243 3450 et
1256 3428 1346 3457 parte,

292 3459 369 3484 ceteri
388 3462 414 3484 et
433 3459 464 3483 de
478 3461 567 3490 parte.
586 3458 733 3482 Immediate
752 3463 819 3490 post,
833 3458 902 3482 DEG
918 3460 975 3483 loco
990 3459 1044 3484 Sed
1056 3459 1149 3483 habent
1161 3460 1238 3492 quia:
1253 3465 1278 3484 at
1292 3468 1346 3484 ma-

293 3494 415 3519 nifestum
435 3499 474 3518 est
492 3494 561 3526 quod
575 3501 680 3518 erronee
699 3493 802 3526 ponitur
819 3493 859 3518 hic
874 3493 995 3525 particula
1014 3494 1254 3519 causalis-Altera
1272 3495 1346 3525 linea,

292 3529 315 3554 D
340 3532 366 3553 et
388 3529 442 3554 alia
466 3528 628 3558 huiusmodi,
648 3528 933 3558 ABCFIKLOQSVXY
964 3532 990 3553 et
1019 3529 1108 3553 omnia
1131 3529 1347 3555 huiusm.-Post

285 3565 395 3596 fructus
420 3572 472 3588 om.
487 3568 548 3588 sunt
568 3563 620 3588 Pab
639 3568 664 3588 et
683 3563 739 3594 RZ,
759 3563 803 3595 qui
821 3571 874 3588 om.
893 3563 968 3588 etiam
983 3566 1084 3595 partes.
1101 3564 1198 3588 Eadem
1217 3564 1282 3589 linea
1299 3565 1346 3589 ΑΚ

1362 256 1513 293 LECT.
1543 258 1606 294 IX.

2401 270 2449 306 29

1447 344 1482 380 9.
1498 333 1656 371 Videtur
1674 342 1801 371 autem
1820 337 1925 383 quod
1944 336 2004 373 hic
2024 336 2156 373 dicitur
2174 342 2196 382 ’,
2219 336 2448 374 contrarium

1394 397 1475 421 esse
1504 385 1678 424 divisioni
1703 388 1865 424 continui
1886 389 1926 425 in
1944 389 2145 426 infinitum.
2177 389 2218 425 Si
2238 388 2338 425 enim
2359 401 2448 426 con-

1392 437 1539 474 tinuum
1573 439 1611 475 in
1644 439 1834 477 infinitum
1873 441 2056 478 divisibile
2086 449 2159 489 est,
2199 454 2286 478 caro
2321 449 2449 478 autem

1394 490 1614 527 continuum
1642 492 1839 540 quoddam
1869 501 1942 539 est3
1971 494 2121 530 videtur
2148 494 2252 542 quod
2272 494 2373 531 sitin
2395 494 2450 531 in-

1391 542 1542 579 finitum
1571 543 1773 581 divisibilis.
1805 545 1973 582 Omnem
2001 546 2110 593 igitur
2136 546 2361 595 parvitatem
2385 547 2449 583 de-

1392 595 1632 632 terminatam
1660 598 1897 634 transcendet
1926 599 1945 619 *
1975 611 2062 647 pars
2091 599 2211 636 carnis
2239 599 2450 636 secundum
2478 607 2488 617 ·

1394 647 1619 685 divisionem
1652 649 1847 686 infinitam.
1879 651 1955 687 Sed
1986 651 2188 688 dicendum
2226 651 2329 700 quod
2366 651 2452 688 licet

1394 711 1552 748 corpus,
1581 702 1846 738 mathematice
1875 710 2095 751 acceptum,
2126 703 2172 740 sit
2199 704 2383 740 divisibile
2411 703 2451 740 in

1392 752 1601 800 infinitum,
1632 766 1768 803 corpus
1795 762 1923 792 tamen
1952 757 2117 792 naturale
2146 768 2225 792 non
2251 764 2305 793 est
2325 756 2450 795 divisi-

1393 805 1466 841 bile
1493 805 1532 842 in
1551 805 1751 843 infinitum.
1774 808 1816 843 In
1841 820 1999 856 corpore
2025 809 2126 845 enim
2147 810 2167 830 *
2182 809 2449 846 mathematico

1392 870 1471 894 non
1499 858 1755 896 consideratur
1773 859 1842 896 nisi
1863 860 2059 908 quantitas,
2080 861 2118 897 in
2141 874 2216 909 qua
2239 861 2329 897 nihil
2347 861 2451 898 inve-

1392 909 1491 946 nitur
1518 910 1692 948 divisioni
1720 912 1760 948 in
1786 912 1975 949 infinitum
2000 914 2020 934 '¹‘
2048 926 2282 962 repugnans;
2312 914 2379 950 sed
2413 913 2451 950 in
2478 918 2489 929 '

1394 974 1551 1010 corpore
1581 964 1738 1000 naturali
1775 965 2031 1002 consideratur
2058 967 2077 987 ³*
2107 967 2229 1002 forma
2257 966 2490 1013 naturalis,

1393 1027 1490 1062 quae
1516 1016 1668 1063 requirit
1696 1016 1983 1055 determinatam
2016 1018 2260 1067 quantitatem
2295 1018 2389 1055 sicut
2417 1026 2453 1055 et

1393 1067 1464 1103 alia
1492 1068 1708 1105 accidentia.
1735 1069 1844 1106 Unde
1873 1083 1951 1107 non
1977 1079 2102 1119 potest
2128 1070 2288 1108 inveniri
2307 1071 2452 1119 quanti-

1393 1126 1448 1156 tas
1467 1119 1505 1156 in
1524 1121 1648 1169 specie
1668 1121 1788 1158 carnis
1807 1122 1878 1158 nisi
1900 1123 1994 1159 infra
2014 1124 2159 1172 aliquos
2186 1124 2367 1161 terminos
2389 1124 2452 1161 de-

1392 1180 1601 1210 termmata.

1453 1237 1510 1263 1o.
1540 1225 1710 1262 Tertiam
1747 1226 1931 1263 rationem
1969 1228 2075 1276 ponit
2107 1228 2181 1266 ibi:
2216 1229 2388 1278 Amplius
2420 1231 2454 1266 si

1394 1279 1521 1315 omnia
1550 1286 1616 1315 etc.
1639 1280 1688 1315 Et
1716 1279 1812 1316 circa
1839 1280 1914 1316 hoc
1938 1277 1951 1303 ξ
1970 1281 2045 1317 duo
2075 1282 2180 1318 facit:
2202 1282 2326 1331 primo
2345 1295 2453 1331 prae-

1394 1331 1504 1368 mittit
1522 1331 1712 1379 quaedam
1737 1343 1782 1368 ex
1801 1332 1937 1391 quibus
1957 1342 2255 1381 argumentatur,
2285 1335 2452 1371 secundo

1394 1383 1502 1432 ponit
1517 1384 1782 1421 deductionem
1800 1385 1964 1432 rationis,
1976 1386 2048 1422 ibi:
2064 1388 2224 1423 Remota
2239 1388 2338 1423 enim
2348 1388 2368 1408 ’³
2382 1395 2451 1424 etc.

1397 1436 1506 1473 Circa
1532 1437 1700 1485 primum
1741 1437 1810 1473 tria
1837 1438 2026 1486 proponit.
2057 1439 2229 1477 Primum
2268 1440 2453 1487 estquod

1396 1489 1527 1533 omnia
1559 1490 1671 1526 simul
1703 1497 1789 1526 sunt
1809 1491 2019 1527 secundum
2047 1492 2276 1539 positionem
2304 1494 2452 1529 Anaxa-

1395 1553 1525 1589 gorae,
1554 1549 1596 1578 ut
1624 1542 1765 1578 dictum
1794 1550 1849 1579 est
1868 1544 1905 1579 *ε
1936 1555 1980 1579 ex
1999 1556 2076 1591 quo
2094 1545 2175 1581 vult
2200 1545 2386 1581 deducere
2406 1545 2454 1582 ad

1395 1595 1678 1632 inconveniens.
1708 1595 1867 1631 Dicebat
1895 1596 1996 1632 enim
2027 1599 2292 1645 Anaxagoras,
2325 1605 2367 1634 ut
2401 1598 2454 1635 di-

1397 1655 1499 1684 ctum
1528 1656 1582 1684 est
1601 1649 1634 1695 ²¹⁶,
1664 1648 1767 1696 quod
1796 1648 1925 1684 omnia
1946 1650 2168 1696 huiusmodi,
2190 1651 2328 1687 scilicet
2355 1663 2452 1698 quae

1397 1708 1482 1736 sunt
1501 1700 1679 1736 similium
1698 1700 1872 1749 partium,
1893 1708 1934 1737 ut
1953 1714 2039 1738 caro
2061 1709 2097 1738 et
2116 1715 2159 1739 os
2179 1711 2215 1739 et
2234 1703 2378 1750 similia,
2398 1703 2453 1740 in-

1396 1760 1482 1789 sunt
1500 1753 1675 1800 invicem,
1698 1760 1732 1789 et
1751 1765 1829 1789 non
1848 1753 1944 1789 fiunt
1964 1754 2010 1790 de
2030 1767 2147 1802 novo,
2168 1756 2235 1792 sed
2258 1768 2453 1803 segregan-

1397 1813 1456 1842 tur
1476 1806 1495 1827 *
1516 1818 1561 1842 ex
1580 1806 1706 1854 aliquo
1733 1805 1773 1842 in
1792 1818 1868 1854 quo
1896 1807 2201 1855 praeextiterunt;
2223 1809 2289 1845 sed
2316 1821 2453 1844 unum-

1397 1859 1577 1906 quodque
1594 1858 1859 1895 denominatur
1872 1870 1896 1894 a
1905 1859 2084 1907 plurimo,
2104 1860 2200 1897 idest
2215 1874 2237 1897 a
2250 1862 2420 1909 pluribus
2432 1863 2452 1883 ‘²‘

1395 1911 1564 1959 partibus
1592 1911 1630 1948 in
1650 1923 1690 1947 re
1709 1911 1729 1931 *
1747 1910 1998 1948 existentibus.
2016 1913 2237 1950 Secundum
2267 1921 2321 1950 est
2348 1915 2453 1961 quod

1396 1964 1592 2012 quodlibet
1618 1964 1661 2000 fit
1689 1975 1734 2000 ex
1762 1963 1940 2012 quolibet,
1971 1964 2064 2001 sicut
2092 1978 2138 2002 ex
2157 1979 2268 2003 carne
2293 1967 2336 2003 fit
2355 1979 2453 2014 aqua

1395 2030 1464 2066 per
1483 2017 1791 2065 segregationem,
1815 2023 1850 2052 et
1868 2016 2036 2054 similiter
2055 2030 2142 2055 caro
2163 2031 2208 2055 ex
2228 2031 2337 2068 aqua.
2359 2020 2452 2056 Ter-

1395 2070 1489 2106 tium
1518 2077 1574 2107 est
1600 2069 1705 2117 quod
1734 2081 1850 2106 omne
1879 2082 2016 2118 corpus
2044 2071 2194 2108 finitum
2222 2078 2410 2109 resecatur
2428 2085 2452 2109 a

1395 2134 1553 2170 corpore
1568 2123 1700 2170 finito:
1719 2123 1793 2158 hoc
1822 2129 1887 2169 est,
1909 2122 1940 2158 si
1967 2124 2014 2159 ab
2035 2124 2159 2172 aliquo
2189 2137 2349 2173 corpore
2366 2126 2385 2146 ³*
2408 2126 2490 2161 fi-

1395 2175 1473 2211 nito
1494 2182 1844 2224 quantumcumque
1873 2187 2012 2222 magno
2041 2177 2231 2213 auferatur
2263 2178 2452 2215 multoties

1396 2240 1533 2276 corpus
1560 2227 1579 2249 *
1605 2227 1755 2264 finitum
1775 2235 2127 2277 quantumcumque
2146 2242 2322 2278 parvum,
2344 2231 2453 2268 toties

1394 2280 1531 2328 poterit
1549 2280 1684 2316 auferri
1708 2280 1832 2316 minus
1852 2293 1874 2316 a
1893 2281 2039 2328 maiori,
2060 2283 2165 2329 quod
2184 2289 2305 2319 totum
2331 2284 2453 2320 maius

1396 2340 1640 2369 consumetur
1666 2333 1686 2353 ³⁸
1714 2345 1736 2368 a
1768 2332 1905 2369 minori
1937 2346 2005 2382 per
2034 2334 2272 2372 divisionem.
2311 2337 2369 2372 Ex
2395 2336 2454 2373 his

1396 2392 1522 2421 autem
1541 2385 1658 2421 tribus
1679 2385 1868 2421 concludit
1891 2386 1995 2434 quod
2012 2387 2264 2436 principaliter
2283 2388 2451 2436 intendit,

1396 2437 1534 2474 scilicet
1547 2438 1652 2485 quod
1665 2449 1744 2473 non
1764 2437 1808 2473 sit
1826 2439 2157 2498 unumquodque
2149 2453 2187 2477 111
2206 2453 2452 2501 unoquoque,

1396 2490 1500 2539 quod
1530 2497 1584 2526 est
1612 2489 1841 2526 contrarium
1868 2491 1998 2549 primo
2027 2492 2186 2529 istorum
2214 2493 2327 2531 trium
2354 2495 2455 2543 posi-

1396 2549 1533 2580 tor.um
1565 2543 1627 2579 Sic
1655 2541 1756 2578 enim
1786 2543 1964 2590 contingit
1990 2543 2028 2580 in
2054 2545 2259 2582 rationibus
2288 2547 2454 2584 ducenti-

1396 2595 1466 2631 bus
1499 2595 1547 2632 ad
1575 2595 1823 2643 impossibile,
1853 2596 1957 2643 quod
1986 2597 2230 2634 concludatur
2252 2599 2272 2619 '¹‘
2295 2600 2455 2637 finaliter
2481 2607 2492 2618 *⁸

1393 2648 1597 2684 destructio
1627 2647 1779 2684 alicuius
1807 2648 2115 2696 praemissorum.

1456 2713 1468 2737 1
1482 2713 1512 2738 1.
1525 2700 1672 2737 Deinde
1688 2712 1775 2736 cum
1792 2701 1893 2737 dicit:
1905 2703 2064 2738 Remota
2079 2702 2177 2739 enim
2193 2715 2243 2738 ex
2255 2715 2356 2752 aqua
2369 2712 2450 2752 etc.,

1398 2753 1548 2790 deducit
1584 2754 1973 2800 argumentationem:
2014 2762 2049 2791 et
2087 2755 2242 2792 assumit
2279 2758 2383 2805 quod
2415 2758 2453 2794 in

1396 2805 1635 2854 praecedenti
1664 2806 1985 2853 argumentatione
2015 2808 2235 2844 conclusum
2265 2817 2329 2846 est.
2356 2810 2455 2847 Dicit

1399 2858 1500 2895 enim
1529 2859 1632 2906 quod
1652 2859 1682 2895 si
1703 2871 1747 2895 ex
1767 2871 1865 2907 aqua
1890 2867 2133 2897 removeatur
2152 2874 2239 2898 caro
2260 2860 2366 2908 (dum
2387 2863 2454 2899 sci-

1398 2972 1591 3004 OQSTVYpIX
1610 2981 1663 2997 om.
1683 2973 1779 3006 igitur,
1804 2973 1875 2998 cuius
1894 2974 1951 2998 loco
1970 2974 1994 2997 H
2018 2973 2094 2999 habet
2117 2974 2195 2999 enim.
2207 2989 2226 2993 -
2238 2975 2333 3000 Iterum
2356 2979 2382 3000 et
2400 2976 2455 3001 alia

1397 3007 1548 3032 huiusmodi
1566 3008 1654 3040 legunt
1672 3009 1772 3033 codices
1792 3008 1902 3040 exceptis
1921 3008 1993 3033 DLM
2012 3014 2037 3033 et
2054 3010 2084 3040 B
2100 3010 2143 3042 qui
2162 3009 2239 3034 habet
2256 3013 2282 3035 et
2300 3011 2389 3035 omnia
2407 3012 2456 3036 hu-

1398 3042 1519 3067 iusmodi.

1451 3077 1474 3111 ν)
1495 3078 1566 3109 quod
1583 3078 1624 3103 hic
1643 3077 1777 3102 dicitur.—
1786 3078 1826 3102 PF
1845 3079 1894 3104 hoc
1913 3079 1984 3111 quod
2002 3079 2108 3104 dicitur.
2126 3080 2276 3104 Lectionem
2296 3088 2374 3113 quam
2393 3082 2454 3105 ado-

1397 3112 1525 3144 ptavimus
1545 3112 1640 3138 habent
1664 3121 1755 3137 omnes
1774 3114 1815 3138 alii
1834 3115 1908 3139 codd.
1922 3120 1946 3138 et
1965 3114 2012 3144 ab,
2035 3115 2082 3139 nisi
2101 3115 2172 3147 quod
2191 3115 2301 3147 CQpGL
2321 3123 2367 3148 per
2385 3123 2455 3140 erro-

1397 3155 1453 3172 rem
1477 3148 1672 3173 amanuensium
1697 3153 1796 3180 ponunt
1824 3149 1872 3174 hoc
1897 3157 1943 3182 pro
1967 3149 2045 3175 hic.—-
2054 3150 2116 3174 Post
2137 3150 2302 3174 contrarium
2327 3158 2380 3175 om.
2401 3158 2455 3176 csse

1453 3215 1475 3250 ξ)
1490 3218 1526 3242 Et
1543 3201 1614 3243 circa
1630 3218 1678 3243 hoc
1697 3217 1749 3243 duo
1760 3219 1841 3251 facit.
1855 3233 1874 3237 —
1887 3220 1922 3244 Ita
1936 3220 2037 3244 codices
2056 3220 2233 3249 BDFHMNX;
2248 3220 2267 3244 P
2285 3220 2361 3244 Circa
2375 3227 2453 3252 quam

1399 3252 1466 3281 duo,
1492 3253 1590 3278 scilicet
1602 3254 1707 3284 primo,
1733 3261 1799 3285 quae
1822 3259 1861 3278 est
1886 3255 2007 3279 correctio
2026 3262 2072 3286 pro
2094 3254 2171 3279 Circa
2189 3255 2253 3279 haec
2271 3255 2337 3283 duo,
2356 3255 2455 3279 scilicet

1394 3287 1493 3319 primo,
1508 3289 1578 3320 quod
1591 3288 1685 3312 habent
1704 3289 1826 3313 editiones
1840 3296 1857 3313 a
1867 3290 1891 3314 b.
1911 3290 1953 3313 RZ
1967 3290 2088 3314 omittunt
2109 3289 2145 3313 Et
2161 3289 2232 3314 circa
2245 3289 2293 3314 hoc
2307 3289 2359 3313 duo
2366 3290 2455 3322 sacit;

1398 3323 1418 3346 Z
1433 3326 1459 3347 et
1467 3323 1566 3354 primo.
1586 3323 1636 3347 Pro
1649 3324 1686 3348 Et
1699 3324 1771 3348 circa
1784 3324 1839 3353 hoc,
1857 3325 1878 3348 E
1896 3324 1972 3348 Circa
1982 3325 2108 3355 primum,
2120 3324 2143 3348 G
2159 3324 2236 3348 Circa
2249 3324 2303 3353 hoc,
2320 3325 2394 3349 ceteri
2411 3333 2453 3350 co-

1399 3358 1467 3382 dices
1487 3358 1523 3382 Et
1540 3358 1612 3383 circa
1630 3358 1706 3383 hanc.
1719 3372 1737 3377 -
1751 3359 1812 3382 Post
1825 3359 1915 3390 primo
1935 3359 2031 3383 addunt
2048 3358 2116 3383 enim
2134 3358 2455 3389 ABCFIKLQSTVXY.-

1400 3392 1466 3418 lnsra
1480 3393 1537 3417 loco
1555 3393 1633 3418 simul
1650 3397 1718 3423 sunt,
1734 3394 1774 3417 LS
1792 3394 1842 3418 sibi
1856 3393 1964 3418 invicem
1980 3394 2069 3418 insunt
2084 3391 2116 3425 (S
2130 3394 2214 3426 sunt):
2228 3393 2289 3418 haec
2304 3394 2379 3419 lectio
2393 3403 2455 3419 con-

1399 3427 1467 3458 gruit
1485 3435 1544 3452 cum
1562 3427 1644 3452 forma
1663 3428 1783 3460 loquendi
1806 3436 1872 3460 quae
1891 3433 1951 3460 post
1970 3436 2063 3459 paucas
2088 3428 2168 3452 lineas
2187 3428 2334 3459 adhibetur,
2360 3437 2454 3462 nempe

1399 3462 1489 3486 insunt
1507 3462 1625 3487 invicem.
1637 3476 1657 3482 —
1671 3464 1749 3487 Linea
1769 3463 1885 3494 sequenti
1908 3463 1965 3486 loco
1983 3470 2020 3487 ex
2038 3470 2088 3495 quo
2107 3464 2174 3492 vult,
2195 3464 2270 3488 editio
2289 3471 2306 3488 a
2324 3464 2400 3490 habet
2418 3472 2455 3490 ex

1398 3504 1465 3528 quae
1479 3498 1542 3526 vult,
1558 3498 1657 3522 codices
1677 3502 1782 3529 excepto
1797 3497 1819 3521 G
1832 3504 1869 3521 ex
1881 3504 1933 3528 qua
1946 3498 2009 3521 vult.
2018 3511 2038 3516 -
2050 3498 2111 3522 Post
2123 3499 2228 3523 alteram
2243 3499 2344 3529 lineam.
2358 3500 2455 3525 scilicet

1398 3536 1458 3564 post
1471 3530 1621 3557 huiusmodi
1639 3533 1757 3556 omittunt
1771 3532 2047 3563 PDEGHMNORZab,
2061 3533 2085 3557 T
2098 3534 2171 3566 ponit
2185 3534 2293 3559 eandem
2305 3536 2454 3567 particulam

1399 3571 1458 3590 ante
1476 3567 1634 3591 huiusmodi.

2503 608 2648 629 transcendit
2660 614 2689 630 ΑΒ

2478 639 2661 660 εικιοαςτνιιη.

2478 814 2488 822 “’
2503 815 2580 834 autem
2593 819 2688 835 nucum(

2478 846 2503 861 a.

2516 917 2540 938 in
2574 917 2690 944 infinitum

2479 949 2527 965 om.
2539 949 2689 971 prcuuunzpu

2478 975 2492 990 ιι
2502 973 2524 990 ct
2537 976 2552 990 α
2561 970 2581 991 b.

2478 996 2617 1017 *invenitur
2626 995 2678 1018 rab.

2479 1391 2492 1402 ⁸
2505 1390 2576 1412 Num.
2587 1397 2636 1419 seq.

2481 1549 2492 1557 “
2506 1548 2576 1570 Num.
2586 1554 2605 1576 5.

2480 1657 2491 1668 ⁴¹
2506 1657 2576 1679 Num.
2587 1663 2604 1685 5,
2617 1663 2665 1685 seq.

2480 1814 2490 1823 '¹
2511 1816 2690 1841 congregantur

2478 1846 2639 1871 xonsrvgpx.

2479 1868 2488 1876 “
2500 1866 2610 1894 plurimrs
2625 1873 2664 1888 DF.

2479 1919 2490 1930 ⁸
2499 1925 2525 1940 se
2534 1919 2602 1940 codd.
2611 1923 2632 1940 et
2642 1925 2656 1940 α
2665 1919 2686 1940 b.

2498 2132 2527 2179 εέ·
2533 2137 2547 2152 α
2563 2137 2661 2159 corpore
2674 2138 2687 2153 r

2480 2163 2495 2178 α

2481 2242 2490 2251 ·
2506 2247 2591 2269 corpus
2610 2247 2658 2263 om.

2480 2267 2533 2289 rab

2480 2345 2491 2356 '⁶
2501 2351 2512 2366 c
2518 2348 2655 2367 onsumatur

2481 2377 2534 2393 toa.

2510 2607 2655 2629 concluditur
2665 2614 2694 2629 nc

2482 2639 2639 2658 rixoanvxv.
