2898 3996
21 671 27 690 ¹»,
58 678 146 695 causae
165 678 223 694 nens·

26 704 29 709 ·
45 710 49 717 c
62 706 68 726 ;
79 704 112 727 po
125 699 169 721 lac.

42 1563 123 1612 Ἣ,
129 1569 162 1586 n.1
171 1570 235 1592 seqq.

26 1588 235 1664 {45:225233.

21 1656 28 1669 ·.
43 1641 70 1665 S.
115 1657 130 1670 .‚
141 1642 236 1665 lectari,

17 1715 26 1754 -ΓῙ
50 1720 88 1742 hic
101 1720 170 1742 codd.

22 1888 32 1905 ς
49 1879 113 1902 Lect.
122 1885 153 1907 rx,
168 1886 192 1902 n.
202 1886 235 1902 10.

25 1948 28 1949 ν
49 1932 120 1954 etiam
134 1931 187 1954 add.
199 1938 222 1954 n.

46 1957 127 1986 Capax
144 1964 235 1980 numae

45 1999 48 2001 -
56 1995 60 2002 ·
67 1974 236 2013 q.-s.‘¹l''h.lectt.

23 2018 25 2021 v
66 2017 107 2032 v.-
116 2013 141 2032 et
147 2011 236 2039 Mundo

24 2049 26 2051 ·
45 2037 79 2059 d.
88 2043 131 2063 κα.

1110 277 1221 313 CAP.
1238 276 1301 332 *III
1309 303 1319 322 ,
1349 276 1499 313 LECT.
1527 277 1579 313 Vl

318 359 353 394 8.
384 356 502 403 Quod
529 362 657 393 autern
685 355 903 392 Aristoteles
937 355 997 391 hic
1027 355 1074 392 de
1103 354 1320 402 acceptione

264 409 440 447 scientiae
460 409 558 455 dicit,
577 409 729 445 videtur
753 421 834 445 esse
856 408 1067 445 secundum
1087 406 1322 443 Platonicam

263 461 496 511 opinionem.
517 461 649 498 Posuit
677 461 778 498 enim
799 462 904 497 Plato
926 460 1030 508 quod
1059 459 1154 496 sicut
1176 459 1322 495 formae

261 522 456 563 separatae
485 521 572 550 sunt
600 526 734 550 causae
763 512 1014 561 generationis
1043 519 1079 548 et
1107 510 1322 548 existentiae

262 579 390 604 rerum
405 567 643 613 naturalium,
654 579 723 615 per
738 567 812 602 hoc
827 565 931 614 quod
946 564 1103 601 materia
1118 562 1322 612 corporalis

262 619 460 668 participat
478 619 686 668 aliqualiter
703 617 921 655 huiusmodi
950 617 1092 653 formas
1110 623 1318 664 separatas;

263 672 314 708 ita
333 672 446 708 etiam
474 679 561 709 sunt
585 683 698 708 causa
714 669 923 707 *scientiae
950 668 988 705 in
1016 668 1138 715 nobis,
1162 680 1231 716 per
1249 668 1322 704 hoc

263 724 368 773 quod
396 724 522 761 anima
550 731 678 760 nostra
705 735 768 759 eas
797 721 1002 769 aliqualiter
1028 720 1244 769 participat,
1273 720 1323 756 ita

264 777 369 824 quod
396 777 478 826 ipsa
503 775 738 825 participatio
762 775 972 810 formarum
997 780 1256 821 separatarum
1284 772 1323 809 in

264 829 392 866 anima
419 836 546 866 nostra
583 835 638 864 est
664 826 828 863 scientia.
868 826 930 862 Sic
959 826 1059 862 enim
1091 838 1227 862 verum
1258 825 1324 861 erit

264 881 369 930 quod
387 881 566 929 accipitur
584 879 738 916 scientia
761 891 783 915 a
805 878 1002 927 principio,
1023 890 1101 915 non
1120 890 1189 926 per
1211 890 1322 925 gene-

263 933 448 970 rationem
476 931 630 968 alicuius
658 931 834 968 scientiae
862 931 901 967 in
929 931 1073 978 anima,
1103 931 1171 967 sed
1197 931 1323 967 solum

261 997 331 1034 per
349 984 618 1033 quietationem
647 983 901 1032 corporalium
929 990 964 1019 et
986 983 1220 1020 sensibilium
1238 995 1323 1030 pas-

263 1037 427 1084 sionum,
454 1037 591 1086 quibus
619 1036 896 1086 impediebatur
919 1035 1058 1072 anima
1075 1034 1228 1071 scientia
1255 1034 1321 1070 uti.

265 1089 328 1126 Sic
347 1090 460 1126 etiam
479 1101 615 1127 verum
635 1089 703 1126 erit
721 1089 825 1137 quod
843 1088 945 1125 nulla
969 1087 1176 1124 mutatione
1193 1087 1212 1108 ⁵³*
1227 1087 1324 1123 facta

262 1142 302 1179 in
333 1142 540 1190 intellectu,
575 1141 624 1179 ad
652 1142 773 1178 solam
805 1140 1058 1190 praesentiam
1091 1139 1322 1176 sensibilium

225 1209 235 1213 ·
263 1207 428 1243 quorum
445 1194 713 1243 experientiam
729 1193 934 1243 accipimus
944 1194 975 1240 ²¹²,
993 1193 1036 1230 fit
1051 1193 1171 1230 homo
1187 1192 1320 1239 sciens,

263 1247 359 1284 sicut
386 1246 434 1284 de
462 1246 624 1284 relativis
651 1246 802 1293 accidit3
832 1246 920 1295 quia
940 1248 958 1265 ²⁸²
974 1245 1163 1282 sensibilia
1191 1257 1323 1282 secun-

264 1299 356 1336 dum
383 1300 459 1336 hoc
486 1312 565 1336 non
593 1306 680 1336 sunt
706 1299 918 1336 necessaria
945 1300 993 1336 ad
1020 1298 1227 1345 scientiam,
1253 1297 1324 1334 nisi

263 1359 304 1388 ut
331 1353 379 1388 ab
409 1352 462 1391 eis
490 1352 780 1400 quodammodo
810 1351 937 1388 anima
965 1351 1155 1388 excitetur.
1184 1350 1325 1386 Aristo-

262 1404 344 1441 telis
363 1412 491 1442 autern
511 1404 640 1453 opinio
670 1411 745 1452 est,
775 1404 880 1453 quod
908 1403 1061 1441 scientia
1079 1404 1122 1440 fit
1139 1403 1178 1440 in
1197 1402 1325 1439 anima

262 1469 331 1506 per
349 1457 424 1494 hoc
443 1457 547 1506 quod
572 1457 716 1506 species
743 1456 1000 1504 intelligibiles,
1027 1457 1234 1493 abstractae
1256 1467 1325 1504 per

263 1509 492 1547 intellectum
512 1517 699 1557 agentem,
720 1509 949 1558 recipiuntur
966 1509 1006 1546 in
1029 1509 1218 1545 intellectu
1235 1520 1323 1557 pos-

263 1561 370 1609 sibili,
399 1570 442 1599 ut
469 1562 602 1599 dicitur
629 1562 667 1598 in
696 1564 745 1598 III
774 1563 819 1599 de
841 1563 981 1599 Anima
1002 1563 1033 1598 ⁹²².
1054 1562 1164 1599 Unde
1195 1569 1230 1597 et
1256 1561 1323 1597 ibi-

264 1614 387 1651 dem*
407 1614 541 1651 dicitur
568 1615 672 1663 quod
702 1614 906 1662 intelligere
935 1622 990 1651 est
1013 1614 1207 1663 quoddam
1226 1613 1321 1662 pati;

262 1666 347 1704 licet
365 1667 438 1704 alia
465 1667 511 1704 sit
536 1667 759 1716 passibilitas
779 1679 911 1704 sensus
940 1674 975 1703 et
994 1667 1212 1703 intellectus.
1239 1667 1324 1703 Nec

264 1726 319 1756 est
346 1719 618 1757 inconveniens
645 1721 750 1768 quod
777 1720 994 1756 Aristoteles
1013 1720 1085 1756 hac
1107 1720 1126 1740 *
1144 1718 1322 1767 opinione

263 1772 429 1809 Platonis
447 1779 582 1809 utatur.
604 1773 673 1809 Est
691 1772 793 1809 enim
813 1784 904 1808 suae
920 1771 1202 1808 consuetudinis
1218 1771 1322 1820 quod

264 1831 468 1873 antequam
487 1825 624 1873 probet
643 1837 752 1862 suam
777 1824 1013 1871 sententiam,
1032 1832 1157 1860 utatur
1175 1831 1322 1860 senten-

263 1877 314 1914 tia
332 1877 511 1923 atior-um3
539 1877 633 1914 sicut
654 1877 693 1914 in
712 1877 820 1913 tertio
842 1879 861 1898 ’³
879 1881 971 1914 'usus
992 1885 1047 1914 est
1074 1876 1178 1925 quod
1207 1889 1322 1913 omne

265 1941 401 1978 corpus
430 1929 603 1966 sensibile
622 1930 737 1966 habet
755 1930 976 1977 gravitatem
995 1930 1056 1966 vel
1076 1930 1268 1966 levitatem
1289 1931 1320 1976 θ’,

263 1982 475 2019 seeundum
505 1982 726 2031 opinionem
745 1982 930 2028 Platonis;
961 1982 1067 2019 cuius
1093 1982 1322 2019 contrarium

263 2035 344 2084 ipse
373 2035 546 2072 ostendet
572 2035 608 2071 in
640 2037 654 2072 Ι
682 2035 728 2072 de
760 2035 872 2072 Caelo
891 2036 921 2072 ᾖ.

2359 278 2432 324 345

1429 366 1463 401 9.
1496 354 1697 391 Salvantur
1720 361 1848 391 tamen
1878 361 1913 390 et
1939 354 2011 390 hae
2036 354 2198 391 rationes
2222 355 2434 391 secundum

1375 405 1597 454 opinionem
1616 407 1836 444 Aristotelis.
1857 407 1919 444 Ad
1941 407 2044 443 cuius
2066 407 2293 443 evidentiam
2314 407 2435 444 consi-

1375 458 1585 494 derandum
1602 466 1667 504 est,
1679 461 1781 508 quod
1803 459 2059 508 susceptivum
2080 459 2231 507 aliquod
2247 460 2436 508 tripliciter

1374 517 1498 558 potest
1516 523 1559 547 se
1574 511 1714 547 habere
1735 513 1784 549 ad
1803 513 1967 548 formam
1992 512 2282 560 suscipiendam.
2305 513 2435 558 Quan-

1376 563 1501 611 doque
1532 563 1632 599 enim
1663 571 1717 600 est
1740 564 1777 600 in
1805 565 1936 601 ultima
1964 564 2208 612 dispositione
2238 565 2286 601 ad
2311 578 2435 602 susce-

1374 615 1545 663 ptionem
1565 616 1723 662 formae,
1743 617 1845 653 nullo
1870 617 2144 665 impedimento
2168 617 2345 654 existente
2364 630 2436 654 nec

1375 668 1414 704 in
1433 668 1516 716 ipso
1536 680 1607 704 nec
1626 668 1663 704 in
1683 669 1773 705 alio:
1804 677 1840 706 et
1863 677 1951 706 tunc
1971 669 2095 706 statim
2115 670 2162 706 ad
2182 670 2435 718 praesentiam

1375 721 1497 767 activi,
1519 721 1777 769 susceptivum
1804 722 1933 770 recipit
1957 722 2121 758 formam
2143 723 2286 770 absque
2312 723 2436 770 aliqua

1376 773 1604 820 alteratione,
1626 774 1720 810 sicut
1739 782 1842 822 patet
1864 774 1903 811 in
1923 787 2009 811 aere
2034 774 2240 811 illuminato
2262 775 2310 811 ad
2328 787 2436 823 prae-

1376 826 1535 862 sentiam
1555 826 1654 862 solis.
1680 826 1895 875 Aliquando
1924 834 2051 863 autem
2076 827 2333 875 susceptivum
2357 840 2436 864 non

1376 886 1431 915 est
1458 878 1496 915 in
1523 878 1654 915 ultima
1688 879 1933 927 dispositione
1970 880 2018 916 ad
2055 879 2334 928 susceptionem
2362 880 2436 916 for-

1376 943 1483 968 mae:
1515 938 1550 968 et
1577 938 1666 968 tunc
1697 943 1767 979 per
1794 945 1834 968 se
1863 932 2062 980 requiritur
2090 932 2274 978 alteratio,
2305 944 2435 969 secun-

1377 983 1470 1019 dum
1489 984 1508 1004 '⁸
1528 996 1643 1031 quarn
1664 984 1821 1020 materia
1839 986 1879 1005 *a
1900 985 2184 1033 dispositionem
2204 985 2372 1033 acquirat
2395 992 2436 1021 ut

1376 1035 1422 1071 sit
1447 1036 1602 1083 propria
1635 1036 1723 1072 huic
1756 1037 1922 1084 formae,
1954 1037 2048 1074 sicut
2081 1049 2168 1074 curn
2203 1037 2251 1073 de
2280 1049 2364 1073 aere
2394 1038 2437 1074 fit

1376 1087 1482 1134 ignis.
1511 1088 1727 1136 Aliquando
1755 1101 1848 1126 vero
1878 1090 2136 1138 susceptivum
2158 1097 2214 1126 est
2241 1089 2280 1126 in
2303 1090 2436 1127 ultima

1377 1139 1622 1187 dispositione
1652 1140 1700 1176 ad
1728 1141 1913 1188 formam,
1944 1143 2011 1179 sed
2044 1143 2149 1179 adest
2183 1142 2338 1191 aliquod
2366 1142 2435 1178 irn-

1375 1192 1657 1241 pedimentum,
1687 1192 1780 1228 sicut
1809 1206 1896 1229 cum
1926 1206 1989 1230 aer
2008 1194 2212 1243 impeditur
2240 1195 2288 1231 ad
2311 1207 2436 1232 susce-

1375 1245 1547 1294 ptionem
1566 1244 1728 1292 luminis,
1740 1246 1802 1282 vel
1820 1257 1889 1294 per
1909 1246 2142 1283 clausionem
2162 1247 2358 1294 fenestrae,
2374 1248 2436 1284 vel

1376 1309 1445 1346 per
1468 1298 1643 1334 nebulas:
1666 1305 1702 1334 et
1729 1305 1818 1335 tunc
1842 1299 2041 1346 requiritur
2068 1300 2235 1336 alteratio
2262 1301 2325 1337 vel
2353 1312 2436 1336 mu-

1376 1350 1465 1386 tatio
1505 1362 1573 1398 per
1609 1350 1807 1398 accidens,
1850 1363 1946 1400 quae
1985 1360 2182 1388 removeat
2217 1353 2435 1400 prohibens.

1378 1403 1588 1440 Intellectus
1622 1415 1710 1450 ergo
1739 1403 1927 1452 possibilis
1956 1405 2167 1441 secundum
2196 1417 2236 1441 se
2266 1405 2436 1441 conside-

1377 1463 1489 1502 ratus,
1519 1467 1672 1504 semper
1690 1464 1745 1493 est
1772 1457 1810 1493 in
1837 1456 1969 1493 ultima
1997 1457 2241 1505 dispositione
2271 1457 2318 1494 ad
2347 1457 2436 1494 reci-

1376 1508 1556 1556 piendam
1572 1511 1591 1528 *
1607 1508 1775 1557 speciem
1798 1509 2078 1557 intelligibilem.
2109 1510 2148 1546 Si
2169 1522 2257 1558 ergo
2286 1510 2439 1557 nonsit

1376 1561 1714 1609 impedimentum,
1745 1562 1870 1598 statim
1902 1562 1950 1599 ad
1982 1562 2236 1611 praesentiam
2270 1563 2437 1599 obiecto-

1377 1626 1462 1650 rum
1494 1626 1564 1662 per
1601 1614 1903 1663 experimentum
1934 1616 1953 1635 *
1990 1623 2250 1663 acceptorum,
2284 1616 2438 1653 advenit

1379 1667 1411 1703 ei
1440 1666 1585 1715 species
1613 1667 1859 1714 intelligibilis,
1890 1667 1985 1704 sicut
2013 1669 2167 1716 speculo
2197 1668 2320 1705 forma
2354 1681 2436 1717 spe-

1378 1719 1512 1756 cularis
1550 1719 1599 1756 ad
1634 1720 1888 1768 praesentiam
1927 1721 2116 1769 corporis;
2156 1728 2191 1757 et
2225 1721 2436 1758 secundum

1376 1772 1450 1808 hoc
1468 1772 1640 1820 procedit
1657 1772 1782 1821 prima
1808 1773 1887 1809 eius
1907 1773 2012 1820 ratio,
2034 1786 2108 1822 qua
2129 1773 2219 1810 dixit
2242 1774 2436 1811 scientiam

1377 1836 1459 1861 esse
1488 1825 1535 1861 ad
1559 1825 1709 1872 aliquid.
1741 1825 1780 1861 Si
1798 1838 1891 1862 vero
1921 1826 1967 1862 sit
1994 1821 2322 1874 impedimentum,
2344 1827 2439 1863 sicut

1375 1877 1414 1913 in
1429 1877 1666 1914 *iuvenibus
1686 1877 1830 1925 accidit,
1857 1885 2006 1927 oportet
2033 1879 2252 1916 huiusmodi
2277 1879 2474 1928 impedi-⁴

1376 1937 1504 1966 menta
1539 1929 1676 1966 auferri
1708 1930 1756 1967 ad
1789 1932 1864 1967 hoc
1897 1931 2000 1980 quod
2030 1931 2174 1980 species
2203 1932 2438 1980 intelligibilis

1376 1982 1414 2019 in
1438 1982 1626 2019 intellectu
1655 1983 1871 2031 recipiatur3
1905 1992 1940 2021 et
1960 1984 2011 2020 sic
2029 1997 2098 2033 per
2116 1985 2290 2022 accidens
2309 1998 2437 2022 neces-

1377 2035 1473 2072 saria
1502 2043 1558 2072 est
1585 2037 1766 2074 alteratio.

409 3648 476 3680 Opp.
496 3648 526 3673 D.
541 3648 653 3673 Tnonms
672 3648 703 3672 T.
719 3649 747 3672 II.

2220 3661 2255 3684 44

2465 994 2524 1020 *per
2534 1000 2674 1015 snemuonz.

2465 1019 2612 1041 ”secundam
2622 1020 2675 1041 add.

2464 1053 2484 1067 n.

2467 1515 2475 1523 '¹
2491 1514 2648 1541 recipiendum
2662 1521 2676 1536 Β

2465 1546 2576 1562 DEFGHOR.

2466 1625 2475 1632 '¹
2486 1623 2654 1650 experientiam
2662 1629 2675 1644 Β

2465 1656 2502 1670 rx.

2491 1886 2515 1908 in
2530 1893 2577 1908 om.
2593 1886 2644 1908 pah.
