2982 4022
47 479 57 488 '
70 479 95 499 et
106 477 149 498 hoc
163 476 214 498 add.
233 482 255 498 u.

44 687 55 699 '⁵
67 685 138 708 Num.
152 691 200 714 seq.

45 955 56 967 ⁸
69 954 199 977 accidentia
211 953 256 976 rab

45 985 68 1003 et
81 980 148 1002 codd.
163 986 212 1002 exc.
226 986 256 1001 mr

45 1012 142 1035 eux-pt.
150 1006 185 1028 Cf.
199 1009 254 1028 text.

4 1393 13 1430 fs*
41 1396 53 1408 '⁶
66 1401 144 1417 rerum
157 1395 210 1416 add.
224 1400 251 1416 m·-

39 1448 53 1460 ⁸
66 1437 137 1471 Nuni.
151 1453 167 1474 4
178 1453 242 1475 seqq.

39 1630 51 1640 ·
68 1629 252 1651 matloematicum

39 1661 218 1688 »neuin-sm.

40 1891 54 1902 ⁸
64 1892 186 1919 geometra
199 1896 249 1918 nxz,

38 1917 182 1945 geometrico
195 1922 216 1938 c.

40 2099 54 2112 ⁸
67 2099 100 2122 ad
115 2105 162 2122 om.
179 2106 252 2123 sunm

1138 283 1248 319 CAP.
1280 284 1327 330 11,
1359 283 1508 320 LECT.
1540 285 1588 320 111

282 364 321 400 in
348 363 535 400 intellectu
567 361 667 397 enim
696 360 860 397 hominis
885 361 1083 398 includitur
1111 372 1197 396 caro
1225 368 1260 396 et
1279 373 1332 407 os,

285 416 352 452 sed
379 427 458 452 non
484 416 579 451 haec
608 426 694 450 caro
723 421 759 450 et
786 414 859 450 hoc
888 426 941 450 os.

337 480 372 516 7.
402 467 551 504 Deinde
585 479 671 503 cum
702 465 804 502 dicit:
837 466 919 502 Fiet
945 471 1068 502 autem
1104 465 1227 512 utique
1253 476 1332 500 ma-

284 521 456 569 nifestum
485 527 574 566 etc.,
614 518 825 555 manifestat
857 517 1020 565 positam
1058 517 1283 553 solutionem
1313 517 1332 537 ’¹‘

284 573 495 622 dupliciter:
514 572 638 621 primo
664 571 818 619 quidem
837 582 906 618 per
934 569 1182 606 differentiam
1203 568 1334 605 defini-

282 626 429 663 tionum
458 637 551 674 quas
579 624 740 671 assignat
762 621 1049 658 mathematicus
1078 628 1114 657 et
1136 621 1332 667 naturalis;

283 678 450 715 secundo
478 689 547 726 per
574 675 744 713 scientias
772 674 937 719 medias,
966 674 1037 710 ibi:
1067 675 1336 710 Demonstrant

261 765 266 770 ,
283 737 406 767 autem
426 733 460 767 e't
478 741 574 778 quae
590 727 714 776 magis
727 727 747 747 *
767 733 834 763 etc.
855 726 954 762 Dicit
978 738 1065 773 ergo
1084 726 1208 774 primo
1228 726 1333 774 quod

282 784 357 820 hoc
385 782 487 830 quod
516 781 655 817 dictum
685 786 739 815 est
766 779 813 815 de
842 779 991 815 diverso
1016 778 1134 815 modo
1164 778 1333 815 conside-

283 835 434 872 rationis
461 830 714 869 mathematici
743 838 779 867 et
804 831 969 879 physici,
999 831 1064 867 fiet
1092 831 1332 867 manifestum

282 888 313 924 si
345 886 426 934 quis
453 884 649 921 tentaverit
677 883 800 920 dicere
838 883 1075 919 definitiones
1107 883 1332 920 naturalium

282 941 319 976 e't
336 937 700 983 mathematicorum,
723 943 758 972 et
777 936 1055 972 accidentium*
1075 947 1225 972 eorum:
1247 935 1333 984 quia

281 989 561 1036 mathematica,
590 996 631 1025 ut
647 1001 716 1037 par
744 995 779 1025 et
806 988 943 1036 impar,
970 995 1005 1024 et
1033 995 1176 1024 rectum
1197 995 1233 1024 et
1252 1000 1332 1024 cur-

279 1055 386 1090 vum,
416 1049 452 1078 et
478 1053 658 1078 numerus
688 1048 723 1076 et
750 1041 847 1077 linea
876 1048 911 1077 et
938 1040 1074 1088 figura,
1105 1040 1334 1077 definiuntur

279 1095 358 1132 sine
387 1102 494 1131 motu
523 1101 559 1130 et
586 1093 758 1138 materia3
788 1105 866 1130 non
894 1100 1020 1129 autem
1050 1105 1138 1129 caro
1168 1100 1203 1129 et
1231 1105 1273 1129 os
1298 1101 1334 1129 et

278 1148 414 1184 homo:
435 1146 502 1183 sed
520 1147 659 1183 horum
679 1145 846 1182 definitio
862 1152 916 1181 est
935 1145 1029 1181 sicut
1047 1145 1215 1182 definitio
1235 1145 1331 1193 simi,

278 1200 317 1236 in
346 1199 450 1236 cuius
479 1198 697 1236 definitione
723 1198 876 1246 ponitur
903 1198 1114 1234 subiectum
1142 1198 1331 1245 sensibile,

279 1252 416 1288 scilicet
443 1264 574 1298 nasus;
604 1263 682 1287 non
710 1258 837 1287 autem
857 1250 950 1292 sicut
969 1250 1136 1287 definitio
1157 1249 1273 1298 curvi,
1294 1250 1332 1286 in

280 1304 384 1340 cuius
413 1304 631 1341 definitione
658 1316 736 1340 non
763 1302 914 1351 ponitur
946 1302 1097 1350 aliquod
1121 1302 1331 1339 subiectum

279 1356 452 1393 sensibile
466 1354 494 1393 β.
525 1357 574 1392 Et
592 1356 644 1392 sic
672 1368 717 1392 ex
735 1355 824 1404 ipsis
844 1354 1124 1392 definitionibus
1139 1355 1159 1376 *
1185 1362 1332 1392 natura-

277 1410 370 1446 lium
404 1417 439 1446 et
470 1408 824 1445 mathematicorum
853 1414 1007 1456 apparet
1043 1407 1147 1456 quod
1179 1420 1293 1456 supra
1313 1409 1332 1429 ²¹²

281 1462 424 1499 dictum
445 1469 500 1497 est
519 1461 568 1506 de
588 1460 796 1497 differentia
815 1459 1070 1496 mathematici
1090 1467 1126 1496 et
1143 1460 1331 1496 naturalis.

333 1515 367 1550 8.
389 1513 536 1550 Deinde
565 1525 653 1549 cum
682 1513 783 1549 dicit:
810 1513 1080 1549 Demonstrant
1104 1518 1228 1548 autem
1249 1519 1330 1560 etc.,

278 1567 415 1617 probat
441 1566 543 1602 idem
570 1577 639 1613 per
666 1565 837 1601 scientias
866 1577 964 1612 quae
993 1571 1079 1601 sunt
1105 1564 1254 1601 mediae
1278 1565 1332 1601 in-

277 1627 333 1655 ter
341 1617 687 1654 'mathematicam*
706 1625 741 1653 et
759 1618 979 1653 naturalem.
1001 1617 1185 1653 Dicuntur
1204 1624 1330 1653 autem

278 1670 454 1708 scientiae
472 1669 633 1716 mediae,
653 1681 752 1718 quae
780 1669 967 1717 accipiunt
984 1669 1167 1717 principia
1190 1670 1329 1705 abstra-

278 1730 336 1760 cta
363 1735 386 1759 a
405 1722 564 1759 scientiis
591 1734 685 1770 pure
704 1721 989 1768 mathematicis,
1010 1729 1046 1757 et
1073 1721 1260 1770 applicant
1283 1721 1331 1757 ad

278 1775 475 1812 materiam
504 1774 740 1820 sensibilem;
774 1774 868 1811 sicut
901 1774 1139 1822 perspectiva
1170 1774 1332 1822 applicat

277 1828 326 1865 ad
362 1827 499 1864 lineam
535 1827 720 1864 visualem
763 1839 807 1863 ea
839 1838 936 1874 quae
970 1827 1274 1863 demonstrantur
1310 1838 1332 1862 a

278 1880 484 1928 geometria
502 1880 522 1901 ³¹²
552 1879 648 1916 circa
675 1879 814 1916 lineam
842 1879 1088 1924 abstractam3
1118 1886 1153 1915 et
1179 1879 1331 1916 harmo-

277 1933 381 1980 nica,
410 1932 506 1969 idest
539 1932 703 1979 musica,
733 1931 894 1980 applicat
921 1931 970 1968 ad
1002 1943 1117 1968 sonos
1159 1943 1203 1968 ea
1233 1943 1330 1980 quae

263 1985 532 2022 arithmeticus
561 1984 771 2022 considerat
799 1984 896 2021 circa
914 1984 1177 2033 proportiones
1201 1996 1332 2020 nume-

278 2050 433 2084 rorum;
473 2045 509 2074 et
553 2037 751 2084 astrologia
795 2037 1134 2074 considerationem
1180 2048 1332 2084 geome-

277 2090 368 2127 triae
397 2098 432 2127 et
459 2089 713 2126 arithmeticae
742 2089 904 2138 applicat
931 2089 979 2126 ad
1007 2089 1152 2125 caelum
1182 2096 1217 2125 et
1245 2089 1292 2126 ad
1313 2091 1332 2111 ’¹‘

278 2150 403 2191 partes
432 2142 522 2179 eius.
543 2142 773 2178 Huiusmodi
797 2149 924 2178 autem
952 2141 1138 2188 scientiae,
1158 2141 1243 2177 licet
1262 2141 1334 2178 sint

279 2194 428 2231 mediae
439 2194 534 2231 inter
544 2194 737 2230 scientiam
747 2194 955 2240 naturalem
967 2199 1002 2229 et
1011 2193 1331 2241 mathematicam,
1347 2222 1349 2224 .

279 2254 408 2283 tamen
436 2246 608 2283 dicuntur
625 2246 686 2297 hic
713 2258 736 2282 a
763 2245 996 2294 Philosopho
1016 2257 1097 2282 esse
1126 2246 1244 2293 magis
1267 2258 1332 2282 na-

332 2393 358 2428 β)
377 2394 475 2419 scillcet
492 2401 598 2420 nasus...
612 2393 754 2418 subiectum
772 2393 899 2418 sensibile.
911 2407 930 2412 -
943 2394 1012 2418 Haec
1030 2394 1108 2418 verba
1126 2393 1248 2420 omittunt
1266 2394 1330 2418 ΡΑΒ

278 2429 549 2457 OEGfflOTVXYab,·
567 2428 617 2458 DQ
633 2428 728 2453 habent
745 2428 844 2453 scilicet
862 2435 949 2457 nasus,
963 2429 1009 2453 sed
1022 2429 1142 2453 omittunt
1156 2433 1239 2453 cetera
1245 2437 1252 2459 ;
1272 2429 1331 2461 quia

277 2469 364 2489 tamen
381 2471 412 2489 ex
429 2471 480 2489 una
498 2469 569 2496 parte
587 2463 694 2488 omissio
712 2468 798 2496 potest
815 2463 926 2496 reputari
945 2464 1010 2488 inter
1023 2469 1162 2488 consuetos
1177 2464 1257 2488 saltus
1271 2471 1330 2496 pro-

1387 361 1523 397 turales
1553 373 1667 409 quarn
1697 363 1996 409 mathematicae,
2027 364 2114 412 quia
2141 365 2443 413 unumquodque

1389 412 1654 450 denominatur
1683 421 1718 450 et
1741 415 1906 463 speciem
1935 417 2049 452 habet
2072 429 2094 453 a
2122 417 2302 453 termino:
2326 418 2441 464 unde,

1388 465 1475 512 quia
1489 466 1625 502 harum
1641 466 1880 504 scientiarum
1896 469 2144 505 consideratio
2160 469 2380 506 terminatur
2394 470 2441 507 ad

1387 518 1583 554 materiam
1612 520 1841 566 naturalem,
1872 520 1955 556 licet
1985 533 2054 569 per
2084 521 2266 570 principia
2299 523 2441 558 mathe-

1386 570 1523 606 matica
1549 571 1774 618 procedant,
1804 572 1922 619 magis
1953 573 1972 594 '¹‘
1999 581 2084 609 sunt
2112 575 2297 610 naturales
2325 586 2441 622 quam

1387 623 1688 660 mathematicae.
1715 624 1812 660 Dicit
1841 637 1928 672 ergo
1950 625 1996 661 de
2025 626 2243 663 huiusmodi
2267 626 2439 673 scientiis,

1387 675 1492 722 quod
1529 676 1715 712 contrario
1753 676 1870 712 modo
1909 690 1949 713 se
1986 678 2126 714 habent
2155 691 2242 715 curn
2280 679 2440 715 scientiis

1387 739 1486 774 quae
1520 735 1605 764 sunt
1641 740 1735 775 pure
1769 729 2073 776 mathematicae,
2108 730 2202 766 sicut
2234 731 2441 778 geometria

1386 780 1448 816 vel
1483 780 1725 816 arithmetica.
1751 781 1853 817 Nam
1882 783 2088 828 geometria
2121 782 2333 819 considerat
2360 784 2440 831 qui-

1389 832 1476 868 dem
1494 832 1552 883 'de
1579 832 1676 868 linea
1705 845 1802 880 quae
1827 834 1942 869 habet
1969 847 2050 870 esse
2076 834 2114 870 in
2142 835 2298 871 materia
2327 836 2442 871 sensi-

1388 884 1462 931 bili,
1493 896 1590 932 quae
1619 892 1674 921 est
1707 885 1804 921 linea
1832 886 2026 922 naturalis:
2057 899 2134 922 non
2162 894 2290 923 tamen
2320 887 2441 924 consi-

1388 936 1492 972 derat
1520 936 1567 973 de
1597 949 1640 972 ea
1668 937 1891 985 inquantum
1921 946 1976 974 est
2007 938 2045 974 in
2073 939 2229 975 materia
2262 938 2444 986 sensibili,

1387 988 1598 1024 secundum
1627 990 1730 1037 quod
1759 997 1814 1026 est
1841 990 2028 1038 naturalis,
2055 991 2121 1027 sed
2150 992 2333 1028 abstracte
2350 993 2382 1039 ²³²,
2403 999 2444 1028 ut
2469 1002 2481 1013 ⁴

1388 1040 1529 1077 dictum
1550 1042 1569 1062 ’¹‘
1590 1049 1655 1077 est.
1686 1042 1762 1078 Sed
1781 1043 2013 1090 perspectiva
2046 1055 2280 1081 econverso
2310 1044 2443 1092 accipit
2470 1053 2481 1064 *

1386 1093 1524 1129 lineam
1553 1094 1778 1130 abstractam
1804 1095 2014 1131 secundum
2042 1096 2147 1142 quod
2176 1103 2230 1132 est
2252 1096 2290 1132 in
2322 1096 2442 1132 consi-

1388 1145 1580 1182 deratione
1609 1146 1873 1192 mathematici,
1896 1154 1930 1182 et
1953 1147 2115 1195 applicat
2136 1160 2220 1184 eam
2250 1148 2298 1185 ad
2326 1156 2442 1185 mate-

1387 1198 1481 1235 riam
1510 1198 1745 1244 sensibilem3
1767 1206 1803 1234 et
1827 1199 1880 1234 sic
1901 1198 2124 1236 determinat
2153 1200 2199 1236 de
2228 1213 2272 1236 ea
2292 1213 2369 1238 non
2388 1201 2442 1237 in-

1387 1250 1570 1299 quantum
1610 1258 1665 1287 est
1702 1251 1987 1298 mathematica,
2018 1252 2084 1288 sed
2124 1252 2346 1300 inquantum
2389 1260 2444 1289 est

1386 1303 1553 1352 physica.
1575 1304 1632 1340 Ex
1651 1303 1732 1351 ipsa
1762 1315 1848 1351 ergo
1875 1303 2083 1340 differentia
2103 1304 2343 1341 scientiarum
2363 1317 2441 1341 me-

1388 1355 1534 1392 diarum
1563 1355 1612 1392 ad
1639 1355 1810 1392 scientias
1837 1368 1931 1404 pure
1961 1357 2262 1404 mathematicas,
2288 1365 2444 1406 apparet

1387 1409 1491 1456 quod
1510 1420 1623 1456 supra
1635 1409 1655 1428 ⁴⁵
1671 1408 1812 1445 dictum
1833 1415 1897 1445 est.
1919 1409 2022 1445 Nam
2037 1409 2068 1445 si
2086 1409 2305 1445 huiusmodi
2325 1410 2443 1446 scien-

1386 1461 1457 1497 tiae
1477 1460 1626 1497 mediae
1650 1462 1835 1497 abstracta
1858 1461 2045 1509 applicant
2067 1461 2116 1498 ad
2138 1461 2334 1498 materiam
2359 1463 2442 1498 sen—

1386 1513 1553 1560 sibilem,
1592 1513 1834 1550 manifestum
1869 1522 1923 1550 est
1960 1513 2064 1562 quod
2101 1514 2388 1550 mathematicae
2423 1527 2442 1550 e

1387 1577 1572 1602 converso
1601 1578 1645 1602 ea
1673 1578 1770 1614 quae
1798 1573 1884 1602 sunt
1910 1565 1949 1602 in
1976 1566 2134 1602 materia
2166 1566 2330 1603 sensibili
2358 1567 2441 1603 abs-

1386 1619 1547 1655 trahunt.
2356 1657 2362 1659 .

1439 1682 1474 1717 9.
1496 1671 1545 1706 Et
1565 1682 1634 1717 per
1652 1670 1726 1705 hoc
1747 1670 1858 1706 etiam
1877 1677 1979 1718 patet
1997 1670 2192 1718 responsio
2213 1671 2261 1707 ad
2280 1670 2319 1707 id
2337 1671 2442 1718 quod

1386 1723 1530 1770 supra*
1547 1721 1791 1758 obiiciebatur
1811 1722 1856 1758 de
1878 1722 2086 1770 astrologia.
2108 1723 2218 1759 Unde
2243 1723 2442 1770 astrologia
2468 1735 2479 1746 ⁸

1387 1782 1441 1811 est
1459 1774 1578 1821 magis
1602 1774 1777 1810 naturalis
1797 1786 1913 1822 quam
1932 1775 2208 1812 mathematica.
2229 1775 2339 1812 Unde
2364 1788 2442 1813 non

1387 1834 1442 1863 est
1469 1826 1609 1863 mirum
1638 1826 1668 1862 si
1692 1827 1948 1863 communicet
1967 1827 2005 1863 in
2024 1827 2329 1864 conclusionibus
2353 1840 2441 1864 cum

1387 1879 1539 1916 scientia
1566 1878 1735 1915 naturali.
1775 1879 1875 1925 Quia
1902 1887 2030 1916 tamen
2062 1892 2139 1916 non
2169 1887 2223 1916 est
2249 1892 2343 1928 pure
2376 1892 2440 1916 na-

1386 1931 1523 1978 turalis,
1544 1943 1612 1980 per
1639 1931 1739 1967 aliud
1768 1931 1938 1968 medium
1968 1932 2130 1969 eandem
2159 1932 2441 1977 conclusionem

1387 1985 1630 2021 demonstrat.
1649 1983 1753 2020 Sicut
1771 1984 1875 2032 quod
1893 1991 1991 2020 terra
2010 1985 2055 2021 sit
2074 1985 2270 2033 sphaerica
2284 1985 2441 2022 demon-

1387 2044 1522 2074 stratur
1550 2049 1571 2073 a
1599 2036 1756 2072 naturali
1783 2049 1851 2085 per
1869 2037 2040 2074 medium
2060 2039 2239 2084 naturale,
2259 2045 2301 2074 ut
2318 2045 2409 2086 puta
2423 2039 2443 2059 '¹‘

1387 2089 1475 2138 quia
1501 2096 1626 2138 partes
1664 2089 1743 2125 eius
1770 2089 1937 2138 undique
1975 2097 2011 2126 et
2043 2090 2247 2138 aequaliter
2285 2103 2441 2126 concur-

1387 2149 1472 2178 runt
1498 2141 1547 2178 ad
1574 2141 1766 2178 medium:
1798 2143 1846 2178 ab
1874 2143 2062 2190 astrologo
2091 2150 2220 2180 autem
2249 2155 2293 2180 ex
2321 2143 2442 2190 figura

1387 2194 1531 2242 eclipsis
1567 2194 1718 2242 lunaris,
1744 2195 1806 2231 vel
1835 2207 1879 2230 ex
1906 2195 1980 2231 hoc
2001 2195 2105 2243 quod
2133 2208 2211 2232 non
2239 2195 2376 2233 eadem
2395 2196 2441 2233 si-

1387 2246 1476 2283 dera
1505 2258 1550 2282 ex
1578 2246 1695 2283 omni
1710 2254 1815 2295 parte
1843 2254 1961 2283 terrae
1986 2247 2227 2296 aspiciuntur.

1383 2399 1440 2426 pter
1457 2402 1590 2419 recursum
1610 2395 1724 2419 eiusdem
1744 2395 1899 2420 desinentiae
1917 2396 2079 2426 (subiectum
2100 2397 2250 2429 sensibile),
2271 2402 2296 2422 et
2315 2405 2344 2422 ex
2363 2398 2442 2422 altera

1383 2435 1454 2461 parte
1472 2428 1534 2454 haec
1552 2429 1631 2454 verba
1649 2430 1780 2462 complent
1804 2438 1910 2455 sensum
1930 2435 1955 2455 et
1975 2431 2092 2456 exhibent
2111 2432 2296 2464 expositionem
2315 2432 2441 2465 integram

1383 2465 1481 2489 litterae
1498 2464 1651 2495 Aristotelis,
1670 2464 1728 2489 ideo
1747 2473 1777 2489 ea
1795 2465 1821 2489 in
1839 2470 1935 2490 textum
1953 2466 2106 2499 recepimus.
2126 2467 2163 2491 Cf.
2178 2471 2237 2492 text.

2396 285 2447 322 63

2468 584 2479 596 ⁸
2494 586 2570 605 tamen
2585 585 2670 606 addunt

2469 610 2536 631 codd.
2552 617 2600 631 exc.
2615 617 2668 637 rvr,

2469 642 2518 657 cum
2532 636 2584 658 add.
2599 643 2622 658 α.

2495 1002 2615 1023 abstrahet
2629 1008 2663 1023 ιη.

2495 1053 2564 1075 Num.
2572 1060 2588 1080 4
2598 1060 2661 1081 seqq.

2470 1419 2480 1431 ⁸*
2494 1418 2552 1440 Ibid.

2493 1735 2562 1757 Num.
2577 1741 2597 1756 2.

2470 2045 2479 2053 '
2498 2046 2576 2071 utpote
2589 2044 2656 2066 codd.

2470 2076 2519 2091 exc.
2534 2077 2554 2092 r.
