2982 4022
522 201 571 227 22

1164 190 1510 229 PHYSICORUM
1536 161 1883 229 ARISTOTELIS
1912 193 2005 230 LIB.
2035 194 2050 229 I

1258 304 1559 401 LECTIO
1598 346 1965 402 SEPTIMA

1019 468 1331 500 IMPROBANTUR
1354 469 1428 506 QUI
1451 470 1658 501 DlXERlNT
1681 470 1773 502 NON
1796 471 1876 501 ENS
1899 471 1999 502 ESSE
2023 471 2200 520 ALIQUlp

512 581 618 611 Ἔνιοι
642 574 671 610 δ’
701 574 858 612 ἐνέδοσαν
883 582 954 631 τοῖς
978 578 1092 626 λόγοις
1119 579 1338 635 ἀμφοτέροις,
1359 581 1413 622 τῷ·
1433 580 1496 635 μὲν
1528 579 1582 613 ὅτι
1635 583 1653 602 *
1676 583 1816 621 Quidam
1846 590 1954 614 autem
1984 584 2158 615 rationibus
2183 585 2324 626 utrisque
2349 585 2582 626 acquieverunt.
2608 586 2693 618 Huic
2719 595 2862 624 'seme-p.
2877 603 2905 619 m

588 623 706 656 πάντα
732 622 779 664 ἐ’ν,
799 623 826 654 εὶ
850 623 892 656 τό
918 625 952 655 ὸν
978 623 1010 654 ἓν
1035 626 1204 667 σημαίνει,
1223 625 1276 657 ὁτι
1301 625 1374 656 εστὶ
1399 636 1440 657 το
1465 624 1512 668 μή
1532 624 1580 666 ὄν,

588 668 637 708 τῷ
654 664 692 699 δέ
713 667 750 700 ἑκ
767 667 830 705 τῆς
847 663 1063 712 διχοτομίας,
1084 667 1199 712 ἄτομα
1221 667 1425 705 ποιήσαντες
1442 667 1578 714 μεγέθη.

520 754 667 798 Φανερὸν
692 747 729 786 δὲ
751 756 810 786 καὶ
828 753 882 787 ὅτι
908 754 967 786 οὐκ
993 753 1126 795 ἀληθές,
1145 756 1186 793 ὠς
1203 756 1232 786 εἰ
1257 755 1288 787 ἓν
1314 757 1468 798 σημαίνει
1486 755 1527 787 τό
1547 754 1580 786 ὂν

585 801 643 830 καὶ
668 798 714 842 μή
733 798 843 831 οἷόντε
871 797 942 841 ἅμα
967 799 1030 835 τήν
1058 799 1251 843 ἀντίφασιν,
1280 799 1337 831 οὐκ
1363 799 1460 832 ἔσται
1485 798 1580 831 οὐθὲν

586 843 632 886 μή
658 843 706 873 ὅν·
733 841 829 874 οὐθὲν
853 843 917 888 γάρ
942 842 1062 874 κωλύει
1087 843 1134 887 μή
1162 845 1276 881 οἱπλῶς
1297 840 1396 884 εἶναι,
1424 843 1514 876 ἀλλα
1534 843 1581 887 μή

588 886 622 918 ὄν
649 898 682 919 τι
707 883 791 918 εἶναι
816 887 856 918 τὸ
881 887 929 930 μή
955 886 1003 919 ὅν.

520 973 565 1005 Tr)
590 968 632 1009 δή
659 972 761 1018 φοίναι
787 974 860 1018 παρ’
891 973 979 1007 αὐτὸ
997 974 1038 1006 τὸ
1065 973 1114 1015 ὅν,
1139 974 1180 1011 ὠς
1199 974 1226 1005 εἰ
1244 973 1292 1017 μή
1311 985 1344 1006 τι
1362 973 1459 1006 ἔσται
1479 973 1578 1014 ἄλλο,

587 1017 619 1048 ἓν
645 1017 764 1049 ποίντα
790 1016 935 1058 ἔσεσθαι,
960 1018 1103 1050 ἄτοπον.
1130 1019 1186 1055 Τίς
1210 1018 1274 1064 γὰρ
1299 1017 1462 1060 μανθάνει
1491 1018 1580 1050 αὐτὸ

586 1061 626 1093 τὸ
649 1060 682 1093 ὃν
704 1062 731 1093 εἰ
756 1061 802 1104 μή
829 1062 869 1094 τὸ
895 1061 974 1103 ὅπερ
1002 1062 1036 1093 ὅν
1063 1073 1097 1094 τι
1124 1059 1228 1101 εἶναι;
1254 1063 1283 1095 εἰ
1306 1058 1346 1094 δὲ
1370 1063 1495 1102 τοῦτο,
1526 1062 1580 1094 οὖ-

584 1099 640 1136 δέν
668 1104 683 1137 ὅ
711 1117 752 1143 ως
777 1107 897 1137 κωλύει
924 1106 1036 1138 πολλοὶ
1060 1103 1145 1138 εἶναι
1168 1106 1215 1138 τοὶ
1234 1106 1331 1147 ὄντα,
1358 1108 1469 1150 ὥσπερ
1495 1107 1579 1148 εἴρη-

585 1160 658 1224 -δι-αι.
678 1150 755 1181 Ὀτι
780 1150 838 1194 μὲν
868 1148 924 1182 οὖν
952 1149 1057 1187 οὕτως
1083 1151 1115 1181 ἓν
1142 1147 1228 1181 εἶναι
1254 1150 1295 1182 τό
1327 1149 1360 1182 ὃν
1388 1145 1578 1190 ἀδύνατον,

608 1194 701 1229 ἧλον.

567 1289 714 1316 synopsis.
739 1305 772 1309 —
800 1298 823 1316 ι.
845 1289 1055 1326 Argumentum
1077 1294 1105 1316 et
1125 1287 1227 1316 divisio
1247 1294 1349 1316 textus.
1365 1305 1384 1309 -
1397 1295 1423 1315 2.
1441 1287 1579 1324 Epilogus

518 1328 750 1364 praecedentium
771 1327 916 1356 rationum
949 1337 1000 1364 per
1021 1329 1080 1355 duo
1104 1327 1334 1355 inconvenientia
1360 1336 1433 1364 quae
1451 1336 1484 1355 ex
1510 1328 1579 1355 Par--

518 1367 641 1395 menidis
663 1367 802 1396 sententia
823 1368 945 1395 deducta
966 1374 1067 1395 sunt.—
1083 1367 1109 1394 3.
1132 1366 1271 1395 Platonici
1291 1366 1494 1403 acquieverunt
1521 1366 1578 1402 pri-

517 1415 582 1434 mae
603 1407 762 1434 Aristotelis
783 1406 896 1442 rationi,
912 1416 969 1443 qua
983 1407 1177 1434 deducebatur
1197 1406 1276 1442 quod
1298 1415 1331 1433 ex
1351 1405 1495 1442 positione
1509 1406 1576 1432 Par-

518 1445 641 1473 menidis
655 1455 715 1474 non
737 1455 787 1474 ens
809 1453 882 1474 esset
903 1455 963 1481 ens,
979 1446 1046 1482 quia
1060 1445 1192 1472 dicebant
1206 1445 1340 1472 accidens
1354 1453 1415 1472 esse
1436 1453 1497 1472 non
1516 1453 1576 1479 ens;

518 1491 546 1512 et
566 1485 632 1513 ideo
647 1494 707 1513 non
729 1486 924 1513 concedebant
944 1494 1004 1512 non
1026 1494 1076 1512 ens
1095 1493 1156 1512 esse
1178 1483 1257 1511 nihil.
1273 1500 1293 1505 -
1306 1483 1396 1511 Alteri
1412 1490 1509 1511 autem
1530 1492 1575 1511 ra-

517 1523 606 1559 tioni,
629 1534 687 1560 qua
706 1524 873 1552 Aristoteles
895 1524 1032 1551 inferebat
1053 1533 1086 1552 ex
1114 1523 1258 1559 positione
1289 1522 1468 1551 Parmenidis
1495 1523 1576 1559 quod

517 1563 685 1600 magnitudo
707 1570 780 1591 esset
801 1563 986 1597 indivisibilis,
1002 1563 1195 1591 assentiebant
1215 1562 1346 1590 faciendo
1363 1561 1576 1599 magnitudines

517 1611 578 1630 esse
599 1602 782 1631 indivisibiles
803 1612 853 1639 per
873 1602 1043 1631 divisionem
1057 1603 1095 1630 ad
1115 1601 1305 1630 indivisibilia.
1321 1617 1340 1623 -
1359 1610 1388 1636 4.
1412 1600 1575 1629 Subdivisio

602 1726 603 1729 ,
636 1702 765 1749 ,ηςζῃρ
781 1693 1231 1742 ostquamPhilosophus
1259 1692 1490 1742 improbavit
1517 1704 1574 1728 ra—

581 1747 604 1787 l.
637 1735 707 1795 ᾗ)
722 1747 774 1812 ξι
783 1748 922 1784 tionem
935 1746 1171 1783 parmenidis
1188 1746 1387 1783 ducendo*
1397 1746 1444 1782 ad
1460 1757 1574 1794 quae-

579 1795 607 1846 }
637 1793 765 1854 25:18
781 1802 870 1838 dam
885 1799 1200 1845 inconvenientia,
1217 1798 1278 1835 hic
1298 1798 1488 1846 improbat
1505 1809 1574 1846 po-

517 1906 820 1943 inconvenientia
859 1905 1128 1941 concedebant.
1167 1905 1216 1941 Et
1253 1902 1350 1940 circa
1385 1904 1461 1939 hoc
1497 1904 1574 1940 duo

518 1959 620 1995 facit:
654 1959 778 2007 primo
812 1958 919 2006 ponit
953 1957 1181 2005 positionem
1220 1968 1371 2002 eorum;
1406 1957 1573 1992 secundo

512 2011 709 2060 ,improbat
736 2023 838 2058 eam,
867 2010 935 2046 ibi:
965 2010 1212 2058 Manifestum
1240 2009 1405 2045 autem*
1433 2015 1501 2044 etc.

376 2073 393 2088 α
573 2076 607 2100 2.
639 2063 967 2100 Considerandum
997 2070 1052 2098 est
1079 2074 1167 2109 ergo
1195 2061 1320 2110 primo
1340 2067 1357 2082 α
1385 2062 1490 2109 quod
1514 2073 1574 2096 su-

516 2128 586 2164 pra
613 2116 633 2136 *
666 2117 920 2164 Philosophus
955 2122 1084 2151 contra
1120 2114 1306 2151 rationem
1339 2113 1575 2150 parmenidis

280 2175 476 2197 'essadduntnv-
518 2168 666 2205 duabus
694 2169 901 2205 rationibus
928 2180 1019 2204 usus
1049 2174 1114 2204 est.
1148 2167 1233 2204 Una
1252 2168 1271 2187 ’¹‘
1299 2166 1347 2202 ad
1375 2166 1575 2202 ostenden-

518 2221 610 2258 dum
639 2222 743 2270 quod
772 2234 815 2257 ex
851 2220 994 2257 ratione
1028 2220 1265 2256 Parmenidis
1301 2231 1380 2255 non
1407 2218 1575 2266 sequitur

517 2274 646 2310 omnia
674 2286 756 2310 esse
784 2286 920 2319 unum,
949 2280 1104 2322 propter
1131 2271 1384 2309 diversitatem
1417 2270 1574 2307 subiecti

516 2333 553 2362 et
581 2326 798 2364 accidentis:
829 2339 926 2375 quae
955 2326 1109 2373 quidem
1138 2325 1230 2361 ratio
1252 2324 1414 2360 ducebat
1433 2324 1481 2360 ad
1499 2324 1574 2360 hoc

378 2379 392 2412 β
515 2378 798 2426 inconveniens,
820 2379 923 2427 quod
953 2391 1030 2414 non
1059 2390 1125 2414 ens
1154 2385 1209 2413 est
1237 2389 1303 2413 ens
1321 2375 1349 2422 β,
1378 2383 1421 2412 ut
1449 2388 1493 2412 ex
1513 2388 1572 2412 su-

276 2435 398 2486 ],gssgffi
413 2441 488 2457 ΠΜ
514 2432 725 2479 perioribus
762 2439 874 2480 patet.
914 2431 998 2467 Alia
1033 2443 1126 2468 vero
1165 2429 1256 2466 ratio
1287 2431 1305 2449 ἣ
1339 2429 1573 2477 procedebat

402 2478 407 2483 ’
515 2484 564 2520 ad
594 2484 871 2521 ostendendum
900 2484 1004 2532 quod
1033 2495 1111 2520 non
1139 2482 1306 2531 sequitur
1334 2481 1462 2517 omnia
1491 2494 1572 2518 esse

513 2549 646 2583 unum,
667 2545 821 2586 propter
847 2538 921 2572 hoc
950 2536 1053 2584 quod
1081 2536 1112 2572 si
1141 2543 1238 2572 esset
1261 2534 1494 2582 magnitudo,
1516 2547 1572 2570 se-

515 2598 691 2637 queretur
718 2589 1018 2637 magnitudinem
1053 2601 1134 2625 esse
1167 2587 1454 2633 indivisibilem3
1484 2587 1572 2635 quia

514 2642 544 2677 si
572 2642 617 2679 sit
638 2645 656 2664 ss
686 2642 896 2688 divisibilis,
927 2649 1035 2678 erunt
1054 2642 1097 2662 *ξ’
1126 2639 1413 2689 quodammodo
1440 2641 1568 2676 multa.

569 2696 603 2732 3.
634 2696 814 2732 Platonici
842 2707 935 2731 vero
955 2695 1103 2743 utrique
1125 2693 1259 2730 rationi
1283 2692 1569 2741 acquieverunt,

514 2748 758 2785 concedendo
789 2747 1033 2796 impossibilia
1061 2746 1109 2783 ad
1139 2758 1234 2794 quae
1265 2745 1466 2782 deducunt.
1496 2747 1569 2781 Ac—

373 2814 389 2838 γ
513 2800 737 2848 quieverunt
756 2814 844 2848 ergo
864 2801 1008 2849 primae
1029 2799 1174 2846 rationi,
1195 2810 1292 2847 quae
1313 2798 1475 2834 ducebat
1489 2802 1503 2824 ⁷
1522 2797 1570 2834 ad

511 2854 586 2889 hoc
615 2854 718 2902 quod
747 2866 824 2890 non
858 2866 923 2889 ens
961 2860 1059 2889 esset
1087 2864 1172 2899 ens,
1203 2851 1232 2888 si
1262 2850 1395 2899 aliquis
1433 2850 1572 2887 diceret

514 2906 618 2954 quod
647 2919 712 2943 ens
732 2906 913 2954 significet
932 2906 951 2926 ’¹‘
979 2917 1112 2952 unum,
1132 2905 1194 2941 vel
1223 2903 1469 2940 substantiam
1488 2910 1569 2939 tan*

282 1754 290 1762 ⁴
296 1753 430 1776 deducendo
438 1759 490 1776 maz.

280 2015 291 2026 ⁴·
306 2015 376 2037 Num.
391 2022 414 2041 4.

278 2125 288 2134 '¹
302 2123 366 2144 Lect.
379 2130 454 2150 praec.

278 2646 286 2653 '
301 2647 364 2666 esset
377 2652 477 2667 annona.

277 2671 297 2680 ‘²
307 2671 354 2692 erit
364 2678 413 2699 arv,
425 2674 489 2693 esset

276 2703 363 2719 nnunz.

276 2890 410 2917 'significat
418 2891 486 2914 codd.

276 2923 326 2938 exc.
341 2923 363 2938 r.

567 3019 592 3051 οι)
615 3019 841 3043 Considerandum
861 3022 900 3043 est
918 3026 982 3052 ergo
998 3019 1097 3050 primo.
1110 3033 1129 3037 —
1142 3019 1189 3043 Est
1210 3019 1283 3043 lectio
1303 3018 1377 3042 codd.
1392 3025 1445 3042 exc.
1458 3017 1505 3041 HN
1523 3018 1567 3049 qui

513 3055 633 3078 omittunt
643 3055 741 3085 primo.
754 3054 814 3083 Pab,
834 3054 1055 3079 considerandum
1070 3054 1168 3085 primo.
1183 3068 1202 3073 -
1215 3053 1288 3082 Infra,
1308 3053 1365 3077 loco
1384 3060 1434 3077 non
1455 3052 1566 3084 requiri-

513 3092 564 3118 tur,
585 3090 654 3121 quod
674 3089 750 3113 habet
769 3089 803 3113 Pb
823 3096 846 3113 et
866 3090 913 3121 pA,
934 3090 1043 3120 legimus
1063 3096 1113 3113 non
1133 3089 1251 3120 sequitur
1274 3096 1332 3112 cum
1352 3095 1368 3112 a
1387 3093 1413 3112 et
1437 3087 1567 3112 codicibus

513 3132 566 3148 exc.
586 3124 788 3153 lKOQVXYsA,
812 3126 854 3156 qui
875 3130 959 3148 tamen
979 3125 1087 3148 aliorum
1110 3124 1183 3148 codd.
1207 3123 1342 3148 lectionem
1365 3127 1484 3155 corrupte
1508 3130 1567 3154 pro-

514 3159 603 3188 ferunt,
620 3160 741 3191 legendo,
764 3159 883 3183 IKOYsA
898 3167 949 3183 uon
969 3162 1121 3191 sequuntur,
1137 3159 1208 3188 QVX
1227 3166 1279 3183 non
1293 3161 1442 3189 sequentur.
1458 3157 1495 3182 Cf.
1510 3158 1566 3182 lect.

531 3196 630 3219 raeced.
647 3203 672 3218 n.
687 3194 711 3219 6.

513 3202 528 3225 p
567 3228 591 3261 β)
611 3230 682 3261 quod
700 3237 751 3254 non
771 3236 816 3253 ens
835 3233 873 3253 est
887 3236 940 3253 ens.
954 3243 971 3247 —
985 3229 1020 3253 Ita
1034 3228 1096 3253 Pab.
1111 3228 1183 3252 Codd
1197 3236 1249 3253 exc.
1263 3227 1358 3252 EGLM
1373 3227 1467 3252 habent
1479 3227 1566 3259 quoad

514 3271 619 3287 sensum
642 3265 748 3288 eandem
773 3265 908 3288 lectionem
932 3265 976 3288 scd
998 3264 1046 3288 sub
1074 3264 1156 3288 forma
1179 3263 1309 3296 aliquanto
1334 3263 1453 3288 diversa:
1479 3263 1566 3294 legunt

515 3299 582 3322 enim
601 3299 671 3330 quod
690 3307 740 3323 non
761 3303 810 3327 est,
826 3303 872 3323 est.
888 3300 913 3322 ln
933 3298 1092 3331 praecedenti
1113 3298 1220 3323 lectione
1234 3306 1249 3322 n
1264 3306 1288 3330 7,
1307 3306 1329 3322 a.
1343 3297 1458 3322 Thomas
1478 3297 1520 3327 ait,
1534 3304 1566 3321 ac

514 3332 537 3356 εἰ
555 3333 633 3361 dicat,
648 3341 712 3365 ergo
724 3334 842 3365 sequitur
862 3334 930 3366 quod
945 3342 995 3358 non
1011 3341 1056 3358 ens
1069 3333 1103 3358 sit
1117 3340 1171 3358 ens.
1191 3334 1277 3358 Lectio
1291 3337 1375 3357 autem
1392 3333 1495 3357 maioris
1508 3339 1566 3364 par-

513 3366 546 3390 tis
565 3368 638 3391 codd.
653 3368 751 3392 videtur
770 3369 850 3399 mauis
871 3369 978 3393 litteram
998 3373 1082 3393 textus
1100 3369 1277 3400 reproducere‚
1294 3365 1332 3393 ὅτι
1352 3364 1404 3392 ἐστὶ
1424 3364 1454 3392 τὸ
1474 3365 1508 3401 μὴ
1522 3363 1564 3396 ἄν’,

515 3406 539 3425 et
558 3401 581 3425 in
601 3403 758 3433 praet-edenti
779 3404 884 3427 tecttonc
903 3401 972 3428 ’ἔσται
992 3411 1015 3428 τι
1036 3400 1085 3436 ἄρα
1105 3401 1151 3428 οὒκ
1173 3400 1208 3428 ὅν.

566 3437 593 3468 γ)
613 3437 721 3460 ducebat
737 3443 783 3461 etc.
803 3452 821 3455 -
841 3439 1071 3468 AfflMLQTVXY
1097 3438 1254 3466 deducebam
1274 3438 1294 3462 Ε
1319 3437 1435 3466 dicebat,
1455 3441 1479 3462 et
1502 3445 1560 3461 curn

515 3470 555 3502 pG
575 3479 626 3494 om.
642 3472 678 3495 ad
697 3472 759 3497 hoc:
779 3473 836 3495 sssG
861 3473 896 3496 ad
915 3474 962 3497 hoc
982 3474 1170 3498 inconveniens.
1182 3487 1201 3492 -
1214 3474 1263 3497 Pro
1282 3473 1352 3506 quod
1369 3480 1420 3497 non
1437 3479 1483 3497 ens
1500 3475 1566 3497 esset

515 3512 567 3533 ens,
589 3506 674 3536 llplzG
688 3507 757 3537 quod
771 3514 816 3531 cns
836 3515 885 3531 non
900 3510 980 3536 essen·
993 3509 1068 3533 ceteri
1083 3516 1144 3533 vero
1155 3509 1228 3533 codd.
1242 3516 1294 3533 exc.
1309 3507 1354 3538 sG,
1368 3508 1438 3540 quod
1452 3515 1503 3532 non
1520 3514 1565 3532 ens

762 1853 955 1889 zsifionem
989 1853 1250 1900 quorundam,
1284 1851 1348 1899 qui
1383 1850 1592 1899 praedicta.

1702 627 1833 668 quidem
1852 627 2006 668 quoniam
2022 629 2131 659 omnia
2155 638 2257 659 unum
2282 635 2356 660 sunt
2374 629 2399 659 si
2418 629 2506 670 quod
2529 636 2575 661 est
2591 640 2693 661 unum

1701 670 1869 710 significat,
1889 671 2043 712 quoniam
2061 678 2107 702 est
2126 679 2156 702 et
2180 673 2269 713 quod
2287 682 2352 703 non
2373 679 2437 703 est:
2464 673 2492 703 ei
2515 680 2633 714 autem,
2657 684 2695 704 ex

1702 714 1859 745 decisione
1882 714 2058 745 individuas
2081 715 2230 746 facientes
2253 716 2493 756 magnitudines.

1633 757 1652 776 *
1669 758 1874 789 Manifestum
1897 765 2003 789 autem
2031 765 2076 790 est
2104 759 2256 800 quoniam
2283 770 2350 790 non
2376 770 2487 791 verum
2515 767 2561 792 est
2583 761 2692 802 quod,

1701 801 1727 832 si
1741 811 1842 832 unum
1859 802 2011 842 significat
2025 803 2114 843 quod
2143 810 2189 834 est
2217 810 2248 834 et
2270 814 2336 834 non
2359 804 2508 844 possibile
2530 811 2577 836 est
2598 805 2694 837 simul

1698 845 1978 876 contradictionem
1994 855 2071 884 esse,
2087 856 2154 877 non
2173 847 2229 878 erit
2244 847 2323 878 nihil
2341 849 2429 889 quod
2445 858 2511 879 non
2528 855 2585 885 est.
2604 849 2692 880 Nihil

1701 889 1787 920 enim
1809 889 1955 929 prohibet
1978 891 2067 931 quod
2089 900 2154 921 non
2178 897 2224 922 est
2249 901 2315 922 non
2333 891 2514 932 simpliciter
2530 899 2614 933 esse;
2638 893 2693 924 sed

1700 943 1767 963 non
1790 943 1845 963 ens
1868 933 1987 974 aliquid
2009 943 2076 964 esse
2099 934 2187 974 quod
2206 945 2272 964 non
2295 941 2350 966 est.

1633 976 1744 1007 Dicere
1766 976 1861 1016 igitur
1883 984 1968 1007 extra
1990 977 2096 1017 ipsum
2119 978 2207 1018 quod
2223 985 2270 1008 est
2291 978 2351 1008 nisi
2374 978 2493 1019 aliquid
2516 979 2573 1010 erit
2595 979 2692 1019 aliud,

1701 1030 1804 1050 unum
1822 1021 1931 1050 omnia
1950 1030 2026 1059 esse,
2041 1021 2266 1051 inconveniens
2285 1029 2339 1052 est.
2365 1022 2445 1059 Quis
2461 1022 2546 1053 enim
2560 1023 2693 1054 addiscit

1700 1064 1807 1104 ipsum
1830 1065 1916 1104 quod
1941 1071 1998 1102 est,
2021 1064 2081 1095 nisi
2097 1065 2185 1105 quod
2208 1075 2280 1095 vere
2303 1072 2348 1096 est
2368 1065 2488 1106 aliquid
2510 1063 2566 1096 sit?
2581 1066 2622 1106 ,Si
2637 1076 2692 1097 au-

1700 1114 1766 1138 tem
1788 1108 1868 1145 hoc,
1892 1108 1970 1138 nihil
1993 1114 2098 1138 tamen
2122 1108 2266 1148 prohibet
2288 1109 2389 1139 multa
2411 1119 2493 1150 quae
2515 1115 2589 1140 sunt
2607 1119 2691 1148 esse,

1701 1150 1782 1181 sicut
1805 1151 1925 1181 dictum
1948 1158 2003 1182 est.
2038 1152 2136 1188 Quod
2165 1151 2295 1192 quidem
2317 1151 2412 1191 igitur
2434 1152 2478 1183 sic
2501 1162 2603 1183 unum
2626 1163 2692 1184 esse

1702 1195 1791 1235 quod
1814 1201 1859 1224 est
1883 1195 2077 1235 impossibile
2101 1195 2156 1231 sit,
2181 1194 2384 1226 manifestum
2408 1202 2463 1227 est.

1631 1292 1732 1314 textus.
1754 1303 1774 1308 —
1796 1287 1822 1314 5.
1843 1287 2025 1322 Improbatur
2051 1287 2145 1323 prima
2170 1287 2278 1324 positio
2308 1287 2542 1325 Platonicorum,
2564 1299 2620 1318 non
2641 1299 2694 1320 ens

1632 1335 1694 1354 esse
1718 1325 1836 1362 aliquid.
1865 1327 1938 1353 Nam
1960 1328 1995 1361 a)
2016 1334 2050 1354 ex
2077 1335 2113 1354 eo
2139 1328 2220 1363 quod
2250 1335 2302 1355 ens
2331 1327 2470 1364 significat
2496 1329 2691 1366 principaliter

1632 1365 1838 1400 substantiam,
1863 1364 1991 1401 sequitur
2020 1366 2100 1402 quod
2121 1365 2253 1394 accidens
2277 1375 2338 1394 non
2365 1367 2401 1395 sit
2432 1367 2597 1404 simpliciter
2623 1378 2691 1398 ens:

1631 1413 1692 1431 non
1715 1410 1812 1432 tamen
1836 1404 1964 1440 sequitur
1994 1405 2074 1441 quod
2109 1405 2241 1434 accidens
2271 1405 2362 1442 possit
2392 1405 2447 1435 dici
2475 1407 2606 1436 absolute
2627 1417 2690 1436 non

1631 1451 1690 1471 ens.
1712 1459 1732 1464 —-
1753 1444 1780 1471 6.
1801 1443 1828 1479 b)
1857 1444 1893 1471 Et
1917 1443 2003 1472 etiarn
2027 1451 2139 1472 remota
2168 1444 2365 1482 magnitudine
2388 1451 2417 1474 et
2448 1446 2610 1482 accidente,
2630 1455 2692 1476 non

1630 1482 1759 1519 sequitur
1779 1482 1879 1510 omnia
1906 1492 1968 1511 esse
1991 1492 2101 1519 unum3
2127 1484 2267 1520 quoniam
2292 1484 2422 1513 definitio
2452 1486 2627 1515 substantiae
2648 1486 2691 1522 die

1629 1521 1734 1550 viditur
1754 1521 1784 1549 in
1805 1522 1896 1550 multa
1917 1531 1990 1559 quae
2021 1529 2088 1551 sunt
2108 1523 2144 1551 de
2170 1533 2275 1560 genere
2295 1524 2487 1561 substantiae3
2502 1531 2530 1553 et
2550 1525 2691 1562 quoniam

1629 1562 1788 1589 secundum
1809 1561 1934 1590 diversas
1963 1561 2136 1590 differentias
2158 1562 2270 1599 generis
2294 1569 2361 1591 sunt
2381 1564 2488 1592 multae
2516 1564 2692 1594 substantiae

1629 1609 1659 1628 m
1684 1606 1758 1628 actu.

1629 1697 1711 1726 tum
1729 1690 1791 1727 vel
1811 1690 1987 1728 accidens
2014 1699 2176 1739 tanturn,
2207 1699 2243 1729 et
2267 1705 2338 1741 per
2356 1695 2376 1714 ⁴·
2404 1695 2479 1732 hoc
2496 1695 2611 1732 vellet
2636 1695 2689 1733 di·

1630 1754 1713 1778 cere
1743 1743 1847 1791 quod
1866 1745 1997 1781 omnia
2016 1753 2102 1781 sunt
2120 1757 2257 1781 unum:
2273 1766 2298 1773 -
2312 1747 2401 1783 huic
2421 1747 2567 1794 rationi,
2589 1747 2688 1796 dico,

1629 1795 1902 1843 acquieverunt
1921 1797 1940 1818 *²
1969 1797 2074 1845 quod
2093 1809 2172 1834 non
2201 1809 2267 1834 ens
2296 1807 2394 1836 esset
2421 1812 2499 1837 ens.
2529 1801 2690 1843 Dicebat

1630 1848 1731 1884 enim
1760 1849 1866 1885 Plato
1895 1850 2000 1897 quod
2029 1849 2204 1886 accidens
2233 1858 2288 1887 est
2316 1863 2395 1889 non
2423 1865 2509 1890 ens:
2539 1860 2575 1890 et
2600 1865 2688 1902 pro·

1627 1907 1712 1949 pter
1728 1901 1803 1937 hoc
1827 1901 1960 1938 dicitur
1978 1902 2016 1938 in
2035 1902 2086 1939 VI
2105 1903 2320 1952 Metaphys.
2332 1906 2352 1926 '¹‘
2369 1905 2476 1954 quod
2493 1905 2600 1942 Plato
2619 1917 2688 1954 po-

1629 1953 1702 1989 suit
1729 1953 1981 2002 Sophisticam
2000 1955 2020 1975 '¹²'
2048 1955 2145 1992 circa
2173 1967 2251 1992 non
2280 1968 2366 2004 ens,
2401 1958 2490 2007 quia
2516 1966 2688 1997 versatur

1629 2005 1793 2042 maxime
1823 2006 1919 2043 eirca
1948 2019 1993 2043 ea
2012 2019 2109 2056 quae
2128 2009 2390 2056 per.accidens
2411 2011 2595 2048 dicuntur.
2625 2011 2689 2049 Sic

1629 2070 1718 2105 ergo
1747 2059 1866 2105 Plato,
1897 2059 2102 2107 intelligens
2121 2071 2189 2109 per
2209 2073 2275 2097 ens
2303 2063 2566 2111 substantiam,
2597 2075 2685 2101 con-

1629 2111 1788 2147 cedebat
1814 2111 1978 2159 primam
2013 2112 2316 2161 propositionem
2345 2116 2602 2163 Parmenidis,
2633 2116 2686 2154 di-

1629 2163 1745 2199 centis
1773 2164 1878 2210 quod
1896 2165 1916 2185 '³‘
1943 2164 2128 2213 quidquid
2162 2173 2218 2202 est
2247 2176 2397 2215 praeter
2431 2181 2498 2205 ens
2526 2176 2582 2206 est
2607 2181 2687 2206 non

1628 2227 1711 2262 ens;
1733 2217 1821 2264 quia
1839 2217 2007 2265 ponebat
2027 2217 2214 2265 accidens,
2235 2221 2340 2267 quod
2360 2228 2415 2258 est
2431 2229 2581 2270 praeter
2599 2222 2687 2260 sub-

1628 2268 1821 2315 stantiam,
1852 2281 1933 2306 esse
1961 2281 2040 2306 non
2072 2283 2151 2306 ens.
2181 2271 2271 2309 Non
2299 2280 2428 2310 tamen
2455 2274 2689 2312 concedebat

1627 2322 1835 2358 secundam
1854 2319 1868 2343 ⁸
1885 2319 2197 2371 propositionem,
2212 2325 2310 2362 hanc
2333 2325 2488 2363 scilicet:
2503 2326 2688 2375 quidquid

1628 2380 1683 2410 est
1701 2385 1779 2410 non
1799 2386 1866 2410 ens
1892 2382 1947 2411 est
1974 2375 2075 2413 nihil.
2106 2375 2211 2412 Licet
2231 2378 2333 2415 enim
2353 2378 2493 2416 diceret
2511 2379 2686 2417 accidens

1628 2438 1708 2462 esse
1738 2439 1815 2463 non
1845 2439 1926 2475 ens,
1956 2439 2034 2464 non
2067 2435 2196 2464 tamen
2225 2430 2373 2467 dicebat
2400 2431 2574 2469 accidens
2603 2444 2685 2476 esse

1627 2479 1728 2525 nihil,
1744 2479 1812 2516 sed
1831 2479 1981 2528 aliquid.
2003 2482 2052 2517 Et
2069 2488 2225 2530 propter
2243 2484 2317 2520 hoc
2332 2484 2543 2522 secundum
2558 2484 2684 2534 ipsum

1625 2543 1704 2568 non
1723 2533 1951 2581 sequebatur
1969 2534 2073 2581 quod
2093 2534 2138 2570 sit
2156 2545 2277 2572 unum
2302 2543 2459 2574 tantum.
2480 2558 2505 2565 -
2531 2538 2607 2574 Sed
2633 2538 2684 2574 al-

1625 2584 1692 2620 teri
1712 2585 1855 2631 rationi,
1876 2598 1972 2633 quae
1994 2587 2156 2623 ducebat
2177 2588 2226 2625 ad
2244 2589 2318 2625 hoc
2337 2590 2441 2638 quod
2461 2590 2683 2638 magnitudo

1626 2645 1723 2673 esset
1750 2638 2003 2686 indivisibilis,
2033 2638 2259 2677 assentiebat
2285 2643 2304 2663 '²‘
2333 2642 2505 2679 faciendo
2533 2643 2575 2664 ²⁸*
2602 2655 2682 2680 ma-

1624 2691 1835 2738 gnitudines
1864 2703 1945 2728 esse
1974 2691 2209 2730 indivisibiles
2233 2706 2282 2730 ex
2298 2695 2493 2741 decisione,
2514 2695 2610 2733 idest
2628 2695 2682 2733 di-

1625 2743 1746 2780 cendo
1767 2744 1870 2792 quod
1899 2745 2199 2791 magnitudinum
2221 2747 2356 2784 divisio
2376 2747 2424 2784 ad
2443 2747 2682 2786 indivisibilia

1623 2796 1852 2833 terminatur.
1883 2798 2056 2834 Ponebat
2084 2799 2184 2836 enim
2214 2811 2374 2848 corpora
2402 2801 2539 2838 resolvi
2561 2801 2601 2850 in
2619 2813 2681 2838 su-

1621 2850 1806 2897 perficies,
1828 2857 1863 2886 et
1890 2850 2108 2898 superficies
2136 2852 2174 2888 in
2202 2852 2330 2899 lineas,
2352 2860 2388 2889 et
2415 2853 2532 2890 lineas
2559 2853 2597 2890 in
2624 2854 2681 2891 in-

1614 2901 1821 2945 divisibilia
1838 2907 1861 2949 ³,
1889 2910 1931 2939 ut
1955 2911 2059 2951 patet
2085 2903 2124 2940 in
2152 2905 2201 2941 Ill
2231 2905 2276 2941 de
2299 2905 2411 2942 Caelo
2431 2911 2468 2942 et
2481 2906 2631 2943 Mundo
2647 2907 2678 2957 ξ.
2708 2896 2733 2943 “.

1620 3020 1695 3041 esset.
1715 3017 1746 3041 Et
1765 3017 1880 3041 similiter
1899 3017 1962 3042 infra
1980 3025 2072 3042 omnes
2086 3018 2161 3042 codd.
2180 3025 2233 3042 exc.
2247 3017 2273 3048 Q
2288 3018 2411 3043 omittunt
2429 3026 2475 3044 ens
2491 3024 2550 3045 ante
2570 3020 2682 3046 Dicebat

1633 3052 1664 3077 cf.
1684 3057 1737 3076 not.
1757 3052 1862 3084 praec.).
2427 3055 2430 3060 ”

1621 3052 1630 3084 (
1672 3085 1697 3120 δ)
1716 3087 1874 3111 concedebat
1888 3087 2038 3112 secundam.
2051 3101 2070 3106 —
2083 3087 2169 3120 PDpH
2189 3093 2214 3112 et
2232 3089 2274 3113 ab
2292 3088 2412 3113 omittunt
2435 3090 2588 3119 secundam,
2609 3091 2680 3123 quod

1619 3122 1777 3146 restituimus
1797 3130 1848 3146 non
1867 3122 1952 3146 solum
1971 3127 2076 3155 propter
2095 3123 2270 3148 auctoritatem
2289 3123 2416 3154 codicum,
2435 3125 2482 3149 sed
2501 3126 2560 3157 quia
2577 3125 2680 3151 videtur

1620 3157 1781 3181 retinendum
1801 3164 1846 3189 per
1864 3157 2012 3181 relationem
2027 3158 2059 3181 nd
2078 3158 2185 3182 modum
2203 3159 2324 3190 loquendi
2347 3167 2400 3191 quo
2418 3160 2495 3191 paulo
2509 3167 2587 3192 supra
2600 3161 2679 3186 utitur

1620 3200 1641 3216 s.
1656 3191 1779 3221 Thomas,
1800 3199 1891 3224 nempe
1909 3193 2066 3217 concedebat
2080 3193 2197 3224 primam
2218 3198 2265 3218 etc.
2279 3193 2317 3218 Cf.
2331 3194 2388 3219 lect.
2402 3202 2496 3226 praec„
2509 3203 2535 3220 n.
2549 3202 2572 3220 2.

1672 3228 1694 3258 ε)
1716 3228 1750 3251 Et
1769 3227 1851 3251 lineas
1871 3227 1896 3252 in
1917 3227 2097 3252 indivisibilia.
2109 3228 2186 3252 -Est
2204 3228 2279 3253 lectio
2298 3235 2315 3253 α
2334 3234 2359 3253 et
2378 3230 2416 3259 sl;
2436 3229 2451 3254 b
2470 3237 2522 3255 om.
2537 3233 2564 3255 et
2577 3230 2677 3260 lineam·

1619 3261 1638 3286 Ρ
1658 3261 1734 3286 habet
1752 3262 1849 3290 lineae,
1870 3262 1940 3294 quod
1957 3263 2059 3287 videtur
2077 3271 2136 3287 esse
2155 3270 2226 3287 error
2243 3264 2443 3296 typographicus
2460 3272 2507 3297 pro
2525 3265 2616 3295 lineas,
2635 3265 2678 3290 vel

1619 3297 1715 3321 lineam
1735 3302 1811 3329 prout
1830 3297 1906 3322 habet
1925 3298 1945 3322 C
1964 3297 2018 3330 (qui
2037 3306 2062 3330 p.
2073 3306 2108 3322 m.
2122 3306 2175 3322 om.
2189 3298 2215 3323 in
2231 3304 2290 3323 ante
2303 3298 2500 3333 indivisibilia).
2520 3300 2570 3325 Sed
2585 3307 2676 3325 omnes

1619 3332 1658 3356 alii
1689 3333 1762 3356 codd.
1788 3332 1853 3356 hanc
1879 3333 2029 3357 sententiam
2059 3334 2130 3358 aliter
2155 3333 2294 3365 proferunt.
2326 3334 2390 3358 Nam
2420 3334 2677 3365 AEFKMQRSTVY

1619 3367 1741 3398 pBGlOX
1762 3367 1849 3400 legunt
1867 3370 1893 3392 et
1910 3367 2000 3392 omnia
2019 3368 2203 3398 indivisibilia,-
2222 3369 2423 3394 HLNZsBGox
2442 3372 2468 3394 et
2485 3369 2574 3394 omnia
2594 3369 2621 3394 in
2637 3369 2676 3394 in-

1619 3402 1761 3427 divisibilia
1768 3409 1776 3431 ,·
1795 3402 1816 3427 D
1841 3406 1867 3427 et
1891 3403 1997 3427 omnino
2017 3403 2196 3428 indivisibilia.
2216 3404 2367 3429 Retinemus
2386 3404 2476 3433 lineas,
2490 3403 2549 3437 quia
2563 3403 2625 3428 haec
2639 3404 2676 3429 le-

1620 3437 1669 3461 ctio
1688 3438 1787 3462 videtur
1805 3438 1935 3462 retinenda
1955 3445 1984 3462 ex
2004 3445 2128 3470 processu
2150 3438 2257 3463 divisivo
2282 3439 2409 3469 Platonis;
2427 3446 2458 3464 ex
2481 3438 2626 3468 Aristotele,
2644 3439 2676 3463 ad

1620 3479 1698 3504 quern
1717 3473 1821 3497 remittit
1839 3481 1860 3497 s.
1875 3473 2006 3497 Thomas:
2027 3482 2039 3496 α
2053 3473 2134 3497 solida
2158 3473 2263 3505 quidem
2283 3481 2312 3498 ex
2331 3473 2430 3506 planis,
2449 3481 2479 3498 ex
2498 3473 2570 3498 lineis
2589 3478 2676 3498 autem

1620 3508 1702 3539 plana,
1713 3513 1738 3532 et
1752 3508 1797 3532 has
1813 3515 1842 3532 ex
1857 3509 1956 3540 punctis
1971 3507 2090 3540 componi
2102 3516 2116 3531 »
2124 3514 2132 3538 ;
2147 3508 2257 3541 denique
2271 3516 2300 3533 ex
2313 3509 2343 3533 D.
2354 3508 2456 3533 Thomu
2467 3508 2502 3534 ib.
2515 3508 2624 3533 lectione
2634 3515 2676 3533 111:

2719 625 2742 643 et
2754 625 2809 644 text.
2822 627 2860 651 3⁰.

2718 767 2731 779 ⁸
2743 765 2811 790 Text.
2824 771 2856 795 ³¹-

2715 1708 2728 1719 ·
2740 1694 2841 1736 mter
2858 1709 2930 1732 codd.

2717 1740 2767 1756 exc.
2781 1741 2913 1758 amma,

2714 1811 2728 1824 ⁵
2741 1812 2894 1836 concedes-een

2716 1838 2804 1861 addunt
2816 1844 2853 1862 ω.

2714 1916 2725 1928 ·
2735 1915 2760 1938 S.
2770 1916 2815 1939 Τιι.
2823 1917 2876 1939 leet.
2883 1923 2904 1940 ι.
2914 1928 2927 1935 -

2715 1942 2768 1964 Did.
2777 1943 2816 1965 lib.
2824 1950 2839 1965 v
2854 1949 2878 1972 n,
2886 1949 2908 1972 3.

2713 1960 2870 2017 ζέφὴᾱέοα
2884 1976 2930 1992 νει

2715 2183 2724 2193 ·
2731 2182 2851 2211 quodem.
2855 2184 2920 2207 codd

2714 2214 2765 2231 exc.
2778 2215 2864 2233 υιαιο.

2710 2651 2720 2661 ·
2733 2651 2898 2690 amdam?

2708 2698 2922 2752 mcxi:

2707 2761 2876 2804 paci-unam.
2881 2755 2924 2779 Cf.
