2898 3996
515 355 1316 458 'PHYfflCORUM

1385 370 2108 453 ARISTOTELIS

1104 586 1374 658 LIBER
1417 537 1571 649 vm

1044 1026 1342 1082 LECTIO
1387 1028 1647 1081 PRIMA

353 1182 508 1213 UTRUM
526 1180 675 1212 MOTUS
693 1170 946 1216 ALIQUANDO
965 1177 1064 1208 ESSE
1083 1176 1321 1214 INCEPERIT,
1338 1176 1395 1205 ET
1415 1175 1669 1212 ALIQUANDO
1690 1175 1908 1206 DEFICIAT:
1929 1177 2018 1207 AUT
2037 1177 2063 1206 E
2086 1176 2338 1207 CONTRARIO

285 1238 433 1276 NEQUE
461 1237 647 1275 UNQUAM
683 1235 870 1273 1NCEPIT,
901 1234 1048 1270 NEQUE
1081 1233 1267 1270 UNQUAM
1298 1231 1498 1262 DEFICIET
1528 1249 1546 1254 -
1571 1231 1797 1262 OPINIONES
1830 1232 1887 1262 AD
1917 1232 2159 1269 UTRAMQUE
2187 1233 2363 1263 PARTEM
2387 1251 2404 1255 -

962 1289 1161 1331 UTILITAS
1185 1288 1316 1320 HUIUS
1340 1287 1727 1319 CONSIDERATIONIS

262 1422 349 1455 Πότε
371 1434 406 1454 ον
430 1417 469 1453 δέ
491 1419 610 1467 γέγονέ
634 1431 719 1452 ποτε
743 1422 867 1457 κίνησις
887 1419 944 1451 οὐκ.
964 1417 1048 1451 οὖσα
1065 1417 1241 1462 πρότερον,
1259 1420 1318 1448 καὶ

330 1477 351 1510 φ
373 1468 499 1508 είρεται
523 1464 624 1497 πάλιν
650 1463 755 1501 οὕτως
781 1463 867 1495 ὥστε
887 1461 1048 1495 κινεῖσθαι
1065 1457 1183 1505 μηδέν,
1203 1460 1223 1498 ἦ
1243 1461 1314 1493 οὔτ’

330 1509 465 1556 ἐγένετο
491 1508 569 1540 οὔτε
594 1507 775 1552 φθείρεται,
804 1508 874 1539 ἀλλ’
906 1508 956 1539 ἀεὶ
981 1505 1020 1544 ἦν
1044 1508 1102 1538 καὶ
1129 1507 1180 1538 ἀεὶ
1205 1506 1317 1546 ἔσται,

328 1555 387 1586 καὶ
411 1553 506 1586 τοῦτ’
530 1551 701 1585 ἀθάνατον
725 1553 783 1583 καὶ
809 1551 986 1583 ἄπαυστον
1008 1550 1150 1595 ύποίρχει
1175 1554 1246 1586 τοῖς
1266 1547 1318 1581 οὗ·

330 1609 394 1639 σιν,
421 1598 488 1629 οἷον
512 1595 584 1638 ζωή
607 1607 657 1634 τις
683 1594 767 1627 οὖσα
791 1599 861 1633 τοῖς
879 1595 972 1640 φύσει
996 1595 1176 1626 συνεστῶσι
1195 1595 1316 1633 πᾶα-ιη

264 1682 358 1717 Εἶναι
382 1684 441 1727 μὲν
467 1681 523 1715 οὖν
546 1685 672 1720 κίνησιν
703 1681 828 1719 πάντες
861 1684 957 1725 φασὶν
985 1683 1012 1712 οἱ
1038 1682 1109 1724 περὶ
1135 1679 1258 1724 φύσεώς
1284 1691 1319 1712 τι

328 1728 500 1774 λέγοντες,
518 1722 578 1758 &ab
600 1726 641 1759 τό
666 1730 879 1769 κοσμοποιεῖν
903 1727 960 1757 καὶ
986 1727 1058 1769 περὶ
1082 1725 1239 1769 γενέσεως
1260 1725 1318 1755 καὶ

330 1771 451 1816 φθορᾶς
475 1769 560 1803 εἶναι
582 1770 645 1807 τήν
662 1769 800 1813 θεωρίαν
818 1771 921 1805 πᾶσιν
938 1769 1074 1810 auia-02¹5,
1087 1770 1126 1805 ἦν
1147 1763 1318 1801 ἀδύνατον

332 1816 494 1861 ὖπάρχειν
519 1814 565 1859 μὴ
589 1813 746 1852 κινήσεως
774 1814 882 1851 οὔσης.
1213 1830 1217 1843 -,

259 1861 348 1892 Ἀλλ’
371 1858 441 1892 ὅσοι
465 1859 524 1902 μὲν
545 1859 697 1902 ἀπείρους
723 1870 761 1890 τε
785 1857 927 1901 κόσμους
950 1853 1034 1888 εἷναί
1053 1867 1145 1900 φασι,
1163 1857 1220 1887 καὶ
1239 1855 1317 1892 τούς

331 1903 389 1948 μὲν
413 1902 605 1949 γίγνεσθαι,
632 1902 710 1939 τούς
734 1897 772 1933 δὲ
795 1899 979 1946 φθείρεσθαι
1005 1901 1070 1932 τῶν
1093 1899 1238 1943 κόσμων,
1267 1899 1318 1931 ἀεί

331 1958 428 1992 φασιν
454 1944 538 1979 εἶναι
561 1948 686 1983 κίνησιν
707 1944 912 1991 (ἀναγκαῖον
931 1945 995 1991 γοὶρ
1015 1944 1076 1981 τοὶς
1097 1943 1239 1989 γενέσεις
1261 1944 1320 1974 καὶ

333 1991 396 2029 τοὶς
419 1991 540 2035 φθοράς
564 1987 649 2022 εἶναι
673 1989 764 2034 μετοὶ
785 1988 943 2026 κινήσεως
968 1989 1114 2029 oco-effim-

267 2075 337 2109 ὅσοι
361 2070 399 2106 δὲ
423 2073 482 2106 ἕνα
505 2072 524 2110 ἧ
542 2073 589 2115 μή
616 2072 678 2112 ἀεί,
704 2075 762 2105 καὶ
787 2075 859 2115 περὶ
884 2073 946 2110 τῆς
969 2072 1126 2110 κινήσεως
1149 2070 1320 2105 ὖποτίθεν-

333 2129 393 2150 ται
415 2118 511 2150 κατα
531 2115 646 2162 λόγον.
673 2118 710 2148 Εἰ
734 2113 776 2153 δή
803 2112 978 2162 ἐνδέχεταί
1002 2128 1087 2148 ποτε
1105 2111 1207 2160 μηδὲν
1223 2120 1320 2147 κινεῖ·-

333 2161 433 2202 σθαι,
466 2157 568 2206 διχῶς
602 2159 731 2206 ἀνάγκη
768 2161 874 2192 τοῦτο
906 2160 1110 2204 συμβαίνειν·
1142 2158 1162 2196 ἦ
1186 2160 1249 2204 γοὶρ
1279 2161 1320 2197 ὠς

327 2205 559 2251 Ἀναξαγόρας
583 2203 675 2250 λέγει
701 2205 798 2248 (φησὶ
821 2204 886 2250 γοὶρ
912 2204 1047 2244 ἐκεῖνος,
1074 2204 1156 2247 ὁμοῦ
1182 2203 1320 2235 πάντων

323 2249 439 2282 ,ὄντων
464 2251 521 2280 καὶ
547 2247 760 2292 ἠρεμούντων
787 2249 845 2281 τὸν
873 2247 1007 2292 ἄπειρον
1031 2247 1170 2292 χρόνον,
1195 2249 1320 2284 κίνησιν

335 2294 520 2338 ἐμποιῆσαι
546 2292 604 2325 τὸν
629 2293 705 2324 νοῦν
736 2294 794 2324 καὶ
823 2289 1024 2336 διακρῖναι),
1051 2290 1071 2327 ’ἢ
1096 2292 1137 2328 ὠς
1156 2286 1321 2333 Ἐμπεδο-

333 2339 429 2378 κλῆς,
449 2337 480 2369 ὲν
506 2336 596 2381 μέρει
619 2335 781 2367 κινεῖσθαι
805 2338 860 2368 καὶ
879 2335 980 2368 πάλιν
998 2335 1143 2379 ἠρεμεῖν,
1161 2333 1322 2366 κινεῖσθαι

334 2382 392 2426 μὲν
419 2380 502 2413 ὅταν
527 2381 548 2417 ἡ
573 2381 667 2422 φιλία
691 2377 726 2412 ἐκ.
752 2376 882 2412 πολλῶν
909 2380 990 2421 ποιῇ
1014 2379 1054 2411 τὸ
1071 2380 1103 2410 ἓν
1121 2378 1142 2415 ἦ
1161 2379 1201 2410 τὸ
1218 2382 1322 2416 νεῖκος

334 2425 448 2458 πολλοὶ
471 2423 505 2464 ἐξ
531 2424 621 2465 ἑνός,
649 2424 780 2468 ἠρεμεῖν
805 2419 834 2455 δ’
864 2424 895 2455 ἐν
922 2427 991 2461 τοῖς
1017 2422 1147 2467 μεταξύ
1178 2422 1320 2467 χρόνοις,

333 2469 440 2516 λέγων
467 2468 585 2505 οὕτως·

399 2531 440 2536 -
459 2512 542 2556 ἠμὲν
569 2512 601 2543 ἓν
627 2512 663 2543 ἐκ
688 2510 834 2543 πλεόνων
861 2509 1031 2554 μεμάθηκε
1056 2509 1210 2553 φύεσθαι,

401 2551 462 2593 ἠδὲ
486 2556 589 2588 πάλιν
614 2551 794 2599 διαφόντος
821 2555 890 2592 ἑνὸς
917 2553 1031 2586 πλέον’
1053 2554 1293 2587 ἑκτελέθουσιν.

401 2601 450 2642 Τῇ
468 2600 526 2644 μὲν
543 2597 719 2656 γίγνονταί
741 2611 792 2639 τε,
810 2600 867 2630 καὶ
886 2598 923 2630 οὔ
941 2610 1046 2643 σφισιν
1068 2593 1210 2641 ἔμπεδος
1228 2597 1321 2629 αἰών·

404 2645 424 2687 ᾗ
449 2639 487 2676 δὲ
511 2639 578 2676 ταδ
612 2642 831 2676 ἀλλάσσοντα
850 2638 1029 2686 διαμπερὲς
1053 2638 1190 2685 οὐδαμοὶ
1211 2641 1321 2687 λήγει,

404 2687 518 2730 ταύτῃ
542 2683 571 2719 δ’
602 2687 672 2719 αἰὲν
698 2687 789 2722 ἔασιν
817 2686 969 2724 ἀκίνητοι
992 2686 1087 2718 κατα
1110 2686 1243 2718 κύκλον.

339 2857 392 2888 Δει
441 2856 478 2898 σὶρ
505 2855 688 2896 ὑπολαβεῖν
712 2854 821 2901 λέγειν
854 2854 958 2887 αὐτὸν
985 2854 1004 2897 ᾖ
1029 2850 1066 2886 δὲ
1091 2853 1167 2887 τάδ’
1196 2850 1325 2887 ἐνθένδε

339 2900 387 2933 τοὶ
412 2898 641 2932 αλλοίσσοντα.

274 2944 443 2977 Σκεπτέον
467 2939 511 2980 δή
536 2945 608 2986 περὶ
634 2942 765 2976 τούτων
791 2943 859 2980 πῶς
884 2943 964 2987 ἔχει.
990 2942 1054 2986 Πρὸ
1079 2943 1174 2988 ἔργου
1198 2943 1262 2988 γοὶρ
1288 2943 1325 2975 οὐ

366 2987 439 3020 όνον
465 2988 543 3031 πρὸς
569 2987 632 3024 την
658 2989 731 3030 περὶ
755 2986 878 3031 φύσεως
903 2988 1039 3030 θεωρίαν
1061 2982 1141 3018 ἰδεῖν
1159 2988 1223 3024 τήν
1243 2987 1327 3023 ἀλῆ-

339 3000 446 3073 ΐειαν,
466 3031 555 3064 ἄλλα
576 3034 633 3062 καὶ
659 3031 738 3076 πρὸς
762 3031 825 3067 τήν
850 3025 989 3074 μέθοδον
1010 3029 1072 3067 τήν
1098 3033 1171 3075 περὶ
1189 3031 1251 3069 τῆς
1271 3031 1326 3076 ἀρ-

340 3076 404 3120 χῆς
430 3074 662 3119 τῆς-πρώτης.

329 3189 467 3216 smopsxs
479 3204 514 3209 —
530 3197 554 3216 1.
568 3189 777 3226 Argumentum
796 3194 823 3216 et
837 3187 938 3216 divisio
953 3194 1043 3216 textus
1057 3194 1084 3216 et
1098 3188 1200 3227 lib-14.-
1210 3196 1237 3216 2.
1249 3189 1326 3216 Tum

277 3237 310 3256 ex
337 3227 430 3255 verbis
457 3227 632 3263 Aristotelis,
659 3234 720 3255 tum
742 3237 775 3255 ex
796 3227 856 3255 eius
876 3236 1026 3264 processu,
1048 3227 1207 3255 ostenditur
1228 3235 1327 3256 contra

277 3268 551 3302 Commentatorem,
573 3267 654 3303 quod
674 3275 807 3302 praesens
828 3266 957 3303 quaestio
978 3275 1039 3294 non
1060 3273 1102 3297 est
1122 3267 1158 3294 de
1179 3267 1327 3302 sempiter-

277 3306 364 3334 nitate
374 3305 467 3343 primi
480 3311 580 3339 motus,
596 3306 646 3333 sed
660 3311 702 3333 est
716 3305 845 3341 quaestio
860 3306 896 3332 de
917 3310 993 3333 motu
1008 3305 1036 3332 in
1052 3305 1209 3333 communi:
1230 3312 1326 3334 utrum

277 3354 382 3381 nempe
410 3346 506 3372 motus
526 3344 556 3372 in
576 3343 723 3372 communi
752 3344 907 3381 aliquando
928 3353 990 3371 esse
1010 3343 1160 3380 inceperit,
1186 3344 1226 3372 ita
1247 3346 1327 3381 quod

277 3384 356 3421 prius
370 3383 439 3412 nihil
453 3392 581 3420 unquam
595 3390 707 3411 motum
727 3383 819 3418 fuerit,
835 3389 862 3410 et
876 3383 1049 3419 quandoque
1064 3383 1103 3411 sic
1122 3383 1234 3411 deficiat
1248 3385 1327 3420 quod

277 3423 348 3452 nihil
368 3423 555 3460 postmodum
576 3428 738 3459 moveatur3
759 3428 808 3450 aut
828 3431 844 3450 e
865 3421 1008 3450 contrario
1027 3431 1120 3458 neque
1133 3431 1262 3458 unquam
1283 3422 1327 3450 in-

279 3463 352 3500 cepit
373 3468 478 3496 motus,
499 3470 593 3498 neque
613 3470 742 3498 unquam
770 3461 888 3489 deficiet.
910 3476 929 3482 -
951 3461 977 3488 3.
1007 3460 1082 3495 Quia
1103 3467 1144 3488 est
1165 3462 1327 3490 communis

279 3501 438 3539 suppositio
459 3501 489 3529 in
511 3500 628 3529 scientia
643 3499 763 3529 naturali
784 3501 864 3537 quod
878 3506 974 3527 motus
994 3500 1096 3528 habeat
1114 3509 1175 3527 esse
1190 3499 1220 3527 in
1233 3501 1326 3536 rebus,

279 3542 344 3570 ideo
359 3550 420 3570 non
434 3547 476 3569 est
490 3541 525 3568 de
539 3541 595 3568 hoe
612 3539 814 3576 inquirendum
828 3539 858 3567 in
872 3540 925 3567 hac
945 3538 1070 3566 scientia.
1085 3555 1104 3560 -
1117 3548 1145 3573 4.
1168 3539 1327 3575 Opiniones

278 3581 450 3618 ponentium
470 3586 582 3608 motum
603 3588 715 3615 semper
736 3588 805 3607 esse.
819 3594 838 3600 -
855 3579 879 3606 5.
902 3578 1060 3615 Opiniones
1081 3578 1250 3615 ponentium
1264 3588 1328 3607 mo-

420 3637 488 3669 Opp.
506 3637 537 3661 D.
552 3636 664 3661 'summu
683 3636 714 3660 T.
729 3636 757 3661 11.

1372 1418 1389 1437 *
1412 1418 1528 1448 Utrum
1543 1424 1649 1448 autem
1665 1418 1764 1449 factus
1788 1418 1827 1449 sit
1842 1419 2011 1459 aliquando
2031 1426 2155 1458 motuS,
2174 1430 2247 1451 cum
2270 1431 2335 1451 non
2352 1426 2432 1451 esset

1438 1461 1537 1501 prius,
1554 1468 1584 1492 et
1599 1462 1811 1502 corrumpitur
1833 1463 1948 1493 iterum
1971 1463 2014 1494 sic
2037 1464 2125 1503 quod
2141 1465 2260 1494 moveri
2284 1465 2361 1494 nihil
2375 1465 2430 1495 sit:

1440 1512 1494 1535 aut
1509 1515 1612 1546 neque
1625 1506 1724 1536 factus
1740 1513 1786 1536 est
1804 1516 1906 1547 neque
1923 1508 2145 1547 corrumpitur,
2162 1509 2216 1538 sed
2232 1515 2433 1548 erat·semper

1440 1555 1471 1579 et
1493 1549 1568 1587 erit3
1593 1556 1623 1579 et
1645 1550 1707 1580 hoc
1730 1550 1907 1581 immortale
1937 1558 1966 1581 et
1989 1551 2054 1582 sine
2078 1551 2183 1592 quiete
2207 1552 2307 1583 existit
2328 1553 2361 1582 in
2384 1553 2432 1582 his

1440 1602 1521 1633 quae
1545 1599 1628 1632 sunt,
1652 1599 1688 1623 ut
1702 1593 1765 1624 vita
1789 1595 1944 1634 quaedam
1961 1605 2015 1625 ens
2039 1602 2150 1626 natura
2170 1596 2317 1626 omnibus
2334 1596 2432 1626 subsi-

1442 1635 1616 1667 stentibus?

1374 1680 1451 1710 Esse
1482 1680 1612 1720 quidem
1643 1680 1738 1719 igitur
1756 1684 1898 1712 'motum
1930 1692 2040 1713 ornnes
2073 1683 2227 1714 affirmant
2253 1684 2291 1714 de
2324 1690 2433 1713 natura

1441 1723 1560 1764 aliquid
1583 1724 1729 1762 dicentes,
1754 1732 1882 1765 propter
1897 1726 1958 1757 hoc
1982 1727 2071 1767 quod
2085 1727 2243 1757 mundum
2259 1727 2386 1764 faciunt,
2404 1733 2434 1757 et

1442 1767 1480 1797 de
1503 1768 1702 1806 generatione
1727 1775 1757 1799 et
1773 1770 1975 1809 corruptione
2000 1777 2046 1801 est
2061 1771 2268 1801 consideratio
2285 1772 2433 1801 omnibus

1440 1810 1526 1850 ipsis,
1551 1821 1648 1851 quam
1670 1811 1864 1852 impossibile
1888 1821 1934 1844 est
1957 1824 2033 1852 esse,
2058 1815 2117 1844 nisi
2141 1815 2180 1844 sit
2203 1822 2319 1845 motus.

1375 1854 1436 1885 Sed
1455 1854 1564 1895 quanti
1585 1855 1716 1895 quidem
1732 1856 1871 1887 infinitos
1887 1856 2025 1888 mundos
2047 1858 2155 1888 dicunt
2176 1868 2257 1897 esse,
2285 1865 2315 1889 et
2339 1868 2433 1899 quos-

1442 1898 1515 1928 dam
1549 1899 1679 1939 quidem
1710 1900 1796 1939 fieri,
1829 1902 1986 1941 quosdam
2017 1909 2122 1932 autem
2155 1903 2313 1942 corrumpi
2345 1912 2434 1932 mun-

1441 1942 1566 1981 dorum,
1587 1952 1710 1983 semper
1732 1944 1839 1975 dicunt
1867 1955 1931 1976 esse
1951 1953 2093 1976 motum:
2118 1946 2327 1977 necessarium
2350 1946 2435 1976 enim

1441 1992 1486 2016 est
1518 1987 1732 2026 generationes
1756 1994 1787 2018 et
1818 1990 2035 2029 corruptiones
2065 1990 2209 2030 ipsorum
2238 2001 2312 2021 cum
2343 1997 2434 2020 motu

1441 2038 1516 2060 esse.

1376 2071 1579 2114 Quicumque
1602 2081 1709 2105 autem
1725 2085 1838 2114 unum,
1863 2083 1893 2107 et
1908 2087 1974 2107 non
1997 2087 2063 2108 esse
2082 2088 2219 2118 semper,
2244 2085 2274 2108 et
2290 2078 2328 2107 de
2343 2083 2434 2107 motu

1442 2125 1608 2156 apponunt
1627 2116 1802 2149 secundum
1826 2120 1988 2152 rationem.
2013 2121 2030 2139 *
2049 2121 2080 2152 Si
2096 2122 2190 2161 igitur
2206 2122 2358 2161 contingit
2381 2121 2434 2150 ali-

1442 2161 1571 2199 quando
1595 2162 1674 2192 nihil
1697 2163 1834 2200 moveri,
1860 2164 2025 2204 dupliciter
2049 2175 2172 2195 necesse
2202 2172 2248 2196 est
2270 2166 2331 2195 hoc
2358 2164 2434 2194 acci-

1443 2203 1524 2234 dere.
1549 2207 1615 2235 Aut
1633 2205 1718 2235 enim
1734 2206 1814 2237 sicut
1829 2209 2029 2247 Anaxagoras
2047 2209 2135 2239 dicit:
2153 2209 2255 2249 inquit
2271 2209 2355 2239 enim
2369 2208 2432 2246 ille,

1444 2246 1539 2276 simul
1555 2248 1704 2279 omnibus
1719 2250 1920 2280 existentibus
1933 2258 1963 2281 et
1978 2252 2209 2291 quiescentibus
2224 2252 2347 2282 infinito
2360 2258 2436 2282 tem-

1443 2299 1532 2329 pore,
1547 2298 1673 2322 motum
1685 2292 1794 2323 fecisse
1807 2293 2002 2325 intellectum
2016 2302 2046 2326 et
2058 2296 2261 2335 disgregasse:
2287 2302 2341 2326 aut
2356 2295 2436 2326 sicut

1443 2333 1662 2373 Empedocles,
1686 2336 1719 2366 in
1736 2343 1822 2376 parte
1837 2338 1957 2368 moveri
1981 2345 2011 2368 et
2032 2339 2146 2369 iterum
2170 2340 2345 2380 quiescere;
2369 2349 2436 2369 mo-

1444 2377 1508 2407 veri
1531 2379 1660 2419 quidem
1682 2390 1757 2409 cum
1781 2380 1915 2411 amicitia
1939 2391 1975 2411 ex
1997 2382 2104 2412 multis
2128 2382 2220 2413 faciat
2242 2393 2360 2419 unum,
2381 2389 2435 2412 aut

1445 2420 1598 2452 discordia
1614 2423 1714 2453 multa
1728 2433 1764 2453 ex
1780 2431 1862 2462 uno;
1883 2425 2041 2465 quiescere
2057 2433 2162 2456 autern
2178 2426 2211 2456 in
2230 2426 2341 2456 mediis
2357 2433 2435 2456 tem-

1444 2466 1593 2504 poribus;
1618 2467 1722 2496 dicens
1747 2467 1804 2498 sic:

1511 2510 1702 2550 Inquantum
1717 2511 1847 2551 quidem
1866 2521 1902 2542 ex
1918 2512 2060 2551 pluribus
2079 2523 2191 2551 unum,
2209 2513 2315 2543 didicit
2333 2513 2434 2543 nasci:

1512 2554 1703 2593 Inquantum
1726 2555 1840 2585 iterum
1863 2565 1906 2585 ‘ex
1929 2565 1994 2586 uno
2018 2557 2176 2596 geminato
2209 2556 2344 2596 plurima
2366 2566 2434 2596 per-

1555 2596 1712 2628 ficiuntur.

1511 2639 1561 2670 Sic
1584 2640 1666 2672 fiunt
1688 2649 1750 2672 res:
1775 2648 1805 2672 et
1827 2642 1917 2672 nullo
1945 2643 2044 2673 modo
2077 2643 2175 2683 ipsius
2199 2650 2244 2673 est
2274 2643 2435 2673 saeculum

1556 2694 1668 2715 unum.

1512 2728 1562 2758 Sic
1578 2735 1684 2759 autem
1700 2735 1927 2769 permutantur,
1945 2739 2047 2771 neque
2062 2730 2156 2760 simul
2172 2729 2389 2770 perficiuntur:

1512 2771 1562 2802 Sic
1585 2779 1692 2802 autem
1716 2783 1839 2812 semper
1862 2780 1936 2804 sunt
1966 2774 2146 2804 immobiles
2177 2774 2351 2804 secundum
2379 2773 2434 2804 cir-

1558 2816 1675 2846 culum.
2274 2846 2276 2851 .

1446 2858 1518 2888 Hoc
1542 2859 1627 2889 enim
1651 2860 1740 2900 quod
1763 2860 1806 2890 sic
1828 2867 2057 2900 permutantur,
2082 2861 2119 2891 ab
2143 2860 2215 2892 hinc
2238 2861 2310 2891 inde
2335 2860 2435 2891 dicere

1446 2901 1553 2941 ipsum
1575 2902 1773 2943 opinandum
1797 2910 1850 2935 est.

1380 2945 1397 2964 *
1414 2944 1688 2976 Considerandum
1706 2947 1799 2987 igitur
1822 2948 1860 2978 de
1882 2947 1960 2986 hoc,
1985 2948 2150 2988 quomodo
2167 2958 2199 2978 se
2218 2948 2319 2979 habet.
2344 2949 2435 2978 Prae-

1447 2999 1542 3030 opere
1558 2990 1643 3020 enim
1658 3001 1724 3020 non
1741 2991 1846 3021 solum
1862 2991 1902 3021 ad
1916 2998 2044 3022 naturae
2060 2992 2341 3022 considerationem
2360 2992 2436 3022 scire

1446 3033 1618 3072 veritatem,
1643 3035 1697 3064 sed
1719 3034 1760 3064 ad
1782 3034 1942 3066 scientiam
1965 3036 2004 3065 de
2026 3035 2180 3076 principio
2203 3036 2317 3076 primo.

1381 3195 1443 3218 tum
1464 3199 1524 3218 non
1545 3199 1658 3227 semper
1678 3200 1749 3219 esse.
1772 3192 1859 3226 Quod
1874 3191 1991 3227 quidem
2006 3191 2119 3218 duobus
2140 3190 2234 3218 modis
2253 3196 2367 3226 oportet
2387 3199 2433 3218 ac-

1382 3229 1489 3257 cidere:
1513 3236 1562 3257 aut
1582 3230 1621 3258 ita
1642 3231 1722 3266 quod
1735 3237 1831 3258 motus
1850 3229 1922 3258 sicut
1942 3237 1970 3257 et
1983 3230 2029 3258 hic
2043 3230 2167 3257 mundus
2183 3229 2223 3257 sic
2236 3229 2341 3264 incepit
2355 3230 2434 3265 quod

1380 3277 1529 3305 nunquam
1551 3275 1634 3297 antea
1654 3269 1753 3304 fuerit,
1782 3269 1854 3297 sicut
1875 3269 1971 3305 posuit
1990 3270 2191 3304 Anaxagoras;
2212 3275 2261 3295 aut
2288 3267 2326 3295 ita
2354 3269 2434 3304 quod

1381 3313 1493 3342 motus,
1515 3309 1762 3344 quemadmodum
1783 3314 1811 3335 et
1831 3308 1971 3342 mundus,
1999 3307 2039 3335 sic
2059 3307 2208 3343 inceperit,
2236 3307 2316 3343 quod
2335 3307 2433 3343 aliquo

1381 3352 1510 3382 tempore
1523 3356 1584 3375 non
1598 3347 1696 3383 fuerit,
1718 3348 1767 3374 sed
1789 3353 1854 3374 ante
1875 3346 1943 3374 illud
1964 3352 2076 3382 tempus
2094 3345 2197 3374 iterum
2211 3346 2294 3374 fuerit
2309 3347 2434 3374 mundus

1382 3391 1409 3412 et
1429 3392 1540 3421 motuS,
1562 3386 1634 3414 sicut
1654 3386 1751 3422 posuit
1766 3385 1963 3421 Empedocles.
1979 3401 1998 3407 -
2011 3387 2203 3421 Exponuntur
2222 3386 2308 3413 verba
2328 3386 2434 3422 Empe-

1382 3424 1480 3452 doclis.
1496 3441 1515 3446 —
1529 3426 1556 3453 6.
1578 3425 1655 3453 Scire
1677 3425 1826 3461 quomodo
1848 3433 1878 3452 se
1898 3425 2001 3452 habeat
2021 3424 2122 3452 veritas
2150 3424 2224 3452 circa
2249 3425 2323 3452 hanc
2346 3434 2434 3461 quae-

1382 3463 1515 3499 stionem,
1526 3470 1568 3491 est
1582 3463 1824 3500 pernecessarium
1838 3472 1899 3491 non
1913 3464 2008 3491 solum
2023 3464 2060 3491 ad
2075 3463 2334 3492 considerationem
2344 3464 2435 3492 scien-

1381 3501 1436 3530 tiae
1457 3503 1608 3538 naturalis,
1630 3504 1679 3531 sed
1707 3503 1791 3530 etiarn
1813 3503 1850 3530 ad
1875 3501 2022 3530 seientiam
2043 3503 2078 3530 de
2098 3502 2192 3538 primo
2220 3502 2375 3539 principio,
2398 3504 2436 3532 ad

1382 3541 1461 3569 cuius
1476 3541 1652 3570 existentiam
1667 3542 1847 3578 probandam
1862 3541 1984 3570 sumitur
1998 3541 2065 3570 hinc
2079 3540 2277 3571 efficacissima
2292 3542 2373 3578 ratio,
2389 3543 2435 3571 cui

1381 3579 1472 3608 resisti
1493 3590 1553 3609 non
1573 3587 1675 3617 potest.

2224 3637 2258 3670 46

2459 1430 2468 1439 '¹
2480 1429 2535 1456 Cap.
2547 1435 2563 1450 1.
2574 1428 2641 1450 Text.
2653 1435 2669 1450 1.

2463 2084 2471 2092 '¹
2486 2082 2553 2104 Text.
2568 2089 2590 2104 2.

2464 2955 2472 2964 ·
2488 2953 2554 2975 Text.
2569 2959 2589 2981 3.
2623 2973 2626 2976 .
