<?xml version="1.0" encoding="UTF-8"?>
<!DOCTYPE html PUBLIC "-//W3C//DTD XHTML 1.0 Transitional//EN"
    "http://www.w3.org/TR/xhtml1/DTD/xhtml1-transitional.dtd">
<html xmlns="http://www.w3.org/1999/xhtml" xml:lang="en" lang="en">
 <head>
  <title>
</title>
<meta http-equiv="Content-Type" content="text/html;charset=utf-8" />
  <meta name='ocr-system' content='tesseract 3.04.00' />
  <meta name='ocr-capabilities' content='ocr_page ocr_carea ocr_par ocr_line ocrx_word'/>
</head>
<body>
  <div class='ocr_page' id='page_1' title='image "./operaomniaiussui02thom/operaomniaiussui02thom_0161.png"; bbox 0 0 2950 4004; ppageno 0'>
   <div class='ocr_carea' id='block_1_1' title="bbox 0 0 107 2994">
    <p class='ocr_par' dir='ltr' id='par_1_1' title="bbox 0 0 107 2994">
     <span class='ocr_line' id='line_1_1' title="bbox 0 0 107 2994; baseline 0 0"><span class='ocrx_word' id='word_1_1' title='bbox 0 0 107 2994; x_wconf 95' lang='lat' dir='ltr'> </span> 
     </span>
    </p>
   </div>
   <div class='ocr_carea' id='block_1_2' title="bbox 1153 282 1620 330">
    <p class='ocr_par' dir='ltr' id='par_1_2' title="bbox 1153 282 1620 330">
     <span class='ocr_line' id='line_1_2' title="bbox 1153 282 1620 330; baseline 0.009 -12"><span class='ocrx_word' id='word_1_2' title='bbox 1153 282 1262 318; x_wconf 88' lang='lat' dir='ltr'>CAP.</span> <span class='ocrx_word' id='word_1_3' title='bbox 1291 283 1359 330; x_wconf 76' lang='lat' dir='ltr'>w,</span> <span class='ocrx_word' id='word_1_4' title='bbox 1389 283 1539 321; x_wconf 88' lang='lat' dir='ltr'>LECT.</span> <span class='ocrx_word' id='word_1_5' title='bbox 1569 286 1620 322; x_wconf 87' lang='lat' dir='ltr'>XI</span> 
     </span>
    </p>
   </div>
   <div class='ocr_carea' id='block_1_3' title="bbox 2395 291 2463 327">
    <p class='ocr_par' dir='ltr' id='par_1_3' title="bbox 2395 291 2463 327">
     <span class='ocr_line' id='line_1_3' title="bbox 2395 291 2463 327; baseline 0.015 -1"><span class='ocrx_word' id='word_1_6' title='bbox 2395 291 2463 327; x_wconf 85' lang='lat'>135</span> 
     </span>
    </p>
   </div>
   <div class='ocr_carea' id='block_1_4' title="bbox 942 487 1825 556">
    <p class='ocr_par' dir='ltr' id='par_1_4' title="bbox 942 487 1825 556">
     <span class='ocr_line' id='line_1_4' title="bbox 942 487 1825 556; baseline 0.006 -14"><span class='ocrx_word' id='word_1_7' title='bbox 942 487 1283 556; x_wconf 86' lang='lat' dir='ltr'>LECTIO</span> <span class='ocrx_word' id='word_1_8' title='bbox 1338 489 1825 547; x_wconf 90' lang='lat' dir='ltr'><strong>UNDECIMA</strong></span> 
     </span>
    </p>
   </div>
   <div class='ocr_carea' id='block_1_5' title="bbox 1108 627 1663 661">
    <p class='ocr_par' dir='ltr' id='par_1_5' title="bbox 1108 627 1663 661">
     <span class='ocr_line' id='line_1_5' title="bbox 1108 627 1663 661; baseline 0.007 -4"><span class='ocrx_word' id='word_1_9' title='bbox 1108 627 1166 657; x_wconf 94' lang='lat' dir='ltr'>DE</span> <span class='ocrx_word' id='word_1_10' title='bbox 1189 628 1467 660; x_wconf 87' lang='lat' dir='ltr'>DEFINITIONE</span> <span class='ocrx_word' id='word_1_11' title='bbox 1491 629 1663 661; x_wconf 87' lang='lat' dir='ltr'>INFINITI</span> 
     </span>
    </p>
   </div>
   <div class='ocr_carea' id='block_1_6' title="bbox 292 738 1359 2371">
    <p class='ocr_par' dir='ltr' id='par_1_6' title="bbox 302 738 1356 876">
     <span class='ocr_line' id='line_1_6' title="bbox 302 738 1353 793; baseline 0.001 -15"><span class='ocrx_word' id='word_1_12' title='bbox 302 745 481 790; x_wconf 81' lang='grc' dir='ltr'>Συμβαίνει</span> <span class='ocrx_word' id='word_1_13' title='bbox 512 738 550 777; x_wconf 75' lang='grc' dir='ltr'>δὲ</span> <span class='ocrx_word' id='word_1_14' title='bbox 575 745 774 778; x_wconf 79' lang='grc' dir='ltr'>τούναντίον</span> <span class='ocrx_word' id='word_1_15' title='bbox 806 742 891 777; x_wconf 78' lang='grc' dir='ltr'>εἶναι</span> <span class='ocrx_word' id='word_1_16' title='bbox 918 745 1052 790; x_wconf 78' lang='grc' dir='ltr'>ἄπειρον</span> <span class='ocrx_word' id='word_1_17' title='bbox 1078 746 1099 783; x_wconf 78' lang='grc' dir='ltr'>ἦ</span> <span class='ocrx_word' id='word_1_18' title='bbox 1123 748 1165 784; x_wconf 81' lang='grc' dir='ltr'>ὠς</span> <span class='ocrx_word' id='word_1_19' title='bbox 1188 747 1353 793; x_wconf 84' lang='grc' dir='ltr'>λέγουσιν·</span> 
     </span>
     <span class='ocr_line' id='line_1_7' title="bbox 369 784 1356 835; baseline 0.004 -14"><span class='ocrx_word' id='word_1_20' title='bbox 369 790 406 821; x_wconf 83' lang='grc' dir='ltr'>οὗ</span> <span class='ocrx_word' id='word_1_21' title='bbox 423 789 487 835; x_wconf 75' lang='grc' dir='ltr'>γάρ</span> <span class='ocrx_word' id='word_1_22' title='bbox 512 788 550 820; x_wconf 79' lang='grc' dir='ltr'>οὗ</span> <span class='ocrx_word' id='word_1_23' title='bbox 567 784 670 832; x_wconf 76' lang='grc' dir='ltr'>μηδὲν</span> <span class='ocrx_word' id='word_1_24' title='bbox 688 788 764 830; x_wconf 82' lang='grc' dir='ltr'>ἔξω,</span> <span class='ocrx_word' id='word_1_25' title='bbox 785 790 857 821; x_wconf 84' lang='grc' dir='ltr'>ἀλλ’</span> <span class='ocrx_word' id='word_1_26' title='bbox 882 789 918 821; x_wconf 72' lang='grc' dir='ltr'>οὗ</span> <span class='ocrx_word' id='word_1_27' title='bbox 939 791 988 822; x_wconf 80' lang='grc' dir='ltr'>ἀεί</span> <span class='ocrx_word' id='word_1_28' title='bbox 1007 802 1040 822; x_wconf 87' lang='grc' dir='ltr'>τι</span> <span class='ocrx_word' id='word_1_29' title='bbox 1059 789 1120 831; x_wconf 81' lang='grc' dir='ltr'>ἔξω</span> <span class='ocrx_word' id='word_1_30' title='bbox 1144 791 1231 833; x_wconf 84' lang='grc' dir='ltr'>ἐστί,</span> <span class='ocrx_word' id='word_1_31' title='bbox 1251 794 1356 825; x_wconf 84' lang='grc' dir='ltr'>τοῦτο</span> 
     </span>
     <span class='ocr_line' id='line_1_8' title="bbox 369 832 615 876; baseline -0.012 -11"><span class='ocrx_word' id='word_1_32' title='bbox 369 832 504 876; x_wconf 74' lang='grc' dir='ltr'>ἄπειρόν</span> <span class='ocrx_word' id='word_1_33' title='bbox 529 833 615 865; x_wconf 74' lang='grc' dir='ltr'>ἐστι·</span> 
     </span>
    </p>

    <p class='ocr_par' dir='ltr' id='par_1_7' title="bbox 302 871 1357 1012">
     <span class='ocr_line' id='line_1_9' title="bbox 302 871 1357 925; baseline 0.004 -18"><span class='ocrx_word' id='word_1_34' title='bbox 302 880 436 920; x_wconf 78' lang='grc' dir='ltr'>σημεῖον</span> <span class='ocrx_word' id='word_1_35' title='bbox 461 872 512 908; x_wconf 76' lang='grc' dir='ltr'>δέ·</span> <span class='ocrx_word' id='word_1_36' title='bbox 537 877 595 907; x_wconf 77' lang='grc' dir='ltr'>καὶ</span> <span class='ocrx_word' id='word_1_37' title='bbox 618 876 682 922; x_wconf 77' lang='grc' dir='ltr'>γὰρ</span> <span class='ocrx_word' id='word_1_38' title='bbox 708 876 787 914; x_wconf 71' lang='grc' dir='ltr'>τούς</span> <span class='ocrx_word' id='word_1_39' title='bbox 811 871 1011 915; x_wconf 77' lang='grc' dir='ltr'>δακτυλίους</span> <span class='ocrx_word' id='word_1_40' title='bbox 1039 877 1192 922; x_wconf 83' lang='grc' dir='ltr'>ἀπείρους</span> <span class='ocrx_word' id='word_1_41' title='bbox 1221 879 1357 925; x_wconf 84' lang='grc' dir='ltr'>λέγουσι</span> 
     </span>
     <span class='ocr_line' id='line_1_10' title="bbox 367 915 1356 964; baseline 0.002 -12"><span class='ocrx_word' id='word_1_42' title='bbox 367 920 445 958; x_wconf 74' lang='grc' dir='ltr'>τούς</span> <span class='ocrx_word' id='word_1_43' title='bbox 470 919 516 963; x_wconf 67' lang='grc' dir='ltr'>μή</span> <span class='ocrx_word' id='word_1_44' title='bbox 548 919 691 964; x_wconf 81' lang='grc' dir='ltr'>ἔχοντας</span> <span class='ocrx_word' id='word_1_45' title='bbox 721 915 922 964; x_wconf 74' lang='grc' dir='ltr'>σφενδόνην,</span> <span class='ocrx_word' id='word_1_46' title='bbox 955 921 1008 953; x_wconf 80' lang='grc' dir='ltr'>ὅτι</span> <span class='ocrx_word' id='word_1_47' title='bbox 1034 922 1098 954; x_wconf 89' lang='grc' dir='ltr'>αἱεί</span> <span class='ocrx_word' id='word_1_48' title='bbox 1124 934 1157 954; x_wconf 91' lang='grc' dir='ltr'>τι</span> <span class='ocrx_word' id='word_1_49' title='bbox 1190 922 1251 963; x_wconf 82' lang='grc' dir='ltr'>ἔξω</span> <span class='ocrx_word' id='word_1_50' title='bbox 1283 924 1356 956; x_wconf 85' lang='grc' dir='ltr'>ἔστι</span> 
     </span>
     <span class='ocr_line' id='line_1_11' title="bbox 364 961 1356 1012; baseline 0.005 -18"><span class='ocrx_word' id='word_1_51' title='bbox 364 964 570 1009; x_wconf 71' lang='grc' dir='ltr'>λαμβάνειν,</span> <span class='ocrx_word' id='word_1_52' title='bbox 603 961 679 995; x_wconf 81' lang='grc' dir='ltr'>καθ’</span> <span class='ocrx_word' id='word_1_53' title='bbox 707 964 899 1008; x_wconf 82' lang='grc' dir='ltr'>ὁμοιότητα</span> <span class='ocrx_word' id='word_1_54' title='bbox 923 965 981 1008; x_wconf 85' lang='grc' dir='ltr'>μέν</span> <span class='ocrx_word' id='word_1_55' title='bbox 1007 977 1086 998; x_wconf 88' lang='grc' dir='ltr'>τινα</span> <span class='ocrx_word' id='word_1_56' title='bbox 1109 966 1287 1012; x_wconf 82' lang='grc' dir='ltr'>λέγοντες,</span> <span class='ocrx_word' id='word_1_57' title='bbox 1319 968 1356 999; x_wconf 81' lang='grc' dir='ltr'>οὐ</span> 
     </span>
    </p>

    <p class='ocr_par' dir='ltr' id='par_1_8' title="bbox 358 1003 1358 1224">
     <span class='ocr_line' id='line_1_12' title="bbox 393 1003 1358 1055; baseline 0.002 -15"><span class='ocrx_word' id='word_1_58' title='bbox 393 1007 483 1041; x_wconf 89' lang='grc' dir='ltr'>έντοι</span> <span class='ocrx_word' id='word_1_59' title='bbox 506 1010 633 1052; x_wconf 80' lang='grc' dir='ltr'>κυρίως·</span> <span class='ocrx_word' id='word_1_60' title='bbox 661 1003 713 1039; x_wconf 61' lang='lat' dir='ltr'>Sei·</span> <span class='ocrx_word' id='word_1_61' title='bbox 734 1008 799 1054; x_wconf 80' lang='grc' dir='ltr'>γάρ</span> <span class='ocrx_word' id='word_1_62' title='bbox 824 1009 932 1041; x_wconf 79' lang='grc' dir='ltr'>τοῦτό</span> <span class='ocrx_word' id='word_1_63' title='bbox 957 1022 995 1042; x_wconf 86' lang='grc' dir='ltr'>τε</span> <span class='ocrx_word' id='word_1_64' title='bbox 1021 1009 1197 1055; x_wconf 73' lang='grc' dir='ltr'>ὑπάρχειν,</span> <span class='ocrx_word' id='word_1_65' title='bbox 1215 1014 1272 1042; x_wconf 84' lang='grc' dir='ltr'>καὶ</span> <span class='ocrx_word' id='word_1_66' title='bbox 1296 1023 1358 1054; x_wconf 83' lang='grc' dir='ltr'>μη-</span> 
     </span>
     <span class='ocr_line' id='line_1_13' title="bbox 365 1018 1356 1096; baseline 0.001 -10"><span class='ocrx_word' id='word_1_67' title='bbox 365 1018 492 1086; x_wconf 52' lang='lat' dir='ltr'>genere</span> <span class='ocrx_word' id='word_1_68' title='bbox 523 1052 564 1085; x_wconf 82' lang='grc' dir='ltr'>τὸ</span> <span class='ocrx_word' id='word_1_69' title='bbox 589 1051 676 1084; x_wconf 77' lang='grc' dir='ltr'>αὐτὸ</span> <span class='ocrx_word' id='word_1_70' title='bbox 707 1052 954 1096; x_wconf 82' lang='grc' dir='ltr'>λαμβάνεσθαι·</span> <span class='ocrx_word' id='word_1_71' title='bbox 982 1054 1014 1085; x_wconf 82' lang='grc' dir='ltr'>ἑν</span> <span class='ocrx_word' id='word_1_72' title='bbox 1039 1049 1078 1085; x_wconf 77' lang='grc' dir='ltr'>δὲ</span> <span class='ocrx_word' id='word_1_73' title='bbox 1102 1055 1149 1094; x_wconf 76' lang='grc' dir='ltr'>τῷ·</span> <span class='ocrx_word' id='word_1_74' title='bbox 1179 1054 1288 1096; x_wconf 74' lang='grc' dir='ltr'>κύκλῳ</span> <span class='ocrx_word' id='word_1_75' title='bbox 1319 1057 1356 1087; x_wconf 81' lang='grc' dir='ltr'>οὐ</span> 
     </span>
     <span class='ocr_line' id='line_1_14' title="bbox 365 1095 1353 1144; baseline 0.002 -15"><span class='ocrx_word' id='word_1_76' title='bbox 365 1100 500 1144; x_wconf 85' lang='grc' dir='ltr'>γίνεται</span> <span class='ocrx_word' id='word_1_77' title='bbox 525 1095 651 1137; x_wconf 79' lang='grc' dir='ltr'>οὕτως,</span> <span class='ocrx_word' id='word_1_78' title='bbox 679 1096 752 1128; x_wconf 82' lang='grc' dir='ltr'>ἀλλ’</span> <span class='ocrx_word' id='word_1_79' title='bbox 783 1097 848 1128; x_wconf 82' lang='grc' dir='ltr'>αἰεὶ</span> <span class='ocrx_word' id='word_1_80' title='bbox 872 1098 914 1129; x_wconf 69' lang='grc' dir='ltr'>τὸ</span> <span class='ocrx_word' id='word_1_81' title='bbox 946 1096 1062 1141; x_wconf 78' lang='grc' dir='ltr'>ἑφεξῆς</span> <span class='ocrx_word' id='word_1_82' title='bbox 1095 1097 1195 1141; x_wconf 83' lang='grc' dir='ltr'>μόνον</span> <span class='ocrx_word' id='word_1_83' title='bbox 1229 1098 1353 1143; x_wconf 75' lang='grc' dir='ltr'>ἕτερον.</span> 
     </span>
     <span class='ocr_line' id='line_1_15' title="bbox 358 1138 1355 1186; baseline 0.002 -13"><span class='ocrx_word' id='word_1_84' title='bbox 358 1143 513 1185; x_wconf 66' lang='grc' dir='ltr'>’Ἄπειρον</span> <span class='ocrx_word' id='word_1_85' title='bbox 539 1140 597 1184; x_wconf 82' lang='grc' dir='ltr'>μὲν</span> <span class='ocrx_word' id='word_1_86' title='bbox 623 1138 679 1172; x_wconf 82' lang='grc' dir='ltr'>οὖν</span> <span class='ocrx_word' id='word_1_87' title='bbox 705 1140 796 1172; x_wconf 82' lang='grc' dir='ltr'>ἐστὶν</span> <span class='ocrx_word' id='word_1_88' title='bbox 822 1140 860 1172; x_wconf 79' lang='grc' dir='ltr'>οὖ</span> <span class='ocrx_word' id='word_1_89' title='bbox 884 1142 980 1174; x_wconf 82' lang='grc' dir='ltr'>κατά</span> <span class='ocrx_word' id='word_1_90' title='bbox 1004 1141 1107 1174; x_wconf 79' lang='grc' dir='ltr'>ποσὸν</span> <span class='ocrx_word' id='word_1_91' title='bbox 1125 1142 1355 1186; x_wconf 87' lang='grc' dir='ltr'>λαμβάνουσιν</span> 
     </span>
     <span class='ocr_line' id='line_1_16' title="bbox 367 1183 1350 1224; baseline -0.003 -5"><span class='ocrx_word' id='word_1_92' title='bbox 367 1187 431 1219; x_wconf 82' lang='grc' dir='ltr'>αἰεί</span> <span class='ocrx_word' id='word_1_93' title='bbox 456 1196 491 1217; x_wconf 89' lang='grc' dir='ltr'>τι</span> <span class='ocrx_word' id='word_1_94' title='bbox 513 1185 631 1223; x_wconf 83' lang='grc' dir='ltr'>λαβεῖν</span> <span class='ocrx_word' id='word_1_95' title='bbox 657 1183 748 1216; x_wconf 83' lang='grc' dir='ltr'>ἔστιν</span> <span class='ocrx_word' id='word_1_96' title='bbox 774 1183 848 1224; x_wconf 76' lang='grc' dir='ltr'><strong>ἔξω.</strong></span> <span class='ocrx_word' id='word_1_97' title='bbox 1345 1190 1350 1196; x_wconf 85' lang='grc'><em>’</em></span> 
     </span>
    </p>

    <p class='ocr_par' dir='ltr' id='par_1_9' title="bbox 299 1225 1356 1273">
     <span class='ocr_line' id='line_1_17' title="bbox 299 1225 1356 1273; baseline 0 -11"><span class='ocrx_word' id='word_1_98' title='bbox 299 1231 346 1264; x_wconf 81' lang='grc' dir='ltr'>Οὖ</span> <span class='ocrx_word' id='word_1_99' title='bbox 370 1225 408 1262; x_wconf 73' lang='grc' dir='ltr'>δὲ</span> <span class='ocrx_word' id='word_1_100' title='bbox 432 1227 534 1273; x_wconf 78' lang='grc' dir='ltr'>μηθέν</span> <span class='ocrx_word' id='word_1_101' title='bbox 560 1226 644 1268; x_wconf 82' lang='grc' dir='ltr'>ἔξω,</span> <span class='ocrx_word' id='word_1_102' title='bbox 671 1228 766 1260; x_wconf 77' lang='grc' dir='ltr'>τοῦτ’</span> <span class='ocrx_word' id='word_1_103' title='bbox 796 1229 868 1261; x_wconf 78' lang='grc' dir='ltr'>ἐστὶ</span> <span class='ocrx_word' id='word_1_104' title='bbox 899 1229 1028 1261; x_wconf 84' lang='grc' dir='ltr'>τέλειον</span> <span class='ocrx_word' id='word_1_105' title='bbox 1062 1231 1120 1261; x_wconf 85' lang='grc' dir='ltr'>καὶ</span> <span class='ocrx_word' id='word_1_106' title='bbox 1150 1228 1240 1261; x_wconf 81' lang='grc' dir='ltr'>ὅλον·</span> <span class='ocrx_word' id='word_1_107' title='bbox 1267 1229 1356 1262; x_wconf 79' lang='grc' dir='ltr'>οὕτω</span> 
     </span>
    </p>

    <p class='ocr_par' dir='ltr' id='par_1_10' title="bbox 339 1271 1359 1578">
     <span class='ocr_line' id='line_1_18' title="bbox 391 1271 1359 1318; baseline 0.003 -15"><span class='ocrx_word' id='word_1_108' title='bbox 391 1274 429 1318; x_wconf 78' lang='grc' dir='ltr'>σὶρ</span> <span class='ocrx_word' id='word_1_109' title='bbox 455 1271 632 1317; x_wconf 83' lang='grc' dir='ltr'>ὀριζόμεθα</span> <span class='ocrx_word' id='word_1_110' title='bbox 657 1271 698 1304; x_wconf 73' lang='grc' dir='ltr'>τὸ</span> <span class='ocrx_word' id='word_1_111' title='bbox 725 1271 813 1314; x_wconf 81' lang='grc' dir='ltr'>ὅλον,</span> <span class='ocrx_word' id='word_1_112' title='bbox 842 1273 880 1305; x_wconf 78' lang='grc' dir='ltr'>οὗ</span> <span class='ocrx_word' id='word_1_113' title='bbox 904 1272 1005 1317; x_wconf 77' lang='grc' dir='ltr'>μηθέν</span> <span class='ocrx_word' id='word_1_114' title='bbox 1033 1273 1188 1305; x_wconf 78' lang='grc' dir='ltr'>ἄπεστιν·</span> <span class='ocrx_word' id='word_1_115' title='bbox 1215 1274 1283 1305; x_wconf 84' lang='grc' dir='ltr'>οἷον</span> <span class='ocrx_word' id='word_1_116' title='bbox 1303 1275 1359 1306; x_wconf 80' lang='grc' dir='ltr'>ἄν·</span> 
     </span>
     <span class='ocr_line' id='line_1_19' title="bbox 365 1287 1354 1363; baseline 0 -14"><span class='ocrx_word' id='word_1_117' title='bbox 365 1287 494 1363; x_wconf 57' lang='grc' dir='ltr'>ἔρωπον</span> <span class='ocrx_word' id='word_1_118' title='bbox 521 1316 597 1348; x_wconf 85' lang='grc' dir='ltr'>ὅλον</span> <span class='ocrx_word' id='word_1_119' title='bbox 623 1315 644 1352; x_wconf 78' lang='grc' dir='ltr'>ἦ</span> <span class='ocrx_word' id='word_1_120' title='bbox 668 1316 828 1356; x_wconf 84' lang='grc' dir='ltr'>κιβωτόν.</span> <span class='ocrx_word' id='word_1_121' title='bbox 846 1316 970 1360; x_wconf 73' lang='grc' dir='ltr'>’Ὠσπερ</span> <span class='ocrx_word' id='word_1_122' title='bbox 987 1313 1025 1348; x_wconf 78' lang='grc' dir='ltr'>δὲ</span> <span class='ocrx_word' id='word_1_123' title='bbox 1042 1317 1084 1349; x_wconf 72' lang='grc' dir='ltr'>τὸ</span> <span class='ocrx_word' id='word_1_124' title='bbox 1099 1317 1174 1349; x_wconf 86' lang='grc' dir='ltr'>καθ’</span> <span class='ocrx_word' id='word_1_125' title='bbox 1196 1316 1354 1360; x_wconf 80' lang='grc' dir='ltr'>ἕκαστον,</span> 
     </span>
     <span class='ocr_line' id='line_1_20' title="bbox 366 1359 1356 1416; baseline -0.003 -20"><span class='ocrx_word' id='word_1_126' title='bbox 366 1362 456 1396; x_wconf 77' lang='grc' dir='ltr'>οὕτω</span> <span class='ocrx_word' id='word_1_127' title='bbox 485 1363 542 1392; x_wconf 83' lang='grc' dir='ltr'>καὶ</span> <span class='ocrx_word' id='word_1_128' title='bbox 567 1360 609 1392; x_wconf 76' lang='grc' dir='ltr'>τὸ</span> <span class='ocrx_word' id='word_1_129' title='bbox 638 1362 772 1405; x_wconf 82' lang='grc' dir='ltr'>κυρίως,</span> <span class='ocrx_word' id='word_1_130' title='bbox 803 1361 871 1393; x_wconf 78' lang='grc' dir='ltr'>οἷον</span> <span class='ocrx_word' id='word_1_131' title='bbox 897 1361 937 1393; x_wconf 75' lang='grc' dir='ltr'>τὸ</span> <span class='ocrx_word' id='word_1_132' title='bbox 964 1359 1040 1393; x_wconf 83' lang='grc' dir='ltr'>ὅλον</span> <span class='ocrx_word' id='word_1_133' title='bbox 1066 1361 1103 1393; x_wconf 75' lang='grc' dir='ltr'>οὗ</span> <span class='ocrx_word' id='word_1_134' title='bbox 1118 1360 1230 1416; x_wconf 53' lang='grc' dir='ltr'>ἲ,μηθέν</span> <span class='ocrx_word' id='word_1_135' title='bbox 1265 1362 1356 1395; x_wconf 81' lang='grc' dir='ltr'>ἐστιν</span> 
     </span>
     <span class='ocr_line' id='line_1_21' title="bbox 339 1399 1354 1448; baseline -0.001 -10"><span class='ocrx_word' id='word_1_136' title='bbox 339 1403 342 1407; x_wconf 64' lang='grc'><em>’</em></span> <span class='ocrx_word' id='word_1_137' title='bbox 366 1408 441 1448; x_wconf 64' lang='grc' dir='ltr'>ἔξω</span> <span class='ocrx_word' id='word_1_138' title='bbox 470 1405 506 1437; x_wconf 82' lang='grc' dir='ltr'>οὗ</span> <span class='ocrx_word' id='word_1_139' title='bbox 531 1399 559 1436; x_wconf 74' lang='grc' dir='ltr'>δ’</span> <span class='ocrx_word' id='word_1_140' title='bbox 581 1405 673 1436; x_wconf 80' lang='grc' dir='ltr'>ἐστὶν</span> <span class='ocrx_word' id='word_1_141' title='bbox 698 1405 846 1440; x_wconf 77' lang='grc' dir='ltr'>ἀπουσία</span> <span class='ocrx_word' id='word_1_142' title='bbox 863 1404 940 1446; x_wconf 77' lang='grc' dir='ltr'>ἔξω,</span> <span class='ocrx_word' id='word_1_143' title='bbox 961 1405 997 1437; x_wconf 77' lang='grc' dir='ltr'>οὗ</span> <span class='ocrx_word' id='word_1_144' title='bbox 1014 1405 1096 1446; x_wconf 80' lang='grc' dir='ltr'>πᾶν,</span> <span class='ocrx_word' id='word_1_145' title='bbox 1116 1418 1131 1437; x_wconf 85' lang='grc' dir='ltr'>ο</span> <span class='ocrx_word' id='word_1_146' title='bbox 1150 1417 1184 1437; x_wconf 91' lang='grc' dir='ltr'>τι</span> <span class='ocrx_word' id='word_1_147' title='bbox 1210 1404 1248 1437; x_wconf 75' lang='grc' dir='ltr'>ἂν</span> <span class='ocrx_word' id='word_1_148' title='bbox 1268 1407 1354 1448; x_wconf 84' lang='grc' dir='ltr'>ἀπῇ.</span> 
     </span>
     <span class='ocr_line' id='line_1_22' title="bbox 358 1444 1355 1503; baseline -0.001 -20"><span class='ocrx_word' id='word_1_149' title='bbox 358 1451 457 1483; x_wconf 69' lang='grc' dir='ltr'>”Ολον</span> <span class='ocrx_word' id='word_1_150' title='bbox 483 1444 520 1480; x_wconf 72' lang='grc' dir='ltr'>δὲ</span> <span class='ocrx_word' id='word_1_151' title='bbox 543 1450 602 1480; x_wconf 78' lang='grc' dir='ltr'>καὶ</span> <span class='ocrx_word' id='word_1_152' title='bbox 627 1447 755 1480; x_wconf 89' lang='grc' dir='ltr'>τέλειον</span> <span class='ocrx_word' id='word_1_153' title='bbox 773 1447 794 1485; x_wconf 73' lang='grc' dir='ltr'>ἦ</span> <span class='ocrx_word' id='word_1_154' title='bbox 813 1448 853 1481; x_wconf 77' lang='grc' dir='ltr'>τὸ</span> <span class='ocrx_word' id='word_1_155' title='bbox 872 1449 958 1482; x_wconf 80' lang='grc' dir='ltr'>αὐτὸ</span> <span class='ocrx_word' id='word_1_156' title='bbox 984 1448 1129 1503; x_wconf 86' lang='grc' dir='ltr'>πάμπαν</span> <span class='ocrx_word' id='word_1_157' title='bbox 1156 1448 1176 1486; x_wconf 71' lang='grc' dir='ltr'>ἦ</span> <span class='ocrx_word' id='word_1_158' title='bbox 1197 1449 1355 1496; x_wconf 74' lang='grc' dir='ltr'>σύνεγγυς</span> 
     </span>
     <span class='ocr_line' id='line_1_23' title="bbox 367 1488 1356 1538; baseline 0.002 -14"><span class='ocrx_word' id='word_1_159' title='bbox 367 1496 413 1538; x_wconf 76' lang='grc' dir='ltr'>τῇ</span> <span class='ocrx_word' id='word_1_160' title='bbox 440 1492 532 1538; x_wconf 83' lang='grc' dir='ltr'>φύσει</span> <span class='ocrx_word' id='word_1_161' title='bbox 558 1493 644 1524; x_wconf 83' lang='grc' dir='ltr'>ἐστί·</span> <span class='ocrx_word' id='word_1_162' title='bbox 670 1491 799 1532; x_wconf 86' lang='grc' dir='ltr'>τέλειον</span> <span class='ocrx_word' id='word_1_163' title='bbox 820 1488 849 1524; x_wconf 81' lang='grc' dir='ltr'>δ’</span> <span class='ocrx_word' id='word_1_164' title='bbox 878 1492 974 1525; x_wconf 80' lang='grc' dir='ltr'>οὐθὲν</span> <span class='ocrx_word' id='word_1_165' title='bbox 999 1504 1045 1535; x_wconf 86' lang='grc' dir='ltr'>μη</span> <span class='ocrx_word' id='word_1_166' title='bbox 1073 1493 1148 1537; x_wconf 82' lang='grc' dir='ltr'>ἔχον</span> <span class='ocrx_word' id='word_1_167' title='bbox 1174 1492 1285 1531; x_wconf 85' lang='grc' dir='ltr'>τέλος·</span> <span class='ocrx_word' id='word_1_168' title='bbox 1316 1494 1356 1526; x_wconf 80' lang='grc' dir='ltr'><em>τό</em></span> 
     </span>
     <span class='ocr_line' id='line_1_24' title="bbox 365 1535 681 1578; baseline -0.016 -7"><span class='ocrx_word' id='word_1_169' title='bbox 365 1535 403 1571; x_wconf 78' lang='grc' dir='ltr'>δὲ</span> <span class='ocrx_word' id='word_1_170' title='bbox 427 1536 538 1578; x_wconf 83' lang='grc' dir='ltr'>τέλος,</span> <span class='ocrx_word' id='word_1_171' title='bbox 565 1535 681 1578; x_wconf 83' lang='grc' dir='ltr'>πέρας.</span> 
     </span>
    </p>

    <p class='ocr_par' dir='ltr' id='par_1_11' title="bbox 300 1575 1358 1714">
     <span class='ocr_line' id='line_1_25' title="bbox 300 1575 1356 1624; baseline -0.002 -9"><span class='ocrx_word' id='word_1_172' title='bbox 300 1584 356 1616; x_wconf 79' lang='grc' dir='ltr'>Διό</span> <span class='ocrx_word' id='word_1_173' title='bbox 381 1581 514 1624; x_wconf 82' lang='grc' dir='ltr'>βέλτιον</span> <span class='ocrx_word' id='word_1_174' title='bbox 545 1579 677 1616; x_wconf 82' lang='grc' dir='ltr'>οἰητέον</span> <span class='ocrx_word' id='word_1_175' title='bbox 702 1575 908 1623; x_wconf 76' lang='grc' dir='ltr'>Παρμενίδην</span> <span class='ocrx_word' id='word_1_176' title='bbox 937 1582 1102 1611; x_wconf 81' lang='grc' dir='ltr'>Μελίσσου</span> <span class='ocrx_word' id='word_1_177' title='bbox 1133 1580 1312 1623; x_wconf 81' lang='grc' dir='ltr'>εἰρηκέναι·</span> <span class='ocrx_word' id='word_1_178' title='bbox 1340 1583 1356 1613; x_wconf 86' lang='grc' dir='ltr'>ὁ</span> 
     </span>
     <span class='ocr_line' id='line_1_26' title="bbox 366 1619 1358 1671; baseline 0.001 -15"><span class='ocrx_word' id='word_1_179' title='bbox 366 1627 424 1671; x_wconf 78' lang='grc' dir='ltr'>μὲν</span> <span class='ocrx_word' id='word_1_180' title='bbox 448 1625 513 1670; x_wconf 76' lang='grc' dir='ltr'>γάρ</span> <span class='ocrx_word' id='word_1_181' title='bbox 538 1623 580 1655; x_wconf 80' lang='grc' dir='ltr'><strong><em>τό</em></strong></span> <span class='ocrx_word' id='word_1_182' title='bbox 607 1623 741 1667; x_wconf 84' lang='grc' dir='ltr'>ἄπειρον</span> <span class='ocrx_word' id='word_1_183' title='bbox 773 1623 849 1655; x_wconf 80' lang='grc' dir='ltr'>ὅλον</span> <span class='ocrx_word' id='word_1_184' title='bbox 874 1626 992 1668; x_wconf 85' lang='grc' dir='ltr'>φησίν,</span> <span class='ocrx_word' id='word_1_185' title='bbox 1020 1625 1036 1655; x_wconf 82' lang='grc' dir='ltr'><strong>ὀ</strong></span> <span class='ocrx_word' id='word_1_186' title='bbox 1061 1619 1098 1655; x_wconf 76' lang='grc' dir='ltr'>δὲ</span> <span class='ocrx_word' id='word_1_187' title='bbox 1123 1624 1164 1656; x_wconf 82' lang='grc' dir='ltr'>τὸ</span> <span class='ocrx_word' id='word_1_188' title='bbox 1197 1623 1273 1656; x_wconf 80' lang='grc' dir='ltr'>ὅλον</span> <span class='ocrx_word' id='word_1_189' title='bbox 1300 1638 1358 1657; x_wconf 88' lang='grc' dir='ltr'>πε-</span> 
     </span>
     <span class='ocr_line' id='line_1_27' title="bbox 365 1667 529 1714; baseline -0.03 -12"><span class='ocrx_word' id='word_1_190' title='bbox 365 1667 529 1714; x_wconf 89' lang='grc' dir='ltr'>περάνθαι</span> 
     </span>
    </p>

    <p class='ocr_par' dir='ltr' id='par_1_12' title="bbox 363 1709 1355 1841">
     <span class='ocr_line' id='line_1_28' title="bbox 475 1709 833 1755; baseline -0.003 -12"><span class='ocrx_word' id='word_1_191' title='bbox 475 1709 634 1755; x_wconf 84' lang='grc' dir='ltr'>μεσσόθεν</span> <span class='ocrx_word' id='word_1_192' title='bbox 658 1710 833 1748; x_wconf 83' lang='grc' dir='ltr'>ἰσοπαλές.</span> 
     </span>
     <span class='ocr_line' id='line_1_29' title="bbox 363 1753 1355 1802; baseline -0.001 -15"><span class='ocrx_word' id='word_1_193' title='bbox 363 1757 409 1788; x_wconf 80' lang='grc' dir='ltr'>Οὐ</span> <span class='ocrx_word' id='word_1_194' title='bbox 425 1756 497 1802; x_wconf 66' lang='grc' dir='ltr'>γάρ</span> <span class='ocrx_word' id='word_1_195' title='bbox 522 1755 564 1792; x_wconf 80' lang='grc' dir='ltr'>ὠς</span> <span class='ocrx_word' id='word_1_196' title='bbox 587 1756 678 1785; x_wconf 89' lang='grc' dir='ltr'>λίνον</span> <span class='ocrx_word' id='word_1_197' title='bbox 694 1755 771 1795; x_wconf 85' lang='grc' dir='ltr'>λίνῳ</span> <span class='ocrx_word' id='word_1_198' title='bbox 789 1754 972 1787; x_wconf 78' lang='grc' dir='ltr'>συνάπτειν</span> <span class='ocrx_word' id='word_1_199' title='bbox 992 1754 1064 1786; x_wconf 84' lang='grc' dir='ltr'>ἔστι</span> <span class='ocrx_word' id='word_1_200' title='bbox 1083 1755 1130 1794; x_wconf 81' lang='grc' dir='ltr'>τῷ</span> <span class='ocrx_word' id='word_1_201' title='bbox 1151 1753 1281 1785; x_wconf 79' lang='grc' dir='ltr'>ἅπαντι</span> <span class='ocrx_word' id='word_1_202' title='bbox 1298 1756 1355 1786; x_wconf 81' lang='grc' dir='ltr'>καὶ</span> 
     </span>
     <span class='ocr_line' id='line_1_30' title="bbox 366 1798 693 1841; baseline -0.012 -9"><span class='ocrx_word' id='word_1_203' title='bbox 366 1800 430 1841; x_wconf 80' lang='grc' dir='ltr'>ὅλῳ</span> <span class='ocrx_word' id='word_1_204' title='bbox 456 1799 497 1832; x_wconf 81' lang='grc' dir='ltr'>τὸ</span> <span class='ocrx_word' id='word_1_205' title='bbox 524 1798 693 1840; x_wconf 59' lang='grc' dir='ltr'>ἄπειρον.»</span> 
     </span>
    </p>

    <p class='ocr_par' dir='ltr' id='par_1_13' title="bbox 292 1841 1356 2371">
     <span class='ocr_line' id='line_1_31' title="bbox 292 1841 1354 1887; baseline -0.006 -9"><span class='ocrx_word' id='word_1_206' title='bbox 292 1847 389 1878; x_wconf 77' lang='grc' dir='ltr'>Ἐπεὶ</span> <span class='ocrx_word' id='word_1_207' title='bbox 415 1841 568 1876; x_wconf 73' lang='grc' dir='ltr'>ἐντεῦθέν</span> <span class='ocrx_word' id='word_1_208' title='bbox 593 1854 631 1887; x_wconf 85' lang='grc' dir='ltr'>γε</span> <span class='ocrx_word' id='word_1_209' title='bbox 653 1841 866 1884; x_wconf 74' lang='grc' dir='ltr'>λαμβάνουσι</span> <span class='ocrx_word' id='word_1_210' title='bbox 885 1842 948 1878; x_wconf 77' lang='grc' dir='ltr'>τήν</span> <span class='ocrx_word' id='word_1_211' title='bbox 966 1841 1164 1885; x_wconf 79' lang='grc' dir='ltr'>σεμνότητα</span> <span class='ocrx_word' id='word_1_212' title='bbox 1181 1841 1277 1873; x_wconf 78' lang='grc' dir='ltr'>κατά</span> <span class='ocrx_word' id='word_1_213' title='bbox 1293 1843 1354 1873; x_wconf 78' lang='grc' dir='ltr'>τοῦ</span> 
     </span>
     <span class='ocr_line' id='line_1_32' title="bbox 366 1885 1354 1931; baseline -0.003 -11"><span class='ocrx_word' id='word_1_214' title='bbox 366 1890 518 1931; x_wconf 83' lang='grc' dir='ltr'>ἀπείρου,</span> <span class='ocrx_word' id='word_1_215' title='bbox 544 1886 588 1917; x_wconf 80' lang='grc' dir='ltr'>Τὸ</span> <span class='ocrx_word' id='word_1_216' title='bbox 613 1885 733 1918; x_wconf 87' lang='grc' dir='ltr'>πάντα</span> <span class='ocrx_word' id='word_1_217' title='bbox 758 1885 926 1930; x_wconf 84' lang='grc' dir='ltr'>περιέχον,</span> <span class='ocrx_word' id='word_1_218' title='bbox 951 1887 1009 1917; x_wconf 82' lang='grc' dir='ltr'>καὶ</span> <span class='ocrx_word' id='word_1_219' title='bbox 1034 1885 1079 1917; x_wconf 72' lang='grc' dir='ltr'>Τὸ</span> <span class='ocrx_word' id='word_1_220' title='bbox 1105 1886 1172 1918; x_wconf 79' lang='grc' dir='ltr'>πᾶν</span> <span class='ocrx_word' id='word_1_221' title='bbox 1191 1885 1223 1916; x_wconf 85' lang='grc' dir='ltr'>ἑν</span> <span class='ocrx_word' id='word_1_222' title='bbox 1243 1886 1354 1926; x_wconf 80' lang='grc' dir='ltr'>ἑαυτῷ</span> 
     </span>
     <span class='ocr_line' id='line_1_33' title="bbox 364 1926 1355 1978; baseline -0.005 -13"><span class='ocrx_word' id='word_1_223' title='bbox 364 1933 464 1978; x_wconf 83' lang='grc' dir='ltr'>ἔχον,</span> <span class='ocrx_word' id='word_1_224' title='bbox 489 1926 554 1962; x_wconf 72' lang='grc' dir='ltr'>διὰ·</span> <span class='ocrx_word' id='word_1_225' title='bbox 573 1929 614 1961; x_wconf 81' lang='grc' dir='ltr'>τὸ</span> <span class='ocrx_word' id='word_1_226' title='bbox 640 1929 727 1974; x_wconf 85' lang='grc' dir='ltr'>ἔχειν</span> <span class='ocrx_word' id='word_1_227' title='bbox 753 1930 833 1962; x_wconf 80' lang='grc' dir='ltr'>τινά</span> <span class='ocrx_word' id='word_1_228' title='bbox 858 1929 1049 1973; x_wconf 81' lang='grc' dir='ltr'>ὁμοιότητα</span> <span class='ocrx_word' id='word_1_229' title='bbox 1074 1930 1122 1970; x_wconf 78' lang='grc' dir='ltr'>τῷ</span> <span class='ocrx_word' id='word_1_230' title='bbox 1149 1927 1228 1970; x_wconf 79' lang='grc' dir='ltr'>ὅλῳ.</span> <span class='ocrx_word' id='word_1_231' title='bbox 1257 1929 1355 1962; x_wconf 85' lang='grc' dir='ltr'>Ἔστι</span> 
     </span>
     <span class='ocr_line' id='line_1_34' title="bbox 363 1972 1353 2023; baseline -0.004 -15"><span class='ocrx_word' id='word_1_232' title='bbox 363 1977 427 2023; x_wconf 76' lang='grc' dir='ltr'>γάρ</span> <span class='ocrx_word' id='word_1_233' title='bbox 453 1976 494 2008; x_wconf 76' lang='grc' dir='ltr'>τὸ</span> <span class='ocrx_word' id='word_1_234' title='bbox 521 1973 655 2018; x_wconf 80' lang='grc' dir='ltr'>ἄπειρον</span> <span class='ocrx_word' id='word_1_235' title='bbox 683 1974 744 2011; x_wconf 74' lang='grc' dir='ltr'>τῆς</span> <span class='ocrx_word' id='word_1_236' title='bbox 771 1974 833 2006; x_wconf 80' lang='grc' dir='ltr'>τοῦ</span> <span class='ocrx_word' id='word_1_237' title='bbox 858 1973 1015 2020; x_wconf 82' lang='grc' dir='ltr'>μεγέθους</span> <span class='ocrx_word' id='word_1_238' title='bbox 1042 1972 1258 2010; x_wconf 81' lang='grc' dir='ltr'>τελειότητος</span> <span class='ocrx_word' id='word_1_239' title='bbox 1278 1972 1353 2014; x_wconf 77' lang='grc' dir='ltr'>ὕλη,</span> 
     </span>
     <span class='ocr_line' id='line_1_35' title="bbox 361 2012 1353 2063; baseline -0.003 -12"><span class='ocrx_word' id='word_1_240' title='bbox 361 2022 420 2052; x_wconf 78' lang='grc' dir='ltr'>καὶ</span> <span class='ocrx_word' id='word_1_241' title='bbox 445 2019 485 2053; x_wconf 82' lang='grc' dir='ltr'><strong>τό</strong></span> <span class='ocrx_word' id='word_1_242' title='bbox 516 2013 655 2060; x_wconf 80' lang='grc' dir='ltr'>δυνάμει</span> <span class='ocrx_word' id='word_1_243' title='bbox 689 2017 785 2059; x_wconf 76' lang='grc' dir='ltr'>ὅλον,</span> <span class='ocrx_word' id='word_1_244' title='bbox 817 2018 1010 2063; x_wconf 58' lang='grc' dir='ltr'>ἐντελεχείᾳ</span> <span class='ocrx_word' id='word_1_245' title='bbox 1042 2013 1079 2049; x_wconf 72' lang='grc' dir='ltr'>δέ</span> <span class='ocrx_word' id='word_1_246' title='bbox 1105 2017 1155 2048; x_wconf 83' lang='grc' dir='ltr'>οὗ·</span> <span class='ocrx_word' id='word_1_247' title='bbox 1185 2012 1353 2061; x_wconf 75' lang='grc' dir='ltr'>διαιρετὸν</span> 
     </span>
     <span class='ocr_line' id='line_1_36' title="bbox 362 2055 1354 2106; baseline -0.003 -11"><span class='ocrx_word' id='word_1_248' title='bbox 362 2060 391 2096; x_wconf 76' lang='grc' dir='ltr'>δ’</span> <span class='ocrx_word' id='word_1_249' title='bbox 423 2065 477 2096; x_wconf 78' lang='grc' dir='ltr'>ἐπί</span> <span class='ocrx_word' id='word_1_250' title='bbox 503 2075 540 2094; x_wconf 90' lang='grc' dir='ltr'>τε</span> <span class='ocrx_word' id='word_1_251' title='bbox 571 2061 634 2097; x_wconf 71' lang='grc' dir='ltr'>τήν</span> <span class='ocrx_word' id='word_1_252' title='bbox 659 2061 851 2106; x_wconf 86' lang='grc' dir='ltr'>καθαίρεσιν</span> <span class='ocrx_word' id='word_1_253' title='bbox 882 2055 1028 2098; x_wconf 46' lang='lat' dir='ltr'>zois-:vlit</span> <span class='ocrx_word' id='word_1_254' title='bbox 1057 2060 1354 2104; x_wconf 80' lang='grc' dir='ltr'>ἀντεστραμμένην</span> 
     </span>
     <span class='ocr_line' id='line_1_37' title="bbox 363 2101 1354 2152; baseline -0.003 -11"><span class='ocrx_word' id='word_1_255' title='bbox 363 2107 551 2152; x_wconf 80' lang='grc' dir='ltr'>πρόσθεσιν,</span> <span class='ocrx_word' id='word_1_256' title='bbox 571 2105 646 2137; x_wconf 80' lang='grc' dir='ltr'>ὅλον</span> <span class='ocrx_word' id='word_1_257' title='bbox 672 2101 710 2137; x_wconf 74' lang='grc' dir='ltr'>δὲ</span> <span class='ocrx_word' id='word_1_258' title='bbox 733 2108 790 2137; x_wconf 81' lang='grc' dir='ltr'>καὶ</span> <span class='ocrx_word' id='word_1_259' title='bbox 813 2105 1067 2151; x_wconf 83' lang='grc' dir='ltr'>πεπερασμένον</span> <span class='ocrx_word' id='word_1_260' title='bbox 1093 2106 1130 2137; x_wconf 81' lang='grc' dir='ltr'>οὐ</span> <span class='ocrx_word' id='word_1_261' title='bbox 1155 2105 1230 2137; x_wconf 80' lang='grc' dir='ltr'>καθ’</span> <span class='ocrx_word' id='word_1_262' title='bbox 1254 2105 1354 2146; x_wconf 77' lang='grc' dir='ltr'>αὐτό,</span> 
     </span>
     <span class='ocr_line' id='line_1_38' title="bbox 365 2148 1355 2194; baseline -0.004 -10"><span class='ocrx_word' id='word_1_263' title='bbox 365 2151 455 2186; x_wconf 77' lang='grc' dir='ltr'>ἀλλά</span> <span class='ocrx_word' id='word_1_264' title='bbox 477 2150 555 2184; x_wconf 76' lang='grc' dir='ltr'>κατ’</span> <span class='ocrx_word' id='word_1_265' title='bbox 580 2150 677 2182; x_wconf 81' lang='grc' dir='ltr'>ἄλλο·</span> <span class='ocrx_word' id='word_1_266' title='bbox 702 2152 760 2181; x_wconf 80' lang='grc' dir='ltr'>καὶ</span> <span class='ocrx_word' id='word_1_267' title='bbox 787 2151 824 2182; x_wconf 80' lang='grc' dir='ltr'>οὐ</span> <span class='ocrx_word' id='word_1_268' title='bbox 850 2150 1010 2194; x_wconf 85' lang='grc' dir='ltr'>περιέχει,</span> <span class='ocrx_word' id='word_1_269' title='bbox 1032 2150 1122 2182; x_wconf 78' lang='grc' dir='ltr'>ἀλλά</span> <span class='ocrx_word' id='word_1_270' title='bbox 1146 2148 1355 2193; x_wconf 85' lang='grc' dir='ltr'>περιέχεται,</span> 
     </span>
     <span class='ocr_line' id='line_1_39' title="bbox 365 2188 1355 2240; baseline -0.002 -12"><span class='ocrx_word' id='word_1_271' title='bbox 365 2197 386 2240; x_wconf 76' lang='grc' dir='ltr'>ᾖ</span> <span class='ocrx_word' id='word_1_272' title='bbox 413 2197 562 2238; x_wconf 85' lang='grc' dir='ltr'>ἄπειρον·</span> <span class='ocrx_word' id='word_1_273' title='bbox 589 2189 641 2226; x_wconf 75' lang='grc' dir='ltr'>διὸ</span> <span class='ocrx_word' id='word_1_274' title='bbox 665 2196 723 2226; x_wconf 82' lang='grc' dir='ltr'>καὶ</span> <span class='ocrx_word' id='word_1_275' title='bbox 756 2193 929 2240; x_wconf 78' lang='grc' dir='ltr'>ἄγνωστον</span> <span class='ocrx_word' id='word_1_276' title='bbox 956 2194 976 2236; x_wconf 78' lang='grc' dir='ltr'>ᾖ</span> <span class='ocrx_word' id='word_1_277' title='bbox 1004 2193 1153 2237; x_wconf 80' lang='grc' dir='ltr'>ἄπειρον·</span> <span class='ocrx_word' id='word_1_278' title='bbox 1179 2188 1264 2230; x_wconf 80' lang='grc' dir='ltr'>εἶδος</span> <span class='ocrx_word' id='word_1_279' title='bbox 1290 2194 1355 2239; x_wconf 72' lang='grc' dir='ltr'>γάρ</span> 
     </span>
     <span class='ocr_line' id='line_1_40' title="bbox 365 2237 1355 2285; baseline -0.004 -13"><span class='ocrx_word' id='word_1_280' title='bbox 365 2238 424 2272; x_wconf 77' lang='grc' dir='ltr'>οὐκ</span> <span class='ocrx_word' id='word_1_281' title='bbox 449 2240 518 2285; x_wconf 84' lang='grc' dir='ltr'>ἔχει</span> <span class='ocrx_word' id='word_1_282' title='bbox 537 2238 559 2275; x_wconf 74' lang='grc' dir='ltr'>’ἡ</span> <span class='ocrx_word' id='word_1_283' title='bbox 580 2237 653 2275; x_wconf 79' lang='grc' dir='ltr'>ὕλη.</span> <span class='ocrx_word' id='word_1_284' title='bbox 674 2237 776 2270; x_wconf 71' lang='grc' dir='ltr'>’Ὥστε</span> <span class='ocrx_word' id='word_1_285' title='bbox 801 2239 940 2282; x_wconf 71' lang='grc' dir='ltr'>φανερὸν</span> <span class='ocrx_word' id='word_1_286' title='bbox 968 2237 1020 2270; x_wconf 76' lang='grc' dir='ltr'>ὅτι</span> <span class='ocrx_word' id='word_1_287' title='bbox 1038 2238 1166 2281; x_wconf 78' lang='grc' dir='ltr'>μᾶλλον</span> <span class='ocrx_word' id='word_1_288' title='bbox 1190 2238 1222 2270; x_wconf 83' lang='grc' dir='ltr'>έν</span> <span class='ocrx_word' id='word_1_289' title='bbox 1241 2240 1355 2281; x_wconf 90' lang='grc' dir='ltr'>μορίου</span> 
     </span>
     <span class='ocr_line' id='line_1_41' title="bbox 362 2280 1356 2331; baseline -0.003 -15"><span class='ocrx_word' id='word_1_290' title='bbox 362 2283 452 2331; x_wconf 82' lang='grc' dir='ltr'>λόγῳ</span> <span class='ocrx_word' id='word_1_291' title='bbox 477 2283 518 2316; x_wconf 83' lang='grc' dir='ltr'>τὸ</span> <span class='ocrx_word' id='word_1_292' title='bbox 546 2281 679 2324; x_wconf 87' lang='grc' dir='ltr'>ἄπειρον</span> <span class='ocrx_word' id='word_1_293' title='bbox 706 2281 727 2319; x_wconf 78' lang='grc' dir='ltr'>ἦ</span> <span class='ocrx_word' id='word_1_294' title='bbox 753 2283 786 2314; x_wconf 82' lang='grc' dir='ltr'>ἐν</span> <span class='ocrx_word' id='word_1_295' title='bbox 813 2281 903 2314; x_wconf 82' lang='grc' dir='ltr'>ὅλου·</span> <span class='ocrx_word' id='word_1_296' title='bbox 930 2281 1042 2325; x_wconf 82' lang='grc' dir='ltr'>μόριον</span> <span class='ocrx_word' id='word_1_297' title='bbox 1070 2281 1134 2326; x_wconf 81' lang='grc' dir='ltr'>γάρ</span> <span class='ocrx_word' id='word_1_298' title='bbox 1160 2282 1180 2317; x_wconf 74' lang='grc' dir='ltr'>ἢ</span> <span class='ocrx_word' id='word_1_299' title='bbox 1207 2280 1267 2318; x_wconf 77' lang='grc' dir='ltr'>ὕλη</span> <span class='ocrx_word' id='word_1_300' title='bbox 1293 2283 1356 2313; x_wconf 77' lang='grc' dir='ltr'>τοῦ</span> 
     </span>
     <span class='ocr_line' id='line_1_42' title="bbox 365 2321 1264 2371; baseline -0.003 -11"><span class='ocrx_word' id='word_1_301' title='bbox 365 2329 455 2368; x_wconf 81' lang='grc' dir='ltr'>ὅλου,</span> <span class='ocrx_word' id='word_1_302' title='bbox 482 2327 592 2370; x_wconf 74' lang='grc' dir='ltr'>ὥσπερ</span> <span class='ocrx_word' id='word_1_303' title='bbox 619 2327 635 2358; x_wconf 80' lang='grc' dir='ltr'>ὀ</span> <span class='ocrx_word' id='word_1_304' title='bbox 659 2325 785 2371; x_wconf 72' lang='grc' dir='ltr'>χαλκὸς</span> <span class='ocrx_word' id='word_1_305' title='bbox 811 2327 873 2358; x_wconf 81' lang='grc' dir='ltr'>τοῦ</span> <span class='ocrx_word' id='word_1_306' title='bbox 898 2327 1028 2371; x_wconf 77' lang='grc' dir='ltr'>χαλκοῦ</span> <span class='ocrx_word' id='word_1_307' title='bbox 1055 2321 1264 2370; x_wconf 73' lang='grc' dir='ltr'>ἀνδριάντος·</span> 
     </span>
    </p>
   </div>
   <div class='ocr_carea' id='block_1_7' title="bbox 298 2412 1358 2592">
    <p class='ocr_par' dir='ltr' id='par_1_14' title="bbox 298 2412 1358 2592">
     <span class='ocr_line' id='line_1_43' title="bbox 298 2412 1358 2461; baseline -0.005 -13"><span class='ocrx_word' id='word_1_308' title='bbox 298 2414 372 2448; x_wconf 73' lang='grc' dir='ltr'>ἐπεὶ</span> <span class='ocrx_word' id='word_1_309' title='bbox 396 2418 486 2461; x_wconf 72' lang='grc' dir='ltr'>εἴγε</span> <span class='ocrx_word' id='word_1_310' title='bbox 511 2412 657 2459; x_wconf 88' lang='grc' dir='ltr'>περιέχει</span> <span class='ocrx_word' id='word_1_311' title='bbox 683 2412 716 2446; x_wconf 85' lang='grc' dir='ltr'>ἐν</span> <span class='ocrx_word' id='word_1_312' title='bbox 741 2417 812 2451; x_wconf 84' lang='grc' dir='ltr'>τοῖς</span> <span class='ocrx_word' id='word_1_313' title='bbox 843 2413 1015 2451; x_wconf 84' lang='grc' dir='ltr'>αἰσθητοῖς</span> <span class='ocrx_word' id='word_1_314' title='bbox 1039 2415 1096 2445; x_wconf 79' lang='grc' dir='ltr'>καὶ</span> <span class='ocrx_word' id='word_1_315' title='bbox 1123 2414 1155 2445; x_wconf 83' lang='grc' dir='ltr'>ἐν</span> <span class='ocrx_word' id='word_1_316' title='bbox 1181 2416 1251 2449; x_wconf 79' lang='grc' dir='ltr'>τοῖς</span> <span class='ocrx_word' id='word_1_317' title='bbox 1283 2424 1358 2449; x_wconf 81' lang='grc' dir='ltr'>νοη-</span> 
     </span>
     <span class='ocr_line' id='line_1_44' title="bbox 365 2453 1352 2503; baseline -0.004 -10"><span class='ocrx_word' id='word_1_318' title='bbox 365 2465 436 2498; x_wconf 82' lang='grc' dir='ltr'>τοῖς</span> <span class='ocrx_word' id='word_1_319' title='bbox 453 2459 494 2493; x_wconf 78' lang='grc' dir='ltr'>τό</span> <span class='ocrx_word' id='word_1_320' title='bbox 512 2457 602 2503; x_wconf 86' lang='grc' dir='ltr'>μέγα</span> <span class='ocrx_word' id='word_1_321' title='bbox 618 2461 676 2490; x_wconf 85' lang='grc' dir='ltr'>καὶ</span> <span class='ocrx_word' id='word_1_322' title='bbox 694 2458 735 2490; x_wconf 79' lang='grc' dir='ltr'>τὸ</span> <span class='ocrx_word' id='word_1_323' title='bbox 753 2457 881 2502; x_wconf 82' lang='grc' dir='ltr'>μικρόν,</span> <span class='ocrx_word' id='word_1_324' title='bbox 901 2453 968 2489; x_wconf 72' lang='grc' dir='ltr'>ἔδει</span> <span class='ocrx_word' id='word_1_325' title='bbox 986 2457 1148 2502; x_wconf 88' lang='grc' dir='ltr'>περιέχειν</span> <span class='ocrx_word' id='word_1_326' title='bbox 1166 2457 1213 2490; x_wconf 85' lang='grc' dir='ltr'>τοὶ</span> <span class='ocrx_word' id='word_1_327' title='bbox 1232 2455 1352 2493; x_wconf 88' lang='grc' dir='ltr'>νοητά.</span> 
     </span>
     <span class='ocr_line' id='line_1_45' title="bbox 357 2497 1354 2547; baseline -0.005 -10"><span class='ocrx_word' id='word_1_328' title='bbox 357 2504 506 2537; x_wconf 70' lang='grc' dir='ltr'>Ἄτοπον</span> <span class='ocrx_word' id='word_1_329' title='bbox 532 2497 570 2535; x_wconf 76' lang='grc' dir='ltr'>δέ</span> <span class='ocrx_word' id='word_1_330' title='bbox 593 2503 663 2533; x_wconf 81' lang='grc' dir='ltr'>καὶ’</span> <span class='ocrx_word' id='word_1_331' title='bbox 681 2497 850 2534; x_wconf 72' lang='grc' dir='ltr'>ἀδύνατον</span> <span class='ocrx_word' id='word_1_332' title='bbox 883 2501 924 2534; x_wconf 76' lang='grc' dir='ltr'>τὸ</span> <span class='ocrx_word' id='word_1_333' title='bbox 952 2502 1123 2547; x_wconf 83' lang='grc' dir='ltr'>ἄγνωστον</span> <span class='ocrx_word' id='word_1_334' title='bbox 1149 2503 1206 2533; x_wconf 81' lang='grc' dir='ltr'>καὶ</span> <span class='ocrx_word' id='word_1_335' title='bbox 1232 2501 1272 2534; x_wconf 76' lang='grc' dir='ltr'>τὸ</span> <span class='ocrx_word' id='word_1_336' title='bbox 1299 2499 1354 2533; x_wconf 84' lang='grc' dir='ltr'>ἀό-</span> 
     </span>
     <span class='ocr_line' id='line_1_46' title="bbox 365 2546 904 2592; baseline -0.007 -12"><span class='ocrx_word' id='word_1_337' title='bbox 365 2560 477 2592; x_wconf 90' lang='grc' dir='ltr'>ριστον</span> <span class='ocrx_word' id='word_1_338' title='bbox 504 2546 668 2592; x_wconf 87' lang='grc' dir='ltr'>περιέχειν</span> <span class='ocrx_word' id='word_1_339' title='bbox 692 2547 750 2577; x_wconf 84' lang='grc' dir='ltr'>καὶ</span> <span class='ocrx_word' id='word_1_340' title='bbox 777 2546 904 2590; x_wconf 80' lang='grc' dir='ltr'>ὁρίζειν.</span> 
     </span>
    </p>
   </div>
   <div class='ocr_carea' id='block_1_8' title="bbox 299 2639 1358 3224">
    <p class='ocr_par' dir='ltr' id='par_1_15' title="bbox 299 2639 1358 3224">
     <span class='ocr_line' id='line_1_47' title="bbox 353 2639 1358 2677; baseline -0.002 -9"><span class='ocrx_word' id='word_1_341' title='bbox 353 2642 492 2669; x_wconf 78' lang='lat' dir='ltr'>SYNOPSIS</span> <span class='ocrx_word' id='word_1_342' title='bbox 508 2657 542 2661; x_wconf 91' lang='lat'><em>-</em></span> <span class='ocrx_word' id='word_1_343' title='bbox 563 2649 586 2668; x_wconf 91' lang='lat'>1.</span> <span class='ocrx_word' id='word_1_344' title='bbox 601 2641 810 2677; x_wconf 86' lang='lat' dir='ltr'>Argumentum</span> <span class='ocrx_word' id='word_1_345' title='bbox 833 2646 860 2668; x_wconf 91' lang='lat' dir='ltr'>et</span> <span class='ocrx_word' id='word_1_346' title='bbox 874 2639 975 2668; x_wconf 90' lang='lat' dir='ltr'>divisio</span> <span class='ocrx_word' id='word_1_347' title='bbox 991 2645 1092 2667; x_wconf 85' lang='lat' dir='ltr'>textus.</span> <span class='ocrx_word' id='word_1_348' title='bbox 1108 2655 1127 2660; x_wconf 54' lang='grc' dir='ltr'><em>ω</em></span> <span class='ocrx_word' id='word_1_349' title='bbox 1141 2641 1251 2667; x_wconf 51' lang='lat' dir='ltr'>2.‘Non</span> <span class='ocrx_word' id='word_1_350' title='bbox 1273 2639 1358 2667; x_wconf 92' lang='lat' dir='ltr'>debet</span> 
     </span>
     <span class='ocr_line' id='line_1_48' title="bbox 299 2678 1356 2716; baseline -0.002 -8"><span class='ocrx_word' id='word_1_351' title='bbox 299 2679 444 2708; x_wconf 85' lang='lat' dir='ltr'>infinitum</span> <span class='ocrx_word' id='word_1_352' title='bbox 458 2678 569 2707; x_wconf 87' lang='lat' dir='ltr'>definiri</span> <span class='ocrx_word' id='word_1_353' title='bbox 584 2679 613 2707; x_wconf 78' lang='lat' dir='ltr'>id</span> <span class='ocrx_word' id='word_1_354' title='bbox 634 2684 720 2707; x_wconf 77' lang='lat' dir='ltr'>extra</span> <span class='ocrx_word' id='word_1_355' title='bbox 734 2680 809 2716; x_wconf 79' lang='lat' dir='ltr'>quod</span> <span class='ocrx_word' id='word_1_356' title='bbox 824 2679 896 2706; x_wconf 86' lang='lat' dir='ltr'><em>nihil</em></span> <span class='ocrx_word' id='word_1_357' title='bbox 909 2685 952 2707; x_wconf 82' lang='lat' dir='ltr'>est</span> <span class='ocrx_word' id='word_1_358' title='bbox 958 2689 968 2713; x_wconf 92' lang='lat'><em>;</em></span> <span class='ocrx_word' id='word_1_359' title='bbox 989 2679 1039 2706; x_wconf 91' lang='lat' dir='ltr'>sed</span> <span class='ocrx_word' id='word_1_360' title='bbox 1054 2688 1069 2707; x_wconf 94' lang='lat' dir='ltr'>e</span> <span class='ocrx_word' id='word_1_361' title='bbox 1084 2685 1184 2707; x_wconf 87' lang='lat' dir='ltr'>contra</span> <span class='ocrx_word' id='word_1_362' title='bbox 1202 2678 1356 2706; x_wconf 87' lang='lat' dir='ltr'>dicendum</span> 
     </span>
     <span class='ocr_line' id='line_1_49' title="bbox 300 2717 1356 2756; baseline -0.002 -9"><span class='ocrx_word' id='word_1_363' title='bbox 300 2719 381 2756; x_wconf 89' lang='lat' dir='ltr'>quod</span> <span class='ocrx_word' id='word_1_364' title='bbox 401 2718 545 2746; x_wconf 89' lang='lat' dir='ltr'>infinitum</span> <span class='ocrx_word' id='word_1_365' title='bbox 566 2724 608 2745; x_wconf 91' lang='lat' dir='ltr'>est</span> <span class='ocrx_word' id='word_1_366' title='bbox 628 2718 709 2745; x_wconf 83' lang='lat' dir='ltr'>cuius</span> <span class='ocrx_word' id='word_1_367' title='bbox 730 2723 772 2745; x_wconf 86' lang='lat' dir='ltr'>est</span> <span class='ocrx_word' id='word_1_368' title='bbox 785 2727 900 2755; x_wconf 84' lang='lat' dir='ltr'><em>semper</em></span> <span class='ocrx_word' id='word_1_369' title='bbox 920 2718 1030 2754; x_wconf 84' lang='lat' dir='ltr'>aliquid</span> <span class='ocrx_word' id='word_1_370' title='bbox 1050 2723 1144 2746; x_wconf 80' lang='lat' dir='ltr'>extra.</span> <span class='ocrx_word' id='word_1_371' title='bbox 1159 2735 1179 2739; x_wconf 96' lang='lat'>—</span> <span class='ocrx_word' id='word_1_372' title='bbox 1195 2718 1220 2745; x_wconf 86' lang='lat'>3.</span> <span class='ocrx_word' id='word_1_373' title='bbox 1236 2717 1356 2745; x_wconf 87' lang='lat' dir='ltr'>Manife-</span> 
     </span>
     <span class='ocr_line' id='line_1_50' title="bbox 301 2757 1356 2794; baseline -0.002 -8"><span class='ocrx_word' id='word_1_374' title='bbox 301 2764 391 2786; x_wconf 91' lang='lat' dir='ltr'>statur</span> <span class='ocrx_word' id='word_1_375' title='bbox 410 2757 479 2792; x_wconf 89' lang='lat' dir='ltr'>hoc,</span> <span class='ocrx_word' id='word_1_376' title='bbox 501 2763 529 2784; x_wconf 90' lang='lat' dir='ltr'>et</span> <span class='ocrx_word' id='word_1_377' title='bbox 548 2757 642 2792; x_wconf 91' lang='lat' dir='ltr'>primo</span> <span class='ocrx_word' id='word_1_378' title='bbox 662 2757 802 2792; x_wconf 86' lang='lat' dir='ltr'>probatur</span> <span class='ocrx_word' id='word_1_379' title='bbox 821 2765 872 2792; x_wconf 88' lang='lat' dir='ltr'>per</span> <span class='ocrx_word' id='word_1_380' title='bbox 893 2757 1014 2794; x_wconf 86' lang='lat' dir='ltr'>signum,</span> <span class='ocrx_word' id='word_1_381' title='bbox 1035 2758 1115 2793; x_wconf 92' lang='lat' dir='ltr'>quod</span> <span class='ocrx_word' id='word_1_382' title='bbox 1140 2757 1210 2784; x_wconf 89' lang='lat' dir='ltr'>haec</span> <span class='ocrx_word' id='word_1_383' title='bbox 1231 2757 1356 2784; x_wconf 91' lang='lat' dir='ltr'>secunda</span> 
     </span>
     <span class='ocr_line' id='line_1_51' title="bbox 301 2794 1356 2831; baseline -0.001 -7"><span class='ocrx_word' id='word_1_384' title='bbox 301 2795 429 2824; x_wconf 86' lang='lat' dir='ltr'>definitio</span> <span class='ocrx_word' id='word_1_385' title='bbox 450 2795 486 2823; x_wconf 82' lang='lat' dir='ltr'>sit</span> <span class='ocrx_word' id='word_1_386' title='bbox 505 2796 578 2823; x_wconf 85' lang='lat' dir='ltr'>bene</span> <span class='ocrx_word' id='word_1_387' title='bbox 598 2794 748 2831; x_wconf 83' lang='lat' dir='ltr'>assignata.</span> <span class='ocrx_word' id='word_1_388' title='bbox 771 2795 911 2823; x_wconf 86' lang='lat' dir='ltr'>Dicuntur</span> <span class='ocrx_word' id='word_1_389' title='bbox 931 2795 1008 2823; x_wconf 88' lang='lat' dir='ltr'>enim</span> <span class='ocrx_word' id='word_1_390' title='bbox 1029 2795 1128 2823; x_wconf 89' lang='lat' dir='ltr'>annuli</span> <span class='ocrx_word' id='word_1_391' title='bbox 1153 2795 1270 2830; x_wconf 87' lang='lat' dir='ltr'>infiniti,</span> <span class='ocrx_word' id='word_1_392' title='bbox 1292 2795 1356 2823; x_wconf 92' lang='lat' dir='ltr'>licet</span> 
     </span>
     <span class='ocr_line' id='line_1_52' title="bbox 301 2834 1356 2872; baseline -0.001 -9"><span class='ocrx_word' id='word_1_393' title='bbox 301 2834 456 2872; x_wconf 84' lang='lat' dir='ltr'>improprie</span> <span class='ocrx_word' id='word_1_394' title='bbox 477 2840 504 2862; x_wconf 90' lang='lat' dir='ltr'>et</span> <span class='ocrx_word' id='word_1_395' title='bbox 523 2843 575 2871; x_wconf 87' lang='lat' dir='ltr'>per</span> <span class='ocrx_word' id='word_1_396' title='bbox 595 2834 825 2870; x_wconf 88' lang='lat' dir='ltr'>similitudinem,</span> <span class='ocrx_word' id='word_1_397' title='bbox 847 2834 914 2871; x_wconf 89' lang='lat' dir='ltr'>quia</span> <span class='ocrx_word' id='word_1_398' title='bbox 934 2843 1047 2870; x_wconf 85' lang='lat' dir='ltr'><strong>semper</strong></span> <span class='ocrx_word' id='word_1_399' title='bbox 1067 2841 1110 2862; x_wconf 90' lang='lat' dir='ltr'>est</span> <span class='ocrx_word' id='word_1_400' title='bbox 1135 2834 1166 2862; x_wconf 90' lang='lat' dir='ltr'>in</span> <span class='ocrx_word' id='word_1_401' title='bbox 1186 2834 1226 2862; x_wconf 90' lang='lat' dir='ltr'>eis</span> <span class='ocrx_word' id='word_1_402' title='bbox 1247 2844 1356 2870; x_wconf 88' lang='lat' dir='ltr'>suppo-</span> 
     </span>
     <span class='ocr_line' id='line_1_53' title="bbox 299 2873 1355 2911; baseline -0.002 -8"><span class='ocrx_word' id='word_1_403' title='bbox 299 2884 369 2903; x_wconf 86' lang='lat' dir='ltr'>nere</span> <span class='ocrx_word' id='word_1_404' title='bbox 390 2881 499 2911; x_wconf 81' lang='lat' dir='ltr'>partem</span> <span class='ocrx_word' id='word_1_405' title='bbox 520 2874 557 2902; x_wconf 90' lang='lat' dir='ltr'>ad</span> <span class='ocrx_word' id='word_1_406' title='bbox 583 2879 694 2910; x_wconf 88' lang='lat' dir='ltr'>partem</span> <span class='ocrx_word' id='word_1_407' title='bbox 721 2880 886 2910; x_wconf 86' lang='lat' dir='ltr'>acceptam;</span> <span class='ocrx_word' id='word_1_408' title='bbox 908 2882 976 2910; x_wconf 86' lang='lat' dir='ltr'>ergo</span> <span class='ocrx_word' id='word_1_409' title='bbox 1003 2873 1074 2901; x_wconf 88' lang='lat' dir='ltr'>illud</span> <span class='ocrx_word' id='word_1_410' title='bbox 1093 2882 1158 2901; x_wconf 85' lang='lat' dir='ltr'>vere</span> <span class='ocrx_word' id='word_1_411' title='bbox 1186 2879 1214 2901; x_wconf 89' lang='lat' dir='ltr'>et</span> <span class='ocrx_word' id='word_1_412' title='bbox 1240 2873 1355 2910; x_wconf 88' lang='lat' dir='ltr'>proprie</span> 
     </span>
     <span class='ocr_line' id='line_1_54' title="bbox 300 2912 1356 2949; baseline -0.002 -7"><span class='ocrx_word' id='word_1_413' title='bbox 300 2920 343 2943; x_wconf 82' lang='lat' dir='ltr'>est</span> <span class='ocrx_word' id='word_1_414' title='bbox 363 2913 514 2948; x_wconf 87' lang='lat' dir='ltr'>infinitum,</span> <span class='ocrx_word' id='word_1_415' title='bbox 530 2912 610 2941; x_wconf 85' lang='lat' dir='ltr'>cuius</span> <span class='ocrx_word' id='word_1_416' title='bbox 624 2921 737 2949; x_wconf 85' lang='lat' dir='ltr'>semper</span> <span class='ocrx_word' id='word_1_417' title='bbox 757 2919 798 2941; x_wconf 86' lang='lat' dir='ltr'>est</span> <span class='ocrx_word' id='word_1_418' title='bbox 812 2913 939 2949; x_wconf 90' lang='lat' dir='ltr'>accipere</span> <span class='ocrx_word' id='word_1_419' title='bbox 953 2912 1061 2949; x_wconf 88' lang='lat' dir='ltr'>aliquid</span> <span class='ocrx_word' id='word_1_420' title='bbox 1075 2919 1161 2947; x_wconf 90' lang='lat' dir='ltr'>extra,</span> <span class='ocrx_word' id='word_1_421' title='bbox 1177 2912 1215 2940; x_wconf 91' lang='lat' dir='ltr'>ita</span> <span class='ocrx_word' id='word_1_422' title='bbox 1235 2919 1267 2940; x_wconf 90' lang='lat' dir='ltr'>ut</span> <span class='ocrx_word' id='word_1_423' title='bbox 1280 2922 1356 2940; x_wconf 91' lang='lat' dir='ltr'>nun-</span> 
     </span>
     <span class='ocr_line' id='line_1_55' title="bbox 300 2952 1354 2990; baseline -0.003 -8"><span class='ocrx_word' id='word_1_424' title='bbox 300 2963 388 2990; x_wconf 90' lang='lat' dir='ltr'>quam</span> <span class='ocrx_word' id='word_1_425' title='bbox 408 2959 470 2981; x_wconf 89' lang='lat' dir='ltr'>tota</span> <span class='ocrx_word' id='word_1_426' title='bbox 490 2952 551 2980; x_wconf 88' lang='lat' dir='ltr'>eius</span> <span class='ocrx_word' id='word_1_427' title='bbox 572 2952 715 2990; x_wconf 84' lang='lat' dir='ltr'>quantitas</span> <span class='ocrx_word' id='word_1_428' title='bbox 736 2952 1004 2988; x_wconf 86' lang='lat' dir='ltr'>comprehendatur.</span> <span class='ocrx_word' id='word_1_429' title='bbox 1019 2969 1038 2973; x_wconf 92' lang='lat'><em>-</em></span> <span class='ocrx_word' id='word_1_430' title='bbox 1051 2961 1078 2986; x_wconf 91' lang='lat'>4.</span> <span class='ocrx_word' id='word_1_431' title='bbox 1094 2952 1227 2980; x_wconf 86' lang='lat' dir='ltr'>Secundo</span> <span class='ocrx_word' id='word_1_432' title='bbox 1249 2953 1354 2988; x_wconf 88' lang='lat' dir='ltr'>proba-</span> 
     </span>
     <span class='ocr_line' id='line_1_56' title="bbox 299 2991 1355 3029; baseline -0.002 -8"><span class='ocrx_word' id='word_1_433' title='bbox 299 2999 346 3021; x_wconf 87' lang='lat' dir='ltr'>tur</span> <span class='ocrx_word' id='word_1_434' title='bbox 366 2993 447 3029; x_wconf 90' lang='lat' dir='ltr'>quod</span> <span class='ocrx_word' id='word_1_435' title='bbox 467 2991 596 3020; x_wconf 89' lang='lat' dir='ltr'>definitio</span> <span class='ocrx_word' id='word_1_436' title='bbox 617 2992 802 3028; x_wconf 88' lang='lat' dir='ltr'>antiquorum</span> <span class='ocrx_word' id='word_1_437' title='bbox 828 2991 864 3019; x_wconf 88' lang='lat' dir='ltr'>sit</span> <span class='ocrx_word' id='word_1_438' title='bbox 883 2991 1096 3019; x_wconf 60' lang='lat' dir='ltr'>inconveniens</span> <span class='ocrx_word' id='word_1_439' title='bbox 1119 2991 1154 3019; x_wconf 86' lang='lat' dir='ltr'>Id</span> <span class='ocrx_word' id='word_1_440' title='bbox 1180 2991 1262 3019; x_wconf 83' lang='lat' dir='ltr'>cuius</span> <span class='ocrx_word' id='word_1_441' title='bbox 1282 2991 1355 3019; x_wconf 86' lang='lat' dir='ltr'>nihil</span> 
     </span>
     <span class='ocr_line' id='line_1_57' title="bbox 300 3030 1354 3067; baseline -0.002 -7"><span class='ocrx_word' id='word_1_442' title='bbox 300 3037 343 3060; x_wconf 85' lang='lat' dir='ltr'>est</span> <span class='ocrx_word' id='word_1_443' title='bbox 363 3037 449 3060; x_wconf 82' lang='lat' dir='ltr'>extra</span> <span class='ocrx_word' id='word_1_444' title='bbox 470 3038 512 3059; x_wconf 90' lang='lat' dir='ltr'>est</span> <span class='ocrx_word' id='word_1_445' title='bbox 532 3030 660 3060; x_wconf 82' lang='lat' dir='ltr'>definitio</span> <span class='ocrx_word' id='word_1_446' title='bbox 681 3030 769 3059; x_wconf 87' lang='lat' dir='ltr'>totius</span> <span class='ocrx_word' id='word_1_447' title='bbox 783 3037 810 3058; x_wconf 90' lang='lat' dir='ltr'>et</span> <span class='ocrx_word' id='word_1_448' title='bbox 831 3030 954 3067; x_wconf 88' lang='lat' dir='ltr'>perfecti,</span> <span class='ocrx_word' id='word_1_449' title='bbox 970 3031 1049 3067; x_wconf 86' lang='lat' dir='ltr'>quod</span> <span class='ocrx_word' id='word_1_450' title='bbox 1063 3031 1107 3059; x_wconf 91' lang='lat' dir='ltr'>vel</span> <span class='ocrx_word' id='word_1_451' title='bbox 1127 3037 1169 3058; x_wconf 87' lang='lat' dir='ltr'>est</span> <span class='ocrx_word' id='word_1_452' title='bbox 1190 3031 1267 3058; x_wconf 89' lang='lat' dir='ltr'>idem</span> <span class='ocrx_word' id='word_1_453' title='bbox 1288 3040 1354 3058; x_wconf 91' lang='lat' dir='ltr'>cum</span> 
     </span>
     <span class='ocr_line' id='line_1_58' title="bbox 299 3070 1353 3106; baseline -0.001 -8"><span class='ocrx_word' id='word_1_454' title='bbox 299 3077 362 3099; x_wconf 85' lang='lat' dir='ltr'>toto</span> <span class='ocrx_word' id='word_1_455' title='bbox 382 3071 426 3098; x_wconf 90' lang='lat' dir='ltr'>vel</span> <span class='ocrx_word' id='word_1_456' title='bbox 447 3077 488 3098; x_wconf 87' lang='lat' dir='ltr'>est</span> <span class='ocrx_word' id='word_1_457' title='bbox 509 3070 535 3099; x_wconf 90' lang='lat' dir='ltr'>ei</span> <span class='ocrx_word' id='word_1_458' title='bbox 555 3071 713 3098; x_wconf 87' lang='lat' dir='ltr'>secundum</span> <span class='ocrx_word' id='word_1_459' title='bbox 733 3076 865 3098; x_wconf 88' lang='lat' dir='ltr'>naturam</span> <span class='ocrx_word' id='word_1_460' title='bbox 892 3070 1104 3106; x_wconf 83' lang='lat' dir='ltr'>propinquum;</span> <span class='ocrx_word' id='word_1_461' title='bbox 1126 3070 1237 3098; x_wconf 88' lang='lat' dir='ltr'>nullum</span> <span class='ocrx_word' id='word_1_462' title='bbox 1258 3076 1353 3098; x_wconf 90' lang='lat' dir='ltr'>autem</span> 
     </span>
     <span class='ocr_line' id='line_1_59' title="bbox 299 3109 1353 3146; baseline 0 -9"><span class='ocrx_word' id='word_1_463' title='bbox 299 3109 443 3138; x_wconf 88' lang='lat' dir='ltr'>infinitum</span> <span class='ocrx_word' id='word_1_464' title='bbox 464 3116 492 3137; x_wconf 85' lang='lat' dir='ltr'>et</span> <span class='ocrx_word' id='word_1_465' title='bbox 511 3109 725 3138; x_wconf 85' lang='lat' dir='ltr'>interminatum</span> <span class='ocrx_word' id='word_1_466' title='bbox 746 3115 788 3137; x_wconf 90' lang='lat' dir='ltr'>est</span> <span class='ocrx_word' id='word_1_467' title='bbox 801 3109 966 3146; x_wconf 83' lang='lat' dir='ltr'>perfectum,</span> <span class='ocrx_word' id='word_1_468' title='bbox 981 3109 1049 3145; x_wconf 91' lang='lat' dir='ltr'>quia</span> <span class='ocrx_word' id='word_1_469' title='bbox 1069 3109 1134 3137; x_wconf 89' lang='lat' dir='ltr'>finis</span> <span class='ocrx_word' id='word_1_470' title='bbox 1155 3115 1197 3137; x_wconf 91' lang='lat' dir='ltr'>est</span> <span class='ocrx_word' id='word_1_471' title='bbox 1218 3109 1353 3145; x_wconf 85' lang='lat' dir='ltr'>perfectio</span> 
     </span>
     <span class='ocr_line' id='line_1_60' title="bbox 299 3148 1354 3185; baseline 0 -9"><span class='ocrx_word' id='word_1_472' title='bbox 299 3148 533 3185; x_wconf 88' lang='lat' dir='ltr'>uniuscuiusque.</span> <span class='ocrx_word' id='word_1_473' title='bbox 548 3165 568 3170; x_wconf 98' lang='lat'><em>-</em></span> <span class='ocrx_word' id='word_1_474' title='bbox 584 3149 608 3177; x_wconf 90' lang='grc'>5.</span> <span class='ocrx_word' id='word_1_475' title='bbox 631 3148 832 3177; x_wconf 86' lang='lat' dir='ltr'>Corollarium.</span> <span class='ocrx_word' id='word_1_476' title='bbox 847 3148 948 3176; x_wconf 90' lang='lat' dir='ltr'>Melius</span> <span class='ocrx_word' id='word_1_477' title='bbox 970 3148 1078 3176; x_wconf 89' lang='lat' dir='ltr'>censuit</span> <span class='ocrx_word' id='word_1_478' title='bbox 1099 3148 1283 3176; x_wconf 82' lang='lat' dir='ltr'>Parmenides</span> <span class='ocrx_word' id='word_1_479' title='bbox 1305 3149 1354 3185; x_wconf 90' lang='lat' dir='ltr'>qui</span> 
     </span>
     <span class='ocr_line' id='line_1_61' title="bbox 300 3187 1354 3224; baseline -0.001 -8"><span class='ocrx_word' id='word_1_480' title='bbox 300 3188 370 3216; x_wconf 86' lang='lat' dir='ltr'>dixit</span> <span class='ocrx_word' id='word_1_481' title='bbox 390 3187 556 3215; x_wconf 82' lang='lat' dir='ltr'>universum</span> <span class='ocrx_word' id='word_1_482' title='bbox 584 3197 645 3216; x_wconf 85' lang='lat' dir='ltr'>esse</span> <span class='ocrx_word' id='word_1_483' title='bbox 673 3187 786 3216; x_wconf 88' lang='lat' dir='ltr'>finitum</span> <span class='ocrx_word' id='word_1_484' title='bbox 813 3188 1008 3224; x_wconf 84' lang='lat' dir='ltr'>sphaericum,</span> <span class='ocrx_word' id='word_1_485' title='bbox 1032 3197 1120 3224; x_wconf 89' lang='lat' dir='ltr'>quam</span> <span class='ocrx_word' id='word_1_486' title='bbox 1145 3188 1276 3215; x_wconf 89' lang='lat' dir='ltr'>Melissus</span> <span class='ocrx_word' id='word_1_487' title='bbox 1305 3187 1354 3224; x_wconf 88' lang='lat' dir='ltr'>qui</span> 
     </span>
    </p>
   </div>
   <div class='ocr_carea' id='block_1_9' title="bbox 300 3226 1352 3302">
    <p class='ocr_par' dir='ltr' id='par_1_16' title="bbox 300 3226 1352 3302">
     <span class='ocr_line' id='line_1_62' title="bbox 301 3226 1351 3255; baseline 0 -1"><span class='ocrx_word' id='word_1_488' title='bbox 301 3227 369 3254; x_wconf 89' lang='lat' dir='ltr'>dixit</span> <span class='ocrx_word' id='word_1_489' title='bbox 389 3233 483 3254; x_wconf 91' lang='lat' dir='ltr'>totum</span> <span class='ocrx_word' id='word_1_490' title='bbox 509 3226 673 3255; x_wconf 88' lang='lat' dir='ltr'>universum</span> <span class='ocrx_word' id='word_1_491' title='bbox 695 3236 756 3255; x_wconf 87' lang='lat' dir='ltr'>esse</span> <span class='ocrx_word' id='word_1_492' title='bbox 784 3226 942 3254; x_wconf 88' lang='lat' dir='ltr'>infinitum:</span> <span class='ocrx_word' id='word_1_493' title='bbox 964 3236 1025 3254; x_wconf 89' lang='lat' dir='ltr'>non</span> <span class='ocrx_word' id='word_1_494' title='bbox 1053 3226 1130 3254; x_wconf 88' lang='lat' dir='ltr'>enim</span> <span class='ocrx_word' id='word_1_495' title='bbox 1158 3227 1211 3254; x_wconf 88' lang='lat' dir='ltr'>sibi</span> <span class='ocrx_word' id='word_1_496' title='bbox 1232 3226 1351 3255; x_wconf 88' lang='lat' dir='ltr'>invicem</span> 
     </span>
     <span class='ocr_line' id='line_1_63' title="bbox 300 3266 1352 3302; baseline -0.001 -8"><span class='ocrx_word' id='word_1_497' title='bbox 300 3272 515 3302; x_wconf 89' lang='lat' dir='ltr'>consequuntur</span> <span class='ocrx_word' id='word_1_498' title='bbox 536 3272 631 3294; x_wconf 87' lang='lat' dir='ltr'>totum</span> <span class='ocrx_word' id='word_1_499' title='bbox 655 3272 682 3294; x_wconf 87' lang='lat' dir='ltr'>et</span> <span class='ocrx_word' id='word_1_500' title='bbox 702 3266 854 3294; x_wconf 87' lang='lat' dir='ltr'>infinitum.</span> <span class='ocrx_word' id='word_1_501' title='bbox 879 3282 898 3287; x_wconf 93' lang='lat'><em>-</em></span> <span class='ocrx_word' id='word_1_502' title='bbox 921 3266 947 3294; x_wconf 90' lang='lat'>6.</span> <span class='ocrx_word' id='word_1_503' title='bbox 971 3266 1136 3293; x_wconf 84' lang='lat' dir='ltr'>Excluditur</span> <span class='ocrx_word' id='word_1_504' title='bbox 1155 3266 1225 3294; x_wconf 88' lang='lat' dir='ltr'>falsa</span> <span class='ocrx_word' id='word_1_505' title='bbox 1252 3266 1352 3302; x_wconf 89' lang='lat' dir='ltr'>opinio</span> 
     </span>
    </p>
   </div>
   <div class='ocr_carea' id='block_1_10' title="bbox 297 3335 1357 3620">
    <p class='ocr_par' dir='ltr' id='par_1_17' title="bbox 297 3335 1357 3620">
     <span class='ocr_line' id='line_1_64' title="bbox 297 3335 1357 3620; baseline 0 384"><span class='ocrx_word' id='word_1_506' title='bbox 297 3335 1357 3620; x_wconf 95' lang='lat' dir='ltr'> </span> 
     </span>
    </p>
   </div>
   <div class='ocr_carea' id='block_1_11' title="bbox 1410 751 2500 798">
    <p class='ocr_par' dir='ltr' id='par_1_18' title="bbox 1410 751 2500 798">
     <span class='ocr_line' id='line_1_65' title="bbox 1410 751 2500 798; baseline 0.009 -17"><span class='ocrx_word' id='word_1_507' title='bbox 1410 751 1428 771; x_wconf 88' lang='lat'>*</span> <span class='ocrx_word' id='word_1_508' title='bbox 1442 752 1564 783; x_wconf 87' lang='lat' dir='ltr'>Accidit</span> <span class='ocrx_word' id='word_1_509' title='bbox 1587 759 1692 783; x_wconf 87' lang='lat' dir='ltr'>autem</span> <span class='ocrx_word' id='word_1_510' title='bbox 1716 755 1906 786; x_wconf 87' lang='lat' dir='ltr'>contrarium</span> <span class='ocrx_word' id='word_1_511' title='bbox 1929 766 1994 786; x_wconf 88' lang='lat' dir='ltr'>esse</span> <span class='ocrx_word' id='word_1_512' title='bbox 2017 757 2176 788; x_wconf 87' lang='lat' dir='ltr'>infinitum</span> <span class='ocrx_word' id='word_1_513' title='bbox 2192 768 2289 798; x_wconf 84' lang='lat' dir='ltr'>quam</span> <span class='ocrx_word' id='word_1_514' title='bbox 2312 759 2392 790; x_wconf 92' lang='lat' dir='ltr'>sicut</span> <span class='ocrx_word' id='word_1_515' title='bbox 2417 760 2462 790; x_wconf 87' lang='lat' dir='ltr'>di·</span> <span class='ocrx_word' id='word_1_516' title='bbox 2489 770 2500 781; x_wconf 62' lang='lat'>⁸</span> 
     </span>
    </p>
   </div>
   <div class='ocr_carea' id='block_1_12' title="bbox 1410 797 2466 1746">
    <p class='ocr_par' dir='ltr' id='par_1_19' title="bbox 1478 797 2463 880">
     <span class='ocr_line' id='line_1_66' title="bbox 1478 797 2463 844; baseline 0.008 -18"><span class='ocrx_word' id='word_1_517' title='bbox 1478 803 1562 827; x_wconf 88' lang='lat' dir='ltr'>cunt.</span> <span class='ocrx_word' id='word_1_518' title='bbox 1587 797 1662 827; x_wconf 90' lang='lat' dir='ltr'>Non</span> <span class='ocrx_word' id='word_1_519' title='bbox 1686 798 1770 827; x_wconf 87' lang='lat' dir='ltr'>enim</span> <span class='ocrx_word' id='word_1_520' title='bbox 1786 799 1875 829; x_wconf 90' lang='lat' dir='ltr'>cuius</span> <span class='ocrx_word' id='word_1_521' title='bbox 1891 800 1968 830; x_wconf 91' lang='lat' dir='ltr'>nihil</span> <span class='ocrx_word' id='word_1_522' title='bbox 1983 807 2029 831; x_wconf 90' lang='lat' dir='ltr'>est</span> <span class='ocrx_word' id='word_1_523' title='bbox 2044 807 2137 840; x_wconf 84' lang='lat' dir='ltr'>extra,</span> <span class='ocrx_word' id='word_1_524' title='bbox 2157 803 2211 832; x_wconf 91' lang='lat' dir='ltr'>sed</span> <span class='ocrx_word' id='word_1_525' title='bbox 2230 802 2318 833; x_wconf 89' lang='lat' dir='ltr'>cuius</span> <span class='ocrx_word' id='word_1_526' title='bbox 2339 806 2463 844; x_wconf 77' lang='lat' dir='ltr'>semper</span> 
     </span>
     <span class='ocr_line' id='line_1_67' title="bbox 1478 839 2120 880; baseline 0.009 -11"><span class='ocrx_word' id='word_1_527' title='bbox 1478 839 1595 880; x_wconf 86' lang='lat' dir='ltr'>aliquid</span> <span class='ocrx_word' id='word_1_528' title='bbox 1619 847 1665 871; x_wconf 90' lang='lat' dir='ltr'>est</span> <span class='ocrx_word' id='word_1_529' title='bbox 1687 848 1780 880; x_wconf 85' lang='lat' dir='ltr'>extra,</span> <span class='ocrx_word' id='word_1_530' title='bbox 1804 843 1865 873; x_wconf 92' lang='lat' dir='ltr'>hoc</span> <span class='ocrx_word' id='word_1_531' title='bbox 1887 843 2046 874; x_wconf 90' lang='lat' dir='ltr'>infinitum</span> <span class='ocrx_word' id='word_1_532' title='bbox 2065 851 2120 875; x_wconf 90' lang='lat' dir='ltr'>est.</span> 
     </span>
    </p>

    <p class='ocr_par' dir='ltr' id='par_1_20' title="bbox 1412 883 2465 1232">
     <span class='ocr_line' id='line_1_68' title="bbox 1412 883 2464 928; baseline 0.008 -16"><span class='ocrx_word' id='word_1_533' title='bbox 1412 883 1544 923; x_wconf 88' lang='lat' dir='ltr'>Signum</span> <span class='ocrx_word' id='word_1_534' title='bbox 1567 891 1674 914; x_wconf 89' lang='lat' dir='ltr'>autem</span> <span class='ocrx_word' id='word_1_535' title='bbox 1690 891 1748 915; x_wconf 88' lang='lat' dir='ltr'>est:</span> <span class='ocrx_word' id='word_1_536' title='bbox 1773 892 1803 916; x_wconf 87' lang='lat' dir='ltr'>et</span> <span class='ocrx_word' id='word_1_537' title='bbox 1826 896 1962 927; x_wconf 88' lang='lat' dir='ltr'>namque</span> <span class='ocrx_word' id='word_1_538' title='bbox 1981 888 2115 918; x_wconf 83' lang='lat' dir='ltr'>annulos</span> <span class='ocrx_word' id='word_1_539' title='bbox 2131 889 2239 919; x_wconf 93' lang='lat' dir='ltr'>dicunt</span> <span class='ocrx_word' id='word_1_540' title='bbox 2260 889 2409 928; x_wconf 89' lang='lat' dir='ltr'>infinitos,</span> <span class='ocrx_word' id='word_1_541' title='bbox 2428 897 2464 921; x_wconf 89' lang='lat' dir='ltr'>ut</span> 
     </span>
     <span class='ocr_line' id='line_1_69' title="bbox 1477 927 2463 973; baseline 0.006 -16"><span class='ocrx_word' id='word_1_542' title='bbox 1477 927 1624 958; x_wconf 86' lang='lat' dir='ltr'>habentes</span> <span class='ocrx_word' id='word_1_543' title='bbox 1642 928 1886 968; x_wconf 86' lang='lat' dir='ltr'>circulationem,</span> <span class='ocrx_word' id='word_1_544' title='bbox 1910 931 1983 971; x_wconf 88' lang='lat' dir='ltr'>quia</span> <span class='ocrx_word' id='word_1_545' title='bbox 2002 941 2124 971; x_wconf 89' lang='lat' dir='ltr'>semper</span> <span class='ocrx_word' id='word_1_546' title='bbox 2143 938 2188 962; x_wconf 90' lang='lat' dir='ltr'>est</span> <span class='ocrx_word' id='word_1_547' title='bbox 2207 939 2289 963; x_wconf 83' lang='lat' dir='ltr'>extra</span> <span class='ocrx_word' id='word_1_548' title='bbox 2307 933 2463 973; x_wconf 88' lang='lat' dir='ltr'>accipere;</span> 
     </span>
     <span class='ocr_line' id='line_1_70' title="bbox 1478 972 2464 1014; baseline 0.007 -14"><span class='ocrx_word' id='word_1_549' title='bbox 1478 972 1653 1002; x_wconf 87' lang='lat' dir='ltr'>secundum</span> <span class='ocrx_word' id='word_1_550' title='bbox 1675 972 1912 1003; x_wconf 88' lang='lat' dir='ltr'>similitudinem</span> <span class='ocrx_word' id='word_1_551' title='bbox 1926 975 2085 1014; x_wconf 85' lang='lat' dir='ltr'>quandam</span> <span class='ocrx_word' id='word_1_552' title='bbox 2108 975 2254 1014; x_wconf 90' lang='lat' dir='ltr'>dicentes,</span> <span class='ocrx_word' id='word_1_553' title='bbox 2270 986 2336 1006; x_wconf 92' lang='lat' dir='ltr'>non</span> <span class='ocrx_word' id='word_1_554' title='bbox 2358 983 2464 1007; x_wconf 80' lang='lat' dir='ltr'>tamen</span> 
     </span>
     <span class='ocr_line' id='line_1_71' title="bbox 1478 1015 2465 1060; baseline 0.006 -16"><span class='ocrx_word' id='word_1_555' title='bbox 1478 1015 1613 1054; x_wconf 86' lang='lat' dir='ltr'>proprie.</span> <span class='ocrx_word' id='word_1_556' title='bbox 1638 1015 1772 1055; x_wconf 92' lang='lat' dir='ltr'>Oportet</span> <span class='ocrx_word' id='word_1_557' title='bbox 1795 1017 1879 1047; x_wconf 90' lang='lat' dir='ltr'>enim</span> <span class='ocrx_word' id='word_1_558' title='bbox 1898 1025 1927 1048; x_wconf 93' lang='lat' dir='ltr'>et</span> <span class='ocrx_word' id='word_1_559' title='bbox 1949 1018 2011 1048; x_wconf 93' lang='lat' dir='ltr'>hoc</span> <span class='ocrx_word' id='word_1_560' title='bbox 2034 1028 2111 1056; x_wconf 90' lang='lat' dir='ltr'>esse,</span> <span class='ocrx_word' id='word_1_561' title='bbox 2141 1025 2171 1049; x_wconf 89' lang='lat' dir='ltr'>et</span> <span class='ocrx_word' id='word_1_562' title='bbox 2192 1029 2357 1060; x_wconf 88' lang='lat' dir='ltr'>nunquam</span> <span class='ocrx_word' id='word_1_563' title='bbox 2379 1020 2465 1050; x_wconf 87' lang='lat' dir='ltr'>idem</span> 
     </span>
     <span class='ocr_line' id='line_1_72' title="bbox 1478 1058 2464 1104; baseline 0.007 -17"><span class='ocrx_word' id='word_1_564' title='bbox 1478 1058 1590 1098; x_wconf 87' lang='lat' dir='ltr'>recipi:</span> <span class='ocrx_word' id='word_1_565' title='bbox 1615 1059 1647 1088; x_wconf 92' lang='lat' dir='ltr'>in</span> <span class='ocrx_word' id='word_1_566' title='bbox 1672 1059 1787 1090; x_wconf 89' lang='lat' dir='ltr'>circulo</span> <span class='ocrx_word' id='word_1_567' title='bbox 1807 1067 1913 1090; x_wconf 84' lang='lat' dir='ltr'>autem</span> <span class='ocrx_word' id='word_1_568' title='bbox 1935 1071 2000 1091; x_wconf 91' lang='lat' dir='ltr'>non</span> <span class='ocrx_word' id='word_1_569' title='bbox 2024 1062 2066 1092; x_wconf 90' lang='lat' dir='ltr'>sic</span> <span class='ocrx_word' id='word_1_570' title='bbox 2088 1061 2134 1100; x_wconf 92' lang='lat' dir='ltr'>fit,</span> <span class='ocrx_word' id='word_1_571' title='bbox 2153 1063 2208 1092; x_wconf 90' lang='lat' dir='ltr'>sed</span> <span class='ocrx_word' id='word_1_572' title='bbox 2231 1073 2354 1103; x_wconf 88' lang='lat' dir='ltr'>semper</span> <span class='ocrx_word' id='word_1_573' title='bbox 2376 1064 2464 1104; x_wconf 91' lang='lat' dir='ltr'>quod</span> 
     </span>
     <span class='ocr_line' id='line_1_73' title="bbox 1479 1104 2463 1147; baseline 0.006 -16"><span class='ocrx_word' id='word_1_574' title='bbox 1479 1108 1526 1132; x_wconf 91' lang='lat' dir='ltr'>est</span> <span class='ocrx_word' id='word_1_575' title='bbox 1557 1110 1783 1143; x_wconf 87' lang='lat' dir='ltr'>consequenter</span> <span class='ocrx_word' id='word_1_576' title='bbox 1815 1104 1920 1134; x_wconf 89' lang='lat' dir='ltr'>solum</span> <span class='ocrx_word' id='word_1_577' title='bbox 1947 1106 2089 1135; x_wconf 83' lang='lat' dir='ltr'>alterum.</span> <span class='ocrx_word' id='word_1_578' title='bbox 2108 1105 2126 1124; x_wconf 88' lang='grc'><strong>*</strong></span> <span class='ocrx_word' id='word_1_579' title='bbox 2149 1105 2310 1137; x_wconf 88' lang='lat' dir='ltr'>Infinitum</span> <span class='ocrx_word' id='word_1_580' title='bbox 2333 1107 2463 1147; x_wconf 86' lang='lat' dir='ltr'>quidem</span> 
     </span>
     <span class='ocr_line' id='line_1_74' title="bbox 1478 1145 2463 1190; baseline 0.006 -15"><span class='ocrx_word' id='word_1_581' title='bbox 1478 1145 1572 1185; x_wconf 90' lang='lat' dir='ltr'>igitur</span> <span class='ocrx_word' id='word_1_582' title='bbox 1594 1146 1655 1176; x_wconf 91' lang='lat' dir='ltr'>hoc</span> <span class='ocrx_word' id='word_1_583' title='bbox 1679 1153 1734 1186; x_wconf 89' lang='lat' dir='ltr'>est,</span> <span class='ocrx_word' id='word_1_584' title='bbox 1759 1147 1858 1185; x_wconf 90' lang='lat' dir='ltr'>cuius,</span> <span class='ocrx_word' id='word_1_585' title='bbox 1883 1149 2057 1178; x_wconf 88' lang='lat' dir='ltr'>secundum</span> <span class='ocrx_word' id='word_1_586' title='bbox 2080 1149 2286 1189; x_wconf 84' lang='lat' dir='ltr'>quantitatem</span> <span class='ocrx_word' id='word_1_587' title='bbox 2313 1150 2463 1190; x_wconf 85' lang='lat' dir='ltr'>accipien-</span> 
     </span>
     <span class='ocr_line' id='line_1_75' title="bbox 1478 1189 2204 1232; baseline 0.006 -13"><span class='ocrx_word' id='word_1_588' title='bbox 1478 1189 1572 1228; x_wconf 85' lang='lat' dir='ltr'>tibus,</span> <span class='ocrx_word' id='word_1_589' title='bbox 1596 1200 1719 1230; x_wconf 89' lang='lat' dir='ltr'>semper</span> <span class='ocrx_word' id='word_1_590' title='bbox 1742 1197 1788 1221; x_wconf 90' lang='lat' dir='ltr'>est</span> <span class='ocrx_word' id='word_1_591' title='bbox 1810 1191 1928 1231; x_wconf 85' lang='lat' dir='ltr'>aliquid</span> <span class='ocrx_word' id='word_1_592' title='bbox 1951 1192 2089 1232; x_wconf 86' lang='lat' dir='ltr'>accipere</span> <span class='ocrx_word' id='word_1_593' title='bbox 2112 1199 2204 1223; x_wconf 86' lang='lat' dir='ltr'>extra.</span> 
     </span>
    </p>

    <p class='ocr_par' dir='ltr' id='par_1_21' title="bbox 1413 1232 2465 1571">
     <span class='ocr_line' id='line_1_76' title="bbox 1413 1232 2462 1275; baseline 0.005 -12"><span class='ocrx_word' id='word_1_594' title='bbox 1413 1232 1513 1264; x_wconf 90' lang='lat' dir='ltr'>Cuius</span> <span class='ocrx_word' id='word_1_595' title='bbox 1537 1240 1643 1263; x_wconf 89' lang='lat' dir='ltr'>autem</span> <span class='ocrx_word' id='word_1_596' title='bbox 1666 1233 1744 1264; x_wconf 91' lang='lat' dir='ltr'>nihil</span> <span class='ocrx_word' id='word_1_597' title='bbox 1763 1241 1808 1264; x_wconf 89' lang='lat' dir='ltr'>est</span> <span class='ocrx_word' id='word_1_598' title='bbox 1830 1241 1923 1273; x_wconf 84' lang='lat' dir='ltr'>extra,</span> <span class='ocrx_word' id='word_1_599' title='bbox 1947 1235 2008 1266; x_wconf 94' lang='lat' dir='ltr'>hoc</span> <span class='ocrx_word' id='word_1_600' title='bbox 2031 1236 2205 1275; x_wconf 90' lang='lat' dir='ltr'>perfectum</span> <span class='ocrx_word' id='word_1_601' title='bbox 2228 1243 2273 1267; x_wconf 90' lang='lat' dir='ltr'>est</span> <span class='ocrx_word' id='word_1_602' title='bbox 2296 1243 2326 1267; x_wconf 90' lang='lat' dir='ltr'>et</span> <span class='ocrx_word' id='word_1_603' title='bbox 2347 1243 2462 1268; x_wconf 89' lang='lat' dir='ltr'>toturn.</span> 
     </span>
     <span class='ocr_line' id='line_1_77' title="bbox 1478 1277 2464 1318; baseline 0.005 -12"><span class='ocrx_word' id='word_1_604' title='bbox 1478 1277 1528 1307; x_wconf 92' lang='lat' dir='ltr'>Sic</span> <span class='ocrx_word' id='word_1_605' title='bbox 1544 1277 1628 1307; x_wconf 89' lang='lat' dir='ltr'>enim</span> <span class='ocrx_word' id='word_1_606' title='bbox 1644 1277 1811 1308; x_wconf 89' lang='lat' dir='ltr'>definimus</span> <span class='ocrx_word' id='word_1_607' title='bbox 1834 1284 1949 1316; x_wconf 90' lang='lat' dir='ltr'>totum,</span> <span class='ocrx_word' id='word_1_608' title='bbox 1967 1279 2016 1309; x_wconf 92' lang='lat' dir='ltr'>cui</span> <span class='ocrx_word' id='word_1_609' title='bbox 2035 1279 2112 1309; x_wconf 91' lang='lat' dir='ltr'>nihil</span> <span class='ocrx_word' id='word_1_610' title='bbox 2135 1280 2231 1318; x_wconf 88' lang='lat' dir='ltr'>abest,</span> <span class='ocrx_word' id='word_1_611' title='bbox 2247 1286 2283 1310; x_wconf 91' lang='lat' dir='ltr'>ut</span> <span class='ocrx_word' id='word_1_612' title='bbox 2300 1280 2464 1311; x_wconf 90' lang='lat' dir='ltr'>hominem</span> 
     </span>
     <span class='ocr_line' id='line_1_78' title="bbox 1478 1321 2465 1365; baseline 0.003 -14"><span class='ocrx_word' id='word_1_613' title='bbox 1478 1327 1583 1351; x_wconf 91' lang='lat' dir='ltr'>totum</span> <span class='ocrx_word' id='word_1_614' title='bbox 1606 1328 1660 1351; x_wconf 87' lang='lat' dir='ltr'>aut</span> <span class='ocrx_word' id='word_1_615' title='bbox 1683 1331 1796 1352; x_wconf 83' lang='lat' dir='ltr'>arcam.</span> <span class='ocrx_word' id='word_1_616' title='bbox 1822 1321 1908 1352; x_wconf 91' lang='lat' dir='ltr'>Sicut</span> <span class='ocrx_word' id='word_1_617' title='bbox 1939 1329 2046 1353; x_wconf 85' lang='lat' dir='ltr'>autem</span> <span class='ocrx_word' id='word_1_618' title='bbox 2069 1323 2233 1363; x_wconf 85' lang='lat' dir='ltr'>singulare,</span> <span class='ocrx_word' id='word_1_619' title='bbox 2257 1323 2300 1354; x_wconf 88' lang='lat' dir='ltr'>sic</span> <span class='ocrx_word' id='word_1_620' title='bbox 2324 1331 2354 1354; x_wconf 88' lang='lat' dir='ltr'>et</span> <span class='ocrx_word' id='word_1_621' title='bbox 2376 1324 2465 1365; x_wconf 93' lang='lat' dir='ltr'>quod</span> 
     </span>
     <span class='ocr_line' id='line_1_79' title="bbox 1478 1364 2464 1404; baseline 0.004 -10"><span class='ocrx_word' id='word_1_622' title='bbox 1478 1364 1622 1404; x_wconf 87' lang='lat' dir='ltr'>proprie,</span> <span class='ocrx_word' id='word_1_623' title='bbox 1646 1372 1682 1395; x_wconf 93' lang='lat' dir='ltr'>ut</span> <span class='ocrx_word' id='word_1_624' title='bbox 1704 1371 1808 1395; x_wconf 89' lang='lat' dir='ltr'>totum</span> <span class='ocrx_word' id='word_1_625' title='bbox 1831 1366 1920 1396; x_wconf 92' lang='lat' dir='ltr'>cuius</span> <span class='ocrx_word' id='word_1_626' title='bbox 1944 1366 2022 1396; x_wconf 91' lang='lat' dir='ltr'>nihil</span> <span class='ocrx_word' id='word_1_627' title='bbox 2045 1373 2090 1396; x_wconf 91' lang='lat' dir='ltr'>est</span> <span class='ocrx_word' id='word_1_628' title='bbox 2120 1373 2217 1397; x_wconf 87' lang='lat' dir='ltr'>extra:</span> <span class='ocrx_word' id='word_1_629' title='bbox 2243 1367 2332 1397; x_wconf 88' lang='lat' dir='ltr'>cuius</span> <span class='ocrx_word' id='word_1_630' title='bbox 2358 1375 2464 1398; x_wconf 89' lang='lat' dir='ltr'>autem</span> 
     </span>
     <span class='ocr_line' id='line_1_80' title="bbox 1477 1408 2465 1448; baseline 0.003 -10"><span class='ocrx_word' id='word_1_631' title='bbox 1477 1408 1615 1439; x_wconf 81' lang='lat' dir='ltr'>absentia</span> <span class='ocrx_word' id='word_1_632' title='bbox 1638 1415 1722 1439; x_wconf 84' lang='lat' dir='ltr'>extra</span> <span class='ocrx_word' id='word_1_633' title='bbox 1745 1415 1800 1447; x_wconf 87' lang='lat' dir='ltr'>est,</span> <span class='ocrx_word' id='word_1_634' title='bbox 1825 1419 1890 1439; x_wconf 91' lang='lat' dir='ltr'>non</span> <span class='ocrx_word' id='word_1_635' title='bbox 1910 1419 2005 1439; x_wconf 89' lang='lat' dir='ltr'>omne</span> <span class='ocrx_word' id='word_1_636' title='bbox 2029 1417 2085 1448; x_wconf 90' lang='lat' dir='ltr'>est,</span> <span class='ocrx_word' id='word_1_637' title='bbox 2107 1420 2180 1440; x_wconf 89' lang='lat' dir='ltr'>cum</span> <span class='ocrx_word' id='word_1_638' title='bbox 2203 1410 2291 1440; x_wconf 89' lang='lat' dir='ltr'>absit.</span> <span class='ocrx_word' id='word_1_639' title='bbox 2307 1411 2324 1429; x_wconf 84' lang='lat'>&#39;¹‘</span> <span class='ocrx_word' id='word_1_640' title='bbox 2342 1411 2465 1442; x_wconf 88' lang='lat' dir='ltr'>Totum</span> 
     </span>
     <span class='ocr_line' id='line_1_81' title="bbox 1478 1451 2465 1494; baseline 0.004 -13"><span class='ocrx_word' id='word_1_641' title='bbox 1478 1458 1585 1482; x_wconf 86' lang='lat' dir='ltr'>autem</span> <span class='ocrx_word' id='word_1_642' title='bbox 1608 1458 1638 1482; x_wconf 88' lang='lat' dir='ltr'>et</span> <span class='ocrx_word' id='word_1_643' title='bbox 1662 1451 1836 1492; x_wconf 89' lang='lat' dir='ltr'>perfectum</span> <span class='ocrx_word' id='word_1_644' title='bbox 1860 1459 1914 1483; x_wconf 92' lang='lat' dir='ltr'>aut</span> <span class='ocrx_word' id='word_1_645' title='bbox 1935 1453 2020 1483; x_wconf 91' lang='lat' dir='ltr'>idem</span> <span class='ocrx_word' id='word_1_646' title='bbox 2042 1453 2184 1493; x_wconf 89' lang='lat' dir='ltr'>penitus,</span> <span class='ocrx_word' id='word_1_647' title='bbox 2209 1460 2263 1484; x_wconf 86' lang='lat' dir='ltr'>aut</span> <span class='ocrx_word' id='word_1_648' title='bbox 2285 1454 2465 1494; x_wconf 88' lang='lat' dir='ltr'>proximum</span> 
     </span>
     <span class='ocr_line' id='line_1_82' title="bbox 1478 1495 2465 1528; baseline 0.003 -3"><span class='ocrx_word' id='word_1_649' title='bbox 1478 1495 1653 1525; x_wconf 90' lang='lat' dir='ltr'>secundum</span> <span class='ocrx_word' id='word_1_650' title='bbox 1676 1502 1820 1526; x_wconf 87' lang='lat' dir='ltr'>naturam</span> <span class='ocrx_word' id='word_1_651' title='bbox 1844 1502 1898 1526; x_wconf 93' lang='lat' dir='ltr'>est.</span> <span class='ocrx_word' id='word_1_652' title='bbox 1922 1496 2099 1527; x_wconf 89' lang='lat' dir='ltr'>Perfectum</span> <span class='ocrx_word' id='word_1_653' title='bbox 2122 1503 2228 1527; x_wconf 89' lang='lat' dir='ltr'>autem</span> <span class='ocrx_word' id='word_1_654' title='bbox 2251 1498 2376 1528; x_wconf 89' lang='lat' dir='ltr'>nullum</span> <span class='ocrx_word' id='word_1_655' title='bbox 2399 1509 2465 1528; x_wconf 91' lang='lat' dir='ltr'>non</span> 
     </span>
     <span class='ocr_line' id='line_1_83' title="bbox 1476 1538 2207 1571; baseline 0.004 -3"><span class='ocrx_word' id='word_1_656' title='bbox 1476 1538 1594 1569; x_wconf 86' lang='lat' dir='ltr'>habens</span> <span class='ocrx_word' id='word_1_657' title='bbox 1617 1538 1730 1569; x_wconf 87' lang='lat' dir='ltr'>finem:</span> <span class='ocrx_word' id='word_1_658' title='bbox 1754 1538 1825 1569; x_wconf 91' lang='lat' dir='ltr'>finis</span> <span class='ocrx_word' id='word_1_659' title='bbox 1848 1546 1955 1570; x_wconf 87' lang='lat' dir='ltr'>autem</span> <span class='ocrx_word' id='word_1_660' title='bbox 1977 1541 2129 1571; x_wconf 88' lang='lat' dir='ltr'>terminus</span> <span class='ocrx_word' id='word_1_661' title='bbox 2152 1547 2207 1571; x_wconf 88' lang='lat' dir='ltr'>est.</span> 
     </span>
    </p>

    <p class='ocr_par' dir='ltr' id='par_1_22' title="bbox 1410 1582 2466 1746">
     <span class='ocr_line' id='line_1_84' title="bbox 1410 1582 2464 1622; baseline 0.004 -11"><span class='ocrx_word' id='word_1_662' title='bbox 1410 1582 1502 1612; x_wconf 92' lang='lat' dir='ltr'>Unde</span> <span class='ocrx_word' id='word_1_663' title='bbox 1525 1582 1638 1612; x_wconf 89' lang='lat' dir='ltr'>melius</span> <span class='ocrx_word' id='word_1_664' title='bbox 1662 1589 1708 1613; x_wconf 89' lang='lat' dir='ltr'>est</span> <span class='ocrx_word' id='word_1_665' title='bbox 1730 1582 1928 1622; x_wconf 88' lang='lat' dir='ltr'>opinandum</span> <span class='ocrx_word' id='word_1_666' title='bbox 1949 1584 2168 1614; x_wconf 82' lang='lat' dir='ltr'>Parmenidem</span> <span class='ocrx_word' id='word_1_667' title='bbox 2190 1585 2319 1615; x_wconf 90' lang='lat' dir='ltr'>Melisso</span> <span class='ocrx_word' id='word_1_668' title='bbox 2343 1585 2464 1616; x_wconf 83' lang='lat' dir='ltr'>dixisse.</span> 
     </span>
     <span class='ocr_line' id='line_1_85' title="bbox 1476 1626 2464 1667; baseline 0.004 -12"><span class='ocrx_word' id='word_1_669' title='bbox 1476 1626 1538 1656; x_wconf 91' lang='lat' dir='ltr'>Hic</span> <span class='ocrx_word' id='word_1_670' title='bbox 1560 1626 1690 1666; x_wconf 89' lang='lat' dir='ltr'>quidem</span> <span class='ocrx_word' id='word_1_671' title='bbox 1720 1626 1805 1656; x_wconf 89' lang='lat' dir='ltr'>enim</span> <span class='ocrx_word' id='word_1_672' title='bbox 1836 1626 1996 1657; x_wconf 89' lang='lat' dir='ltr'>infinitum</span> <span class='ocrx_word' id='word_1_673' title='bbox 2018 1634 2123 1658; x_wconf 89' lang='lat' dir='ltr'>totum</span> <span class='ocrx_word' id='word_1_674' title='bbox 2150 1628 2238 1666; x_wconf 78' lang='lat' dir='ltr'>dicit;</span> <span class='ocrx_word' id='word_1_675' title='bbox 2267 1628 2320 1658; x_wconf 92' lang='lat' dir='ltr'>ille</span> <span class='ocrx_word' id='word_1_676' title='bbox 2343 1636 2464 1667; x_wconf 87' lang='lat' dir='ltr'>autem,</span> 
     </span>
     <span class='ocr_line' id='line_1_86' title="bbox 1476 1669 2466 1711; baseline 0.004 -12"><span class='ocrx_word' id='word_1_677' title='bbox 1476 1676 1581 1700; x_wconf 85' lang='lat' dir='ltr'>totum</span> <span class='ocrx_word' id='word_1_678' title='bbox 1604 1669 1685 1700; x_wconf 87' lang='lat' dir='ltr'>finiri</span> <span class='ocrx_word' id='word_1_679' title='bbox 1708 1680 1726 1700; x_wconf 89' lang='lat' dir='ltr'>a</span> <span class='ocrx_word' id='word_1_680' title='bbox 1749 1670 1855 1700; x_wconf 87' lang='lat' dir='ltr'>medio</span> <span class='ocrx_word' id='word_1_681' title='bbox 1880 1681 1978 1711; x_wconf 84' lang='lat' dir='ltr'>aeque</span> <span class='ocrx_word' id='word_1_682' title='bbox 2001 1681 2154 1711; x_wconf 89' lang='lat' dir='ltr'>pugnans.</span> <span class='ocrx_word' id='word_1_683' title='bbox 2180 1672 2255 1701; x_wconf 92' lang='lat' dir='ltr'>Non</span> <span class='ocrx_word' id='word_1_684' title='bbox 2278 1672 2363 1702; x_wconf 89' lang='lat' dir='ltr'>enim</span> <span class='ocrx_word' id='word_1_685' title='bbox 2387 1673 2466 1703; x_wconf 89' lang='lat' dir='ltr'>sicut</span> 
     </span>
     <span class='ocr_line' id='line_1_87' title="bbox 1476 1713 2379 1746; baseline 0.003 -4"><span class='ocrx_word' id='word_1_686' title='bbox 1476 1713 1579 1743; x_wconf 90' lang='lat' dir='ltr'>linum</span> <span class='ocrx_word' id='word_1_687' title='bbox 1602 1713 1667 1743; x_wconf 89' lang='lat' dir='ltr'>lino</span> <span class='ocrx_word' id='word_1_688' title='bbox 1692 1720 1738 1743; x_wconf 91' lang='lat' dir='ltr'>est</span> <span class='ocrx_word' id='word_1_689' title='bbox 1761 1714 1942 1744; x_wconf 87' lang='lat' dir='ltr'>continuare</span> <span class='ocrx_word' id='word_1_690' title='bbox 1966 1715 2054 1744; x_wconf 88' lang='lat' dir='ltr'>omni</span> <span class='ocrx_word' id='word_1_691' title='bbox 2079 1721 2108 1745; x_wconf 89' lang='lat' dir='ltr'>et</span> <span class='ocrx_word' id='word_1_692' title='bbox 2130 1715 2188 1745; x_wconf 89' lang='lat' dir='ltr'>toti</span> <span class='ocrx_word' id='word_1_693' title='bbox 2211 1714 2379 1746; x_wconf 88' lang='lat' dir='ltr'>infinitum.</span> 
     </span>
    </p>
   </div>
   <div class='ocr_carea' id='block_1_13' title="bbox 1409 1842 2467 2575">
    <p class='ocr_par' dir='ltr' id='par_1_23' title="bbox 1410 1842 2467 2400">
     <span class='ocr_line' id='line_1_88' title="bbox 1410 1842 2466 1885; baseline 0.004 -13"><span class='ocrx_word' id='word_1_694' title='bbox 1410 1842 1427 1862; x_wconf 92' lang='lat'><strong><em>*</em></strong></span> <span class='ocrx_word' id='word_1_695' title='bbox 1443 1843 1606 1880; x_wconf 86' lang='lat' dir='ltr'>Quoniam</span> <span class='ocrx_word' id='word_1_696' title='bbox 1627 1843 1701 1873; x_wconf 91' lang='lat' dir='ltr'>hinc</span> <span class='ocrx_word' id='word_1_697' title='bbox 1717 1843 1872 1883; x_wconf 90' lang='lat' dir='ltr'>accipiunt</span> <span class='ocrx_word' id='word_1_698' title='bbox 1895 1844 2077 1883; x_wconf 85' lang='lat' dir='ltr'>dignitatem</span> <span class='ocrx_word' id='word_1_699' title='bbox 2100 1844 2138 1874; x_wconf 92' lang='lat' dir='ltr'>de</span> <span class='ocrx_word' id='word_1_700' title='bbox 2156 1844 2290 1883; x_wconf 85' lang='lat' dir='ltr'>infinito,</span> <span class='ocrx_word' id='word_1_701' title='bbox 2310 1846 2397 1885; x_wconf 92' lang='lat' dir='ltr'>quod</span> <span class='ocrx_word' id='word_1_702' title='bbox 2421 1851 2466 1876; x_wconf 91' lang='lat' dir='ltr'>est</span> 
     </span>
     <span class='ocr_line' id='line_1_89' title="bbox 1477 1887 2467 1929; baseline 0.003 -13"><span class='ocrx_word' id='word_1_703' title='bbox 1477 1887 1584 1917; x_wconf 90' lang='lat' dir='ltr'>omnia</span> <span class='ocrx_word' id='word_1_704' title='bbox 1607 1887 1785 1924; x_wconf 86' lang='lat' dir='ltr'>continens,</span> <span class='ocrx_word' id='word_1_705' title='bbox 1810 1894 1840 1917; x_wconf 91' lang='lat' dir='ltr'>et</span> <span class='ocrx_word' id='word_1_706' title='bbox 1863 1888 1971 1917; x_wconf 89' lang='lat' dir='ltr'>omnia</span> <span class='ocrx_word' id='word_1_707' title='bbox 1993 1888 2026 1918; x_wconf 91' lang='lat' dir='ltr'>in</span> <span class='ocrx_word' id='word_1_708' title='bbox 2049 1888 2152 1928; x_wconf 91' lang='lat' dir='ltr'>seipso</span> <span class='ocrx_word' id='word_1_709' title='bbox 2180 1888 2315 1927; x_wconf 87' lang='lat' dir='ltr'>habens,</span> <span class='ocrx_word' id='word_1_710' title='bbox 2339 1896 2467 1929; x_wconf 89' lang='lat' dir='ltr'>propter</span> 
     </span>
     <span class='ocr_line' id='line_1_90' title="bbox 1477 1930 2467 1972; baseline 0.003 -12"><span class='ocrx_word' id='word_1_711' title='bbox 1477 1931 1510 1960; x_wconf 93' lang='lat' dir='ltr'>id</span> <span class='ocrx_word' id='word_1_712' title='bbox 1532 1930 1620 1970; x_wconf 91' lang='lat' dir='ltr'>quod</span> <span class='ocrx_word' id='word_1_713' title='bbox 1642 1930 1736 1961; x_wconf 89' lang='lat' dir='ltr'>habet</span> <span class='ocrx_word' id='word_1_714' title='bbox 1760 1931 1996 1961; x_wconf 88' lang='lat' dir='ltr'>similitudinem</span> <span class='ocrx_word' id='word_1_715' title='bbox 2020 1932 2179 1972; x_wconf 88' lang='lat' dir='ltr'>quandam</span> <span class='ocrx_word' id='word_1_716' title='bbox 2203 1942 2276 1962; x_wconf 91' lang='lat' dir='ltr'>cum</span> <span class='ocrx_word' id='word_1_717' title='bbox 2302 1939 2381 1963; x_wconf 89' lang='lat' dir='ltr'>toto.</span> <span class='ocrx_word' id='word_1_718' title='bbox 2411 1933 2467 1963; x_wconf 91' lang='lat' dir='ltr'>Est</span> 
     </span>
     <span class='ocr_line' id='line_1_91' title="bbox 1477 1974 2467 2015; baseline 0.002 -11"><span class='ocrx_word' id='word_1_719' title='bbox 1477 1974 1561 2004; x_wconf 89' lang='lat' dir='ltr'>enim</span> <span class='ocrx_word' id='word_1_720' title='bbox 1593 1974 1752 2005; x_wconf 87' lang='lat' dir='ltr'>infinitum</span> <span class='ocrx_word' id='word_1_721' title='bbox 1784 1974 1982 2014; x_wconf 86' lang='lat' dir='ltr'>perfectionis</span> <span class='ocrx_word' id='word_1_722' title='bbox 2010 1975 2233 2015; x_wconf 86' lang='lat' dir='ltr'>magnitudinis</span> <span class='ocrx_word' id='word_1_723' title='bbox 2266 1976 2404 2014; x_wconf 85' lang='lat' dir='ltr'>materia,</span> <span class='ocrx_word' id='word_1_724' title='bbox 2437 1983 2467 2006; x_wconf 88' lang='lat' dir='ltr'>et</span> 
     </span>
     <span class='ocr_line' id='line_1_92' title="bbox 1477 2018 2466 2058; baseline 0.001 -10"><span class='ocrx_word' id='word_1_725' title='bbox 1477 2018 1566 2058; x_wconf 92' lang='lat' dir='ltr'>quod</span> <span class='ocrx_word' id='word_1_726' title='bbox 1598 2019 1738 2058; x_wconf 88' lang='lat' dir='ltr'>potentia</span> <span class='ocrx_word' id='word_1_727' title='bbox 1766 2025 1872 2048; x_wconf 89' lang='lat' dir='ltr'>totum</span> <span class='ocrx_word' id='word_1_728' title='bbox 1901 2026 1956 2055; x_wconf 86' lang='lat' dir='ltr'>est,</span> <span class='ocrx_word' id='word_1_729' title='bbox 1990 2026 2060 2050; x_wconf 88' lang='lat' dir='ltr'>actu</span> <span class='ocrx_word' id='word_1_730' title='bbox 2092 2029 2166 2049; x_wconf 85' lang='lat' dir='ltr'>vero</span> <span class='ocrx_word' id='word_1_731' title='bbox 2195 2029 2271 2049; x_wconf 90' lang='lat' dir='ltr'>non.</span> <span class='ocrx_word' id='word_1_732' title='bbox 2305 2020 2466 2050; x_wconf 90' lang='lat' dir='ltr'>Divisibile</span> 
     </span>
     <span class='ocr_line' id='line_1_93' title="bbox 1477 2060 2465 2104; baseline 0.001 -12"><span class='ocrx_word' id='word_1_733' title='bbox 1477 2069 1583 2092; x_wconf 89' lang='lat' dir='ltr'>autem</span> <span class='ocrx_word' id='word_1_734' title='bbox 1607 2069 1662 2100; x_wconf 89' lang='lat' dir='ltr'>est,</span> <span class='ocrx_word' id='word_1_735' title='bbox 1687 2069 1717 2092; x_wconf 90' lang='lat' dir='ltr'>et</span> <span class='ocrx_word' id='word_1_736' title='bbox 1740 2063 1779 2092; x_wconf 80' lang='lat' dir='ltr'>ad</span> <span class='ocrx_word' id='word_1_737' title='bbox 1803 2062 2000 2101; x_wconf 86' lang='lat' dir='ltr'>divisionem,</span> <span class='ocrx_word' id='word_1_738' title='bbox 2025 2060 2055 2093; x_wconf 80' lang='lat' dir='ltr'>et</span> <span class='ocrx_word' id='word_1_739' title='bbox 2078 2064 2117 2093; x_wconf 83' lang='lat' dir='ltr'>ad</span> <span class='ocrx_word' id='word_1_740' title='bbox 2140 2063 2321 2103; x_wconf 85' lang='lat' dir='ltr'>oppositam</span> <span class='ocrx_word' id='word_1_741' title='bbox 2340 2064 2465 2104; x_wconf 86' lang='lat' dir='ltr'>apposi-</span> 
     </span>
     <span class='ocr_line' id='line_1_94' title="bbox 1476 2107 2465 2145; baseline 0.001 -9"><span class='ocrx_word' id='word_1_742' title='bbox 1476 2107 1606 2137; x_wconf 88' lang='lat' dir='ltr'>tionem.</span> <span class='ocrx_word' id='word_1_743' title='bbox 1631 2107 1754 2136; x_wconf 83' lang='lat' dir='ltr'>Totum</span> <span class='ocrx_word' id='word_1_744' title='bbox 1786 2112 1892 2136; x_wconf 88' lang='lat' dir='ltr'>autem</span> <span class='ocrx_word' id='word_1_745' title='bbox 1916 2113 1946 2137; x_wconf 87' lang='lat' dir='ltr'>et</span> <span class='ocrx_word' id='word_1_746' title='bbox 1967 2107 2093 2137; x_wconf 88' lang='lat' dir='ltr'>finitum</span> <span class='ocrx_word' id='word_1_747' title='bbox 2121 2117 2186 2137; x_wconf 90' lang='lat' dir='ltr'>non</span> <span class='ocrx_word' id='word_1_748' title='bbox 2215 2107 2389 2137; x_wconf 90' lang='lat' dir='ltr'>secundum</span> <span class='ocrx_word' id='word_1_749' title='bbox 2422 2117 2465 2145; x_wconf 92' lang='lat' dir='ltr'>se,</span> 
     </span>
     <span class='ocr_line' id='line_1_95' title="bbox 1477 2150 2465 2189; baseline 0.002 -10"><span class='ocrx_word' id='word_1_750' title='bbox 1477 2151 1532 2180; x_wconf 92' lang='lat' dir='ltr'>sed</span> <span class='ocrx_word' id='word_1_751' title='bbox 1556 2150 1731 2180; x_wconf 89' lang='lat' dir='ltr'>secundum</span> <span class='ocrx_word' id='word_1_752' title='bbox 1754 2150 1850 2180; x_wconf 84' lang='lat' dir='ltr'>allud:</span> <span class='ocrx_word' id='word_1_753' title='bbox 1875 2157 1905 2181; x_wconf 92' lang='lat' dir='ltr'>et</span> <span class='ocrx_word' id='word_1_754' title='bbox 1928 2161 1993 2181; x_wconf 90' lang='lat' dir='ltr'>non</span> <span class='ocrx_word' id='word_1_755' title='bbox 2017 2151 2172 2189; x_wconf 90' lang='lat' dir='ltr'>continet,</span> <span class='ocrx_word' id='word_1_756' title='bbox 2197 2152 2251 2181; x_wconf 91' lang='lat' dir='ltr'>sed</span> <span class='ocrx_word' id='word_1_757' title='bbox 2278 2151 2465 2189; x_wconf 89' lang='lat' dir='ltr'>continetur,</span> 
     </span>
     <span class='ocr_line' id='line_1_96' title="bbox 1475 2193 2467 2235; baseline 0.001 -11"><span class='ocrx_word' id='word_1_758' title='bbox 1475 2193 1666 2234; x_wconf 88' lang='lat' dir='ltr'>inquantum</span> <span class='ocrx_word' id='word_1_759' title='bbox 1689 2201 1734 2224; x_wconf 90' lang='lat' dir='ltr'>est</span> <span class='ocrx_word' id='word_1_760' title='bbox 1753 2193 1922 2225; x_wconf 88' lang='lat' dir='ltr'>infinitum.</span> <span class='ocrx_word' id='word_1_761' title='bbox 1939 2195 2031 2225; x_wconf 90' lang='lat' dir='ltr'>Unde</span> <span class='ocrx_word' id='word_1_762' title='bbox 2054 2195 2200 2234; x_wconf 87' lang='lat' dir='ltr'>ignotum</span> <span class='ocrx_word' id='word_1_763' title='bbox 2216 2201 2261 2225; x_wconf 88' lang='lat' dir='ltr'>est</span> <span class='ocrx_word' id='word_1_764' title='bbox 2275 2195 2467 2235; x_wconf 85' lang='lat' dir='ltr'>inquantum</span> 
     </span>
     <span class='ocr_line' id='line_1_97' title="bbox 1476 2237 2463 2278; baseline 0.001 -11"><span class='ocrx_word' id='word_1_765' title='bbox 1476 2245 1522 2268; x_wconf 89' lang='lat' dir='ltr'>est</span> <span class='ocrx_word' id='word_1_766' title='bbox 1545 2237 1718 2268; x_wconf 89' lang='lat' dir='ltr'>infinitum:</span> <span class='ocrx_word' id='word_1_767' title='bbox 1736 2237 1873 2278; x_wconf 90' lang='lat' dir='ltr'>speciem</span> <span class='ocrx_word' id='word_1_768' title='bbox 1889 2238 1974 2268; x_wconf 90' lang='lat' dir='ltr'>enim</span> <span class='ocrx_word' id='word_1_769' title='bbox 1996 2248 2062 2268; x_wconf 92' lang='lat' dir='ltr'>non</span> <span class='ocrx_word' id='word_1_770' title='bbox 2077 2239 2171 2268; x_wconf 90' lang='lat' dir='ltr'>habet</span> <span class='ocrx_word' id='word_1_771' title='bbox 2193 2239 2331 2269; x_wconf 86' lang='lat' dir='ltr'>materia.</span> <span class='ocrx_word' id='word_1_772' title='bbox 2347 2238 2364 2258; x_wconf 89' lang='lat'><strong><em>*</em></strong></span> <span class='ocrx_word' id='word_1_773' title='bbox 2379 2239 2463 2278; x_wconf 88' lang='lat' dir='ltr'>Ergo</span> 
     </span>
     <span class='ocr_line' id='line_1_98' title="bbox 1476 2281 2466 2322; baseline 0.001 -11"><span class='ocrx_word' id='word_1_774' title='bbox 1476 2281 1679 2312; x_wconf 84' lang='lat' dir='ltr'>manifestum</span> <span class='ocrx_word' id='word_1_775' title='bbox 1710 2288 1756 2311; x_wconf 89' lang='lat' dir='ltr'>est</span> <span class='ocrx_word' id='word_1_776' title='bbox 1785 2282 1873 2322; x_wconf 88' lang='lat' dir='ltr'>quod</span> <span class='ocrx_word' id='word_1_777' title='bbox 1896 2282 1995 2322; x_wconf 85' lang='lat' dir='ltr'>magis</span> <span class='ocrx_word' id='word_1_778' title='bbox 2021 2282 2053 2312; x_wconf 89' lang='lat' dir='ltr'>in</span> <span class='ocrx_word' id='word_1_779' title='bbox 2085 2282 2180 2322; x_wconf 88' lang='lat' dir='ltr'>partis</span> <span class='ocrx_word' id='word_1_780' title='bbox 2210 2283 2329 2313; x_wconf 87' lang='lat' dir='ltr'>ratione</span> <span class='ocrx_word' id='word_1_781' title='bbox 2360 2282 2399 2312; x_wconf 91' lang='lat' dir='ltr'>sit</span> <span class='ocrx_word' id='word_1_782' title='bbox 2420 2283 2466 2312; x_wconf 91' lang='lat' dir='ltr'>in-</span> 
     </span>
     <span class='ocr_line' id='line_1_99' title="bbox 1475 2324 2466 2366; baseline 0.002 -12"><span class='ocrx_word' id='word_1_783' title='bbox 1475 2324 1601 2355; x_wconf 88' lang='lat' dir='ltr'>finitum</span> <span class='ocrx_word' id='word_1_784' title='bbox 1623 2335 1720 2366; x_wconf 89' lang='lat' dir='ltr'>quam</span> <span class='ocrx_word' id='word_1_785' title='bbox 1747 2325 1780 2355; x_wconf 92' lang='lat' dir='ltr'>in</span> <span class='ocrx_word' id='word_1_786' title='bbox 1803 2326 1909 2356; x_wconf 86' lang='lat' dir='ltr'>totius.</span> <span class='ocrx_word' id='word_1_787' title='bbox 1934 2327 2007 2356; x_wconf 89' lang='lat' dir='ltr'>Pars</span> <span class='ocrx_word' id='word_1_788' title='bbox 2031 2326 2116 2356; x_wconf 89' lang='lat' dir='ltr'>enim</span> <span class='ocrx_word' id='word_1_789' title='bbox 2138 2327 2267 2357; x_wconf 86' lang='lat' dir='ltr'>materia</span> <span class='ocrx_word' id='word_1_790' title='bbox 2290 2326 2386 2357; x_wconf 89' lang='lat' dir='ltr'>totius</span> <span class='ocrx_word' id='word_1_791' title='bbox 2410 2333 2466 2365; x_wconf 89' lang='lat' dir='ltr'>est,</span> 
     </span>
     <span class='ocr_line' id='line_1_100' title="bbox 1475 2369 1780 2400; baseline 0 -1"><span class='ocrx_word' id='word_1_792' title='bbox 1475 2369 1555 2400; x_wconf 90' lang='lat' dir='ltr'>sicut</span> <span class='ocrx_word' id='word_1_793' title='bbox 1577 2379 1628 2399; x_wconf 89' lang='lat' dir='ltr'>aes</span> <span class='ocrx_word' id='word_1_794' title='bbox 1651 2375 1780 2400; x_wconf 84' lang='lat' dir='ltr'>statuae.</span> 
     </span>
    </p>

    <p class='ocr_par' dir='ltr' id='par_1_24' title="bbox 1409 2413 2466 2575">
     <span class='ocr_line' id='line_1_101' title="bbox 1409 2413 2466 2453; baseline 0.002 -11"><span class='ocrx_word' id='word_1_795' title='bbox 1409 2413 1571 2450; x_wconf 87' lang='lat' dir='ltr'>Quoniam</span> <span class='ocrx_word' id='word_1_796' title='bbox 1598 2413 1623 2442; x_wconf 86' lang='lat' dir='ltr'>si</span> <span class='ocrx_word' id='word_1_797' title='bbox 1647 2413 1786 2443; x_wconf 88' lang='lat' dir='ltr'>continet</span> <span class='ocrx_word' id='word_1_798' title='bbox 1812 2413 1844 2443; x_wconf 91' lang='lat' dir='ltr'>in</span> <span class='ocrx_word' id='word_1_799' title='bbox 1874 2413 2071 2444; x_wconf 89' lang='lat' dir='ltr'>sensibilibus</span> <span class='ocrx_word' id='word_1_800' title='bbox 2103 2420 2134 2444; x_wconf 90' lang='lat' dir='ltr'>et</span> <span class='ocrx_word' id='word_1_801' title='bbox 2156 2413 2188 2444; x_wconf 90' lang='lat' dir='ltr'>in</span> <span class='ocrx_word' id='word_1_802' title='bbox 2220 2413 2466 2453; x_wconf 87' lang='lat' dir='ltr'>intelligibilibus</span> 
     </span>
     <span class='ocr_line' id='line_1_102' title="bbox 1474 2457 2466 2497; baseline 0.002 -11"><span class='ocrx_word' id='word_1_803' title='bbox 1474 2467 1628 2496; x_wconf 87' lang='lat' dir='ltr'>magnum</span> <span class='ocrx_word' id='word_1_804' title='bbox 1660 2463 1690 2486; x_wconf 90' lang='lat' dir='ltr'>et</span> <span class='ocrx_word' id='word_1_805' title='bbox 1716 2467 1859 2496; x_wconf 84' lang='lat' dir='ltr'>parvum,</span> <span class='ocrx_word' id='word_1_806' title='bbox 1891 2457 2032 2496; x_wconf 89' lang='lat' dir='ltr'>oportuit</span> <span class='ocrx_word' id='word_1_807' title='bbox 2063 2458 2221 2488; x_wconf 90' lang='lat' dir='ltr'>continere</span> <span class='ocrx_word' id='word_1_808' title='bbox 2252 2457 2466 2497; x_wconf 84' lang='lat' dir='ltr'>intelligibilia.</span> 
     </span>
     <span class='ocr_line' id='line_1_103' title="bbox 1475 2500 2464 2541; baseline 0.001 -11"><span class='ocrx_word' id='word_1_809' title='bbox 1475 2500 1700 2531; x_wconf 88' lang='lat' dir='ltr'>Inconveniens</span> <span class='ocrx_word' id='word_1_810' title='bbox 1724 2506 1829 2530; x_wconf 90' lang='lat' dir='ltr'>autem</span> <span class='ocrx_word' id='word_1_811' title='bbox 1857 2507 1887 2531; x_wconf 86' lang='lat' dir='ltr'>et</span> <span class='ocrx_word' id='word_1_812' title='bbox 1908 2501 2102 2540; x_wconf 88' lang='lat' dir='ltr'>impossibile</span> <span class='ocrx_word' id='word_1_813' title='bbox 2126 2507 2171 2531; x_wconf 91' lang='lat' dir='ltr'>est</span> <span class='ocrx_word' id='word_1_814' title='bbox 2197 2502 2342 2541; x_wconf 85' lang='lat' dir='ltr'>ignotum</span> <span class='ocrx_word' id='word_1_815' title='bbox 2366 2507 2396 2531; x_wconf 91' lang='lat' dir='ltr'>et</span> <span class='ocrx_word' id='word_1_816' title='bbox 2418 2502 2464 2531; x_wconf 91' lang='lat' dir='ltr'>in-</span> 
     </span>
     <span class='ocr_line' id='line_1_104' title="bbox 1474 2544 2186 2575; baseline 0 -1"><span class='ocrx_word' id='word_1_817' title='bbox 1474 2544 1715 2575; x_wconf 88' lang='lat' dir='ltr'>determinatum</span> <span class='ocrx_word' id='word_1_818' title='bbox 1739 2544 1895 2574; x_wconf 89' lang='lat' dir='ltr'>continere</span> <span class='ocrx_word' id='word_1_819' title='bbox 1919 2551 1949 2575; x_wconf 89' lang='lat' dir='ltr'>et</span> <span class='ocrx_word' id='word_1_820' title='bbox 1972 2545 2186 2575; x_wconf 82' lang='lat' dir='ltr'>determinare.</span> 
     </span>
    </p>
   </div>
   <div class='ocr_carea' id='block_1_14' title="bbox 1407 2638 2469 3107">
    <p class='ocr_par' dir='ltr' id='par_1_25' title="bbox 1407 2638 2469 3107">
     <span class='ocr_line' id='line_1_105' title="bbox 1410 2638 2463 2675; baseline 0.001 -9"><span class='ocrx_word' id='word_1_821' title='bbox 1410 2648 1444 2667; x_wconf 86' lang='lat' dir='ltr'>ex</span> <span class='ocrx_word' id='word_1_822' title='bbox 1473 2638 1617 2675; x_wconf 86' lang='lat' dir='ltr'>praedicta</span> <span class='ocrx_word' id='word_1_823' title='bbox 1645 2638 1811 2667; x_wconf 88' lang='lat' dir='ltr'>definitione</span> <span class='ocrx_word' id='word_1_824' title='bbox 1840 2639 1911 2667; x_wconf 86' lang='lat' dir='ltr'>falsa</span> <span class='ocrx_word' id='word_1_825' title='bbox 1938 2645 2054 2674; x_wconf 85' lang='lat' dir='ltr'>exorta;</span> <span class='ocrx_word' id='word_1_826' title='bbox 2083 2645 2111 2667; x_wconf 89' lang='lat' dir='ltr'>et</span> <span class='ocrx_word' id='word_1_827' title='bbox 2137 2639 2231 2675; x_wconf 86' lang='lat' dir='ltr'>primo</span> <span class='ocrx_word' id='word_1_828' title='bbox 2260 2645 2398 2675; x_wconf 85' lang='lat' dir='ltr'>quantum</span> <span class='ocrx_word' id='word_1_829' title='bbox 2426 2639 2463 2667; x_wconf 87' lang='lat' dir='ltr'>ad</span> 
     </span>
     <span class='ocr_line' id='line_1_106' title="bbox 1410 2678 2463 2715; baseline 0 -9"><span class='ocrx_word' id='word_1_830' title='bbox 1410 2687 1512 2706; x_wconf 90' lang='lat' dir='ltr'>omnes</span> <span class='ocrx_word' id='word_1_831' title='bbox 1542 2678 1686 2714; x_wconf 85' lang='lat' dir='ltr'>antiquos.</span> <span class='ocrx_word' id='word_1_832' title='bbox 1711 2680 1753 2706; x_wconf 90' lang='lat' dir='ltr'>Ex</span> <span class='ocrx_word' id='word_1_833' title='bbox 1778 2688 1813 2706; x_wconf 90' lang='lat' dir='ltr'>eo</span> <span class='ocrx_word' id='word_1_834' title='bbox 1842 2678 1918 2706; x_wconf 89' lang='lat' dir='ltr'>enirn</span> <span class='ocrx_word' id='word_1_835' title='bbox 1945 2679 2025 2715; x_wconf 89' lang='lat' dir='ltr'>quod</span> <span class='ocrx_word' id='word_1_836' title='bbox 2048 2687 2167 2706; x_wconf 88' lang='lat' dir='ltr'>erronee</span> <span class='ocrx_word' id='word_1_837' title='bbox 2195 2678 2391 2706; x_wconf 87' lang='lat' dir='ltr'>existimabant</span> <span class='ocrx_word' id='word_1_838' title='bbox 2418 2685 2463 2706; x_wconf 91' lang='lat' dir='ltr'>to-</span> 
     </span>
     <span class='ocr_line' id='line_1_107' title="bbox 1409 2717 2462 2754; baseline 0 -9"><span class='ocrx_word' id='word_1_839' title='bbox 1409 2723 1471 2745; x_wconf 91' lang='lat' dir='ltr'>tum</span> <span class='ocrx_word' id='word_1_840' title='bbox 1492 2723 1520 2746; x_wconf 91' lang='lat' dir='ltr'>et</span> <span class='ocrx_word' id='word_1_841' title='bbox 1540 2717 1684 2745; x_wconf 85' lang='lat' dir='ltr'>infinitum</span> <span class='ocrx_word' id='word_1_842' title='bbox 1705 2724 1805 2746; x_wconf 87' lang='lat' dir='ltr'>mutuo</span> <span class='ocrx_word' id='word_1_843' title='bbox 1834 2727 1863 2745; x_wconf 92' lang='lat' dir='ltr'>se</span> <span class='ocrx_word' id='word_1_844' title='bbox 1884 2718 2036 2754; x_wconf 88' lang='lat' dir='ltr'>consequi,</span> <span class='ocrx_word' id='word_1_845' title='bbox 2057 2717 2232 2754; x_wconf 81' lang='lat' dir='ltr'>accipiebant</span> <span class='ocrx_word' id='word_1_846' title='bbox 2259 2717 2341 2754; x_wconf 86' lang='lat' dir='ltr'>quasi</span> <span class='ocrx_word' id='word_1_847' title='bbox 2360 2727 2412 2754; x_wconf 88' lang='lat' dir='ltr'>per</span> <span class='ocrx_word' id='word_1_848' title='bbox 2432 2727 2462 2745; x_wconf 88' lang='lat' dir='ltr'>se</span> 
     </span>
     <span class='ocr_line' id='line_1_108' title="bbox 1409 2756 2461 2793; baseline 0 -9"><span class='ocrx_word' id='word_1_849' title='bbox 1409 2762 1512 2784; x_wconf 89' lang='lat' dir='ltr'>notum</span> <span class='ocrx_word' id='word_1_850' title='bbox 1534 2757 1614 2793; x_wconf 91' lang='lat' dir='ltr'>quod</span> <span class='ocrx_word' id='word_1_851' title='bbox 1635 2757 1778 2786; x_wconf 84' lang='lat' dir='ltr'>infinitum</span> <span class='ocrx_word' id='word_1_852' title='bbox 1793 2757 1891 2785; x_wconf 88' lang='lat' dir='ltr'>omnia</span> <span class='ocrx_word' id='word_1_853' title='bbox 1910 2757 2067 2784; x_wconf 87' lang='lat' dir='ltr'>contineret</span> <span class='ocrx_word' id='word_1_854' title='bbox 2081 2763 2108 2784; x_wconf 90' lang='lat' dir='ltr'>et</span> <span class='ocrx_word' id='word_1_855' title='bbox 2129 2756 2227 2784; x_wconf 90' lang='lat' dir='ltr'>omnia</span> <span class='ocrx_word' id='word_1_856' title='bbox 2241 2756 2270 2784; x_wconf 91' lang='lat' dir='ltr'>in</span> <span class='ocrx_word' id='word_1_857' title='bbox 2291 2766 2321 2784; x_wconf 95' lang='lat' dir='ltr'>se</span> <span class='ocrx_word' id='word_1_858' title='bbox 2335 2757 2461 2784; x_wconf 87' lang='lat' dir='ltr'>haberet.</span> 
     </span>
     <span class='ocr_line' id='line_1_109' title="bbox 1409 2795 2463 2831; baseline 0 -8"><span class='ocrx_word' id='word_1_859' title='bbox 1409 2796 1467 2823; x_wconf 90' lang='lat' dir='ltr'>Sed</span> <span class='ocrx_word' id='word_1_860' title='bbox 1480 2805 1547 2824; x_wconf 88' lang='lat' dir='ltr'>cum</span> <span class='ocrx_word' id='word_1_861' title='bbox 1561 2796 1704 2823; x_wconf 89' lang='lat' dir='ltr'>infinitum</span> <span class='ocrx_word' id='word_1_862' title='bbox 1725 2797 1884 2824; x_wconf 87' lang='lat' dir='ltr'>secundum</span> <span class='ocrx_word' id='word_1_863' title='bbox 1902 2805 1931 2824; x_wconf 89' lang='lat' dir='ltr'>se</span> <span class='ocrx_word' id='word_1_864' title='bbox 1946 2796 1981 2824; x_wconf 92' lang='lat' dir='ltr'>sit</span> <span class='ocrx_word' id='word_1_865' title='bbox 2001 2796 2072 2824; x_wconf 90' lang='lat' dir='ltr'>sicut</span> <span class='ocrx_word' id='word_1_866' title='bbox 2086 2802 2179 2824; x_wconf 91' lang='lat' dir='ltr'>totum</span> <span class='ocrx_word' id='word_1_867' title='bbox 2200 2796 2229 2823; x_wconf 90' lang='lat' dir='ltr'>in</span> <span class='ocrx_word' id='word_1_868' title='bbox 2243 2796 2371 2831; x_wconf 88' lang='lat' dir='ltr'>potentia</span> <span class='ocrx_word' id='word_1_869' title='bbox 2385 2802 2413 2823; x_wconf 91' lang='lat' dir='ltr'>et</span> <span class='ocrx_word' id='word_1_870' title='bbox 2426 2795 2463 2823; x_wconf 90' lang='lat' dir='ltr'>sit</span> 
     </span>
     <span class='ocr_line' id='line_1_110' title="bbox 1408 2834 2462 2871; baseline -0.001 -8"><span class='ocrx_word' id='word_1_871' title='bbox 1408 2834 1615 2871; x_wconf 87' lang='lat' dir='ltr'>imperfectum,</span> <span class='ocrx_word' id='word_1_872' title='bbox 1630 2836 1776 2863; x_wconf 90' lang='lat' dir='ltr'>continere</span> <span class='ocrx_word' id='word_1_873' title='bbox 1796 2842 1892 2863; x_wconf 88' lang='lat' dir='ltr'>autem</span> <span class='ocrx_word' id='word_1_874' title='bbox 1914 2835 1950 2863; x_wconf 90' lang='lat' dir='ltr'>sit</span> <span class='ocrx_word' id='word_1_875' title='bbox 1962 2835 2049 2863; x_wconf 93' lang='lat' dir='ltr'>totius</span> <span class='ocrx_word' id='word_1_876' title='bbox 2064 2835 2093 2862; x_wconf 91' lang='lat' dir='ltr'>in</span> <span class='ocrx_word' id='word_1_877' title='bbox 2107 2842 2172 2863; x_wconf 86' lang='lat' dir='ltr'>actu</span> <span class='ocrx_word' id='word_1_878' title='bbox 2192 2841 2220 2862; x_wconf 95' lang='lat' dir='ltr'>et</span> <span class='ocrx_word' id='word_1_879' title='bbox 2232 2835 2356 2871; x_wconf 88' lang='lat' dir='ltr'>perfecti,</span> <span class='ocrx_word' id='word_1_880' title='bbox 2371 2835 2462 2863; x_wconf 90' lang='lat' dir='ltr'>mani-</span> 
     </span>
     <span class='ocr_line' id='line_1_111' title="bbox 1408 2873 2462 2910; baseline 0 -8"><span class='ocrx_word' id='word_1_881' title='bbox 1408 2874 1511 2901; x_wconf 86' lang='lat' dir='ltr'>festum</span> <span class='ocrx_word' id='word_1_882' title='bbox 1527 2881 1569 2902; x_wconf 88' lang='lat' dir='ltr'>est</span> <span class='ocrx_word' id='word_1_883' title='bbox 1583 2875 1663 2910; x_wconf 92' lang='lat' dir='ltr'>quod</span> <span class='ocrx_word' id='word_1_884' title='bbox 1673 2874 1816 2902; x_wconf 88' lang='lat' dir='ltr'>infinitum</span> <span class='ocrx_word' id='word_1_885' title='bbox 1830 2884 1890 2902; x_wconf 90' lang='lat' dir='ltr'>non</span> <span class='ocrx_word' id='word_1_886' title='bbox 1901 2874 2036 2910; x_wconf 85' lang='lat' dir='ltr'>continet,</span> <span class='ocrx_word' id='word_1_887' title='bbox 2045 2875 2095 2902; x_wconf 88' lang='lat' dir='ltr'>sed</span> <span class='ocrx_word' id='word_1_888' title='bbox 2109 2873 2339 2910; x_wconf 84' lang='lat' dir='ltr'>continetur.-—7.</span> <span class='ocrx_word' id='word_1_889' title='bbox 2350 2875 2391 2901; x_wconf 89' lang='lat' dir='ltr'>Ex</span> <span class='ocrx_word' id='word_1_890' title='bbox 2405 2874 2462 2902; x_wconf 92' lang='lat' dir='ltr'>hoc</span> 
     </span>
     <span class='ocr_line' id='line_1_112' title="bbox 1408 2913 2462 2950; baseline 0 -9"><span class='ocrx_word' id='word_1_891' title='bbox 1408 2919 1504 2940; x_wconf 84' lang='lat' dir='ltr'>autem</span> <span class='ocrx_word' id='word_1_892' title='bbox 1526 2914 1606 2950; x_wconf 92' lang='lat' dir='ltr'>quod</span> <span class='ocrx_word' id='word_1_893' title='bbox 1626 2913 1771 2941; x_wconf 89' lang='lat' dir='ltr'>infinitum</span> <span class='ocrx_word' id='word_1_894' title='bbox 1791 2920 1834 2941; x_wconf 88' lang='lat' dir='ltr'>est</span> <span class='ocrx_word' id='word_1_895' title='bbox 1854 2913 1925 2941; x_wconf 87' lang='lat' dir='ltr'>sicut</span> <span class='ocrx_word' id='word_1_896' title='bbox 1946 2923 1996 2941; x_wconf 89' lang='lat' dir='ltr'>ens</span> <span class='ocrx_word' id='word_1_897' title='bbox 2017 2913 2046 2941; x_wconf 93' lang='lat' dir='ltr'>in</span> <span class='ocrx_word' id='word_1_898' title='bbox 2064 2913 2200 2950; x_wconf 86' lang='lat' dir='ltr'>potentia,</span> <span class='ocrx_word' id='word_1_899' title='bbox 2216 2919 2243 2941; x_wconf 89' lang='lat' dir='ltr'>et</span> <span class='ocrx_word' id='word_1_900' title='bbox 2257 2913 2328 2941; x_wconf 85' lang='lat' dir='ltr'>sicut</span> <span class='ocrx_word' id='word_1_901' title='bbox 2344 2913 2462 2941; x_wconf 84' lang='lat' dir='ltr'>materia</span> 
     </span>
     <span class='ocr_line' id='line_1_113' title="bbox 1407 2952 2469 2989; baseline 0 -9"><span class='ocrx_word' id='word_1_902' title='bbox 1407 2961 1468 2980; x_wconf 88' lang='lat' dir='ltr'>non</span> <span class='ocrx_word' id='word_1_903' title='bbox 1482 2953 1590 2980; x_wconf 89' lang='lat' dir='ltr'>habens</span> <span class='ocrx_word' id='word_1_904' title='bbox 1608 2953 1740 2987; x_wconf 83' lang='lat' dir='ltr'>formam,</span> <span class='ocrx_word' id='word_1_905' title='bbox 1755 2953 1872 2980; x_wconf 89' lang='lat' dir='ltr'>ulterius</span> <span class='ocrx_word' id='word_1_906' title='bbox 1893 2953 2087 2989; x_wconf 87' lang='lat' dir='ltr'>consequitur,</span> <span class='ocrx_word' id='word_1_907' title='bbox 2111 2959 2138 2980; x_wconf 92' lang='lat' dir='ltr'>et</span> <span class='ocrx_word' id='word_1_908' title='bbox 2159 2953 2238 2988; x_wconf 91' lang='lat' dir='ltr'>quod</span> <span class='ocrx_word' id='word_1_909' title='bbox 2263 2952 2405 2980; x_wconf 89' lang='lat' dir='ltr'>infinitum</span> <span class='ocrx_word' id='word_1_910' title='bbox 2432 2952 2469 2980; x_wconf 76' lang='lat' dir='ltr'>in.</span> 
     </span>
     <span class='ocr_line' id='line_1_114' title="bbox 1408 2991 2461 3028; baseline 0 -9"><span class='ocrx_word' id='word_1_911' title='bbox 1408 2998 1546 3028; x_wconf 89' lang='lat' dir='ltr'>quantum</span> <span class='ocrx_word' id='word_1_912' title='bbox 1569 2991 1735 3020; x_wconf 89' lang='lat' dir='ltr'>huiusmodi</span> <span class='ocrx_word' id='word_1_913' title='bbox 1749 2993 1784 3020; x_wconf 88' lang='lat' dir='ltr'>sit</span> <span class='ocrx_word' id='word_1_914' title='bbox 1810 2992 1950 3028; x_wconf 87' lang='lat' dir='ltr'>ignotum,</span> <span class='ocrx_word' id='word_1_915' title='bbox 1966 2998 1993 3020; x_wconf 89' lang='lat' dir='ltr'>et</span> <span class='ocrx_word' id='word_1_916' title='bbox 2007 2993 2087 3028; x_wconf 93' lang='lat' dir='ltr'>quod</span> <span class='ocrx_word' id='word_1_917' title='bbox 2101 2992 2190 3028; x_wconf 86' lang='lat' dir='ltr'>magis</span> <span class='ocrx_word' id='word_1_918' title='bbox 2205 2993 2307 3020; x_wconf 86' lang='lat' dir='ltr'>habeat</span> <span class='ocrx_word' id='word_1_919' title='bbox 2321 2991 2461 3020; x_wconf 85' lang='lat' dir='ltr'>rationem</span> 
     </span>
     <span class='ocr_line' id='line_1_115' title="bbox 1407 3030 2461 3068; baseline -0.001 -9"><span class='ocrx_word' id='word_1_920' title='bbox 1407 3031 1495 3067; x_wconf 87' lang='lat' dir='ltr'>partis</span> <span class='ocrx_word' id='word_1_921' title='bbox 1523 3040 1611 3068; x_wconf 89' lang='lat' dir='ltr'>quam</span> <span class='ocrx_word' id='word_1_922' title='bbox 1632 3031 1728 3059; x_wconf 90' lang='lat' dir='ltr'>totius.</span> <span class='ocrx_word' id='word_1_923' title='bbox 1743 3032 1803 3059; x_wconf 78' lang='lat'>--8.</span> <span class='ocrx_word' id='word_1_924' title='bbox 1825 3031 1989 3059; x_wconf 86' lang='lat' dir='ltr'>Excluditur</span> <span class='ocrx_word' id='word_1_925' title='bbox 2009 3030 2153 3067; x_wconf 87' lang='lat' dir='ltr'>praedicta</span> <span class='ocrx_word' id='word_1_926' title='bbox 2168 3032 2207 3066; x_wconf 90' lang='lat' dir='ltr'>(n.</span> <span class='ocrx_word' id='word_1_927' title='bbox 2223 3032 2261 3066; x_wconf 87' lang='lat'>6.)</span> <span class='ocrx_word' id='word_1_928' title='bbox 2277 3030 2376 3067; x_wconf 91' lang='lat' dir='ltr'>opinio</span> <span class='ocrx_word' id='word_1_929' title='bbox 2397 3040 2461 3067; x_wconf 86' lang='lat' dir='ltr'>spe-</span> 
     </span>
     <span class='ocr_line' id='line_1_116' title="bbox 1407 3070 2460 3107; baseline -0.001 -9"><span class='ocrx_word' id='word_1_930' title='bbox 1407 3070 1515 3098; x_wconf 88' lang='lat' dir='ltr'>cialiter</span> <span class='ocrx_word' id='word_1_931' title='bbox 1529 3077 1668 3107; x_wconf 89' lang='lat' dir='ltr'>quantum</span> <span class='ocrx_word' id='word_1_932' title='bbox 1690 3071 1727 3098; x_wconf 91' lang='lat' dir='ltr'>ad</span> <span class='ocrx_word' id='word_1_933' title='bbox 1741 3070 1911 3098; x_wconf 88' lang='lat' dir='ltr'>sententiam</span> <span class='ocrx_word' id='word_1_934' title='bbox 1925 3070 2060 3105; x_wconf 86' lang='lat' dir='ltr'>Platonis,</span> <span class='ocrx_word' id='word_1_935' title='bbox 2076 3070 2125 3106; x_wconf 90' lang='lat' dir='ltr'>qui</span> <span class='ocrx_word' id='word_1_936' title='bbox 2139 3079 2276 3106; x_wconf 89' lang='lat' dir='ltr'>magnum</span> <span class='ocrx_word' id='word_1_937' title='bbox 2291 3077 2318 3098; x_wconf 90' lang='lat' dir='ltr'>et</span> <span class='ocrx_word' id='word_1_938' title='bbox 2331 3079 2460 3106; x_wconf 88' lang='lat' dir='ltr'>parvum,</span> 
     </span>
    </p>
   </div>
   <div class='ocr_carea' id='block_1_15' title="bbox 2490 1107 2633 1135">
    <p class='ocr_par' dir='ltr' id='par_1_26' title="bbox 2490 1107 2633 1135">
     <span class='ocr_line' id='line_1_117' title="bbox 2490 1107 2633 1135; baseline 0 -6"><span class='ocrx_word' id='word_1_939' title='bbox 2490 1108 2501 1119; x_wconf 71' lang='lat'>⁸</span> <span class='ocrx_word' id='word_1_940' title='bbox 2515 1107 2581 1129; x_wconf 84' lang='lat' dir='ltr'>Text.</span> <span class='ocrx_word' id='word_1_941' title='bbox 2597 1108 2633 1135; x_wconf 87' lang='lat'>63.</span> 
     </span>
    </p>
   </div>
   <div class='ocr_carea' id='block_1_16' title="bbox 2491 1420 2636 1446">
    <p class='ocr_par' dir='ltr' id='par_1_27' title="bbox 2491 1420 2636 1446">
     <span class='ocr_line' id='line_1_118' title="bbox 2491 1420 2636 1446; baseline -0.007 -5"><span class='ocrx_word' id='word_1_942' title='bbox 2491 1421 2502 1431; x_wconf 73' lang='lat'>⁸</span> <span class='ocrx_word' id='word_1_943' title='bbox 2516 1420 2583 1441; x_wconf 84' lang='lat' dir='ltr'>Text.</span> <span class='ocrx_word' id='word_1_944' title='bbox 2599 1420 2636 1446; x_wconf 77' lang='lat'>64.</span> 
     </span>
    </p>
   </div>
   <div class='ocr_carea' id='block_1_17' title="bbox 2495 1854 2635 1881">
    <p class='ocr_par' dir='ltr' id='par_1_28' title="bbox 2495 1854 2635 1881">
     <span class='ocr_line' id='line_1_119' title="bbox 2495 1854 2635 1881; baseline 0 -6"><span class='ocrx_word' id='word_1_945' title='bbox 2495 1855 2503 1863; x_wconf 89' lang='lat'>&#39;¹</span> <span class='ocrx_word' id='word_1_946' title='bbox 2517 1854 2584 1876; x_wconf 83' lang='lat' dir='ltr'>Text.</span> <span class='ocrx_word' id='word_1_947' title='bbox 2600 1854 2635 1881; x_wconf 87' lang='lat'>65.</span> 
     </span>
    </p>
   </div>
   <div class='ocr_carea' id='block_1_18' title="bbox 2493 2244 2636 2267">
    <p class='ocr_par' dir='ltr' id='par_1_29' title="bbox 2493 2244 2636 2267">
     <span class='ocr_line' id='line_1_120' title="bbox 2493 2244 2636 2267; baseline 0 -1"><span class='ocrx_word' id='word_1_948' title='bbox 2493 2245 2504 2256; x_wconf 66' lang='lat'><strong><em>⁴</em></strong></span> <span class='ocrx_word' id='word_1_949' title='bbox 2518 2244 2583 2266; x_wconf 82' lang='lat' dir='ltr'>Text.</span> <span class='ocrx_word' id='word_1_950' title='bbox 2599 2245 2636 2267; x_wconf 88' lang='lat'>66.</span> 
     </span>
    </p>
   </div>
   <div class='ocr_carea' id='block_1_19' title="bbox 1407 3109 2498 3146">
    <p class='ocr_par' dir='ltr' id='par_1_30' title="bbox 1407 3109 2498 3146">
     <span class='ocr_line' id='line_1_121' title="bbox 1407 3109 2498 3146; baseline -0.001 -9"><span class='ocrx_word' id='word_1_951' title='bbox 1407 3110 1511 3146; x_wconf 89' lang='lat' dir='ltr'>quibus</span> <span class='ocrx_word' id='word_1_952' title='bbox 1531 3109 1702 3138; x_wconf 90' lang='lat' dir='ltr'>attribuebat</span> <span class='ocrx_word' id='word_1_953' title='bbox 1721 3109 1863 3137; x_wconf 88' lang='lat' dir='ltr'>infinitum</span> <span class='ocrx_word' id='word_1_954' title='bbox 1875 3131 1882 3144; x_wconf 90' lang='lat'>‚</span> <span class='ocrx_word' id='word_1_955' title='bbox 1903 3111 2029 3145; x_wconf 90' lang='lat' dir='ltr'>ponebat</span> <span class='ocrx_word' id='word_1_956' title='bbox 2042 3116 2101 3137; x_wconf 85' lang='lat' dir='ltr'>tam</span> <span class='ocrx_word' id='word_1_957' title='bbox 2121 3109 2151 3136; x_wconf 93' lang='lat' dir='ltr'>in</span> <span class='ocrx_word' id='word_1_958' title='bbox 2173 3109 2352 3137; x_wconf 88' lang='lat' dir='ltr'>sensibilibus</span> <span class='ocrx_word' id='word_1_959' title='bbox 2373 3118 2460 3144; x_wconf 84' lang='lat' dir='ltr'>quarn</span> <span class='ocrx_word' id='word_1_960' title='bbox 2495 3123 2498 3126; x_wconf 49' lang='lat'><strong>⁴</strong></span> 
     </span>
    </p>
   </div>
   <div class='ocr_carea' id='block_1_20' title="bbox 1406 3147 2460 3303">
    <p class='ocr_par' dir='ltr' id='par_1_31' title="bbox 1406 3147 2460 3303">
     <span class='ocr_line' id='line_1_122' title="bbox 1407 3147 2460 3185; baseline -0.002 -9"><span class='ocrx_word' id='word_1_961' title='bbox 1407 3149 1437 3176; x_wconf 88' lang='lat' dir='ltr'>in</span> <span class='ocrx_word' id='word_1_962' title='bbox 1457 3149 1687 3185; x_wconf 87' lang='lat' dir='ltr'>intelligibilibus.</span> <span class='ocrx_word' id='word_1_963' title='bbox 1712 3150 1785 3177; x_wconf 89' lang='lat' dir='ltr'>Nam</span> <span class='ocrx_word' id='word_1_964' title='bbox 1813 3149 1837 3176; x_wconf 91' lang='lat' dir='ltr'>si</span> <span class='ocrx_word' id='word_1_965' title='bbox 1864 3148 1975 3176; x_wconf 89' lang='lat' dir='ltr'>infinito</span> <span class='ocrx_word' id='word_1_966' title='bbox 2002 3148 2138 3184; x_wconf 87' lang='lat' dir='ltr'>competit</span> <span class='ocrx_word' id='word_1_967' title='bbox 2158 3148 2313 3182; x_wconf 83' lang='lat' dir='ltr'>continere,</span> <span class='ocrx_word' id='word_1_968' title='bbox 2334 3147 2460 3183; x_wconf 90' lang='lat' dir='ltr'>sequitur</span> 
     </span>
     <span class='ocr_line' id='line_1_123' title="bbox 1407 3185 2458 3224; baseline -0.003 -9"><span class='ocrx_word' id='word_1_969' title='bbox 1407 3197 1440 3215; x_wconf 90' lang='lat' dir='ltr'>ex</span> <span class='ocrx_word' id='word_1_970' title='bbox 1455 3187 1591 3224; x_wconf 87' lang='lat' dir='ltr'>opinione</span> <span class='ocrx_word' id='word_1_971' title='bbox 1612 3188 1739 3216; x_wconf 88' lang='lat' dir='ltr'>Platonis</span> <span class='ocrx_word' id='word_1_972' title='bbox 1754 3188 1832 3224; x_wconf 91' lang='lat' dir='ltr'>quod</span> <span class='ocrx_word' id='word_1_973' title='bbox 1853 3187 1995 3216; x_wconf 88' lang='lat' dir='ltr'>infinitum</span> <span class='ocrx_word' id='word_1_974' title='bbox 2015 3187 2159 3215; x_wconf 89' lang='lat' dir='ltr'>contineat</span> <span class='ocrx_word' id='word_1_975' title='bbox 2173 3187 2257 3214; x_wconf 90' lang='lat' dir='ltr'>etiam</span> <span class='ocrx_word' id='word_1_976' title='bbox 2279 3193 2306 3213; x_wconf 89' lang='lat' dir='ltr'>et</span> <span class='ocrx_word' id='word_1_977' title='bbox 2327 3185 2458 3213; x_wconf 88' lang='lat' dir='ltr'>determi-</span> 
     </span>
     <span class='ocr_line' id='line_1_124' title="bbox 1406 3225 2460 3264; baseline -0.003 -10"><span class='ocrx_word' id='word_1_978' title='bbox 1406 3233 1455 3254; x_wconf 87' lang='lat' dir='ltr'>net</span> <span class='ocrx_word' id='word_1_979' title='bbox 1475 3227 1671 3264; x_wconf 88' lang='lat' dir='ltr'>intelligibilia,</span> <span class='ocrx_word' id='word_1_980' title='bbox 1693 3228 1773 3263; x_wconf 90' lang='lat' dir='ltr'>quod</span> <span class='ocrx_word' id='word_1_981' title='bbox 1801 3233 1842 3255; x_wconf 88' lang='lat' dir='ltr'>est</span> <span class='ocrx_word' id='word_1_982' title='bbox 1862 3226 2053 3262; x_wconf 88' lang='lat' dir='ltr'>impossibile;</span> <span class='ocrx_word' id='word_1_983' title='bbox 2074 3235 2134 3253; x_wconf 91' lang='lat' dir='ltr'>non</span> <span class='ocrx_word' id='word_1_984' title='bbox 2155 3226 2231 3253; x_wconf 90' lang='lat' dir='ltr'>enim</span> <span class='ocrx_word' id='word_1_985' title='bbox 2257 3225 2460 3252; x_wconf 88' lang='lat' dir='ltr'>determinatur</span> 
     </span>
     <span class='ocr_line' id='line_1_125' title="bbox 1406 3263 2457 3303; baseline -0.004 -9"><span class='ocrx_word' id='word_1_986' title='bbox 1406 3272 1510 3294; x_wconf 88' lang='lat' dir='ltr'>notum</span> <span class='ocrx_word' id='word_1_987' title='bbox 1530 3276 1581 3302; x_wconf 87' lang='lat' dir='ltr'>per</span> <span class='ocrx_word' id='word_1_988' title='bbox 1601 3266 1732 3303; x_wconf 87' lang='lat' dir='ltr'>ignotum</span> <span class='ocrx_word' id='word_1_989' title='bbox 1754 3272 1781 3294; x_wconf 90' lang='lat' dir='ltr'>et</span> <span class='ocrx_word' id='word_1_990' title='bbox 1801 3266 2064 3300; x_wconf 85' lang='lat' dir='ltr'>indeterminatum,</span> <span class='ocrx_word' id='word_1_991' title='bbox 2086 3265 2137 3292; x_wconf 89' lang='lat' dir='ltr'>sed</span> <span class='ocrx_word' id='word_1_992' title='bbox 2163 3263 2252 3300; x_wconf 88' lang='lat' dir='ltr'>magis</span> <span class='ocrx_word' id='word_1_993' title='bbox 2273 3272 2289 3291; x_wconf 93' lang='lat' dir='ltr'>e</span> <span class='ocrx_word' id='word_1_994' title='bbox 2309 3271 2457 3291; x_wconf 88' lang='lat' dir='ltr'>converso.</span> 
     </span>
    </p>
   </div>
   <div class='ocr_carea' id='block_1_21' title="bbox 1405 3355 2459 3614">
    <p class='ocr_par' dir='ltr' id='par_1_32' title="bbox 1405 3355 2459 3614">
     <span class='ocr_line' id='line_1_126' title="bbox 1405 3355 2458 3404; baseline -0.003 -11"><span class='ocrx_word' id='word_1_995' title='bbox 1405 3357 1551 3394; x_wconf 91' lang='lat' dir='ltr'>infinito</span> <span class='ocrx_word' id='word_1_996' title='bbox 1581 3357 1764 3404; x_wconf 88' lang='lat' dir='ltr'>dicuntur,</span> <span class='ocrx_word' id='word_1_997' title='bbox 1789 3356 1860 3392; x_wconf 86' lang='lat' dir='ltr'>ibi:</span> <span class='ocrx_word' id='word_1_998' title='bbox 1889 3355 2098 3391; x_wconf 81' lang='lat' dir='ltr'>Secundum</span> <span class='ocrx_word' id='word_1_999' title='bbox 2126 3355 2307 3391; x_wconf 86' lang='lat' dir='ltr'>rationem</span> <span class='ocrx_word' id='word_1_1000' title='bbox 2334 3360 2458 3390; x_wconf 87' lang='lat' dir='ltr'>autem</span> 
     </span>
     <span class='ocr_line' id='line_1_127' title="bbox 1406 3407 2457 3455; baseline -0.004 -9"><span class='ocrx_word' id='word_1_1001' title='bbox 1406 3410 1539 3446; x_wconf 81' lang='lat' dir='ltr'>accidit</span> <span class='ocrx_word' id='word_1_1002' title='bbox 1556 3411 1576 3431; x_wconf 72' lang='lat'>&#39;¹‘</span> <span class='ocrx_word' id='word_1_1003' title='bbox 1596 3417 1677 3455; x_wconf 85' lang='lat' dir='ltr'>etc.;</span> <span class='ocrx_word' id='word_1_1004' title='bbox 1697 3409 1803 3445; x_wconf 88' lang='lat' dir='ltr'>tertio</span> <span class='ocrx_word' id='word_1_1005' title='bbox 1824 3407 1934 3444; x_wconf 89' lang='lat' dir='ltr'>solvit</span> <span class='ocrx_word' id='word_1_1006' title='bbox 1952 3407 2113 3443; x_wconf 87' lang='lat' dir='ltr'>rationes</span> <span class='ocrx_word' id='word_1_1007' title='bbox 2133 3419 2228 3455; x_wconf 85' lang='lat' dir='ltr'>quae</span> <span class='ocrx_word' id='word_1_1008' title='bbox 2250 3418 2363 3455; x_wconf 89' lang='lat' dir='ltr'>supra</span> <span class='ocrx_word' id='word_1_1009' title='bbox 2390 3419 2457 3455; x_wconf 93' lang='lat' dir='ltr'>po-</span> 
     </span>
     <span class='ocr_line' id='line_1_128' title="bbox 1407 3459 2459 3508; baseline -0.002 -10"><span class='ocrx_word' id='word_1_1010' title='bbox 1407 3461 1496 3498; x_wconf 87' lang='lat' dir='ltr'>sitae</span> <span class='ocrx_word' id='word_1_1011' title='bbox 1526 3469 1622 3508; x_wconf 89' lang='lat' dir='ltr'>sunt,</span> <span class='ocrx_word' id='word_1_1012' title='bbox 1642 3461 1712 3497; x_wconf 89' lang='lat' dir='ltr'>ibi:</span> <span class='ocrx_word' id='word_1_1013' title='bbox 1746 3460 1944 3507; x_wconf 87' lang='lat' dir='ltr'>Reliquum</span> <span class='ocrx_word' id='word_1_1014' title='bbox 1977 3465 2099 3495; x_wconf 86' lang='lat' dir='ltr'>autem</span> <span class='ocrx_word' id='word_1_1015' title='bbox 2132 3465 2185 3495; x_wconf 84' lang='lat' dir='ltr'>est</span> <span class='ocrx_word' id='word_1_1016' title='bbox 2207 3460 2227 3480; x_wconf 70' lang='lat'>²²⁵</span> <span class='ocrx_word' id='word_1_1017' title='bbox 2247 3466 2314 3495; x_wconf 91' lang='lat' dir='ltr'>etc.</span> <span class='ocrx_word' id='word_1_1018' title='bbox 2349 3459 2459 3496; x_wconf 88' lang='lat' dir='ltr'>Circa</span> 
     </span>
     <span class='ocr_line' id='line_1_129' title="bbox 1406 3511 2458 3561; baseline -0.002 -11"><span class='ocrx_word' id='word_1_1019' title='bbox 1406 3513 1571 3561; x_wconf 86' lang='lat' dir='ltr'>primurn</span> <span class='ocrx_word' id='word_1_1020' title='bbox 1592 3514 1668 3550; x_wconf 90' lang='lat' dir='ltr'>duo</span> <span class='ocrx_word' id='word_1_1021' title='bbox 1688 3512 1792 3548; x_wconf 83' lang='lat' dir='ltr'>facit:</span> <span class='ocrx_word' id='word_1_1022' title='bbox 1820 3511 1943 3559; x_wconf 87' lang='lat' dir='ltr'>primo</span> <span class='ocrx_word' id='word_1_1023' title='bbox 1977 3511 2138 3548; x_wconf 90' lang='lat' dir='ltr'>ostendit</span> <span class='ocrx_word' id='word_1_1024' title='bbox 2164 3511 2254 3560; x_wconf 90' lang='lat' dir='ltr'>quid</span> <span class='ocrx_word' id='word_1_1025' title='bbox 2274 3511 2319 3548; x_wconf 89' lang='lat' dir='ltr'>sit</span> <span class='ocrx_word' id='word_1_1026' title='bbox 2337 3511 2458 3548; x_wconf 88' lang='lat' dir='ltr'>infini-</span> 
     </span>
     <span class='ocr_line' id='line_1_130' title="bbox 1407 3564 2455 3614; baseline -0.002 -12"><span class='ocrx_word' id='word_1_1027' title='bbox 1407 3573 1500 3614; x_wconf 89' lang='lat' dir='ltr'>tum,</span> <span class='ocrx_word' id='word_1_1028' title='bbox 1522 3565 1720 3602; x_wconf 85' lang='lat' dir='ltr'>excludens</span> <span class='ocrx_word' id='word_1_1029' title='bbox 1748 3564 1987 3612; x_wconf 87' lang='lat' dir='ltr'>quorundam</span> <span class='ocrx_word' id='word_1_1030' title='bbox 2015 3564 2147 3600; x_wconf 83' lang='lat' dir='ltr'>falsam</span> <span class='ocrx_word' id='word_1_1031' title='bbox 2177 3564 2455 3610; x_wconf 80' lang='lat' dir='ltr'>definitionem3</span> 
     </span>
    </p>
   </div>
   <div class='ocr_carea' id='block_1_22' title="bbox 2485 3419 2685 3448">
    <p class='ocr_par' dir='ltr' id='par_1_33' title="bbox 2485 3419 2685 3448">
     <span class='ocr_line' id='line_1_131' title="bbox 2485 3419 2685 3448; baseline 0.015 -8"><span class='ocrx_word' id='word_1_1032' title='bbox 2485 3421 2494 3429; x_wconf 88' lang='lat'><strong>·</strong></span> <span class='ocrx_word' id='word_1_1033' title='bbox 2508 3419 2570 3442; x_wconf 80' lang='lat' dir='ltr'>Lect.</span> <span class='ocrx_word' id='word_1_1034' title='bbox 2585 3426 2623 3448; x_wconf 85' lang='lat' dir='ltr'>vn,</span> <span class='ocrx_word' id='word_1_1035' title='bbox 2638 3427 2661 3443; x_wconf 90' lang='lat' dir='ltr'>n.</span> <span class='ocrx_word' id='word_1_1036' title='bbox 2673 3427 2685 3443; x_wconf 81' lang='lat'>2</span> 
     </span>
    </p>
   </div>
   <div class='ocr_carea' id='block_1_23' title="bbox 2484 3452 2633 3495">
    <p class='ocr_par' dir='ltr' id='par_1_34' title="bbox 2484 3452 2633 3495">
     <span class='ocr_line' id='line_1_132' title="bbox 2484 3452 2633 3495; baseline 0.013 -2"><span class='ocrx_word' id='word_1_1037' title='bbox 2484 3452 2572 3494; x_wconf 51' lang='lat' dir='ltr'>{efflat</span> <span class='ocrx_word' id='word_1_1038' title='bbox 2585 3479 2633 3495; x_wconf 69' lang='lat' dir='ltr'>xm.</span> 
     </span>
    </p>
   </div>
  </div>
 </body>
</html>
