2950 4004
82 941 94 952 ¹⁸
109 941 230 963 [emtionis
244 945 292 962 om.

81 1257 133 1357 §.it

138 1288 186 1388 12.-21³

81 1360 111 1389 μ
81 1309 93 1321 ·
67 1031 72 1043 Α

127 1350 177 1383 2

141 1257 219 1278 mltis
233 1256 292 1278 locis

35 997 37 999 ι
83 967 152 989 codd.
167 972 215 989 exc.
230 972 263 988 ιε.

196 1308 211 1330 '‘-

179 1308 291 1335 .ib.X1,

208 1335 240 1356 id.
251 1325 292 1356 lib'.

187 1335 220 1382 530

234 1350 246 1390 ω·

1163 275 1274 311 CAP.

318 361 466 404 praeter
492 354 740 391 intentionem
769 366 902 390 eorum
926 353 990 402 qui
1016 359 1224 401 posuerunt
1251 350 1372 387 infini-

1304 274 1354 320 V,
1385 273 1534 310 LECT.
1563 274 1631 310 VII

2411 275 2479 309 123

1481 352 1649 398 Apparet
1669 351 1781 387 etiarn
1805 364 1883 387 non
1903 352 2026 387 solum
2048 363 2091 387 ex
2111 351 2254 387 ratione
2283 350 2350 386 sed
2370 350 2482 386 etiam

318 415 412 453 turn;
433 419 512 444 non
532 406 632 443 enim
653 406 892 444 intenderunt
910 417 1052 454 ponere
1072 404 1259 441 infinitum
1280 403 1374 440 sicut
1430 414 1474 438 ex
1502 403 1759 450 similitudine,
1790 404 1893 451 quod
1921 404 1951 440 si
1979 404 2167 440 infinitum
2201 403 2245 439 sit
2278 403 2483 439 substantia

318 459 556 506 indivisibile,
586 460 653 496 sed
682 459 775 496 sicut
793 458 1033 504 intransibile,
1061 457 1157 493 idest
1185 455 1288 507 quod
1308 467 1372 491 na-

318 520 400 548 tum
430 519 485 548 est
511 512 657 548 transiri
683 519 719 548 et
741 523 819 548 non
848 511 960 547 habet
988 509 1198 546 transitum.
1220 508 1371 544 Si‘vero

319 564 509 601 infinitum
537 577 615 601 non
634 564 680 601 sit
702 564 825 600 solum
851 561 1068 608 substantia,
1089 560 1157 597 sed
1177 560 1290 597 etiam
1309 561 1373 596 ha-

320 617 406 653 beat
425 616 598 653 accidens
617 616 722 665 quod
743 622 796 652 est
809 613 1030 662 magnitudo
1047 620 1083 649 et
1097 613 1297 650 multitudo
1314 614 1373 649 cui

321 669 501 717 competit
518 668 719 714 infinitum,
750 675 785 704 et
812 667 865 703 sic
886 666 1074 703 infinitum
1097 665 1184 702 insit
1202 666 1372 702 substan-

319 721 392 758 tiae
421 721 630 772 secundum
657 719 748 757 illud
776 718 966 764 accidens;
995 731 1074 754 non
1095 718 1162 754 erit
1184 718 1373 754 infinitum

320 774 543 822 inquantum
580 770 799 810 huiusmodi
833 770 1061 820 principium
1099 783 1233 807 eorum
1275 783 1372 818 quae

320 834 421 873 sunt,
442 825 537 862 sicut
554 824 696 873 antiqui
719 831 943 882 posuerunt3
970 823 1064 859 sicut
1088 823 1201 860 etiam
1222 835 1299 860 non
1320 823 1373 859 di-

321 878 441 915 cimus
459 876 641 914 invisibile
662 889 744 913 esse
762 876 992 935 principium
1009 875 1220 934 locutionis,
1241 887 1373 924 quam-

318 930 376 966 vis
404 929 549 966 accidat
566 929 665 976 voci,
681 940 778 977 quae
805 935 859 965 est
876 928 1103 977 prmcipium
1122 928 1320 964 locutionis
1340 929 1372 964 ²¹⁴.

378 993 434 1018 ιι.
473 982 689 1018 Secundam
726 980 912 1018 rationem
953 981 1060 1029 ponit
1096 980 1167 1017 ibi:
1204 980 1375 1029 Amplius

319 1035 508 1082 quomodo
541 1034 723 1083 contingit
753 1041 843 1070 etc.:
884 1041 919 1069 et
947 1040 1001 1069 est
1033 1033 1125 1069 talis.
1165 1033 1292 1069 Minus
1322 1039 1376 1068 est

319 1085 527 1135 separabile
557 1093 592 1123 et
618 1099 687 1135 per
714 1098 754 1122 se
784 1086 942 1123 existens
969 1086 1095 1134 passio
1115 1097 1231 1134 quarn
1252 1085 1374 1121 subie-

319 1146 442 1186 ctum;
481 1139 548 1176 sed
575 1138 764 1176 infinitum
802 1146 856 1175 est
882 1138 1008 1187 passio
1046 1137 1311 1186 magnitudinis
1341 1145 1376 1174 et

318 1191 483 1237 numeri;
513 1193 580 1228 sed
604 1191 823 1239 magnitudo
854 1199 890 1228 et
917 1203 1099 1228 numerus
1119 1203 1198 1227 non
1216 1198 1376 1239 possunt

319 1244 482 1292 separari
511 1251 547 1280 et
572 1256 641 1292 per
668 1256 708 1280 se
742 1243 917 1290 existere,
945 1250 988 1280 ut
1014 1243 1053 1280 in
1080 1242 1376 1291 metaphysica
1362 1257 1367 1263 ·

317 1296 522 1345 probatum
551 1304 606 1332 est
626 1298 666 1342 *3
697 1307 784 1344 ergo
813 1307 938 1345 neque
966 1295 1166 1332 infinitum.

379 1361 435 1385 12.
465 1349 635 1386 Tertiam
664 1348 847 1385 rationem
879 1348 987 1396 ponit
1018 1348 1089 1384 ibi:
1126 1348 1374 1396 Manifestum

319 1406 443 1439 autem
463 1407 517 1438 est
534 1409 601 1438 etc.
632 1402 681 1438 Et
706 1401 792 1438 dicit
810 1401 1051 1437 manifestum
1073 1413 1154 1437 esse
1173 1399 1278 1449 quod
1297 1412 1376 1436 non

318 1461 443 1503 potest
468 1454 573 1502 poni,
603 1454 708 1502 quod
735 1453 924 1490 infinitum
952 1453 997 1490 sit
1024 1453 1063 1489 in
1082 1461 1178 1499 actu,
1210 1460 1245 1488 et
1273 1453 1377 1501 quod

320 1506 366 1543 sit
393 1506 487 1542 sicut
514 1505 719 1542 substantia
747 1506 948 1554 quaedam,
979 1513 1014 1542 et
1037 1505 1131 1542 sicut
1149 1504 1375 1553 principium

320 1570 458 1595 rerum.
497 1560 574 1594 Aut
611 1557 711 1594 enim
750 1557 940 1594 infinitum
979 1558 1046 1594 erit
1081 1557 1275 1606 partibile,
1314 1564 1377 1593 aut

319 1610 554 1658 impartibile.
585 1610 624 1646 Si
653 1610 808 1658 quidem
836 1610 904 1646 erit
930 1610 1112 1658 partibile,
1142 1622 1298 1646 necesse
1320 1618 1374 1645 est

320 1662 424 1712 quod
461 1662 648 1711 quaelibet
683 1674 771 1710 pars
800 1662 879 1698 eius
913 1662 959 1698 sit
994 1662 1201 1709 infinitum,
1235 1662 1264 1698 si
1293 1661 1376 1697 infi-

319 1714 441 1752 nitum
470 1722 525 1751 est
551 1714 778 1751 substantia:
813 1714 900 1763 quia
932 1714 962 1750 si
990 1714 1178 1754 infinitum
1209 1722 1263 1750 est
1290 1714 1376 1750 sub-

320 1767 464 1815 stantia,
485 1775 522 1804 et
539 1779 618 1804 non
638 1766 771 1804 dicitur
790 1767 837 1803 de
862 1766 990 1815 aliquov
1021 1766 1190 1803 subiecto
1218 1773 1258 1803 ut
1282 1766 1376 1802 acci-

321 1820 426 1867 dens,
447 1819 634 1868 oportebit
661 1819 764 1868 quod
792 1819 895 1856 idem
915 1819 960 1855 sit
978 1819 1162 1866 infinitum
1182 1824 1218 1854 et
1234 1819 1376 1865 infinito

320 1884 408 1919 esse,
424 1872 520 1909 idest
539 1872 698 1908 essentia
719 1879 754 1908 et
768 1871 860 1908 ratio
880 1871 1026 1908 infiniti.
1046 1872 1137 1907 Non
1158 1871 1258 1907 enim
1274 1871 1376 1907 idem

321 1923 381 1962 est
403 1925 441 1961 id
472 1925 577 1973 quod
612 1931 666 1961 est
697 1925 827 1961 album
865 1931 900 1961 et
931 1931 1064 1960 natura
1102 1923 1195 1960 albi:
1235 1923 1302 1959 sed
1339 1923 1377 1960 id

319 1978 424 2026 quod
453 1985 508 2014 est
534 1977 670 2023 homo,
699 1984 754 2013 est
781 1977 855 2013 hoc
883 1976 987 2025 quod
1015 1983 1070 2013 est
1096 1983 1228 2012 natura
1255 1975 1377 2012 homi-

283 2034 286 2037 '
319 2029 377 2067 nis
399 2035 425 2066 η.
455 2029 565 2067 Unde
595 2029 783 2078 oportebit
811 2030 914 2078 quod
942 2030 972 2065 si
1000 2029 1188 2066 infinitum
1217 2028 1263 2065 sit
1290 2029 1377 2064 sub-

321 2082 464 2130 stantia,
485 2089 548 2119 aut
566 2082 612 2119 sit
630 2082 867 2129 indivisibile,
897 2089 961 2119 aut
989 2081 1176 2119 dividatur
1195 2081 1234 2117 in
1252 2087 1376 2129 partes

322 2133 494 2182 infinitas,
515 2135 619 2183 quod
647 2141 702 2171 est
719 2134 968 2183 impossibile;
997 2134 1085 2182 quia
1107 2146 1152 2170 ex
1171 2133 1296 2170 multis
1321 2133 1376 2169 in-

322 2185 435 2225 finitis
454 2187 635 2236 componi
654 2187 794 2236 aliquid
821 2186 924 2224 idem
945 2194 1000 2223 est
1022 2185 1267 2234 impossibile,
1288 2186 1377 2233 quia

322 2246 512 2288 oporteret
529 2239 718 2277 infinitum
736 2239 928 2276 terminari
947 2239 995 2276 ad
1014 2238 1116 2275 aliud
1135 2238 1334 2275 infinitum.

374 2405 401 2440 η)
421 2409 520 2432 natura
538 2405 657 2431 hominis.
669 2419 688 2424 -
701 2412 738 2430 ex·
756 2408 854 2430 natura
866 2405 979 2430 hominis
998 2406 1038 2429 vel
1056 2407 1095 2430 est
1109 2405 1157 2430 hoc
1171 2405 1241 2437 quod
1254 2407 1293 2429 est
1306 2405 1377 2429 ratio

312 2441 435 2466 'hominis
453 2441 484 2472 N,
503 2441 616 2466 essentia
634 2440 747 2466 hominis
759 2441 792 2470 H,
807 2441 853 2465 sed
866 2440 978 2465 essentia
996 2445 1036 2464 est
1049 2448 1063 2464 a
1076 2441 1189 2465 secunda
1207 2447 1285 2464 manu
1300 2447 1378 2471 super

321 2483 450 2507 rasuranu
465 2483 502 2501 ex
515 2479 613 2501 natura
627 2475 740 2501 hommis
754 2476 794 2500 ed.
808 2482 838 2505 a,
844 2480 869 2500 et
878 2480 926 2500 cet.
941 2483 995 2500 exc.
1009 2475 1122 2507 stL.—
1132 2475 1170 2499 Cf.
1184 2475 1242 2499 lect.
1256 2482 1282 2506 V,
1297 2483 1322 2499 n.
1337 2473 1376 2498 15.

374 2509 399 2544 Θ)
419 2511 489 2543 quod
505 2511 555 2536 si...
569 2511 708 2536 dividatur
726 2513 838 2543 oportet.
850 2523 868 2530 —·
882 2510 933 2535 Pro
952 2510 1030 2542 quod,
1046 2510 1108 2542 quia
1124 2510 1178 2534 Pal>
1193 2514 1217 2534 et
1236 2509 1309 2534 codd.
1325 2517 1377 2533 exc.

321 2545 473 2571 FHMORZ.
491 2546 564 2571 Patet
581 2546 720 2579 legendum
736 2553 795 2570 esse
813 2545 892 2578 quod,
912 2553 972 2570 cum
990 2545 1031 2569 hic
1050 2545 1215 2569 solummodo
1234 2545 1379 2577 assignetur

322 2581 348 2605 id
366 2581 437 2613 quod
455 2585 561 2614 apparet
573 2581 746 2611 similitudine,
761 2588 809 2605 nec
826 2580 904 2604 ullius
922 2580 959 2605 rei
977 2579 1042 2604 ratio
1060 2580 1141 2604 detur.
1161 2580 1211 2605 Pro
1230 2579 1377 2608 dividatur,

323 2615 452 2640 dividitur
470 2617 528 2640 edd.
539 2615 582 2640 ab
601 2620 626 2640 et
644 2616 717 2640 codd.
732 2623 786 2640 exc.
800 2615 941 2640 CDLNST.
960 2615 1010 2639 Pro
1029 2618 1140 2646 oportet,
1159 2615 1290 2647 oportebit
1307 2615 1378 2639 DLO

322 2650 413 2681 RSsG,
431 2657 533 2676 necesse
549 2653 589 2675 est
607 2650 641 2681 sl,
658 2658 712 2675 om.
726 2655 773 2676 cet.
784 2658 837 2675 exc.
851 2650 921 2675 TsN.
934 2663 953 2669 ·-·
967 2650 1017 2674 Pro
1036 2650 1154 2683 infinita,
1173 2650 1304 2683 infinitum
1320 2650 1378 2675 edd.

1429 462 1465 490 et
1485 455 1681 502 dividatur,
1704 454 1877 504 oportet⁰
1897 456 2001 503 quod
2021 456 2208 503 quaelibet
2226 467 2313 503 pars
2338 455 2418 491 eius
2438 454 2483 491 sit

1428 507 1583 544 infinita.
1615 508 1718 544 Sicut
1746 508 1847 545 enim
1877 509 2064 557 quaelibet
2090 520 2178 556 pars
2207 508 2302 544 aeris
2329 515 2383 544 est
2402 519 2480 553 aer,

1427 558 1476 595 ita
1502 568 1538 596 et
1566 560 1754 608 quaelibet
1780 573 1867 609 pars
1895 561 2029 598 infiniti
2059 561 2125 597 erit
2153 560 2309 607 infinita,
2340 560 2369 596 si
2398 560 2481 596 infi-

1428 611 1547 648 nitum
1581 612 1626 648 sit
1659 613 1863 649 substantia
1901 621 1936 649 et
1971 613 2210 662 principium.
2251 612 2351 659 Quia
2379 612 2409 648 si
2438 612 2483 648 sit

1427 664 1675 713 principium,
1714 673 1862 714 oportet
1894 666 2083 702 infinitum
2122 678 2201 702 esse
2237 664 2482 701 substantiam

1429 716 1658 765 simplicem,
1697 730 1775 754 non
1809 718 2059 767 compositam
2089 730 2133 754 ex
2160 718 2326 766 partibus
2356 717 2480 753 diffor-

1429 770 1554 806 mibus
1573 777 1592 816 ¹,
1614 770 1707 806 sicut
1730 771 1861 816 homo,
1883 771 1988 807 cuius
2007 783 2084 807 non
2105 770 2291 818 quaelibet
2317 781 2403 818 pars
2429 777 2483 805 est

1428 822 1559 858 homo.
1592 823 1691 859 Cum
1721 835 1808 870 ergo
1837 823 2068 871 impossibile
2098 823 2142 858 sit
2170 822 2323 858 alicuius
2351 821 2483 858 infiniti

1429 875 1636 923 quamlibet
1666 883 1811 923 partem
1850 888 1930 911 esse
1968 875 2173 921 infinitam,
2204 882 2351 922 oportet
2379 875 2483 922 quod

1429 926 1616 963 infinitum
1645 927 1689 963 sit
1717 927 1940 976 impartibile
1970 935 2006 964 et
2032 927 2267 964 indivisibile.
2299 927 2375 962 Sed
2394 926 2483 963 illud

1429 980 1533 1026 quod
1562 986 1617 1015 est
1644 980 1888 1026 indivisibile,
1927 993 2004 1016 non
2035 987 2159 1028 potest
2187 991 2267 1015 esse
2295 979 2483 1015 infinitum

1429 1031 1468 1067 in
1497 1039 1603 1067 actu:
1639 1032 1727 1079 quia
1756 1032 1775 1052 *
1804 1032 1909 1080 quod
1944 1039 1997 1068 est
2029 1032 2218 1069 infinitum
2251 1032 2289 1067 in
2318 1039 2403 1067 actu
2432 1039 2485 1067 est

1430 1090 1626 1131 quantum,
1649 1091 1683 1120 et
1703 1096 1818 1120 omne
1842 1092 2025 1132 quantum
2051 1092 2105 1121 est
2129 1084 2322 1122 divisibile.
2353 1084 2484 1132 Sequi-

1429 1142 1489 1172 tur
1518 1148 1605 1184 ergo
1641 1136 1746 1184 quod
1774 1137 1804 1172 si
1833 1144 1887 1172 est
1914 1137 2101 1173 infinitum
2130 1137 2166 1173 in
2195 1143 2300 1182 actu,
2336 1149 2413 1172 non
2441 1136 2486 1172 sit

1431 1188 1525 1224 sicut
1543 1189 1761 1236 substantia,
1782 1189 1848 1225 sed
1872 1190 1941 1225 sub
1970 1190 2113 1226 ratione
2133 1189 2333 1226 accidentis
2348 1194 2361 1208 ’‘
2382 1189 2486 1237 quod

1431 1247 1486 1276 est
1513 1241 1709 1300 quantitas.
1749 1242 1798 1277 Et
1830 1241 1859 1277 si
1887 1242 1961 1277 hoc
1994 1241 2039 1278 sit
2070 1241 2280 1287 infinitum,
2314 1253 2391 1277 non
2421 1241 2486 1277 erit

1429 1293 1677 1342 principium,
1708 1294 1774 1330 sed
1802 1294 1891 1330 illud
1920 1293 1978 1329 cui
2007 1294 2139 1331 accidit
2167 1294 2376 1338 infinitum;
2406 1293 2484 1329 sive

1430 1346 1520 1382 illud
1548 1346 1593 1382 sit
1617 1346 1742 1394 aliqua
1770 1346 1980 1382 substantia
2005 1341 2198 1392 sensibilis,
2227 1353 2268 1381 ut
2287 1358 2362 1392 aer,
2392 1345 2485 1381 sicut

1429 1406 1639 1447 posuerunt
1673 1398 1890 1447 philosophi
1925 1399 2132 1445 naturales;
2171 1399 2250 1435 sive
2285 1398 2336 1434 sit
2362 1398 2486 1445 aliqua

1432 1451 1638 1488 substantia
1669 1451 1925 1499 intelligibilis,
1958 1458 1999 1487 ut
2025 1464 2115 1500 par,
2154 1451 2247 1487 sicut
2278 1458 2486 1498 posuerunt

1431 1503 1679 1551 Pythagorici.
1709 1504 1819 1541 Unde
1848 1503 2090 1540 manifestum
2111 1510 2165 1540 est
2186 1505 2291 1552 quod
2309 1502 2486 1539 inconve-

1431 1556 1576 1592 nienter
1604 1555 1774 1592 dixerunt
1801 1556 2054 1604 Pythagorici,
2083 1563 2268 1604 ponentes
2296 1555 2486 1591 infinitum

1433 1620 1513 1644 esse
1543 1608 1810 1655 substantiam,
1850 1615 1884 1644 et
1917 1608 2028 1645 simul
2067 1621 2169 1645 cumr
2191 1609 2265 1644 hoc
2301 1615 2486 1655 ponentes

1431 1661 1557 1709 ipsum
1586 1673 1666 1697 esse
1696 1660 1899 1697 divisibile:
1934 1661 2023 1709 quia
2050 1661 2217 1709 sequitur
2249 1661 2353 1708 quod
2372 1672 2485 1707 quae-

1431 1713 1521 1749 libet
1546 1725 1633 1760 pars
1662 1713 1740 1749 eius
1760 1713 1806 1748 sit
1819 1713 1964 1749 infinita
1978 1714 2009 1759 ⁹⁸,
2030 1713 2134 1762 quod
2159 1720 2213 1749 est
2240 1712 2485 1760 impossibile,

1431 1772 1473 1801 ut
1500 1777 1613 1813 supra
1642 1765 1783 1801 dictum
1813 1773 1877 1801 est.

1490 1818 1548 1853 13.
1564 1817 1706 1854 Ultimo
1726 1824 1853 1854 autem
1874 1817 1961 1853 dicit
1979 1818 2084 1865 quod
2102 1817 2171 1853 ista
2189 1817 2371 1864 quaestio,
2388 1829 2485 1864 quae

1433 1877 1488 1906 est
1510 1871 1545 1905 *z
1576 1881 1624 1905 an
1644 1869 1831 1906 infinitum
1861 1869 1906 1905 sit
1924 1869 1962 1905 in
1981 1869 2257 1905 mathematicis
2277 1869 2522 1917 quantitati-

1432 1922 1503 1958 bus
1541 1929 1576 1958 et
1613 1921 1651 1957 in
1680 1923 1791 1958 rebus
1828 1921 2117 1969 intelligibilibus
2150 1934 2229 1958 non
2263 1921 2487 1957 habentibus

1432 1973 1751 2022 magnitudinem,
1782 1981 1837 2010 est
1877 1974 1997 2021 magis
2030 1973 2251 2011 universalis
2289 1985 2404 2022 quam
2442 1974 2486 2010 sit

1430 2039 1610 2075 praesens
1646 2027 1908 2063 consideratio.
1939 2027 2022 2063 Nos
2053 2026 2153 2062 enim
2181 2026 2411 2063 intendimus
2440 2026 2488 2062 ad

1430 2091 1610 2128 praesens
1640 2079 1686 2116 de
1715 2080 1827 2115 rebus
1857 2079 2106 2125 sensibilibus,
2137 2078 2183 2115 de
2212 2078 2347 2127 quibus
2375 2078 2487 2114 tradi-

1432 2145 1518 2168 mus
1547 2132 1740 2168 scientiam
1769 2132 1999 2168 naturalem:
2028 2139 2156 2168 utrum
2175 2131 2213 2167 in
2234 2131 2323 2179 ipsis
2343 2130 2388 2167 sit
2407 2143 2486 2166 cor-

1430 2197 1503 2234 pus
1530 2184 1719 2221 infinitum
1747 2184 1786 2221 in
1806 2192 2064 2232 augmentum,
2084 2192 2124 2220 ut
2144 2184 2284 2231 antiqui
2304 2184 2488 2220 naturales

1431 2243 1650 2285 posuerunt.

1430 2404 1472 2428 ab
1492 2408 1517 2428 et
1536 2403 1610 2428 codd.
1631 2410 1684 2428 exc.
1699 2403 1774 2432 NsX,
1797 2403 1843 2427 sed
1861 2403 1904 2427 lin.
1917 2410 1972 2435 seq.
1993 2403 2040 2427 soli
2066 2402 2210 2427 DEHMNR
2229 2402 2322 2427 habent
2341 2402 2471 2435 infinitum
2478 2411 2487 2432 ,-

1432 2439 1462 2463 cf.
1478 2439 1554 2463 etiam
1572 2439 1598 2462 in
1616 2437 1667 2462 fine
1685 2439 1794 2463 numeri.

1486 2474 1504 2506 ι)
1519 2473 1643 2506 partibus
1668 2473 1840 2506 difformibus.
1853 2485 1871 2492 »-
1879 2472 2003 2504 partibus
2028 2472 2209 2506 differentibus
2227 2472 2300 2496 DMT
2319 2477 2344 2497 et
2362 2472 2386 2496 H
2405 2473 2429 2496 in
2448 2480 2489 2497 ra-

1432 2517 1503 2539 sura;
1518 2509 1642 2540 partibus
1661 2508 1820 2541 definitionis
1839 2508 1878 2532 ed.
1893 2515 1910 2532 a
1924 2512 1950 2531 et
1962 2512 2011 2532 cet.
2025 2514 2078 2532 exc.
2094 2507 2235 2532 EGMORZ
2255 2511 2280 2531 et
2294 2507 2408 2540 margine
2421 2508 2451 2532 N.

1486 2544 1510 2575 κ)
1532 2551 1582 2568 non
1602 2543 1679 2568 sit...
1692 2543 1843 2568 accidentis.
1856 2556 1875 2561 —
1888 2542 1959 2575 quod
1978 2549 2029 2567 non
2047 2542 2083 2567 sit
2100 2542 2247 2567 substantia
2265 2542 2312 2567 sed
2329 2542 2424 2566 habeat
2442 2550 2487 2566 ra-

1433 2579 1530 2603 tionem
1545 2578 1688 2603 accidentis
1702 2578 1762 2607 EG;
1779 2586 1837 2602 cum
1851 2577 1890 2602 his
1905 2577 2001 2602 addunt
2014 2577 2086 2609 quod
2099 2577 2278 2607 DNOZsCH1;
2293 2577 2329 2601 sit
2342 2577 2487 2609 om.MpH;

1432 2614 1500 2639 sicut
1513 2621 1566 2638 om.
1582 2613 1656 2638 codd.
1671 2620 1725 2638 exc.
1735 2613 1870 2644 HMORZ;
1884 2620 1930 2644 pro
1948 2612 1995 2637 sub
2006 2612 2116 2642 ratione,
2130 2612 2234 2637 ratione
2248 2612 2306 2637 edd.
2319 2619 2337 2636 a
2347 2612 2361 2636 b
2375 2617 2399 2637 et
2413 2612 2486 2636 codd.

1434 2657 1486 2674 exc.
1505 2649 1599 2674 notatis
1618 2648 1672 2672 EG.

2512 1042 2519 1049 ·
2535 1039 2560 1060 id
2573 1040 2625 1061 add.
2641 1047 2662 1061 P.

2513 1720 2523 1729 ⁴
2546 1720 2659 1746 infinitum
2679 1726 2725 1741 Eun

2513 1751 2551 1766 im.

2540 1882 2600 1904 quae
2621 1878 2658 1897 est
2677 1882 2726 1898 om.

2515 1903 2582 1924 codd.
2598 1909 2711 1924 exe.1.os.
