2950 4004
226 365 234 375 ⁴
246 364 307 385 Lect.
324 369 348 389 11,
360 369 382 384 n.
398 363 437 383 6.-

227 396 300 416 supra
311 396 358 411 om.
382 389 433 411 pab.

228 843 239 853 ⁶
250 842 337 863 scilicet
344 847 392 862 om.
403 845 440 861 to.

228 1049 238 1058 ⁴
254 1048 276 1069 ei
290 1053 336 1069 om.
351 1053 388 1068 EG.

231 1431 295 1445 OOOOO

230 2486 238 2493 '
254 2483 323 2505 Num.
339 2489 359 2511 3,
374 2490 392 2511 5.

233 3017 240 3023 ”
256 3017 331 3036 aulem
345 3021 397 3036 εστ.

233 3174 242 3183 “
258 3179 349 3194 movens
368 3179 444 3195 oneum

234 3206 285 3220 onz.

235 3277 244 3286 ⁸
260 3278 283 3298 in
305 3277 357 3299 add.
378 3278 444 3300 codd.

236 3309 284 3329 cxc,
299 3310 336 3325 m..

471 236 541 260 110

464 302 503 339 in
521 301 701 351 potentia3
723 309 758 338 et
777 302 851 337 hoc
876 299 1054 347 contingit
1073 299 1111 336 in
1137 299 1242 334 omni
1262 305 1443 335 movente
1462 310 1527 334 na-

465 355 589 402 turali;
611 355 712 391 unde
743 354 884 391 dictum
911 361 966 389 est
994 365 1108 401 supra
1129 353 1147 372 ‘¹‘
1168 351 1272 399 quod
1302 362 1416 387 omne
1446 363 1528 387 mo-

466 421 561 445 vens
589 407 790 456 physicum
820 413 1007 442 movetur.

518 473 555 508 4.
579 460 768 507 Secundo,
784 459 847 495 ibi:
861 460 913 495 Et
925 458 1028 494 cuius
1043 456 1281 492 immobilitas
1301 462 1384 503 etc.,
1402 462 1526 492 osten-

468 513 520 551 dit
547 513 648 549 idem
675 513 746 548 alio
774 511 904 548 modo.
927 510 1166 557 Cuicumque
1192 520 1260 544 sua
1284 508 1530 545 immobilitas

468 574 522 602 est
551 566 630 602 eius
659 565 781 613 quies,
811 564 899 600 huic
927 564 1023 600 inest
1050 570 1195 607 motus;
1227 561 1333 610 quies
1363 561 1465 598 enim
1495 569 1530 597 et

467 626 606 666 motus,
628 631 715 654 cum
736 618 807 654 sint
827 616 1012 665 opposita,
1033 615 1174 651 habent
1192 614 1275 650 fieri
1296 614 1394 651 circa
1412 614 1528 651 idem:

468 673 534 708 sed
567 671 757 708 moventis
790 669 1045 728 immobilitas,
1080 668 1176 704 idest
1210 667 1366 704 cessatio
1397 679 1419 704 a
1446 679 1529 703 mo-

466 724 615 771 vendo,
652 724 785 761 dicitur
822 722 948 771 quies;
987 721 1162 758 dicuntur
1199 720 1301 756 enim
1339 721 1529 779 quaedam

468 777 681 826 quiescere,
721 776 874 825 quando
913 781 1059 811 cessant
1097 784 1228 821 agere:
1268 785 1384 809 omne
1421 773 1531 821 igitur

467 831 539 867 tale
559 842 733 877 movens,
755 829 928 866 scilicet*
945 827 1051 863 cuius
1071 825 1314 862 immobilitas
1337 833 1392 862 est
1411 826 1530 875 quies,

469 891 736 973 mogieigzreinde
766 946 853 971 cum
883 932 980 970 dicit:
1010 932 1072 968 Ad
1092 932 1164 968 hoc
1191 931 1290 967 enim
1309 943 1427 981 agere
1446 939 1529 980 etc.,

469 988 631 1026 ostendit
662 987 764 1024 unde
794 986 938 1023 accidat
971 985 1142 1022 moventi
1176 985 1281 1032 quod
1316 993 1529 1022 moveatur.

469 1043 560 1079 Non
589 1041 690 1078 enim
720 1040 853 1076 accidit
873 1039 906 1075 ei
922 1040 941 1060 '⁴⁴'
958 1051 1003 1074 ex
1018 1039 1092 1075 hoc
1111 1037 1217 1087 quod
1236 1045 1381 1086 movet,
1399 1039 1465 1075 sed
1486 1050 1531 1075 ex

467 1095 542 1131 hoc
561 1094 666 1142 quod
685 1100 817 1130 movet
835 1092 1037 1139 tangendo:
1058 1091 1147 1140 quia
1166 1102 1325 1127 movere
1346 1098 1401 1128 est
1420 1103 1531 1139 agere

468 1147 516 1184 ad
544 1147 619 1183 hoc
647 1146 751 1195 quod
779 1145 920 1194 aliquid
948 1147 1166 1190 moveatur3
1195 1143 1234 1180 id
1263 1150 1391 1181 autem
1427 1145 1531 1193 quod

468 1200 520 1236 sic
548 1212 570 1236 a
598 1207 780 1237 movente
806 1199 956 1247 patitur,
991 1205 1179 1234 movetur.
1211 1196 1288 1233 Sed
1314 1197 1390 1233 hoc
1426 1198 1531 1246 quod

469 1260 524 1289 est
543 1265 653 1300 agere
669 1252 754 1289 facit
772 1259 888 1297 tactu;
910 1263 1000 1287 nam
1017 1262 1178 1299 corpora
1196 1251 1386 1298 tangendo
1403 1257 1528 1299 agunt:

435 1329 441 1335 ·
467 1306 569 1343 unde
599 1306 766 1355 sequitur
786 1304 891 1354 quod
911 1312 946 1340 et
962 1305 981 1325 ³*
997 1303 1108 1340 simul
1127 1303 1300 1352 patiatur,
1318 1303 1406 1352 quia
1425 1304 1531 1352 quod

421 1378 432 1392 e
469 1359 595 1407 tangit,
616 1359 764 1408 patitur.
787 1358 864 1395 Sed
883 1358 957 1394 hoc
970 1356 1283 1404 *intelligendum
1305 1363 1360 1392 est
1374 1357 1529 1405 quando

471 1421 525 1449 est
544 1420 698 1449 mutuus
726 1418 845 1448 tactus
874 1410 1012 1447 scilicet
1040 1410 1144 1459 quod
1165 1409 1306 1458 aliquid
1322 1409 1472 1457 *tangit
1496 1417 1531 1446 et

469 1466 640 1513 tangitur,
676 1473 717 1501 ut
751 1464 929 1512 contingit
955 1463 994 1500 in
1027 1463 1084 1499 his
1112 1474 1211 1511 quae
1246 1463 1532 1500 communicant

468 1519 507 1555 in
535 1518 703 1565 materia,
734 1529 898 1566 quorum
932 1524 1136 1565 utrumque
1166 1516 1213 1552 ab
1243 1516 1359 1552 altero
1391 1515 1531 1564 patitur

470 1572 562 1608 dum
591 1585 631 1608 se
660 1578 825 1618 tangunt.
857 1571 1030 1618 Corpora
1063 1576 1191 1605 autem
1221 1568 1405 1616 caelestia,
1442 1569 1531 1618 quia

468 1637 546 1661 non
566 1624 850 1661 communicant
869 1635 957 1660 cum
978 1622 1201 1671 corporibus
1229 1621 1468 1658 inferioribus
1492 1622 1531 1659 in

467 1678 636 1725 materia,
666 1677 719 1714 sic
747 1684 862 1725 agunt
889 1677 927 1713 in
956 1688 1001 1713 ea
1030 1675 1135 1724 quod
1162 1687 1241 1711 non
1267 1674 1462 1723 patiuntur
1481 1676 1529 1712 ab

467 1731 532 1778 eis,
564 1738 599 1767 et
626 1737 782 1778 tangunt
819 1738 855 1766 et
888 1741 967 1766 non
1003 1735 1222 1776 tanguntur,
1252 1734 1294 1763 ut
1326 1726 1460 1764 dicitur
1491 1728 1530 1765 in

389 1798 438 1819 v1‚
467 1785 481 1820 Ι
510 1784 556 1820 de
587 1784 719 1820 Gen.'¹‘

522 1837 557 1873 6.
588 1836 737 1874 Deinde
767 1847 855 1871 cum
875 1834 983 1871 dicit:
1010 1834 1116 1871 Unde
1143 1839 1264 1870 motus
1290 1838 1394 1869 actus
1414 1834 1530 1870 mobi-

468 1890 511 1926 lis
539 1895 593 1926 est
619 1897 701 1934 etc„
722 1888 829 1937 ponit
858 1887 1118 1924 definitionem
1139 1893 1278 1931 11101113,
1300 1887 1530 1923 concludens

469 1955 514 1979 ex
541 1942 741 1991 praedictis
769 1941 874 1990 quod
912 1939 1087 1989 quamvis
1116 1951 1279 1976 movens
1317 1947 1529 1987 moveatur,

468 2003 595 2032 motus
615 2003 744 2031 tamen
763 2006 842 2031 non
863 2001 917 2030 est
936 2000 1040 2030 actus
1061 1992 1261 2039 moventis,
1283 1991 1351 2028 sed
1379 1993 1530 2029 mobilis

468 2048 679 2085 secundum
708 2047 814 2096 quod
833 2054 888 2083 est
907 2046 1060 2083 mobile.
1092 2047 1141 2082 Et
1159 2046 1234 2082 hoc
1254 2053 1532 2093 consequenter

467 2101 681 2138 manifestat
699 2113 768 2149 per
795 2101 870 2136 hoc
894 2099 998 2148 quod
1026 2099 1175 2136 moveri
1195 2097 1330 2134 accidit
1347 2099 1530 2146 moventi,

469 2163 504 2191 et
523 2167 601 2191 non
624 2166 693 2202 per
720 2165 759 2190 se
780 2153 814 2189 ei
835 2152 1026 2201 competit:
1056 2152 1159 2188 unde
1179 2151 1208 2187 si
1229 2150 1371 2199 aliquid
1398 2163 1531 2188 secun-

470 2208 562 2245 dum
581 2208 656 2244 hoc
675 2213 863 2252 movetur,
885 2205 1097 2242 secundum
1118 2204 1222 2253 quod
1251 2211 1356 2240 actus
1376 2204 1456 2241 eius
1477 2211 1532 2241 est

468 2268 607 2308 motus,
637 2259 805 2308 sequitur
833 2258 937 2308 quod
967 2265 1093 2295 motus
1126 2270 1204 2294 non
1233 2257 1278 2293 sit
1306 2263 1410 2293 actus
1448 2269 1530 2294 mo-

467 2313 602 2361 ventis,
632 2314 698 2350 sed
731 2311 892 2359 mobilis,
923 2323 1002 2348 non
1034 2310 1190 2359 quidem
1218 2310 1443 2358 inquantum
1478 2318 1533 2347 est

468 2379 642 2414 movens,
659 2366 726 2403 sed
746 2366 970 2414 inquantum
991 2371 1046 2400 est
1064 2363 1217 2400 mobile.
1230 2363 1383 2410 -Quod
1403 2370 1531 2400 autem

468 2420 616 2457 moveri
645 2419 788 2455 accidat
815 2417 997 2465 moventi,
1028 2417 1240 2454 manifestat
1266 2429 1336 2465 per
1363 2416 1402 2452 id
1425 2416 1531 2465 quod

468 2486 582 2532 supra
594 2474 613 2494 ²³*
630 2472 771 2510 dictum
792 2479 861 2508 est:
877 2472 947 2507 hoc
967 2470 1080 2517 enim,
1098 2469 1237 2506 scilicet
1256 2477 1360 2506 actus
1379 2469 1530 2506 mobilis

469 2526 532 2575 qui
561 2534 616 2563 est
644 2533 781 2572 motus,
811 2524 946 2561 accidit
974 2536 1018 2560 ex
1047 2530 1222 2559 contactu
1241 2522 1453 2559 moventis:
1484 2534 1528 2558 ex

468 2592 544 2638 quo
574 2579 741 2628 sequitur
778 2577 883 2636 quod
911 2577 1023 2613 simul
1052 2575 1144 2612 dum
1182 2575 1257 2623 agit
1290 2575 1463 2624 patiatur,
1495 2582 1530 2611 et

468 2633 520 2669 310
548 2632 697 2669 111ον011
716 2630 898 2679 competit
925 2629 1096 2666 moventi
1114 2641 1184 2677 per
1203 2628 1389 2665 accidens.
1411 2627 1529 2674 Quod

468 2693 595 2722 autem
615 2698 692 2721 non
713 2690 904 2732 competat
923 2682 957 2719 ei
975 2694 1044 2731 per
1063 2694 1104 2718 se
1124 2681 1337 2718 manifestat
1353 2692 1423 2729 per
1442 2681 1527 2728 hoc,

468 2739 572 2797 quod
600 2750 752 2786 semper
767 2737 892 2785 aliqua
920 2736 1044 2772 forma
1071 2734 1222 2771 videtur
1240 2745 1403 2771 movens
1433 2745 1527 2781 esse,

469 2792 562 2828 sicut
598 2791 722 2827 forma
759 2802 857 2839 quae
895 2795 950 2826 est
986 2788 1024 2824 in
1052 2799 1191 2835 genere
1220 2786 1461 2834 substantiae,
1491 2787 1529 2823 in

468 2844 778 2881 transmutatione
807 2855 905 2892 quae
935 2848 990 2878 est
1018 2840 1230 2877 secundum
1268 2839 1528 2886 substantiam3

469 2905 505 2934 et
533 2898 655 2934 forma
683 2908 780 2946 quae
810 2903 865 2932 est
883 2895 921 2932 in
949 2906 1086 2943 genere
1116 2892 1310 2942 qualitatis,
1332 2893 1370 2930 in
1399 2892 1528 2929 altera-

468 2950 590 2996 tione3
630 2958 666 2986 et
702 2950 825 2986 forma
854 2961 952 2997 quae
981 2955 1036 2984 est
1064 2946 1102 2984 in
1130 2958 1267 2994 genere
1303 2945 1527 3004 quantitatis,

469 3003 508 3039 in
536 3010 738 3050 augmento
769 3009 805 3039 et
834 3000 1095 3038 diminutione.
1126 2998 1357 3036 Huiusmodi
1387 2998 1488 3035 enirn
1509 2999 1529 3019 '¹‘

470 3056 614 3092 formae
643 3062 728 3092 sunt
757 3067 893 3092 causae
927 3061 963 3090 et
994 3052 1177 3102 principia
1213 3059 1406 3100 motuum,
1441 3063 1529 3088 cum

471 3121 586 3145 omne
615 3121 729 3156 agens
757 3114 913 3145 moveat
941 3106 1153 3144 secundum
1191 3106 1366 3142 formam.
1402 3105 1529 3141 Omne

472 3162 573 3198 enim
603 3174 716 3209 agens
732 3161 751 3182 ²¹¹
767 3161 841 3208 agit
872 3160 1096 3209 inquantum
1126 3166 1182 3195 est
1209 3165 1305 3205 actu,
1328 3157 1423 3194 sicut
1445 3165 1531 3194 actu

471 3215 588 3251 homo
610 3215 695 3251 facit
714 3227 759 3251 ex
783 3213 940 3251 homine
963 3212 1002 3249 in
1020 3211 1188 3261 potentia
1210 3210 1408 3248 hominem
1429 3217 1530 3247 actu:

472 3267 583 3313 unde,
614 3280 701 3304 cum
729 3266 1033 3325 unumquodque
1053 3265 1133 3303 sit*
1149 3271 1234 3301 actu
1262 3276 1330 3313 per
1353 3265 1530 3311 formam,

473 3320 638 3377 sequitur
666 3321 770 3369 quod
799 3321 920 3356 forma
949 3319 994 3356 sit
1020 3317 1247 3368 principium
1276 3329 1449 3354 movens.
1484 3317 1533 3353 Et

475 3371 526 3407 sic
546 3384 700 3409 movere
722 3373 900 3422 competit
928 3372 1036 3409 alicui
1065 3371 1289 3421 inquantum
1317 3370 1431 3407 habet
1459 3370 1531 3406 for-

1089 221 1435 258 PHYSICORUM
1463 222 1812 259 ARISTOTELIS
1843 225 1937 260 LIB.
1969 225 2017 261 III

1583 313 1701 359 mam,
1730 313 1799 349 per
1826 314 1942 360 quarn
1972 310 2028 339 est
2055 303 2093 340 in
2121 311 2216 341 actu.
2246 306 2369 353 Unde,
2403 319 2491 344 cum
2519 315 2646 345 motus

1584 353 1629 390 sit
1657 361 1761 390 actus
1796 354 1984 391 existentis
2011 355 2050 392 in
2073 357 2252 404 potentia,
2272 366 2313 395 ut
2332 371 2446 408 supra
2463 361 2484 381 ³¹²
2504 360 2684 398 dictum

1585 413 1650 453 est,
1676 407 1844 456 sequitur
1868 408 1971 456 quod
1992 416 2118 446 motus
2142 422 2220 446 non
2239 411 2285 447 sit
2309 411 2496 449 alicuius·
2487 426 2645 462 mquan-

1583 466 1665 496 tum
1701 467 1755 496 est
1783 472 1956 508 movens,
1987 462 2052 498 sed
2081 462 2304 522 inquantum
2334 472 2390 501 est
2417 466 2578 503 mobile.
2610 474 2647 503 et

1584 512 1670 549 ideo
1699 512 1737 549 in
1766 513 1984 551 definitione
2013 523 2140 552 motus
2166 516 2334 564 positum
2364 525 2429 565 est,
2459 519 2564 566 quod
2592 527 2647 556 est

1585 572 1689 602 actus
1718 566 1868 603 mobilis
1895 567 2120 616 inquantum
2150 576 2204 605 est
2233 569 2385 606 mobile.

1638 630 1674 666 7.
1704 619 1852 656 Deinde
1882 632 1970 657 cum
2009 621 2115 658 dicit:
2143 623 2195 658 Et
2219 622 2372 659 dubium
2409 628 2534 660 autem
2563 630 2644 671 etc„

1585 671 1799 708 manifestat
1827 673 2023 721 quoddam
2053 674 2212 711 dubium
2242 687 2287 711 ex
2310 675 2521 724 praedictis.
2544 677 2648 713 Solet

1587 724 1687 761 enim
1717 737 1799 761 esse
1829 726 1987 763 dubium
2008 727 2110 776 apud
2138 728 2339 776 quosdam,
2368 736 2496 766 utrum
2520 736 2647 766 motus

1586 777 1631 813 sit
1659 777 1698 814 in
1726 786 2000 830 movente-aut
2026 780 2065 817 in
2084 780 2227 818 mobili.
2259 781 2336 818 Sed
2356 782 2466 818 hoc*
2486 781 2646 819 dubium

1587 830 1796 867 declaratur
1825 844 1869 868 ex
1905 833 2134 881 praemissis.
2169 833 2414 871 Manifestum
2453 842 2508 872 est
2545 835 2646 872 enim

1587 883 1691 932 quod
1720 891 1824 921 actus
1854 884 2050 923 cuiuslibet
2078 894 2134 923 est
2161 886 2200 923 in
2228 899 2274 923 eo
2305 887 2412 924 cuius
2441 895 2496 925 est
2524 896 2645 926 actus:

1587 944 1623 973 et
1651 936 1704 973 sic
1732 937 1975 975 manifestum
2005 946 2060 975 est
2088 939 2192 988 quod
2221 948 2325 977 actus
2349 942 2511 977 motus*
2527 949 2582 978 est
2608 942 2647 979 in

1586 989 1731 1037 mobili,
1761 1002 1849 1027 curn
1875 990 1920 1027 sit
1948 998 2052 1028 actus
2071 992 2233 1039 mobilis,
2265 1001 2438 1030 causatus
2461 1001 2590 1031 tamen
2608 995 2647 1032 in

1587 1055 1633 1079 eo
1663 1055 1684 1079 a
1712 1050 1906 1080 movente.

1641 1096 1675 1132 8.
1706 1095 1853 1133 Deinde
1883 1108 1971 1133 cum
1992 1096 2098 1133 dicit:
2119 1097 2260 1133 Motivi
2284 1103 2409 1134 autem
2432 1104 2536 1135 actus
2565 1107 2647 1147 etc.,

1587 1148 1750 1185 ostendit
1777 1149 1974 1197 quomodo
2004 1162 2043 1186 se
2072 1150 2211 1186 habeat
2238 1157 2366 1187 motus
2395 1151 2444 1188 ad
2472 1163 2646 1189 movens.

1586 1202 1635 1238 Et
1670 1201 1795 1250 primo
1830 1201 2142 1251 proponitquod
2170 1202 2338 1251 intendit,
2378 1203 2506 1241 dicens
2543 1206 2649 1254 quod

1586 1261 1690 1290 actus
1710 1254 1844 1291 motivi
1872 1267 1950 1291 non
1970 1262 2026 1291 est
2054 1254 2148 1291 alius
2167 1255 2216 1292 ab
2236 1263 2321 1293 actu
2336 1256 2498 1294 mobilis,
2524 1258 2646 1305 Unde,

1586 1319 1673 1343 cum
1694 1314 1821 1343 motus
1849 1307 1895 1344 sit
1922 1314 2026 1344 actus
2045 1307 2207 1356 mobilis,
2239 1316 2294 1346 est
2321 1309 2433 1346 etiam
2462 1311 2648 1358 quodam-

1586 1359 1704 1397 modo
1734 1367 1838 1396 actus
1867 1359 2012 1397 motivi.

1639 1425 1674 1460 9.
1706 1413 1883 1450 Secundo
1912 1413 1983 1450 ibi:
2010 1413 2162 1462 Oportet
2178 1414 2326 1462 quidem
2346 1415 2444 1452 enim
2466 1423 2548 1463 etc.,
2568 1426 2649 1453 ma-

1585 1465 1733 1502 nifestat
1750 1466 2002 1515 propositum.
2032 1467 2081 1503 Et
2101 1466 2198 1504 circa
2217 1467 2291 1504 hoc
2309 1467 2378 1504 tria
2397 1468 2502 1505 facit:
2522 1468 2648 1517 primo

1586 1518 1748 1555 ostendit
1772 1520 1877 1568 quod
1897 1518 2087 1556 moventis
2116 1526 2171 1556 est
2198 1519 2333 1569 aliquis
2353 1528 2468 1568 actus,
2499 1522 2594 1558 sicut
2614 1529 2650 1558 et

1585 1571 1746 1608 mobilis.
1778 1572 1973 1621 Quidquid
2003 1571 2105 1609 enim
2125 1572 2258 1609 dicitur
2286 1574 2496 1611 secundum
2515 1581 2648 1624 poten-

1585 1624 1675 1660 tiam
1705 1631 1742 1660 et
1769 1632 1907 1672 actum,
1937 1625 2052 1662 habet
2087 1625 2252 1674 aliquem
2281 1634 2407 1663 actum
2436 1626 2506 1664 sibi
2544 1639 2648 1664 com-

1584 1684 1793 1725 petentem:
1823 1678 1891 1715 sed
1919 1677 2013 1714 sicut
2040 1677 2078 1714 in
2108 1679 2287 1726 eoquod
2316 1687 2494 1717 movetur
2517 1679 2650 1718 dicitur

1586 1729 1726 1767 mobile
1742 1730 1952 1767 seeundum
1967 1730 2175 1779 potentiam
2191 1731 2414 1780 inquantum
2428 1740 2554 1781 potest
2566 1745 2649 1770 mo-

1585 1782 1677 1830 veri,
1698 1784 2016 1820 motum*autem
2036 1785 2247 1822 secundum
2272 1792 2399 1822 aetum
2423 1785 2648 1835 inquantum

1586 1843 1671 1872 actu
1686 1843 1880 1882 movetur3
1896 1836 1946 1873 ita
1962 1837 1983 1858 ’¹‘
1997 1849 2042 1873 ex
2056 1844 2161 1885 parte
2177 1838 2367 1875 moventis
2388 1839 2577 1875 motivum
2594 1839 2648 1875 di—
2676 1855 2685 1864 ·

1588 1889 1680 1925 citur
1699 1889 1911 1926 secundum
1930 1891 2155 1938 potentiam,
2178 1890 2403 1940 inquantum
2423 1891 2562 1929 scilicet
2579 1904 2647 1941 po—

1586 1949 1657 1979 test
1681 1954 1860 1989 movere,
1887 1950 2013 1979 motus
2035 1943 2054 1964 ²¹²
2079 1950 2207 1979 autem
2230 1943 2268 1980 in
2293 1944 2375 1992 ipso
2401 1956 2528 1992 agere,
2553 1944 2650 1982 idest

1586 1994 1625 2031 in
1641 2002 1826 2044 quantum
1842 1994 1915 2042 agit
1929 2003 2025 2032 actu.
2040 1996 2201 2044 Oportet
2214 1995 2324 2044 igitur
2337 1997 2496 2046 utrique,
2510 1997 2648 2035 scilicet

1587 2048 1758 2085 moventi
1778 2056 1814 2084 et
1834 2048 1986 2095 mobili,
2008 2056 2225 2097 competere
2245 2050 2438 2097 quendam
2458 2057 2594 2088 actum.

1647 2113 1703 2137 10.
1735 2100 1912 2137 Secundo
1941 2100 2013 2137 ibi:
2040 2102 2115 2137 Sed
2140 2107 2194 2138 est
2218 2103 2381 2139 activum
2401 2102 2546 2140 mobilis
2565 2110 2649 2150 etc„

1587 2153 1750 2190 ostendit
1778 2154 1883 2201 quod
1910 2153 2013 2190 idem
2049 2153 2094 2190 sit
2122 2161 2226 2191 actus
2260 2155 2450 2192 moventis
2480 2163 2515 2192 et
2543 2155 2648 2193 moti.

1587 2206 1782 2243 Movens*
1793 2206 1894 2242 enim
1915 2206 2048 2243 dicitur
2066 2206 2291 2256 inquantum
2311 2207 2451 2257 aliquid
2466 2209 2550 2256 agit,
2566 2221 2650 2245 mo—

1586 2259 1699 2295 turn*
1709 2267 1837 2296 autem
1856 2259 2081 2307 inquantum
2100 2259 2250 2308 patitur;
2267 2260 2335 2297 sed
2353 2260 2455 2297 idem
2471 2268 2527 2298 est
2545 2261 2650 2310 quod

1586 2324 1750 2349 movens
1769 2313 1917 2360 agendo
1939 2320 2077 2359 causat,
2099 2320 2135 2349 et
2163 2313 2268 2361 quod
2296 2320 2446 2350 motum
2469 2314 2649 2362 patiendo

1586 2365 1725 2414 recipit.
1755 2365 1804 2401 Et
1830 2366 1905 2401 hoc
1934 2371 1988 2401 est
2015 2365 2119 2413 quod
2139 2365 2243 2412 dicit,
2273 2365 2378 2414 quod
2406 2378 2569 2404 movens
2597 2373 2653 2404 est

1584 2418 1748 2454 activum
1784 2417 1953 2463 mobilis,
1991 2417 2087 2454 idest
2113 2418 2133 2438 ’¹‘
2161 2425 2287 2454 actum
2320 2418 2471 2455 mobilis
2509 2427 2648 2456 causat.

1585 2472 1715 2517 Quare
1735 2477 1883 2519 oportet
1909 2482 2031 2506 unum
2060 2478 2186 2507 actum
2216 2483 2297 2507 esse
2324 2471 2530 2520 utriusque,
2555 2472 2649 2509 scili-

1585 2531 1642 2560 cet
1657 2524 1676 2544 *
1692 2523 1882 2560 moventis
1902 2530 1937 2559 et
1964 2523 2069 2560 moti:
2099 2523 2201 2560 idern
2222 2523 2323 2560 enirn
2352 2531 2408 2561 est
2425 2525 2531 2574 quod
2555 2533 2610 2562 est
2628 2538 2650 2562 a

1584 2583 1763 2613 movente
1787 2583 1829 2612 ut
1847 2588 1869 2612 a
1898 2588 2012 2612 causa
2039 2583 2188 2624 agente,
2218 2584 2255 2613 et
2273 2577 2378 2625 quod
2397 2584 2453 2614 est
2484 2577 2523 2615 in
2542 2586 2648 2615 moto

1582 2637 1624 2666 ut
1651 2629 1689 2666 in
1716 2629 1880 2678 patiente
1910 2636 1946 2665 et
1973 2629 2187 2677 recipiente.

1643 2695 1699 2719 11.
1729 2682 1859 2719 Tertio
1888 2681 1952 2718 ibi:
1981 2682 2085 2718 Sicut
2110 2682 2207 2718 idem
2231 2682 2392 2730 spatium
2423 2690 2504 2730 etc„
2531 2683 2650 2720 mani-

1583 2735 1691 2772 festat
1718 2736 1792 2771 hoc
1820 2747 1889 2784 per
1917 2735 2091 2783 exempla
2115 2736 2147 2772 ²³².
2178 2735 2326 2773 Eadem
2351 2735 2453 2772 enim
2477 2735 2651 2774 distantia

1584 2796 1639 2825 est
1657 2788 1768 2825 unius
1797 2787 1846 2824 ad
1866 2787 1942 2824 duo
1964 2795 2000 2824 et
2020 2788 2184 2825 duorum
2214 2788 2263 2825 ad
2290 2801 2412 2825 unum
2435 2789 2648 2827 secundum

1584 2854 1678 2888 rem,
1708 2841 1776 2878 sed
1805 2841 1982 2878 differunt
2010 2841 2222 2878 secundum
2242 2841 2446 2889 rationem3
2476 2841 2563 2890 quia
2591 2854 2649 2879 se·

1585 2894 1753 2931 cundum
1769 2893 1874 2942 quod
1893 2893 2094 2942 incipimus
2115 2894 2440 2943 comparationem
2460 2906 2483 2931 a
2499 2894 2649 2932 duobus

1583 2946 1828 2995 procedendo
1853 2946 1903 2983 ad
1918 2946 1937 2967 *
1952 2958 2086 2993 unum,
2115 2946 2248 2984 dicitur
2267 2947 2437 2995 duplum,
2459 2959 2480 2983 e
2504 2954 2650 2985 contra·
2677 2961 2686 2970 ·

1584 2999 1639 3036 rio
1667 3011 1760 3036 vero
1791 2999 1924 3036 dicitur
1953 2999 2164 3037 dimidium.
2195 3001 2244 3037 Et
2272 2999 2439 3037 similiter
2466 2999 2569 3037 idem
2594 3008 2650 3038 est

1584 3052 1747 3101 spatium
1780 3051 2017 3089 ascendentis
2046 3059 2082 3088 et
2109 3052 2392 3099 descendentis;
2421 3053 2489 3090 sed
2517 3066 2650 3091 secun-

1585 3106 1677 3142 dum
1721 3105 1973 3142 diversitatem
2014 3104 2187 3155 principii
2221 3112 2257 3142 et
2293 3105 2461 3153 termini,
2491 3114 2651 3144 vocatur

1584 3158 1754 3195 ascensio
1781 3157 1883 3195 vel*
1903 3157 2112 3195 descensio.
2147 3159 2197 3195 Et
2224 3158 2391 3196 similiter
2420 3166 2475 3196 est
2501 3159 2540 3196 in
2568 3172 2650 3197 mo-

1583 3219 1708 3258 vente,
1739 3218 1775 3248 et
1794 3218 1911 3247 moto.
1934 3211 2037 3247 Nam
2057 3219 2184 3248 motus
2203 3212 2415 3249 secundum
2434 3212 2540 3261 quod
2561 3225 2650 3261 pro-

1586 3264 1683 3301 cedit
1711 3277 1733 3301 a
1765 3271 1945 3301 movente
1975 3263 2013 3301 in
2041 3264 2193 3312 mobile,
2224 3272 2279 3302 est
2307 3272 2411 3302 aetus
2439 3266 2649 3312 moventisi

1586 3317 1796 3355 secundum
1825 3324 1953 3354 autem
1981 3317 2086 3366 quod
2116 3325 2170 3355 est
2197 3317 2235 3355 in
2264 3317 2396 3355 mobili
2415 3330 2437 3355 a
2456 3326 2647 3367 movente,

1586 3378 1642 3408 est
1669 3378 1773 3408 actus
1801 3370 1963 3407 mobilis.

1508 3491 1614 3519 4544

2698 373 2762 395 Lect.
2776 379 2801 401 n,
2816 380 2839 396 n.
2849 380 2869 402 3.

2675 799 2684 808 ·
2700 798 2744 819 hoc
2757 804 2804 820 om.
2819 804 2856 821 m.

2675 954 2683 963 ·
2697 954 2789 975 mobilis
2803 959 2861 976 m.

2675 1797 2687 1809 ¹*
2701 1798 2812 1819 mutatum
2830 1803 2846 1819 a
2866 1801 2888 1820 et

2676 1823 2746 1845 codd.
2760 1829 2812 1845 exc.
2824 1830 2879 1850 ιω.

2676 1854 2809 1903 ..assata
2823 1861 2846 1903 ξ.
2867 1858 2889 1877 ‘²

2677 1957 2687 1966 ²
2692 1961 2788 1977 movens
2794 1956 2847 1978 edd.
2855 1961 2870 1978 a
2877 1956 2890 1978 b

2677 1986 2699 2004 et
2713 1981 2791 2010 codd„
2802 1988 2854 2004 exc.
2864 1989 2889 2005 u.

2676 2225 2687 2236 “
2701 2224 2818 2246 Moventie
2831 2224 2868 2246 rb.

2677 2276 2759 2298 'motu'
2771 2283 2793 2299 1³.

2677 2435 2686 2444 '¹
2699 2433 2775 2461 fiotum
2787 2434 2842 2456 add.
2860 2439 2890 2456 re

2676 2465 2775 2482 mons.

2676 2540 2686 2548 ·
2700 2540 2724 2560 et
2737 2539 2790 2561 add.
2805 2545 2893 2561 omn.

2676 2749 2688 2759 ⁵
2702 2748 2829 2776 exemplum
2836 2748 2893 2770 rab-

2678 3174 2687 3183 '¹
2700 3174 2724 3194 e!
2736 3177 2855 3194 nmen„

2943 1298 2950 1329 ‘i

2943 1333 2950 1383 3

2944 1643 2950 1752 ,ΜΛΝ-..0,-
2943 1538 2950 1632 andam..
2947 1499 2950 1531 ,11
2944 1454 2950 1487 -‹...
2943 1417 2950 1447 .·.=.
2946 1389 2950 1408 ,Ἀ

2700 2960 2893 2983 ὶηοοᾱά.επ,

2676 2986 2950 3009 cv-didnmr:
