2898 3996
475 289 549 325 312

541 363 587 396 τῶ
615 361 690 394 ὅλον
716 359 800 393 εἶναι
825 360 996 399 τοιοῦτον,
1025 355 1115 390 ἀλλοὲ
1138 358 1186 398 τῷ
1212 357 1260 390 τοὶ
1281 359 1429 389 πλεῖστοι
1447 356 1468 393 ἧ
1487 356 1535 389 τοὶ

539 396 736 451 κυριώτατα
766 404 859 449 μέρη·
887 404 924 435 οὐ
951 402 1062 435 ταύτὸ
1087 397 1116 433 δ’
1146 402 1218 434 ἐστὶ
1245 401 1291 445 μή
1325 398 1409 433 εἶναί
1435 413 1473 432 τε
1500 401 1533 432 ἐν

541 450 652 490 τούτῳ
676 451 734 481 καὶ
759 449 804 493 μή
831 445 914 480 εἶναι
941 447 973 478 ἐν
999 445 1111 486 τούτῳ
1139 445 1226 477 ὅλον.
1251 446 1389 489 Ὀμοίως
1415 439 1452 476 δὲ
1475 446 1533 476 καὶ

542 496 596 527 ἐπὶ
621 495 683 526 τοῦ
709 494 805 530 ὄντος
828 493 886 523 καὶ
912 491 966 523 ἐπὶ
992 491 1054 522 τοῦ
1079 489 1126 533 μή
1145 490 1240 526 ὄντος
1260 491 1319 521 καὶ
1336 490 1403 521 τῶν
1424 488 1534 521 ἄλλων

542 540 607 571 τῶν
631 536 708 570 κατ’
740 535 931 578 ἀντίφασιν·
959 534 1057 567 ἔσται
1091 533 1150 578 μὲν
1175 534 1239 578 γοὶρ
1265 532 1299 574 ἐξ
1327 532 1474 579 ἀνάγκης
1502 532 1533 564 ὲν

542 581 670 624 θκτέρῳ
696 583 761 613 τῶν
789 578 1038 623 ἀντικειμένων,
1067 578 1098 609 ἐν
1126 573 1290 622 οὐδετέρῳ
1315 572 1346 608 δ’
1372 576 1447 609 ὅλον
1467 576 1532 608 ἀεί.

474 626 576 658 Ποίλιν
604 626 658 658 ἐπὶ
682 626 745 657 τοῦ
776 623 899 656 κύκλου
930 624 988 654 καὶ
1020 623 1075 654 ἐπὶ
1102 622 1164 659 τῆς
1190 624 1330 666 σφαιίρας
1362 623 1418 652 καὶ
1453 620 1534 658 ὅλως

542 671 607 703 τῶν
629 670 661 701 ἐν
680 669 796 706 αὐτοῖς
817 666 1030 710 κινουμένων,
1051 664 1104 697 ὅτι
1124 665 1336 708 συμβήσεται
1354 664 1448 697 αὐτοὶ
1462 665 1537 708 ἦρε·

542 718 626 758 μεῖν·
654 714 685 744 ὲν
710 714 774 758 γάρ
800 713 846 753 τῷ
874 711 967 751 αὐτῷ
994 710 1089 750 τόπῳ
1114 710 1232 754 χρόνον
1255 709 1333 742 τινοί
1354 709 1453 741 ἔσται
1476 709 1535 740 καὶ

543 758 636 790 αὐτοὶ
658 759 716 788 καὶ
742 756 790 789 τοὶ
813 756 907 800 μέρη·
935 754 1022 786 ὥστε
1047 753 1208 807 ἡρεμτῖσει
1235 752 1307 795 ἅμα
1331 755 1388 784 καὶ
1405 751 1535 788 κινήσε-

542 813 613 835 ται.
640 802 772 845 Πρῶτον
797 801 856 844 μὲν
881 798 944 845 γοὶρ
971 798 1018 831 τοὶ
1034 810 1115 843 μερη
1136 799 1194 830 οὐκ
1213 797 1304 829 ἔστιν
1323 797 1356 829 ἐν
1374 797 1422 839 τῷ
1441 796 1536 837 αὐτῷ

543 842 666 877 οὐδένα
690 844 822 890 χρόνον,
841 840 918 876 εἶτα
942 844 1000 874 καὶ
1028 843 1066 875 τὸ
1092 841 1168 874 ὅλον
1186 841 1399 895 μεταβάλλει
1422 841 1473 873 ἀεὶ
1491 841 1534 878 εἰς

544 886 670 933 ἕτερονᾸ
697 889 734 920 οὗ
759 888 823 934 γάρ
849 889 868 924 ἡ
896 885 987 923 αὐτή
1013 887 1103 919 ἐστιν
1130 887 1150 922 ἢ
1177 885 1245 918 απὸ
1271 886 1332 918 τοῦ
1354 886 1379 916 Α
1401 884 1539 928 λαμβα-

543 933 662 975 νομένη
689 931 879 977 περιφέρεια
903 932 960 963 καὶ
986 931 1006 967 ἦ
1035 931 1102 963 ἀπὸ
1128 931 1190 963 τοῦ
1215 931 1239 960 Β
1263 930 1321 961 καὶ
1346 930 1408 961 τοῦ
1433 930 1454 959 Γ
1478 930 1536 960 καὶ

543 979 609 1010 τῶν
644 976 752 1009 ἄλλων
783 975 928 1008 ἑκάστου
959 977 1122 1019 σημείων,
1155 973 1241 1009 πλτῖν
1272 975 1314 1011 ὠς
1340 974 1356 1005 ὁ
1381 972 1537 1016 μουσικὸς

545 1021 715 1066 ἄνθρωπος
739 1021 796 1052 καὶ
823 1019 1006 1062 ἄνθρωπος,
1034 1018 1087 1051 ὅτι
1113 1017 1332 1062 συμβέβηκεν.
1352 1017 1456 1049 ’Ὥστε
1481 1029 1536 1061 με-

544 1064 712 1106 ταβάλλει
739 1065 790 1096 ἀεὶ
815 1065 834 1100 ἡ
861 1062 963 1106 ἑτέρα.
988 1063 1031 1100 εἰς
1058 1062 1122 1099 τήν
1142 1061 1275 1104 ἑτέραν,
1293 1062 1352 1093 καὶ
1371 1057 1536 1093 οὐδέποτε

543 1108 716 1154 ἦρεμῆσει.
741 1108 804 1140 Τόν
831 1105 934 1140 αὐτὸν
960 1101 997 1138 δὲ
1023 1105 1148 1151 τρόπον
1166 1107 1224 1138 καὶ
1243 1107 1298 1138 ἐπὶ
1315 1106 1376 1143 τῆς
1395 1108 1536 1150 σφαίρας

543 1155 602 1186 καὶ
626 1154 692 1185 τῶν
720 1152 827 1184 ἄλλων
853 1153 918 1184 τῶν
945 1151 978 1183 ἑν
1004 1152 1120 1188 αὐτοῖς
1145 1149 1357 1194 κινουμένων.

537 1248 686 1275 synopsis.
704 1263 737 1267 —
760 1255 783 1274 1.
797 1246 1007 1282 Argumentum
1022 1250 1050 1272 et
1064 1244 1164 1272 divisio
1179 1250 1280 1272 textus.
1295 1259 1314 1263 —
1330 1251 1356 1271 2.
1372 1243 1419 1271 Ad
1440 1249 1537 1270 osten-

478 1288 606 1315 dendum
625 1286 705 1323 quod
725 1285 796 1313 nihil
811 1291 967 1320 moveatur,
983 1286 1062 1312 Zeno
1078 1283 1117 1312 sic
1132 1283 1396 1320 argumentabatur:
1419 1281 1449 1309 in
1464 1291 1536 1318 quo-

478 1327 546 1355 libet
567 1335 641 1354 nunc
669 1325 698 1353 id
720 1325 799 1362 quod
819 1324 908 1352 fertur
928 1330 970 1352 est
991 1324 1020 1351 in
1042 1324 1106 1351 loco
1135 1323 1188 1351 sibi
1210 1322 1336 1359 aequali,
1366 1330 1419 1349 nec
1440 1327 1536 1349 tamen

478 1372 624 1401 movetur3
653 1374 720 1402 ergo
746 1364 776 1392 in
801 1363 930 1400 quolibet
957 1372 1031 1391 nunc
1055 1362 1192 1399 quiescit3
1222 1368 1250 1390 et
1277 1361 1397 1398 proinde
1420 1360 1450 1388 in
1474 1366 1536 1387 toto

478 1412 617 1442 tempore.
633 1421 652 1426 -
669 1402 871 1432 Praetermissa
893 1402 1036 1430 solutione
1058 1402 1152 1430 minus
1173 1399 1333 1435 sufficienti,
1348 1400 1538 1436 respondetur

479 1445 558 1482 quod
579 1453 645 1472 cum
668 1452 741 1471 num:
763 1452 823 1470 non
845 1442 880 1470 sit
900 1451 966 1478 pars
987 1441 1134 1477 temporis,
1156 1450 1216 1469 non
1231 1440 1358 1477 sequitur
1380 1439 1486 1467 mobile
1508 1439 1537 1466 in

478 1491 607 1520 tempore
628 1492 689 1511 non
711 1482 836 1517 moveri,
859 1491 892 1509 ex
913 1482 969 1509 hoc
992 1482 1071 1517 quod
1092 1481 1121 1508 in
1142 1480 1222 1508 nullo
1245 1488 1319 1507 nunc
1341 1485 1498 1507 moveatur.
1519 1495 1537 1499 -

481 1524 506 1552 3.
535 1522 697 1551 Subdivisio
718 1528 818 1550 textus.
840 1537 859 1541 -
884 1530 912 1555 4.
939 1520 1078 1548 Rationes
1099 1520 1224 1548 Zenonis
1245 1524 1346 1547 contra
1366 1524 1472 1546 motum
1495 1518 1536 1545 Ιο-

479 1563 579 1592 calem.
601 1562 697 1590 Prima
717 1561 798 1589 ratio.
821 1560 990 1596 Priusquam
1012 1559 1119 1587 mobile
1140 1560 1176 1587 ad
1191 1559 1278 1586 finem
1300 1557 1454 1594 perveniat,
1476 1567 1537 1585 me-

479 1602 558 1630 dium
586 1600 756 1637 pertransire
781 1606 909 1636 oportet,
932 1606 959 1627 et
980 1598 1057 1635 prius
1079 1598 1164 1626 etiam
1190 1598 1318 1626 medium
1338 1597 1412 1625 illius
1434 1596 1536 1630 medii,

478 1648 506 1670 et
531 1641 571 1669 sic
593 1641 622 1668 in
643 1639 802 1668 infinitum:
824 1638 935 1666 infinita
955 1645 1051 1666 autem
1072 1647 1132 1666 non
1154 1644 1196 1666 est
1216 1637 1335 1666 transire
1356 1637 1387 1665 in
1406 1643 1537 1673 ternpore

478 1680 568 1708 finito.
578 1696 597 1700 —
608 1680 806 1716 Respondemr
820 1684 851 1706 ut
865 1687 950 1714 supra
965 1678 1038 1713 (lect.
1050 1687 1078 1713 4,
1094 1687 1122 1705 n.
1135 1678 1172 1712 3),
1188 1677 1266 1714 quod
1281 1683 1394 1713 tempus
1409 1676 1538 1704 similiter

477 1721 507 1748 in
522 1719 632 1748 infinita
645 1718 787 1753 dividitur,
810 1718 881 1746 sicut
902 1724 930 1745 et
951 1717 1128 1754 magnitudo.
1149 1717 1307 1751 Praeterea,
1329 1715 1445 1751 mobile,
1467 1716 1536 1744 dum

478 1765 519 1788 est
540 1759 570 1786 in
591 1765 691 1793 motu,
720 1767 780 1786 non
801 1757 889 1785 utitur
913 1757 1030 1785 infinitis
1059 1756 1112 1784 illis
1133 1762 1165 1784 ut
1193 1756 1222 1783 in
1243 1762 1308 1784 actu
1336 1755 1536 1790 existentibus,

478 1799 528 1827 sed
548 1804 580 1826 ut
605 1798 635 1825 in
661 1797 790 1834 potentia
816 1803 936 1825 tantum.
959 1813 978 1817 -
1001 1797 1025 1824 5.
1048 1796 1180 1824 Secunda
1207 1795 1299 1830 ratio,
1328 1804 1401 1831 quae
1419 1801 1538 1823 vocatur

477 1838 614 1871 Achilles,
635 1837 699 1865 talis
720 1843 770 1864 est.
786 1836 816 1864 Si
833 1835 941 1872 aliquid
962 1842 1133 1870 moveretur,
1155 1834 1272 1869 tardius,
1287 1834 1310 1862 si
1325 1834 1429 1870 incepit
1443 1834 1537 1870 primo

478 1876 596 1912 moveri,
611 1886 629 1904 a
642 1876 777 1904 velociori
797 1881 986 1912 persequente
999 1883 1149 1911 nunquam
1163 1873 1262 1910 attingi
1276 1880 1387 1910 posset:
1409 1880 1537 1909 pertran-

478 1923 578 1945 seunte
604 1916 681 1944 enim
706 1915 841 1944 velociori
862 1914 987 1951 spatium
1007 1914 1063 1942 iam
1086 1923 1104 1942 a
1123 1913 1241 1942 tardiori
1267 1913 1438 1948 confectum,
1460 1913 1538 1941 aliud

478 1954 612 1992 spatium,
628 1955 678 1983 etsi
699 1955 802 1990 minus,
824 1954 932 1982 tardius
953 1953 1143 1990 pertransibit,
1163 1962 1213 1989 per
1235 1953 1314 1989 quod
1335 1953 1437 1980 iterum
1458 1953 1538 1980 velo-

424 2017 427 2020 .
479 1996 539 2023 cius
557 1995 622 2023 ferri
641 1994 798 2031 oportebit,
820 2000 848 2021 et
869 1993 908 2021 sic
930 2002 1050 2029 semper.
1067 2010 1083 2014 —
1099 1994 1125 2020 6.
1148 1993 1347 2028 Respondetur
1368 1993 1448 2028 quod
1469 1992 1538 2020 haec

241 2934 249 2941 ·
265 2938 354 2960 semper
373 2939 420 2955 om.
436 2939 450 2955 υ

239 2964 350 2986 ειηιοῑρο.

240 2987 247 2993 ’
263 2984 326 3006 Lect.
342 2987 397 3014 seq.'

243 3143 250 3150 ·
267 3141 328 3164 Lect.
343 3148 392 3164 xin-

246 3351 254 3358 ·
269 3349 338 3370 Num.
353 3355 372 3376 3.

479 2034 552 2063 ratio
574 2044 634 2062 non
654 2034 764 2062 differat
784 2043 802 2061 a
822 2033 923 2070 prima,
939 2032 992 2060 nisi
1014 2032 1184 2069 inquantum
1205 2031 1299 2068 prima
1319 2031 1456 2068 supponit
1477 2041 1537 2059 ma-

478 2073 657 2111 gnitudinem
678 2073 761 2110 spatii
784 2073 813 2100 in
837 2073 896 2100 duo
917 2071 1012 2100 media
1033 2071 1134 2107 dividi,
1163 2072 1233 2099 haec
1254 2077 1350 2099 autem
1379 2072 1537 2099 secundum

478 2113 697 2150 proportionem
713 2121 842 2140 excessus
857 2111 1006 2139 velocioris
1027 2111 1064 2139 ad
1082 2110 1190 2139 tardius
1205 2110 1235 2138 in
1250 2117 1344 2138 motu:
1366 2110 1396 2138 in
1416 2117 1537 2147 utraque

478 2159 576 2181 tamen
597 2152 776 2180 concluditur
797 2152 877 2188 quod
898 2150 1004 2179 mobile
1029 2160 1089 2178 non
1113 2150 1204 2187 possit
1224 2150 1361 2186 attingere
1382 2150 1419 2177 ad
1440 2150 1537 2177 termi-

478 2201 550 2220 num
579 2192 741 2228 quendam,
767 2197 884 2227 propter
911 2190 1079 2218 divisionem
1103 2189 1306 2226 magnitudinis
1330 2189 1359 2216 in
1383 2189 1535 2217 infinitum.

478 2232 562 2259 Unde
583 2231 666 2259 simili
687 2231 776 2258 modo
798 2230 931 2258 solvitur:
953 2239 1020 2258 nam
1042 2230 1109 2257 dato
1132 2230 1212 2266 quod
1233 2228 1341 2257 mobile
1361 2228 1452 2264 possit
1472 2237 1537 2265 per-

478 2270 598 2299 transire
612 2269 838 2307 magnitudinem
854 2269 963 2297 finitam
978 2269 1007 2297 in
1021 2275 1151 2305 tempore
1166 2268 1256 2303 finito,
1271 2267 1399 2305 sequitur
1412 2268 1537 2296 velocius

478 2319 539 2338 non
560 2310 654 2338 solum
675 2309 811 2346 attingere
832 2308 957 2344 tardius,
985 2309 1035 2336 sed
1057 2315 1084 2336 et
1104 2308 1178 2336 ultra
1205 2308 1300 2344 ipsum
1325 2307 1445 2336 transire
1465 2314 1537 2335 tem-

478 2358 549 2386 pore
570 2349 834 2385 determinat0.-7.
855 2348 953 2376 Tertia
979 2348 1051 2376 ratio
1074 2354 1115 2376 est
1136 2347 1183 2375 illa
1204 2356 1277 2384 quae
1299 2356 1385 2384 supra
1401 2349 1492 2382 (num.
1509 2349 1537 2383 2)

477 2388 572 2425 posita
593 2395 620 2416 et
640 2389 734 2416 soluta
748 2394 798 2416 est.
813 2405 832 2409 -
847 2389 874 2415 8.
898 2389 1006 2422 Quarta
1026 2387 1108 2415 ratio.
1130 2387 1159 2414 Si
1177 2387 1250 2415 duae
1265 2386 1475 2424 magnitudines
1490 2395 1538 2415 ae-

479 2428 577 2465 quales
592 2434 761 2456 moveantur
774 2436 825 2464 per
839 2427 962 2455 stadium
976 2427 1094 2463 aequale
1115 2426 1237 2463 utrique,
1253 2433 1280 2454 et
1294 2435 1352 2454 una
1366 2433 1479 2454 motum
1494 2426 1538 2454 in-

478 2467 563 2504 cipiat
583 2477 600 2495 a
621 2467 772 2495 medietate
792 2466 875 2495 stadii
896 2475 993 2494 versus
1011 2475 1099 2494 unam
1120 2473 1240 2502 partem,
1261 2466 1349 2494 altera
1363 2475 1431 2494 vero
1446 2475 1536 2503 aeque

611 2566 728 2615 ..l-5>
741 2566 914 2607 ostquam
934 2558 1187 2607 Philosophus
1207 2558 1469 2596 determinavit
1489 2558 1536 2596 de

689 2667 696 2682 ’-
741 2664 792 2700 dit
811 2665 1012 2712 quaedam,
1034 2676 1079 2700 ex
1095 2664 1231 2713 quibus
1245 2670 1263 2685 α
1279 2665 1452 2701 errabant
1471 2664 1533 2701 ali-

546 2743 569 2749 „⁷
703 2715 725 2742 >¹¹
740 2717 803 2765 qui
834 2717 930 2754 circa
967 2725 1128 2754 motum.
1159 2718 1207 2753 Et
1236 2716 1333 2753 circa
1359 2717 1434 2753 hoc
1466 2717 1535 2754 tria

478 2769 580 2806 facit:
608 2769 730 2817 primo
759 2769 869 2806 solvit
897 2769 1058 2806 rationes
1086 2769 1263 2816 Zenonis,
1284 2769 1452 2818 negantis
1478 2778 1534 2807 to-

476 2822 596 2858 taliter
622 2830 770 2858 motum
800 2835 898 2868 esse;
929 2823 1096 2860 secundo
1117 2822 1280 2859 ostendit
1309 2823 1414 2872 quod
1441 2822 1534 2860 indi-

476 2874 621 2911 visibile
637 2886 714 2911 non
729 2883 917 2922 movetur,
935 2883 1064 2912 contra
1083 2875 1358 2923 Democritum,
1384 2875 1447 2925 qui
1466 2888 1534 2925 po-

477 2927 590 2963 nebat
617 2927 854 2964 indivisibilia
882 2928 1029 2965 moveri
1061 2941 1213 2977 semper
1241 2930 1277 2977 ²¹²,
1307 2929 1375 2965 ibi:
1410 2929 1535 2966 Osten-

476 2980 525 3015 sis
551 2985 674 3016 autem
702 2980 758 3016 his
786 2981 806 3001 *
834 2988 920 3026 ete.;
958 2981 1065 3017 tertio
1095 2981 1257 3019 ostendit
1285 2981 1533 3019 mutationem

479 3043 635 3068 omnem
665 3044 744 3068 esse
773 3033 931 3079 finitam,
953 3041 1082 3070 contra
1103 3034 1347 3082 Heraclitum,
1375 3035 1439 3084 qui
1466 3047 1534 3084 po-

479 3085 591 3121 nebat
619 3084 747 3122 omnia
785 3086 931 3123 moveri
971 3099 1142 3135 semper,
1180 3087 1246 3124 ibi:
1275 3088 1438 3124 Mutatio
1468 3100 1534 3125 au-

478 3143 549 3174 lem
573 3137 594 3158 ²⁸
619 3145 687 3174 etc.
719 3137 827 3174 Circa
845 3138 1011 3186 primum
1039 3139 1114 3176 duo
1144 3140 1244 3176 facit:
1274 3140 1398 3189 primo
1427 3140 1534 3190 ponit

479 3189 670 3238 quandam
700 3190 882 3228 rationem
912 3191 1077 3228 Zenonis
1105 3200 1140 3229 et
1169 3193 1279 3230 solvit
1303 3205 1405 3241 eam,
1436 3206 1534 3243 quae

478 3242 636 3290 pertinet
664 3242 713 3279 ad
739 3243 777 3280 id
796 3243 900 3292 quod
928 3244 1142 3281 immediate
1166 3245 1213 3282 de
1242 3254 1349 3282 motu
1373 3246 1535 3295 praemi-

480 3302 594 3340 serat;
623 3296 789 3332 secundo
828 3296 984 3345 explicat
1013 3310 1147 3334 omnes
1176 3298 1338 3335 rationes
1365 3299 1444 3336 eius
1466 3311 1535 3348 per

481 3347 670 3393 ordinem,
692 3348 759 3385 ibi:
794 3349 962 3391 Quatuor
988 3356 1111 3387 autem
1139 3356 1225 3387 sunt
1247 3351 1408 3388 rationes
1423 3353 1442 3371 ⁴*
1464 3359 1532 3389 etc.

536 3410 569 3435 2.
599 3399 696 3436 Dicit
716 3413 805 3448 ergo
824 3402 947 3449 primo
968 3403 1072 3451 quod
1091 3405 1196 3440 Zeno
1221 3404 1320 3441 male
1340 3403 1534 3441 ratiocina-

482 3450 609 3498 batur,
630 3459 664 3488 et
693 3454 886 3501 apparenti
909 3455 1126 3503 syllogismo
1145 3456 1320 3493 utebatur
1343 3456 1392 3493 ad
1411 3464 1533 3494 osten-

1097 281 1442 318 PHYSICORUM
1469 280 1816 317 ARISTOTELIS
1846 281 1940 316 LIB.
1969 280 2020 317 VI

1656 365 1761 390 totum
1784 359 1823 389 sit
1845 358 2040 394 huiusmodi,
2062 358 2116 388 sed
2139 358 2228 399 quod
2250 358 2356 399 plures
2381 365 2436 389 aut
2454 359 2552 399 magis
2575 368 2647 399 pro-

1655 403 1740 443 priae
1763 409 1883 443 partes;
1908 412 1974 432 non
1997 402 2083 432 idem
2106 409 2212 433 autem
2236 409 2282 433 est
2305 412 2371 432 non
2395 412 2461 432 esse
2481 402 2515 432 in
2530 402 2602 441 hoc,
2619 409 2650 434 et

1655 457 1720 477 non
1738 456 1804 476 esse
1827 446 1861 476 in
1884 446 1946 476 hoc
1970 446 2097 476 totum.'
2112 446 2261 476 Similiter
2279 453 2386 476 autem
2410 453 2455 477 est
2478 452 2508 477 et
2530 446 2563 476 in
2582 456 2649 477 esse

1657 497 1687 522 et
1709 491 1742 521 in
1766 500 1830 521 non
1856 498 1933 528 esse,
1954 497 1983 520 et
1999 490 2031 520 in
2048 489 2113 520 aliis
2132 500 2214 530 quae
2231 490 2408 520 secundum
2431 490 2649 521 contradictio-

1656 544 1731 565 nem
1754 540 1843 565 sunt:
1869 533 1926 564 erit
1949 534 2034 564 enim
2058 543 2094 564 ex
2110 533 2291 564 necessitate
2315 533 2347 563 in
2371 533 2469 564 altero
2485 533 2649 574 opposito—

1656 588 1739 616 rum,
1763 578 1795 608 in
1819 585 1931 609 neutro
1955 584 2062 608 autern
2086 588 2151 608 non
2175 587 2299 617 semper
2321 583 2438 608 toturn.

1588 622 1606 641 *
1622 622 1739 653 Iterum
1762 628 1869 652 autem
1892 622 1924 651 in
1941 622 2057 652 circulo
2082 628 2112 652 et
2130 621 2163 651 in
2187 621 2329 661 sphaera,
2349 627 2380 652 et
2400 621 2532 652 omnino
2552 621 2584 651 in
2601 620 2649 652 his

1657 676 1738 706 quae
1759 666 1791 696 in
1818 665 1893 706 ipsis
1918 672 2104 704 moventur,
2131 665 2205 706 quia
2236 665 2355 696 accidet
2384 664 2453 705 ipsa
2481 665 2650 705 quiescere.

1657 710 1692 740 In
1709 710 1822 740 eodem
1846 709 1931 740 enirn
1954 710 2025 740 loco
2050 709 2226 739 secundum
2245 715 2371 749 tempus
2394 708 2559 749 quoddam
2578 715 2651 740 sunt

1658 760 1688 784 et
1710 754 1778 794 ipsa
1801 760 1831 784 et
1854 760 1974 793 partes:
2000 763 2095 794 quare
2119 753 2281 794 quiescent
2304 753 2400 783 simul
2423 759 2453 784 et
2475 753 2651 785 movebun-

1657 804 1717 828 tur.
1741 797 1759 816 *
1770 796 1914 828 Primum
1935 807 2074 838 namque
2089 804 2190 837 partes
2210 807 2275 828 non
2293 803 2366 827 sunt
2381 796 2414 827 in
2430 796 2545 827 eodem
2560 795 2654 828 nullo*

1657 847 1810 881 tempore.
1834 842 1947 871 Postea
1970 847 2000 872 et
2023 847 2128 872 totum
2151 847 2290 872 mutatur
2314 850 2438 881 semper
2455 841 2488 871 in
2505 841 2650 872 alterum.

1656 885 1732 915 Non
1755 885 1839 916 enim
1863 885 1974 915 eadem
1999 891 2045 916 est
2068 885 2106 915 ab
2129 884 2200 925 ipso
2224 887 2253 915 A
2277 891 2403 925 accepta
2426 884 2599 923 circulatio,
2622 891 2654 915 et

1658 939 1740 969 quae
1756 935 1802 959 est
1821 929 1860 959 ab
1876 928 1947 969 ipso
1970 929 1996 959 B
2013 935 2043 959 et
2064 928 2090 959 C
2103 951 2112 967 ,
2138 936 2168 959 et
2183 929 2223 959 ad
2237 928 2373 960 aliorum
2396 929 2652 970 unumquodque

1658 973 1834 1012 signorum,
1855 973 1914 1003 nisi
1939 972 2019 1004 sicut
2041 972 2182 1003 musicus
2206 973 2306 1003 homo
2330 980 2360 1004 et
2374 973 2487 1011 homo,
2512 972 2586 1014 quia
2601 982 2652 1003 ac-

1658 1017 1741 1047 cidit.
1767 1017 1872 1054 Quare
1897 1023 2038 1047 mutatur
2060 1026 2184 1056 semper
2207 1017 2302 1047 altera
2325 1016 2357 1046 in
2381 1017 2521 1055 alteram,
2546 1023 2576 1047 et
2599 1026 2654 1047 ne-

1657 1070 1819 1102 quaquam
1831 1060 1979 1101 quiescet.
1993 1060 2118 1091 Eodem
2131 1067 2236 1090 autem
2251 1060 2350 1090 modo
2368 1066 2414 1091 est
2433 1066 2463 1091 et
2475 1060 2508 1090 in
2523 1060 2654 1102 sphaera

1658 1111 1688 1135 et
1710 1105 1743 1135 in
1767 1104 1833 1135 aliis
1858 1114 1939 1145 quae
1961 1104 1993 1134 in
2018 1103 2128 1144 seipsis
2151 1110 2330 1134 moventur.
2474 1107 2477 1111 “

1591 1240 1724 1268 velociter
1745 1246 1894 1268 moveatur
1908 1249 1926 1267 a
1939 1239 1996 1267 fine
2017 1238 2106 1276 ipsius
2127 1238 2210 1267 stadii
2232 1239 2262 1268 in
2283 1246 2393 1276 partem
2415 1239 2588 1277 oppositam,
2609 1249 2654 1270 se-

1592 1285 1695 1316 quetur
1709 1279 1859 1307 dimidium
1875 1278 2012 1315 temporis
2033 1288 2094 1307 esse
2116 1279 2236 1315 aequale
2251 1279 2354 1315 duplo:
2376 1288 2435 1308 una
2450 1278 2528 1308 enim
2543 1279 2653 1318 magni}

1590 1318 1724 1347 tudinum
1739 1318 1823 1346 simul
1844 1317 2026 1355 pertransibit
2047 1317 2199 1346 dimidium
2221 1318 2310 1355 ipsius
2331 1318 2430 1354 stadii,
2453 1325 2480 1347 et
2499 1326 2591 1348 totam
2613 1319 2654 1348 al-

1590 1364 1681 1386 teram
1709 1357 1935 1395 magnitudinem
1962 1357 2112 1394 aequalem
2139 1357 2192 1386 toti
2220 1358 2323 1386 stadio.
2351 1374 2370 1379 -
2398 1367 2425 1395 9.
2454 1359 2656 1396 Respondem-

1591 1398 1693 1426 falsum
1708 1406 1769 1425 esse
1784 1398 1864 1434 quod
1878 1397 2059 1434 supponitur,
2081 1406 2186 1434 nempe
2207 1398 2288 1434 quod
2308 1406 2400 1435 aeque
2413 1398 2525 1427 velocia
2541 1399 2655 1436 aequali

1591 1443 1720 1473 tempore
1741 1443 1940 1473 pertranseunt
1961 1437 2095 1474 aequales
2116 1437 2341 1474 magnitudines,
2368 1446 2492 1475 quarum
2512 1446 2571 1467 una
2590 1446 2655 1467 mo-

1590 1483 1671 1504 vetur
1691 1483 1719 1504 et
1740 1476 1795 1504 alia
1809 1476 1937 1513 quiescit.
1960 1477 2086 1512 Quando
2100 1477 2178 1505 enim
2199 1483 2332 1505 movetur
2351 1477 2460 1515 aliquid
2476 1477 2555 1506 iuxta
2574 1477 2656 1515 quie-

1591 1525 1682 1551 scens,
1697 1522 1739 1544 est
1759 1515 1798 1544 ibi
1819 1525 1894 1544 unus
1915 1522 2025 1552 motus;
2047 1517 2106 1544 duo
2121 1523 2218 1544 autem
2239 1523 2331 1552 erunt,
2351 1517 2374 1545 si
2395 1516 2559 1546 movebitur
2577 1517 2656 1546 iuxta

1591 1555 1819 1592 magnitudinem
1840 1562 1965 1584 motam:
1988 1562 2016 1584 et
2036 1555 2066 1583 in
2087 1556 2144 1585 hoc
2158 1565 2235 1592 casu,
2257 1556 2281 1584 si
2295 1563 2392 1585 motus
2413 1557 2470 1585 sint
2488 1556 2517 1586 in
2531 1557 2655 1586 eandem

1591 1602 1711 1632 partem,
1726 1595 1847 1623 addetur
1862 1596 1898 1623 de
1916 1602 2061 1632 tempore;
2076 1595 2099 1623 si
2114 1595 2143 1624 in
2165 1595 2322 1633 oppositas,
2339 1595 2515 1625 diminuetur
2532 1597 2568 1624 de
2582 1603 2656 1625 tem-

1591 1644 1674 1671 pore,
1697 1635 1856 1663 secundum
1879 1635 2068 1672 quantitatem
2089 1642 2186 1664 motus
2207 1635 2332 1664 alterius.
2346 1653 2366 1658 -
2391 1645 2434 1664 ιο.
2456 1635 2540 1664 Ratio
2560 1635 2656 1673 posita

1591 1680 1619 1702 et
1643 1674 1703 1702 eius
1725 1674 1830 1702 solutio
1852 1675 1984 1711 exemplo
2006 1674 2232 1703 manifestantur.
2254 1691 2273 1696 —
2298 1685 2341 1704 11.
2363 1675 2450 1704 Ratio
2469 1681 2572 1704 contra
2592 1685 2656 1704 mu-

1592 1714 1727 1742 tationem
1755 1714 1831 1742 inter
1858 1714 2092 1742 contradictoria.
2126 1715 2214 1749 Quod
2240 1721 2385 1750 mutatur,
2413 1715 2483 1743 dum
2512 1721 2654 1750 mutatur,

1591 1763 1644 1782 nec
1665 1760 1707 1781 est
1721 1753 1751 1781 in
1764 1753 1888 1782 termino
1910 1763 1927 1781 a
1948 1763 2002 1791 quo
2024 1754 2071 1789 (in
2091 1753 2156 1791 ipso
2177 1754 2255 1782 enim
2271 1755 2404 1783 nondum
2419 1755 2580 1791 mutatur),
2602 1763 2657 1783 nec

1591 1793 1622 1820 in
1642 1793 1766 1821 termino
1787 1793 1826 1820 ad
1846 1801 1929 1830 quem
1955 1793 2000 1828 (in
2022 1793 2078 1821 hoc
2098 1793 2175 1821 enim
2197 1793 2255 1822 iam
2281 1800 2423 1822 mutatum
2445 1796 2514 1830 est).
2536 1794 2566 1823 Si
2587 1803 2655 1832 ergo

1592 1838 1719 1860 mutatur
1739 1832 1856 1869 aliquid,
1871 1838 1940 1868 puta
1954 1833 1990 1860 de
2004 1842 2065 1861 non
2086 1833 2152 1861 albo
2170 1833 2200 1861 in
2214 1833 2322 1868 album,
2337 1833 2466 1871 sequitur
2479 1834 2570 1871 quod,
2584 1834 2656 1863 dum

1592 1878 1733 1907 mutatur,
1755 1881 1849 1908 neque
1870 1872 1905 1900 sit
1925 1872 2024 1900 album
2046 1881 2140 1909 neque
2161 1881 2223 1900 non
2243 1873 2356 1901 album:
2380 1874 2461 1910 quod
2482 1879 2526 1902 est
2545 1873 2656 1911 impos-

1592 1911 1680 1940 sibile.
1693 1928 1712 1933 -
1725 1912 1771 1939 Ad
1786 1912 1842 1940 hoc
1857 1911 1959 1940 dicitur
1973 1912 2063 1948 quod,
2085 1911 2235 1948 supposito
2252 1912 2384 1949 partibile
2397 1922 2459 1941 esse
2473 1922 2561 1943 omne
2575 1913 2657 1950 quod

1593 1957 1743 1986 movetur,
1764 1951 1876 1979 nullum
1897 1951 1999 1980 accidit
2020 1951 2213 1988 impossibile:
2234 1958 2329 1988 potest
2357 1952 2434 1980 enim
2462 1961 2525 1981 esse
2550 1951 2656 1990 partim

1592 1990 1622 2018 in
1642 2000 1702 2019 uno
1720 1990 1843 2019 termino
1865 1997 1893 2018 et
1906 1990 2010 2027 partim
2030 1990 2066 2030 {in
2086 1991 2192 2026 alter03
2214 1991 2418 2020 denominatur
2438 1999 2534 2020 autem
2555 1993 2592 2021 ab
2606 1991 2657 2020 illo

1592 2031 1672 2067 quod
1693 2030 1875 2067 principalius
1892 2030 2002 2058 inest.-
2018 2031 2097 2059 Haec
2112 2030 2184 2059 ratio
2205 2031 2316 2068 plenius
2337 2031 2505 2060 refutabitur
2525 2030 2655 2061 1ib.V111.

1590 2085 1609 2090 -
1628 2077 1671 2097 12.
1694 2070 1779 2098 Ratio
1800 2075 1901 2098 contra
1922 2075 2030 2098 motum
2051 2070 2244 2108 sphaericum.
2274 2071 2419 2108 Sphaerae
2441 2077 2468 2099 et
2488 2070 2656 2101 huiusmodi
2699 2097 2704 2108 Ι

1591 2115 1657 2137 sunt
1678 2109 1708 2136 in
1729 2110 1832 2137 eodem
1853 2110 1919 2137 loco
1941 2109 2002 2146 ipsa
2023 2116 2051 2138 et
2071 2116 2166 2146 partes
2187 2119 2290 2138 eorum
2310 2109 2396 2138 etiam
2421 2119 2473 2147 per
2493 2110 2564 2140 illud
2583 2116 2658 2139 tem-

1591 2158 1645 2185 pus
1667 2158 1726 2185 quo
1748 2149 1856 2176 moveri
1878 2155 2040 2185 ponuntur:
2062 2158 2131 2186 ergo
2153 2149 2238 2177 simul
2259 2149 2438 2186 quiescerent
2458 2156 2487 2178 et
2506 2158 2660 2179 moveren-

1590 2194 1637 2215 tur
1664 2189 1743 2224 quod
1771 2194 1813 2216 est
1834 2188 2019 2224 impossibile.
2041 2204 2060 2209 —·
2088 2190 2290 2225 Respondetur
2312 2189 2427 2227 primo,
2455 2190 2538 2227 quod
2562 2196 2658 2228 partes

1591 2228 1729 2264 sphaerae
1755 2234 1852 2256 motae
1883 2237 1944 2256 non
1965 2235 2031 2256 sunt
2052 2228 2082 2256 in
2103 2229 2207 2257 eodem
2228 2229 2294 2258 loco
2317 2238 2369 2265 per
2388 2229 2507 2266 aliquod
2526 2235 2649 2266 tempoe

1591 2276 1657 2303 pars
1683 2266 1761 2295 enirn
1786 2268 1942 2295 succedens
1962 2267 2042 2296 alteri
2063 2268 2136 2305 parti
2158 2269 2254 2297 locum
2282 2268 2433 2305 proprium
2458 2275 2565 2305 mum,
2589 2269 2656 2298 licet

1591 2316 1652 2335 non
1674 2306 1770 2335 locum
1788 2307 1886 2335 totius.
1908 2308 2067 2343 Praeterea,
2089 2307 2175 2336 etiarn
2188 2314 2282 2336 totum
2304 2317 2418 2345 semper
2438 2315 2532 2338 mutat
2544 2309 2656 2338 locum:

1591 2347 1629 2374 ad
1643 2346 1835 2375 diversitatem
1853 2346 1930 2375 enim
1950 2347 2008 2376 loci
2022 2345 2127 2376 sufficit
2141 2348 2222 2385 quod
2238 2347 2410 2384 principium
2424 2348 2480 2377 loci
2495 2348 2525 2377 in
2539 2348 2658 2379 diversis

1591 2385 1678 2423 signis
1699 2386 1854 2423 accipiatur
1874 2387 1966 2423 (quod
1982 2393 2060 2423 patet
2081 2387 2212 2424 exemplo
2227 2386 2256 2415 in
2271 2394 2354 2416 motu
2374 2389 2475 2424 recto);
2496 2387 2657 2417 circulatio·

1591 2435 1642 2454 nes
1661 2425 1746 2463 igitur
1766 2432 1899 2463 acceptae
1919 2433 1951 2454 ut
1972 2426 2139 2463 incipientes
2159 2436 2177 2455 a
2198 2426 2315 2455 diversis
2336 2427 2463 2464 punctis,
2484 2427 2582 2456 locum
2602 2427 2658 2457 cir·

1592 2466 1718 2494 cularem
1739 2471 1860 2494 mutant.

1592 2558 1760 2596 dendum
1790 2558 1895 2607 quod
1923 2558 2013 2595 nihil
2042 2566 2241 2605 movetur,
2280 2557 2393 2596 etiam
2427 2559 2519 2597 illud
2551 2559 2656 2609 quod

1589 2611 1740 2648 videtur
1757 2611 1997 2648 velocissime
2014 2611 2184 2659 moveri,
2205 2611 2300 2649 sicut
2319 2612 2450 2660 sagitta
2469 2624 2568 2661 quae
2586 2613 2657 2650 fer-

1589 2672 1658 2701 tur.
1681 2665 1729 2701 Et
1758 2672 1837 2701 erat
1865 2664 1958 2701 ratio
1988 2677 2057 2701 sua
2076 2665 2096 2686 *
2121 2665 2214 2703 talis.
2246 2665 2373 2702 Omne
2401 2665 2507 2714 quod
2535 2673 2590 2702 est
2615 2665 2656 2703 in
2683 2676 2694 2686 ·

1589 2718 1674 2754 loco
1704 2717 1773 2754 sibi
1801 2717 1966 2766 aequali,
1996 2725 2061 2754 aut
2089 2725 2268 2755 movetur
2293 2725 2357 2755 aut
2384 2718 2558 2766 quiescit:
2587 2717 2656 2756 sed
2699 2717 2706 2724 '

1591 2782 1705 2807 omne
1726 2770 1832 2819 quod
1856 2770 1982 2817 fertur,
2012 2770 2050 2807 in
2079 2770 2246 2819 quolibet
2274 2783 2376 2808 nunc
2395 2778 2450 2808 est
2470 2771 2508 2809 in
2527 2770 2654 2820 aliquo

1589 2823 1674 2860 loco
1703 2823 1774 2860 sibi
1802 2823 1967 2872 aequali:
1998 2835 2088 2872 ergo
2118 2831 2154 2860 et
2175 2823 2247 2861 *ιιι
2275 2823 2445 2873 quolibet
2471 2836 2573 2862 nunc
2591 2831 2656 2862 aut
2682 2834 2692 2844 ·

1590 2884 1767 2913 movetur
1798 2884 1863 2913 aut
1891 2876 2058 2926 quiescit.
2098 2877 2176 2914 Sed
2212 2889 2290 2914 non
2327 2885 2526 2915 movetur:
2564 2889 2654 2926 ergo

1589 2929 1755 2978 quiescit.
1787 2929 1827 2966 Si
1855 2937 1983 2966 autem
2017 2929 2054 2966 in
2087 2929 2189 2966 nullo
2219 2941 2323 2967 nunc
2354 2937 2553 2978 movetur,
2586 2930 2654 2968 sed

1589 2981 1709 3030 magis
1736 2981 1887 3019 videtur
1920 2981 2134 3031 quiescere,
2168 2982 2337 3031 sequitur
2367 2981 2474 3031 quod
2501 2981 2540 3020 in
2572 2990 2653 3022 toto

1588 3042 1761 3083 tempore
1780 3047 1859 3072 non
1878 3035 2090 3082 moveatur,
2111 3034 2179 3072 sed
2207 3035 2327 3083 magis
2354 3035 2533 3084 quiescat.

1641 3088 1775 3124 Posset
1795 3095 1922 3124 autem
1950 3088 2046 3124 haec
2074 3087 2166 3125 ratio
2195 3087 2292 3125 solvi
2319 3100 2388 3137 per
2410 3087 2448 3126 id
2468 3088 2575 3137 quod
2592 3101 2654 3126 su-

1587 3152 1656 3189 pra
1672 3141 1691 3162 *
1707 3147 1904 3178 ostensum
1924 3148 1991 3187 est,
2013 3140 2118 3189 quod
2145 3140 2183 3178 in
2211 3152 2313 3179 nunc
2331 3153 2457 3190 neque
2477 3149 2655 3180 movetur
2681 3154 2692 3165 ·

1589 3205 1713 3242 neque
1733 3193 1900 3243 quiescit.
1931 3193 2008 3230 Sed
2041 3193 2136 3230 haec
2159 3193 2296 3230 solutio
2315 3193 2564 3232 intentionem
2582 3195 2653 3232 Ze-

1589 3246 1698 3284 nonis
1727 3258 1805 3285 non
1833 3245 2067 3284 excluderet:
2105 3246 2242 3284 sufficit
2280 3246 2381 3284 enim
2419 3247 2586 3295 Zenoni,
2622 3247 2653 3285 si

1589 3299 1788 3337 ostendere
1814 3299 1932 3348 possit
1960 3299 2066 3348 quod
2093 3298 2132 3337 in
2158 3307 2238 3336 toto
2266 3307 2440 3349 tempore
2468 3311 2547 3338 non
2569 3312 2653 3338 mo-

1588 3360 1716 3399 vetur;
1745 3352 1850 3401 quod
1881 3351 2032 3390 videtur
2059 3352 2165 3402 sequi
2194 3364 2239 3390 ex
2258 3353 2333 3390 hoc
2354 3352 2460 3402 quod
2486 3353 2525 3391 in
2547 3354 2652 3392 nullo

1588 3417 1690 3442 nunc
1709 3405 1788 3442 eius
1808 3412 1997 3443 movetur.
2025 3405 2073 3442 Et
2095 3405 2183 3444 ideo
2211 3405 2431 3444 Aristoteles
2457 3404 2562 3443 aliter
2579 3407 2652 3443 sol-

1587 3458 1652 3505 vit,
1674 3465 1710 3495 et
1739 3458 1825 3495 dicit
1853 3458 1989 3495 falsum
2014 3470 2096 3496 esse
2119 3458 2224 3508 quod
2253 3458 2346 3496 ratio
2376 3458 2585 3507 concludit,
2615 3465 2652 3496 et

536 3562 562 3592 α)
582 3562 719 3593 quaedam,
739 3571 775 3588 ex
792 3565 959 3596 quibua—lta
979 3567 1032 3592 Psz
1051 3573 1076 3592 et
1094 3569 1147 3598 alu
1166 3569 1295 3602 quaedam
1315 3570 1340 3595 in
1360 3570 1452 3602 quibus
1466 3571 1652 3604 DLsszFoi,
1671 3573 1801 3605 quaedam
1820 3573 1958 3598 contraria
1977 3572 2003 3598 ἰη
2022 3572 2116 3606 qulbus
2135 3572 2174 3604 0,
2193 3573 2283 3606 aliqua
2305 3579 2360 3599 esse
2378 3572 2406 3598 in
2429 3571 2523 3606 quibua
2538 3570 2577 3600 Η,
2595 3577 2650 3596 esse

484 3595 509 3620 ln
529 3596 620 3628 quibus
640 3597 675 3627 R,
694 3598 821 3629 quaedam
837 3607 890 3625 esse
909 3600 934 3625 in
953 3601 1045 3633 quibus
1064 3608 1112 3628 cet.
