2982 4022
73 643 84 655 ⁹
97 642 160 664 Lect.
174 648 207 663 xi.

73 801 84 812 ⁴¹
98 800 168 822 Num.
183 806 231 827 seq.

73 957 85 968 ⁸
98 957 251 978 considerare
267 963 282 978 n

71 989 136 1005 mz.

68 1280 82 1290 ⁸
95 1285 139 1301 noc
155 1285 203 1301 om.
219 1285 282 1301 mnu

71 1312 108 1328 κι.
119 1317 130 1322 -
140 1311 283 1334 cog-noscere

68 1338 139 1354 mun.

14 1716 26 1722 Γ
69 1695 215 1743 :sarept-ium
234 1701 282 1717 om.

20 1868 32 1875 6
72 1852 85 1864 ⁴
98 1852 168 1874 etiam
182 1858 230 1874 om.
253 1858 283 1874 121-

71 1884 109 1900 m.

72 2009 83 2019 “
91 2011 167 2031 tamen
174 2016 221 2032 om.
230 2010 282 2032 rab.

172 2273 186 2306 β

2 2370 30 2418 5³¹·
73 2387 85 2397 ¹⁸
98 2385 160 2407 Lect-
175 2391 215 2406 vu.

6 2425 30 2483 ᾗ
74 2433 87 2444 ⁸
100 2432 187 2461 species
197 2431 250 2453 add.
261 2438 284 2453 κ.

76 2489 86 2500 ·
99 2489 162 2511 Lect.
176 2495 199 2516 x,
215 2494 238 2511 n.
253 2494 284 2515 ¹4·

75 2591 88 2602 ⁸
101 2590 208 2612 diversas
224 2596 287 2611 mu

76 2616 256 2644 nz,aiversitatis
263 2623 286 2638 n.

100 2696 162 2718 Lect.
178 2702 226 2724 seq.

0 2802 12 2824 3
75 2803 87 2814 ’
102 2808 180 2824 omnes
194 2808 277 2824 tunna.

12 2598 25 2625 ζ’

22 2675 27 2699 l*
77 2696 86 2705 .

13 2756 21 2765 .

10 2794 19 2811 1

8 2836 29 2865 '5-

78 2854 87 2864 ⁰
102 2854 171 2877 Num.
186 2855 208 2877 8.

2 2896 20 2941 '5³³⁴'

1 2958 15 2978 Τ

77 3012 90 3022 ¹⁸
102 3011 172 3034 Num.
187 3018 208 3040 7.

1173 235 1283 271 CAP.
1313 235 1378 281 ΙΙΙ,
1410 235 1559 272 LECT.
1589 236 1624 271 V

431 357 435 364 Δ
450 342 466 363 .·‚
487 336 548 362 ,,
575 324 749 365 ostquam
766 316 1020 364 Philosophus
1040 314 1203 351 ostendit
1220 314 1266 350 de
1287 313 1368 361 qui-

399 366 404 378 *
438 364 490 412 ’ξ’
529 370 645 406 bus
674 369 885 406 considerat
911 367 1064 405 scientia
1092 366 1284 412 naturalis,
1306 365 1367 402 hic

454 432 467 476 j
520 425 529 439 ³
547 422 702 471 incipit
720 422 920 459 ostendere
940 433 985 457 ex
1005 420 1141 469 quibus
1162 418 1283 455 causis
1303 418 1367 454 de-

377 501 386 505 *
508 512 511 515 ,
533 471 556 500 ³¹
575 482 767 512 monstret.
790 476 838 511 Et
857 473 1035 511 dividitur
1053 472 1092 508 in
1109 478 1235 520 partes
1255 471 1365 507 duas:

311 529 350 565 in
377 529 500 577 prima
520 528 744 565 determinat
772 527 819 564 de
848 525 983 570 causis3
1013 525 1052 561 in
1079 523 1247 561 secunda
1273 535 1367 559 vero

313 581 476 618 ostendit
503 593 548 618 ex
576 581 712 630 quibus
746 579 867 616 causis
900 577 1078 615 naturalis
1111 577 1366 623 demonstret,

312 634 384 671 ibi:
419 631 755 676 Quoniam‘autem
774 643 920 668 ‘causae
947 629 1142 678 quatuor*
1159 636 1227 665 616.
1258 628 1369 665 Circa

311 687 479 737 primurn
507 686 584 723 duo
617 685 720 722 facit:
752 684 877 732 primo
911 682 1074 719 ostendit
1106 681 1367 718 necessitatem

313 738 586 777 determinandi
606 738 653 774 de
673 737 814 781 causis3
844 735 1012 772 secundo
1032 735 1160 783 incipit
1179 735 1226 771 de
1247 734 1368 771 causis

313 791 573 837 determinare,
602 790 670 826 ibi:
704 791 786 826 Uno
815 789 962 837 quidem
990 788 1101 824 modo
1121 788 1141 808 ²¹⁸
1162 794 1229 823 etc.

356 843 463 880 Dicit
491 854 579 890 ergo
612 842 736 892 primo
770 842 873 891 quod
905 847 1109 889 postquam
1144 839 1368 876 determina-

310 903 390 933 tum
420 899 475 932 e'st
503 895 594 944 quid
623 894 732 931 cadat
759 895 828 931 sub
864 893 1164 930 consideratione
1193 892 1367 928 scientiae

309 948 506 995 naturalis,
552 954 664 984 restat
698 946 1017 984 considerandum
1060 947 1080 967 ’³⁴
1129 946 1175 982 de
1219 945 1365 991 causis,

309 1013 408 1050 quae
427 1009 464 1037 et
491 1008 584 1050 quot
611 1007 708 1036 sunt.
738 1001 787 1037 Et
814 1001 888 1036 hoc
906 998 1011 1045 ideo,
1034 998 1121 1047 quia
1153 998 1228 1034 hoc
1255 1010 1369 1045 nego-

309 1054 404 1091 tium
440 1066 518 1102 quo
552 1052 782 1090 intendimus
825 1052 872 1089 de
910 1059 1042 1088 natura
1075 1058 1252 1098 tractare,
1289 1062 1367 1087 non

309 1107 503 1144 ordinatur
521 1107 571 1143 ad
590 1105 863 1155 operationem,
884 1105 951 1141 sed
979 1104 1028 1141 ad
1049 1103 1259 1141 scientiam:
1282 1103 1370 1152 quia

310 1171 380 1196 nos
409 1172 488 1196 non
514 1171 720 1208 possumus
749 1158 871 1195 facere
901 1170 960 1194 res
988 1158 1188 1204 naturales,
1218 1157 1286 1193 sed
1305 1168 1366 1192 so—

309 1213 389 1248 lum
419 1212 466 1248 de
495 1212 548 1248 eis
576 1211 770 1248 scientiam
799 1211 951 1247 habere.
982 1210 1060 1246 Sed
1087 1222 1158 1246 nos
1186 1221 1265 1246 non
1290 1209 1370 1256 opi-

309 1277 447 1302 namur
474 1277 545 1301 nos
562 1265 583 1285 *²
601 1264 696 1300 scire
723 1263 1038 1312 unumquodque,
1059 1262 1129 1299 nisi
1158 1274 1246 1298 cum
1275 1262 1369 1298 acci-

309 1318 438 1367 pimus
460 1323 617 1366 propter
644 1317 747 1365 quid,
777 1316 882 1365 quod
910 1323 966 1353 est
994 1315 1164 1364 accipere
1193 1327 1368 1351 causam:

309 1370 413 1408 unde
450 1370 693 1407 manifestum
735 1377 791 1406 est
831 1369 936 1417 quod
973 1369 1048 1404 hoc
1086 1368 1369 1405 observandum

310 1430 367 1460 est
389 1423 499 1459 nobis
528 1422 625 1458 circa
653 1422 935 1469 generationem
963 1428 1000 1457 et
1028 1421 1309 1469 corruptionem
1334 1428 1371 1456 et

311 1488 469 1512 omnem
497 1475 707 1511 naturalem
735 1474 1001 1520 mutationem,
1030 1481 1072 1509 ut
1095 1485 1370 1521 cognoscamus

312 1541 454 1575 causas,
473 1535 509 1564 et
527 1527 754 1564 reducamus
776 1527 1081 1574 unumquodque
1097 1527 1144 1563 de
1161 1539 1237 1575 quo
1257 1538 1370 1574 quae-

311 1581 402 1617 ritur
422 1585 579 1628 propter
606 1580 704 1627 quid,
734 1579 772 1616 in
799 1579 1013 1628 proximam
1043 1591 1196 1615 causam
1224 1585 1252 1615 α.

364 1633 450 1669 Hoc
487 1639 615 1668 autem
652 1632 738 1669 ideo
777 1631 883 1678 dicit,
923 1631 1011 1679 quia
1046 1631 1286 1668 considerare
1321 1632 1368 1667 de

311 1685 432 1722 causis
460 1685 684 1734 inquantum
709 1684 940 1730 huiusmodi,
961 1684 1157 1732 proprium
1175 1685 1196 1705 ³⁶
1216 1690 1270 1719 est
1287 1683 1368 1731 phi—

309 1737 461 1787 losophi
488 1737 620 1787 primi:
650 1750 740 1774 nam
761 1749 875 1774 causa
902 1737 940 1773 in
970 1748 1015 1772 60
1045 1735 1150 1784 quod
1172 1748 1284 1772 causa
1314 1742 1370 1771 est

310 1803 389 1828 non
413 1790 603 1840 dependet
626 1802 648 1826 a
667 1790 824 1827 materia
851 1790 1062 1826 secundum
1092 1802 1185 1836 esse,
1203 1801 1248 1825 eo
1265 1788 1369 1837 quod

310 1844 348 1881 in
376 1843 433 1880 his
462 1843 575 1881 etiam
594 1843 615 1863 ‘²‘
635 1855 733 1891 quae
762 1855 784 1879 a
811 1841 968 1879 materia
997 1849 1084 1878 sunt
1111 1849 1293 1890 separata,
1314 1841 1368 1877 in-

309 1896 459 1934 venitur
487 1896 580 1932 ratio
614 1907 761 1932 causae.
799 1895 876 1932 Sed
904 1907 926 1931 a
954 1894 1182 1944 philosopho
1212 1894 1369 1931 naturali

311 1949 513 1987 assumitur
542 1948 790 1986 consideratio
811 1948 859 1985 de
880 1948 1000 1984 causis
1028 1955 1183 1996 propter
1202 1947 1367 1996 aliquam

310 2002 590 2047 necessitatem
620 2013 690 2038 nec
718 2009 846 2038 tamen
866 2000 886 2021 ’¹‘
906 2000 1109 2037 assumitur
1137 2001 1184 2037 ab
1205 2013 1251 2036 eo
1281 2012 1369 2036 con-

311 2055 474 2092 siderare
495 2055 541 2091 de
570 2054 691 2091 causis
711 2054 781 2091 nisi
801 2053 1012 2090 seeundum
1036 2054 1141 2102 quod
1170 2060 1256 2090 sunt
1284 2064 1369 2089 cau-

311 2120 376 2145 sae
404 2106 630 2144 naturalium
658 2106 922 2143 mutationum.

367 2172 402 2196 2.
432 2160 580 2196 Deinde
605 2171 692 2195 cum
718 2159 820 2195 dicit:
859 2159 941 2195 Uno
974 2158 1122 2206 quidem
1150 2158 1261 2194 modo
1288 2164 1370 2205 etc.,

314 2212 538 2249 determinat
552 2211 599 2248 de
616 2212 748 2248 causis.
766 2212 814 2248 Et
834 2211 931 2247 circa
950 2212 1024 2248 hoc
1038 2210 1107 2247 tria
1126 2210 1226 2246 facit:
1246 2210 1371 2258 prim'o

314 2265 476 2312 assignat
490 2265 658 2302 diversas
674 2264 818 2313 species
834 2276 1033 2300 causarum
1049 2263 1265 2300 manifestas
1275 2261 1303 2309 [ἦ
1316 2275 1372 2299 56-

315 2318 440 2354 cundo
461 2318 509 2354 de
528 2317 756 2365 quibusdam
776 2316 1036 2353 immanifestis
1057 2316 1178 2352 causis
1198 2315 1372 2352 determi-

313 2378 387 2417 nat,
404 2370 472 2406 ibi:
492 2370 640 2407 Dicitur
660 2376 784 2406 autem
798 2371 960 2418 fortuna
977 2371 997 2391 ²¹⁶
1012 2376 1099 2414 etc.;
1120 2369 1227 2406 tertio
1251 2376 1373 2405 osten-

314 2423 366 2460 dit
385 2423 489 2471 quod
508 2435 586 2459 non
614 2431 700 2460 sunt
726 2424 852 2471 plures
882 2435 1006 2471 neque
1034 2422 1233 2470 pauciores
1253 2421 1285 2468 ²³,
1303 2421 1373 2457 ibi:

317 2476 422 2518 Quae
440 2482 563 2513 autem
590 2482 676 2512 sunt
702 2488 838 2514 causae
853 2477 873 2496 ²²
889 2483 957 2512 etc.
978 2475 1106 2512 Prima
1134 2474 1310 2512 dividitur
1337 2474 1376 2510 in

314 2528 428 2566 duas:
449 2529 487 2565 in
514 2529 638 2577 prima
666 2529 891 2565 determinat
918 2528 1063 2577 species
1092 2540 1311 2573 causarum;
1337 2527 1374 2563 in

314 2582 481 2618 secunda
510 2582 734 2618 determinat
761 2581 900 2618 modos
929 2582 1166 2619 diversarum
1195 2581 1215 2601 '¹‘
1244 2592 1373 2616 causa-

315 2647 399 2670 rum
419 2634 630 2671 secundum
649 2646 961 2683 unamquamque
981 2634 1159 2682 speciem,
1180 2633 1246 2670 ibi:
1266 2633 1379 2669 Modi

314 2692 438 2723 autem
467 2699 669 2724 causarum
689 2688 708 2708 '¹‘
729 2695 797 2724 etc.
829 2687 939 2723 Circa
966 2687 1132 2735 primum
1162 2687 1238 2723 duo
1268 2686 1373 2722 facit:

314 2739 439 2788 primo
468 2739 610 2776 inducit
638 2739 805 2776 diversas
829 2740 973 2788 species
1003 2751 1218 2785 causarum3
1245 2751 1376 2775 secun-

316 2791 365 2828 do
395 2792 540 2829 reducit
567 2805 630 2829 eas
657 2793 677 2813 *
705 2793 753 2829 ad
787 2800 959 2841 quatuor,
988 2792 1054 2829 ibi:
1089 2793 1224 2829 Omnes
1252 2797 1375 2828 autem

315 2856 415 2882 nunc
431 2846 533 2882 *etc.
561 2845 670 2881 Circa
697 2845 864 2893 primum
894 2845 969 2882 duo
999 2845 1101 2882 facit:
1126 2845 1250 2893 primo
1271 2844 1378 2892 ponit

316 2897 570 2935 diversitatem
589 2910 805 2944 causarum;
823 2898 991 2935 secundo
1013 2897 1166 2947 exponit
1186 2897 1375 2946 quaedam

316 2951 586 3000 consequentia
615 2963 660 2987 ex
689 2951 901 2988 diversitate
928 2951 1140 2999 praedicta,
1173 2950 1244 2987 ibi:
1279 2952 1375 2987 Con-

316 3004 426 3053 tingit
450 3009 574 3040 autem
602 3004 849 3052 multipliciter
864 3005 883 3026 *
900 3011 967 3041 etc.

371 3057 405 3092 3.
435 3056 534 3093 Dicit
562 3068 651 3104 ergo
688 3057 812 3105 primo
848 3057 952 3106 quod
979 3069 1057 3093 uno
1086 3056 1204 3093 modo
1243 3055 1376 3093 dicitur

371 3176 398 3208 α)
418 3176 444 3200 in
459 3176 615 3207 proximam
641 3176 819 3201 causam—in
835 3176 976 3208 propriam
1001 3183 1108 3201 causam
1134 3177 1259 3206 DEFGM,
1275 3177 1301 3201 in
1316 3177 1375 3208 pri-

317 3218 388 3235 mam
405 3217 513 3235 causam
533 3211 567 3240 R,
588 3211 614 3235 in
630 3211 722 3243 prima
740 3218 880 3236 causarum
906 3212 938 3242 Z;
958 3219 1047 3244 margo
1070 3212 1094 3236 G
1117 3211 1194 3236 habet
1221 3212 1262 3236 vel
1275 3212 1374 3243 proxi-

317 3253 401 3274 mam,·
420 3253 510 3277 margo
528 3246 550 3269 N
569 3253 615 3278 per
633 3246 719 3278 ipsum
738 3254 821 3271 aman.
836 3247 876 3271 vel
891 3246 1039 3278 propriam.

371 3279 397 3314 β)
416 3280 538 3313 assignat
555 3281 675 3305 diversas
692 3281 790 3312 species
808 3288 948 3305 causarum
969 3282 1185 3314 manifestam-11
1204 3282 1264 3313 legit
1288 3285 1376 3306 osten-

317 3316 358 3341 dit
376 3315 495 3340 diversas
513 3315 609 3347 species
627 3322 769 3340 causarum
789 3316 953 3348 manifestat,
975 3317 1045 3348 quod
1064 3317 1099 3340 Pb
1119 3321 1282 3341 correxerunt
1299 3317 1374 3341 omit-

317 3351 396 3375 tendo
415 3350 582 3384 manifestat,·
606 3351 653 3374 sed
672 3351 745 3374 codd.
768 3358 821 3375 exc.
835 3350 856 3374 E
875 3350 969 3375 habent
993 3351 1125 3383 assignat,
1146 3356 1171 3375 et
1189 3359 1241 3375 exc.
1261 3352 1374 3383 HMRZp

317 3386 364 3410 EG
384 3386 480 3410 addunt
498 3386 659 3418 manifestas,
674 3386 744 3417 quod
758 3393 817 3409 cum
831 3386 949 3417 sequenti
970 3385 1153 3419 immanifestis
1167 3385 1234 3410 bene
1252 3387 1373 3418 quadrat3

318 3428 366 3453 pro
384 3421 510 3450 diversas,
531 3420 600 3452 quod
619 3428 671 3444 om.
692 3420 743 3450 RZ,
759 3420 924 3444 diversarum
950 3420 981 3450 G,
1002 3421 1045 3452 qui
1064 3421 1169 3452 insuper
1193 3428 1251 3445 cum
1277 3421 1373 3445 EHMN

318 3456 508 3488 transponendo
527 3455 588 3487 legit
606 3462 746 3480 causarum
765 3455 870 3486 species.

371 3490 398 3525 γ)
419 3498 480 3515 nam
494 3494 583 3515 statua
602 3490 705 3522 quidem
713 3490 856 3523 sin—nam
876 3493 965 3514 statua
985 3497 1051 3522 quae
1063 3490 1098 3523 fit
1117 3490 1178 3520 HN3
1198 3490 1301 3521 quidem
1320 3498 1372 3515 om.

318 3526 493 3551 AF.-statim
509 3526 546 3558 fit
560 3525 666 3550 etiam...
686 3525 738 3549 iam
751 3525 844 3559 jactae
856 3533 908 3549 om.
930 3525 1020 3549 CDFM
1040 3530 1145 3557 propter
1163 3532 1298 3549 recursum
1316 3533 1373 3550 ver-

319 3561 413 3585 borum
434 3561 486 3586 iam
502 3562 612 3594 sactae5
631 3568 677 3593 pro
696 3560 788 3589 etiam,
809 3563 897 3585 autem
916 3560 1308 3590 AIKLOQSTVXYab.-Infra
1326 3568 1373 3592 pro

2433 235 2482 282 69

1423 325 1535 349 causa
1563 325 1612 349 ex
1639 325 1712 362 quo
1729 315 1783 360 fit
1808 313 1950 361 aliquid
1975 324 2060 349 cum
2089 313 2183 359 insit,
2214 313 2308 349 sicut
2336 325 2399 349 aes
2429 312 2482 349 di-

1423 366 1516 402 citur
1544 378 1657 402 causa
1690 373 1832 402 statuae
1862 373 1898 402 et
1930 373 2127 412 argentum
2166 378 2279 402 causa
2311 365 2481 414 phialae:

1422 426 1458 454 et
1487 418 1599 454 etiam
1626 430 1769 468 genera
1796 420 1932 455 horum
1952 419 1972 439 ’Β
1994 418 2168 455 dicuntur
2192 430 2328 455 causae
2348 430 2482 454 earun—
2510 428 2520 438 *

1422 472 1510 507 dem
1540 483 1684 518 rerum,
1705 471 1799 507 sicut
1826 472 2020 507 metallum
2043 472 2106 508 vel
2133 471 2310 520 liquabile
2332 472 2395 507 vel
2414 471 2482 507 hu-

1420 523 1598 560 iusmodi.
1623 523 1811 572 Apposuit
1839 531 1966 560 autem
1995 535 2080 560 cum
2109 524 2209 570 insit,
2239 523 2288 560 ad
2308 523 2482 560 differen-

1421 576 1512 612 tiam
1539 576 1761 624 privationis
1790 583 1826 612 et
1854 576 2044 612 contrarii:
2073 588 2163 612 nam
2183 584 2304 613 statua
2324 576 2480 625 quidem

1421 629 1464 664 fit
1491 634 1505 655 ⁷
1534 641 1579 664 ex
1607 641 1710 676 aere,
1741 628 1845 677 quod
1873 628 1968 665 inest
1995 636 2139 665 statuae
2167 629 2243 665 iam
2272 629 2410 675 factae3
2440 629 2482 665 fit

1423 681 1536 717 etiam
1561 693 1606 717 ex
1634 681 1852 728 infigurato,
1883 683 1986 729 quod
2014 681 2170 729 quidem
2199 694 2276 718 non
2295 682 2391 718 inest
2410 689 2481 718 sta-

1422 742 1509 770 tuae
1546 734 1622 770 iam
1657 734 1786 770 factae.
1826 734 1937 770 Unde
1971 746 2035 770 aes
2074 741 2129 770 est
2166 746 2279 770 causa
2316 742 2479 781 statuae,

1422 799 1501 823 non
1538 794 1665 823 autem
1693 786 1948 834 infiguratum,
1980 799 2067 823 cum
2096 787 2142 822 sit
2168 786 2395 835 principium
2413 799 2483 835 per

1423 839 1597 876 accidens
1625 847 1783 886 tantum,
1812 846 1854 875 ut
1881 839 1918 875 in
1945 839 2070 887 primo
2089 840 2109 860 *
2137 839 2279 876 dictum
2309 846 2373 875 est.

1475 904 1512 938 4.
1526 892 1703 928 Secundo
1718 892 1836 928 modo
1853 890 1866 913 ὃ
1881 892 2014 928 dicitur
2029 904 2142 928 causa
2155 892 2292 939 species
2310 897 2347 927 et
2357 903 2482 927 exem—
2524 930 2531 934 ,

1416 945 1547 992 plum.-
1576 952 1612 980 et
1639 946 1714 981 1106
1742 944 1874 981 dicitur
1903 957 2016 981 causa
2052 945 2276 993 inquantum
2306 951 2361 980 est
2389 943 2482 980 ratio

1423 996 1671 1045 quidditativa
1691 997 1764 1042 rei;
1794 998 1868 1033 1106
1897 997 1997 1033 6111111
2027 1005 2082 1033 651
2109 1009 2178 1045 per
2206 997 2311 1045 quod
2343 996 2482 1033 scimus

1424 1050 1471 1087 de
1498 1062 1734 1098 unoquoque
1754 1049 1845 1097 quid
1875 1058 1939 1086 est.
1970 1051 2018 1086 Et
2036 1050 2129 1086 sicut
2149 1050 2289 1086 dictum
2311 1057 2366 1086 est
2386 1049 2483 1085 circa

1423 1103 1622 1139 materiam
1659 1103 1763 1150 quod
1792 1102 1906 1138 etiam
1935 1114 2073 1149 genera
2101 1102 2280 1139 materiae
2309 1102 2483 1139 dicuntur

1424 1168 1558 1203 causa,
1587 1155 1637 1191 ita
1665 1162 1702 1191 et
1729 1167 1867 1202 genera
1904 1155 2041 1203 speciei
2069 1155 2243 1192 dicuntur
2271 1167 2395 1191 causa.
2435 1155 2483 1190 Et

1423 1208 1530 1257 ponit
1558 1208 1776 1256 exemplum
1804 1207 1842 1243 in
1862 1207 2027 1256 quadarn
2050 1207 2295 1244 consonantia
2313 1207 2482 1243 musicae

1424 1274 1522 1310 quae
1549 1268 1708 1297 vocatur
1736 1260 1934 1308 diapason,
1965 1260 2070 1296 cuius
2098 1261 2221 1296 forma
2242 1267 2297 1296 est
2323 1272 2482 1308 propor-

1423 1315 1474 1350 tio
1497 1314 1622 1362 dupla,
1652 1325 1750 1361 quae
1775 1321 1830 1349 est
1850 1313 2015 1349 duorum
2044 1313 2091 1349 ad
2111 1325 2243 1349 unum.
2273 1313 2376 1349 Nam
2396 1325 2482 1360 pro-

1423 1367 1616 1415 portiones
1645 1366 1858 1402 numerales
1882 1365 2091 1414 applicatae
2124 1366 2171 1403 ad
2201 1378 2317 1402 sonos
2343 1366 2362 1385 *
2389 1365 2484 1401 51631

1425 1420 1472 1457 ad
1493 1419 1703 1465 materiam,
1722 1419 1987 1455 consonantias
2007 1418 2206 1455 musicales
2235 1417 2481 1454 constituunt:

1424 1480 1460 1509 et
1489 1484 1576 1508 cum
1606 1472 1682 1508 duo
1710 1472 1772 1508 vel
1801 1471 1959 1519 duplum
1988 1471 2034 1507 sit
2061 1472 2184 1507 forma
2213 1470 2482 1507 consonantiae

1425 1538 1522 1574 quae
1552 1532 1607 1561 est
1635 1524 1829 1572 diapason,
1851 1532 1887 1560 et
1907 1525 1926 1545 ²²⁴
1945 1536 2063 1571 genus
2097 1525 2274 1570 duorum,
2296 1523 2400 1571 quod
2429 1530 2484 1559 est
2510 1533 2521 1543 ·

1423 1589 1626 1624 numerus,
1665 1585 1720 1613 est
1749 1589 1872 1613 causa.
1913 1577 2016 1613 Sicut
2050 1577 2152 1613 enim
2181 1577 2340 1613 dicimus
2378 1576 2483 1623 quod

1423 1632 1545 1667 forma
1573 1630 1757 1678 diapason
1786 1637 1841 1665 est
1867 1629 2062 1678 proportio
2092 1630 2257 1666 duorum
2277 1629 2325 1666 ad
2348 1641 2482 1676 unum,

1423 1695 1521 1731 quae
1555 1690 1610 1718 est
1642 1682 1838 1731 proportio
1869 1682 2002 1730 dupla,
2042 1682 2091 1718 ita
2122 1694 2326 1730 possumus
2359 1681 2483 1718 dicere

1423 1735 1527 1785 quod
1560 1735 1683 1771 forma
1716 1735 1907 1782 diapason,
1937 1742 1992 1771 est
2018 1735 2213 1783 proportio
2242 1735 2407 1771 duorum
2436 1733 2485 1770 ad

1422 1800 1556 1835 unum,
1578 1800 1676 1835 quae
1697 1795 1752 1823 est
1772 1787 2033 1835 multiplicitas.
2050 1793 2061 1808 ε
2081 1789 2129 1824 Ε1
2143 1787 2193 1824 113
2212 1787 2260 1824 ad
2279 1788 2380 1823 hunc
2400 1799 2481 1822 mo-

1425 1842 1518 1878 dum
1547 1852 1683 1876 causae
1712 1840 1942 1877 reducuntur
1976 1852 2111 1876 omnes
2138 1847 2263 1888 partes
2292 1852 2388 1887 quae
2416 1852 2484 1888 po—

1424 1901 1564 1930 nuntur
1591 1893 1629 1929 in
1659 1893 1898 1929 definitione:
1924 1905 2014 1929 nam
2034 1899 2159 1941 partes
2180 1892 2318 1941 speciei
2337 1905 2485 1940 ponun-

1424 1955 1484 1983 tur
1510 1947 1548 1983 in
1578 1945 1817 1994 definitione,
1847 1958 1925 1982 non
1957 1953 2084 1982 autem
2119 1953 2243 1994 partes
2280 1945 2483 1992 materiae,

1424 2007 1465 2036 ut
1494 1999 1626 2036 dicitur
1654 1998 1691 2034 in
1718 1999 1787 2035 VII
1816 1999 2030 2046 Metaphys.
2063 2000 2082 2020 ²⁹
2113 1999 2196 2035 Nec
2220 2005 2275 2034 est
2295 1999 2369 2034 hoc
2398 2010 2486 2034 con-

1424 2060 1481 2090 tra
1508 2052 1546 2089 id
1583 2051 1687 2100 quod
1716 2063 1829 2099 supra
1859 2052 1878 2072 *
1897 2051 2039 2088 dictum
2068 2058 2134 2098 est,
2165 2051 2269 2099 quod
2288 2051 2326 2087 in
2355 2050 2486 2087 defini-

1425 2106 1528 2142 tione
1566 2116 1693 2141 rerum
1731 2104 1957 2141 naturalium
2000 2104 2153 2152 ponitur
2190 2104 2365 2140 materia:
2396 2116 2486 2140 nam

1426 2158 1464 2194 in
1493 2157 1711 2194 definitione
1740 2157 1878 2205 speciei
1906 2169 1996 2194 non.
2020 2157 2172 2205 ponitur
2200 2156 2357 2193 materia
2393 2156 2486 2193 indi-

1425 2210 1597 2256 vidualis,
1626 2210 1693 2246 sed
1722 2210 1878 2247 materia
1907 2210 2138 2255 communis;
2168 2210 2262 2246 sicut
2289 2209 2327 2245 111
2356 2209 2487 2246 defini-

1427 2263 1529 2299 tione
1557 2262 1722 2299 hominis
1750 2270 1943 2311 ponuntur
1970 2274 2100 2299 carnes
2129 2269 2166 2298 et
2193 2274 2290 2309 ossa,
2316 2274 2394 2298 non
2423 2274 2486 2298 au-

1427 2324 1504 2352 tem
1520 2317 1591 2352 hae
1608 2327 1738 2351 carnes
1758 2323 1794 2351 et
1807 2316 1901 2352 haec
1917 2328 2013 2352 ossa.
2031 2316 2177 2352 Natura
2192 2315 2299 2362 igitur
2314 2314 2452 2362 speciei
2467 2315 2487 2335 ’³‘

1430 2368 1627 2405 constituta
1643 2380 1686 2404 ex
1707 2368 1830 2404 forma
1850 2376 1885 2404 et
1909 2368 2066 2404 materia
2087 2367 2293 2413 communi,
2315 2380 2354 2404 se
2374 2368 2489 2404 habet

1428 2429 1470 2458 ut
1493 2421 1660 2457 formalis
1673 2421 1694 2441 '¹‘
1709 2428 1879 2469 respectu
1902 2420 2085 2457 individui
2104 2421 2209 2468 quod
2222 2420 2418 2469 participat
2435 2427 2488 2456 ta-

1430 2475 1506 2510 lem
1526 2482 1715 2518 naturam;
1742 2481 1778 2510 et
1796 2486 1865 2522 pro
1885 2480 1988 2510 tanto
2009 2473 2069 2510 hic
2089 2473 2221 2510 dicitur
2240 2473 2344 2522 quod
2362 2481 2487 2521 partes

1431 2539 1528 2575 quae
1547 2534 1740 2575 ponuntur
1758 2527 1795 2563 in
1815 2526 2045 2574 definitione,
2061 2526 2248 2574 pertinent
2266 2526 2313 2563 ad
2334 2538 2487 2562 causam

1431 2581 1642 2616 formalem.

1485 2632 1815 2669 Considerandum
1854 2639 1908 2668 est
1936 2631 2048 2667 etiam
2077 2631 2090 2657 ζ
2119 2631 2222 2680 quod
2257 2631 2333 2667 duo
2362 2631 2488 2679 posuit

1430 2685 1654 2734 pertinentia
1682 2685 1730 2721 ad
1750 2684 1996 2733 quidditatem
2016 2684 2079 2731 rei,
2101 2684 2239 2720 scilicet
2257 2683 2423 2732 speciem
2453 2691 2488 2720 et

1432 2739 1661 2787 exemplum,
1686 2746 1839 2787 propter
1864 2737 2031 2774 diversas
2061 2737 2257 2786 opiniones
2287 2736 2332 2773 de
2362 2748 2486 2773 essen-

1431 2791 1489 2828 tiis
1518 2803 1656 2828 rerum.
1686 2792 1789 2827 Nam
1817 2791 1923 2826 Plato
1952 2790 2078 2838 posuit
2105 2797 2254 2826 naturas
2275 2790 2487 2838 specierum

1433 2856 1513 2881 esse
1552 2844 1736 2892 quasdam
1774 2844 1915 2880 formas
1952 2844 2175 2889 abstractas,
2211 2855 2303 2891 quas
2341 2842 2488 2879 dicebat

1433 2897 1661 2946 exemplaria
1681 2904 1717 2933 et
1735 2896 1858 2942 ideas;
1889 2903 1925 2932 et
1947 2904 2100 2945 propter
2126 2897 2201 2932 hoc
2219 2895 2345 2944 posuit
2363 2907 2487 2932 exem-

1424 2952 1532 2998 plum
1559 2951 1621 2987 vel
1634 2949 1877 2999 paradigma.
1908 2950 2107 2985 Naturales
2128 2956 2253 2985 autem
2273 2948 2488 2997 philosophi

1430 3003 1494 3051 qui
1514 3003 1653 3051 aliquid
1673 3003 1719 3040 de
1740 3003 1862 3038 forma
1881 3002 2099 3049 tetigerunt,
2119 3008 2328 3050 posuerunt
2347 3002 2487 3038 formas

1429 3056 1467 3093 in
1495 3056 1672 3102 materia3
1702 3063 1738 3091 et
1764 3062 1919 3104 propter
1941 3056 2015 3091 hoc
2039 3054 2249 3091 nominavit
2274 3054 2432 3102 speciem
2456 3055 2485 3090 ³¹².

1427 3184 1486 3202 cum
1505 3177 1540 3201 sit
1554 3177 1725 3209 principium,
1741 3184 1799 3201 cum
1819 3179 1858 3201 est
1872 3176 2033 3208 principium
2049 3176 2088 3200 cd.
2102 3183 2127 3204 a,
2143 3175 2213 3207 quod
2231 3178 2270 3199 est
2280 3174 2442 3206 principium
2458 3175 2487 3205 L,

1428 3215 1467 3236 est
1485 3215 1572 3236 tamen
1587 3212 1751 3244 principium
1771 3217 1818 3236 cet.

1481 3246 1505 3278 ὃ)
1520 3247 1640 3272 Secundo
1653 3247 1767 3272 modo.-
1776 3246 1927 3271 Retinemus
1942 3253 2000 3270 cum
2014 3246 2058 3269 PH
2082 3245 2166 3274 modo,
2181 3244 2251 3276 quod
2261 3251 2278 3268 a
2289 3244 2303 3268 b
2317 3249 2343 3268 et
2357 3249 2404 3268 cet.
2412 3244 2486 3269 codd.

1427 3290 1480 3307 om.
1492 3281 1534 3314 (cf.
1542 3291 1567 3306 n.
1576 3290 1659 3315 praec.
1673 3287 1697 3306 et
1711 3282 1885 3314 seqq.).-1>ro
1893 3284 1918 3305 et
1928 3282 2086 3311 exemplum,
2097 3283 2122 3304 et
2132 3279 2254 3310 exempla
2265 3278 2324 3308 HN;
2335 3286 2416 3303 causa
2428 3284 2488 3311 post

1428 3318 1527 3342 dicitur
1544 3325 1597 3342 orn.
1613 3325 1629 3341 a
1642 3318 1656 3341 b
1671 3322 1696 3341 et
1709 3317 1837 3347 HMpEQ
1852 3323 1899 3348 pro
1914 3315 2100 3347 quidditativa‚
2121 3314 2278 3346 quidditatis
2298 3314 2372 3338 codd.
2387 3322 2487 3339 ornnes.

1480 3353 1502 3384 ε)
1522 3359 1589 3385 quae
1602 3355 1641 3376 est
1655 3351 1869 3383 multiplicitas.—
1879 3350 1914 3374 sic
1929 3351 2015 3381 legunt
2029 3350 2104 3380 PRb5
2136 3357 2165 3373 ro
2179 3356 2253 3381 quae,
2266 3349 2337 3380 quod
2351 3354 2399 3373 cet.
2413 3350 2487 3374 codd.

1427 3392 1452 3411 et
1466 3394 1517 3411 a.-
1531 3388 1580 3411 Pro
1600 3388 1636 3411 Er
1655 3387 1699 3415 ita,
1716 3387 1750 3411 Et
1769 3390 1855 3410 tamen
1875 3386 1927 3415 YZ,
1944 3385 1979 3409 Et
1997 3385 2091 3409 iterum
2124 3384 2197 3416 quasi
2211 3387 2237 3408 et
2255 3383 2345 3418 etiam)
2366 3389 2414 3408 cet.
2433 3392 2486 3409 exc.

1427 3422 1641 3446 BEGHMNsFffi
1660 3422 1733 3451 Infra,
1750 3428 1809 3445 uam
1825 3424 1919 3452 partes
1937 3420 2031 3451 speciei
2045 3422 2184 3451 ponuntur
2202 3419 2228 3443 in
2248 3419 2406 3452 definitione,
2420 3427 2487 3452 quae

1425 3465 1478 3481 orn.
1498 3457 1572 3486 PBT,
1588 3465 1617 3481 ex
1636 3457 1674 3481 ab
1694 3462 1718 3480 et
1737 3461 1784 3480 cet.
1804 3456 1877 3479 codd.
1896 3456 2062 3479 restituimus.

1477 3491 1502 3525 ζ)
1523 3495 1562 3516 est
1572 3492 1742 3520 *etiam-est
1756 3498 1819 3523 ergo
1839 3491 1890 3519 DF,
1907 3493 1946 3514 est
1964 3493 2052 3514 autem
2072 3489 2222 3514 HN.—-Lin.
2239 3497 2295 3522 seq.
2309 3497 2356 3522 pro
2375 3490 2486 3519 scilicet,

1425 3526 1492 3550 idest
1506 3527 1715 3556 PAIKOQTVab
1723 3533 1731 3553 ;
1745 3533 1791 3557 pro
1801 3529 1826 3549 el
1841 3526 2000 3557 exemplum,
2014 3528 2040 3549 et
2054 3525 2179 3556 exempla
2192 3525 2247 3556 BH,
2257 3527 2283 3550 et
2295 3526 2435 3557 exemplar
2449 3525 2471 3549 N
2477 3533 2485 3556 ;

1427 3569 1474 3593 pro
1493 3565 1604 3586 naturas
1623 3561 1774 3593 specierum,
1791 3563 1902 3585 naturas
1921 3567 2009 3585 rerum
2029 3560 2082 3584 EG.

2543 433 2622 448 eorum
2650 434 2721 455 tun,

2510 459 2590 475 earum
2604 460 2627 475 H.

2510 849 2519 857 ³
2535 847 2596 869 Lect.
2606 854 2656 875 xnl,
2667 855 2689 869 n.
2700 854 2721 876 3.

2607 897 2620 921 ὃ

2510 1373 2521 1383 ⁸
2536 1379 2617 1394 sonum
2632 1373 2684 1394 rab.

2541 1534 2564 1553 et
2581 1533 2651 1553 etiam
2671 1538 2722 1560 epo,

2511 1558 2581 1580 etiam
2594 1564 2629 1579 so.

2514 2013 2523 2022 ⁸*
2533 2012 2557 2033 S.
2565 2011 2608 2033 Th.
2618 2012 2668 2033 lect.
2678 2018 2707 2033 lx.
2715 2022 2724 2026 -

2514 2038 2566 2059 Did.
2575 2038 2614 2059 lib.
2622 2038 2660 2065 V1,
2670 2044 2689 2060 c.
2701 2045 2723 2065 x,

2514 2071 2649 2118 nLiecstqqm,
2665 2097 2687 2112 n.
2703 2097 2724 2118 7.

2515 2329 2525 2339 ⁸
2536 2328 2622 2356 speciei
2630 2334 2677 2350 om.
2686 2335 2725 2350 HN.

2515 2437 2526 2447 ⁴*
2533 2437 2619 2464 forma
2634 2443 2700 2459 rom.

2515 3045 2526 3055 ⁴
2548 3045 2636 3071 species
2657 3044 2724 3066 codd.

2515 3077 2563 3092 exc.
2579 3076 2630 3091 ton.
