2840 4004
338 239 397 264 XVI

343 313 384 348 et
406 311 636 360 sequentes
666 303 875 344 editiones
898 302 979 341 alia
1012 301 1178 341 obtinet
1210 300 1378 341 relatio:
1413 299 1456 340 id
1479 299 1599 354 quod
1633 305 1747 340 certo
1772 299 1929 354 probat
1955 298 2010 339 ad
2043 313 2071 340 a
2094 314 2244 343 omnes
2277 311 2518 358 sequentes,

345 367 588 409 immediate
621 365 690 405 vel
724 363 919 411 mediate,
955 375 1050 402 esse
1073 361 1349 415 reducendas.

468 426 715 468 Secundum
739 424 858 478 quod
892 423 1208 471 affirmavimus,
1233 429 1298 463 est
1330 422 1449 476 quod
1482 422 1639 477 singuli
1663 423 1861 471 editores,
1887 422 1966 462 nisi
1992 422 2341 476 reproduxerunt,
2377 440 2518 467 corre-

342 495 495 531 xerunt
529 487 761 528 editionem
794 485 988 539 proxime
1020 484 1355 525 antecedentem.
1379 484 1590 536 Quamvis
1623 484 1828 525 nonnulla
1859 484 1954 524 loca
1986 483 2264 533 inveniamus,
2289 485 2331 525 in
2364 488 2519 540 quibus

345 551 475 592 editio
517 548 631 600 1504
664 548 734 588 vel
763 546 976 600 posterior
1008 551 1196 586 resumat
1218 546 1445 586 lectionem
1476 558 1504 585 a
1526 545 1713 586 relictam
1746 558 1822 599 per
1853 545 2158 599 Theophilum;
2199 551 2384 587 attamen
2426 554 2519 588 tan-

346 625 475 666 quam
508 610 656 665 regula
689 609 821 657 firma,
855 608 925 649 vel
958 613 1132 661 propter
1164 607 1280 661 ipsas
1314 606 1600 660 exceptiones,
1634 606 1808 647 stabiliri
1844 612 1998 660 potest,
2024 606 2198 660 quando
2232 607 2374 661 aliqua
2406 609 2522 662 prior

347 672 476 714 editio
510 671 625 712 idem
647 670 751 725 legit
784 682 880 709 cum
908 668 1147 722 posteriori,
1172 681 1323 708 omnes
1356 667 1628 708 intermedias
1665 667 1874 708 editiones
1907 668 2043 722 ipsam
2079 668 2259 709 eandem
2293 669 2520 710 lectionem

347 733 568 781 exhibere;
604 745 668 772 ex.
692 745 767 786 gr„
791 730 865 770 ubi
888 730 929 770 in
952 735 1157 784 apparatu
1182 729 1437 770 variantium
1459 729 1652 784 signatur
1684 729 1758 777 Pb,
1785 735 1945 769 certum
1968 735 2033 769 est
2066 735 2107 770 et
2129 729 2407 771 Timotheum
2429 731 2519 771 Ve-

346 807 587 842 ronensem,
613 799 655 833 et
680 792 996 845 Hieronymum
1014 791 1081 845 lde
1116 790 1310 839 Oleariis,
1335 796 1376 831 et
1408 803 1662 843 anonymos
1688 796 1729 831 et
1761 790 1945 830 Fabium
1968 790 2263 832 Florentinum
2295 792 2453 832 habere
2475 798 2523 832 ut

345 857 478 898 Piana
511 861 552 895 et
583 853 850 907 Theophilus
885 851 1208 901 Cremonensis;
1243 852 1317 892 ubi
1351 852 1595 892 notavimus
1617 853 1723 892 Pet
1745 851 1839 905 (vel
1866 852 2035 906 secuta)
2064 852 2207 892 Venet.
2237 852 2368 904 1504,
2393 853 2522 894 inter-

347 917 514 958 mediae
549 915 759 956 editiones
795 914 952 954 faciunt
1000 927 1096 954 cum
1130 913 1241 962 istis,
1278 914 1372 954 Pab
1405 913 1519 954 idem
1552 919 1616 953 est
1647 926 1697 953 ac
1737 912 1948 953 edz'tzbnes.
1978 913 2096 953 Istud
2130 913 2256 954 etiam
2290 914 2523 955 luculenter

346 978 587 1019 manifestat
620 975 844 1030 quomodo
878 974 1200 1030 intelligendum
1234 975 1299 1023 sit,
1324 974 1444 1028 quod
1478 974 1663 1015 editores
1696 973 1838 1014 dicant
1864 987 1912 1014 se
1945 974 2132 1014 maximo
2166 975 2313 1016 labore
2355 981 2397 1016 et
2439 988 2522 1029 ope

347 1040 578 1080 multorum
612 1036 918 1091 exemplarium
950 1038 1021 1077 vel
1061 1036 1258 1077 codicum
1292 1036 1645 1076 commentarium
1668 1036 1919 1076 correctioni
1951 1035 2195 1084 tradidisse;
2222 1049 2309 1076 non
2331 1036 2523 1089 privatos

347 1113 501 1154 nempe
529 1113 576 1139 se
598 1099 794 1139 volentes
817 1098 1037 1139 laboribus
1061 1103 1186 1138 antea
1207 1097 1338 1146 factis,
1363 1103 1404 1138 et
1426 1097 1617 1138 ultimam
1639 1097 1934 1138 recensionem
1956 1097 2301 1150 praecedentium
2330 1097 2523 1137 laborem

349 1160 573 1215 complecti
607 1160 703 1209 rati,
738 1158 909 1200 codices
943 1165 984 1200 et
1016 1159 1247 1213 aliquando
1281 1158 1544 1213 antiquiores
1583 1158 1792 1199 editiones
1829 1158 2114 1198 adhibuerunt
2145 1158 2200 1198 ad
2223 1157 2523 1213 corrigendum

349 1223 580 1264 editionem
614 1234 718 1262 suae
752 1221 946 1275 proxime
979 1220 1322 1269 antecedentem;
1357 1220 1436 1260 nisi
1470 1220 1582 1260 enirn
1615 1220 1675 1260 sic
1709 1220 1917 1275 egissent,
1964 1219 2042 1259 sed
2081 1232 2220 1260 novae
2254 1225 2296 1260 et
2330 1219 2524 1275 originali

348 1283 586 1326 recensioni
621 1282 973 1323 commentarium
1007 1282 1316 1330 submisissent,
1342 1281 1532 1335 profecto
1567 1281 1660 1322 talis
1693 1281 1840 1321 relatio
1875 1281 2046 1334 qualem
2069 1281 2396 1335 assignavimus,
2417 1280 2524 1321 effici

348 1359 436 1387 non
469 1344 690 1399 potuisset.
726 1343 842 1396 Quid
877 1343 996 1397 quod
1029 1357 1116 1384 non
1149 1357 1244 1383 raro
1279 1342 1407 1383 iidem
1441 1355 1604 1387 errores
1639 1341 1881 1388 evidentes,
1916 1341 2285 1395 typographorum
2318 1341 2402 1381 sint
2433 1341 2526 1382 sive

348 1412 648 1454 correctorum,
673 1419 748 1459 per
769 1405 911 1459 plures
945 1404 1154 1445 editiones
1187 1404 1488 1458 perseverant?
1523 1403 1639 1455 Quid
1673 1401 1792 1456 quod
1826 1414 1914 1441 non
1946 1401 2079 1441 semel
2113 1414 2188 1455 per
2225 1402 2404 1442 omnes?
2437 1402 2525 1442 Ac-

348 1469 460 1510 cedit
492 1467 612 1522 quod
645 1467 779 1521 vulgo
812 1466 1023 1506 dissensio
1057 1465 1233 1505 alicuius
1269 1464 1467 1505 editionis
1487 1463 1722 1518 aproxime
1745 1462 2026 1517 praecedenti,
2045 1462 2243 1516 explicari
2273 1468 2426 1516 potest,
2446 1462 2526 1503 nisi

347 1529 566 1571 arbitraria
597 1528 662 1576 sit,
684 1541 737 1568 ex
765 1527 889 1567 huius
923 1526 1218 1566 mendositate.
1243 1526 1367 1566 Hanc
1389 1531 1532 1566 autem
1564 1537 1875 1579 saepenumero
1909 1523 2144 1564 editoribus
2167 1523 2375 1564 rationem
2397 1524 2527 1564 fuisse

348 1604 489 1632 novae
522 1589 715 1630 lectionis
749 1587 1028 1635 inducendae,
1052 1593 1139 1627 tam
1173 1587 1331 1628 clarum
1355 1593 1430 1635 est,
1453 1592 1500 1627 ut
1531 1586 1691 1640 passim
1724 1586 1766 1626 in
1801 1585 1912 1626 notis
1945 1585 2110 1638 absque
2144 1585 2343 1639 scrupulo
2378 1598 2429 1625 ea
2461 1585 2526 1625 usi

348 1665 509 1700 sumus,
534 1664 619 1704 qua
651 1649 877 1690 lectionem
911 1655 1101 1689 nostram
1136 1648 1472 1689 defenderemus.
1506 1647 1669 1688 Pluries
1713 1652 1856 1687 tamen
1889 1646 2092 1687 mendum
2136 1652 2178 1686 et
2219 1646 2525 1687 correctionem

348 1713 449 1754 nihil
483 1711 736 1766 explicando
772 1710 1028 1751 notavimus.

473 1836 543 1875 De
576 1833 893 1874 authenticitate
926 1833 1051 1873 huius
1086 1831 1391 1872 Commentarii
1426 1831 1510 1871 iam
1543 1831 1727 1879 diximus
1759 1830 1802 1870 in
1835 1829 2054 1884 principio,
2090 1829 2209 1884 quod
2248 1835 2526 1870 monumenta

349 1897 551 1939 historica
593 1909 688 1936 eam
727 1900 949 1948 tantopere
992 1894 1295 1948 comprobant,
1330 1899 1376 1933 ut
1421 1906 1475 1933 ne
1508 1892 1711 1946 suspicari
1745 1891 1920 1945 quidem
1962 1891 2085 1932 liceat
2126 1905 2159 1932 s.
2183 1891 2398 1932 Thomam
2438 1905 2526 1932 non

350 1959 570 2013 scripsisse
605 1956 970 2004 commentarium,
1005 1956 1074 1996 vel
1108 1969 1195 1995 non
1230 1954 1527 2008 composuisse
1561 1966 1659 1994 eum
1699 1966 1828 2007 quem
1859 1952 2080 1993 habemus.
2104 1953 2344 1993 Immensus
2377 1965 2527 1993 nume-

352 2034 423 2061 rus
457 2018 710 2060 variantium
745 2030 855 2071 quae
889 2017 931 2057 in
965 2017 1185 2057 codicibus
1219 2016 1518 2064 observantur,
1552 2015 1725 2070 egregie
1759 2019 1876 2055 extra
1919 2027 2047 2054 omne
2084 2014 2262 2054 dubium
2294 2014 2416 2068 ponit
2451 2027 2527 2054 au-

352 2081 657 2122 thenticitatem
679 2080 873 2119 locorum
907 2079 950 2119 in
984 2079 1140 2132 quibus
1175 2077 1448 2118 concordant.
1482 2076 1599 2124 Ide0,
1633 2075 1752 2129 quod
1786 2075 1840 2115 de
1873 2075 2186 2116 authenticitate
2219 2075 2454 2116 editionum
2487 2081 2530 2115 et

353 2143 550 2184 codicum
585 2141 787 2188 dicemus,
813 2139 867 2180 de
890 2140 1153 2180 variantibus
1186 2139 1442 2180 lectionibus
1475 2136 1798 2192 intelligendum
1832 2142 1907 2184 est,
1932 2136 2062 2190 idque
2096 2136 2149 2176 de
2182 2137 2232 2176 iis
2265 2136 2528 2177 variantibus

353 2217 464 2258 quae
498 2204 662 2244 bonum
695 2215 871 2242 sensum
903 2201 1080 2251 habent;
1115 2214 1202 2241 non
1237 2201 1349 2241 enim
1382 2199 1521 2254 agitur
1554 2198 1607 2238 de
1640 2197 1954 2238 authenticitate
1987 2197 2308 2238 absurditatum.
2342 2197 2415 2238 Ad
2447 2197 2530 2237 hoc

352 2272 495 2306 autem
518 2263 899 2312 determinandum,
919 2262 1269 2318 distinguendum
1288 2267 1352 2301 est
1374 2261 1482 2301 inter
1504 2272 1763 2300 consensum
1786 2259 2021 2299 editionum
2045 2272 2277 2312 earumque
2293 2258 2531 2313 discrepan-

351 2327 473 2367 tiam:
507 2326 581 2366 ubi
615 2325 897 2373 consentiunt,
923 2325 1114 2365 omnium
1147 2323 1375 2364 auctoritas
1409 2335 1497 2362 non
1520 2322 1658 2362 differt
1689 2321 1744 2360 ab
1767 2320 2015 2365 auctoritate
2039 2320 2237 2360 editionis
2269 2333 2321 2367 a,·
2354 2320 2529 2373 quando

352 2383 457 2429 vero
493 2387 758 2435 dissentiunt,
783 2399 994 2427 novarum
1027 2386 1258 2426 lectionum
1291 2384 1519 2425 auctoritas
1543 2382 1694 2422 eadem
1723 2386 1788 2421 est
1809 2394 1858 2421 ac
1875 2381 1995 2421 istius
2020 2381 2228 2429 editionis,
2253 2393 2365 2434 quae
2393 2380 2529 2434 prima

353 2450 556 2504 divagata
599 2454 673 2488 est.
714 2448 846 2500 Quod
889 2454 1031 2488 autem
1077 2447 1133 2487 ad
1165 2461 1193 2487 a
1226 2446 1390 2493 attinet,
1425 2445 1468 2485 in
1514 2444 1627 2498 ipsa,
1670 2442 1796 2483 etiam
1843 2442 1972 2482 relate
2013 2442 2069 2482 ad
2113 2448 2284 2483 nostros
2332 2441 2525 2490 codices,

353 2510 681 2552 discernendum
716 2515 780 2550 est
802 2515 943 2549 utrum
977 2522 1073 2549 curn
1108 2507 1308 2549 omnibus
1342 2506 1411 2546 vel
1435 2518 1531 2546 cum
1563 2504 1776 2558 aliquibus
1810 2509 1903 2552 stet,
1938 2517 1992 2544 an
2016 2504 2216 2544 omnibus
2251 2502 2522 2543 contradicat.
2563 2530 2565 2532 -

352 2574 399 2613 In
433 2572 570 2626 primo
596 2584 696 2611 casu
731 2577 772 2612 et
794 2570 985 2611 secundo
1018 2575 1135 2624 patet
1157 2573 1363 2622 quantum
1385 2567 1541 2615 valeat;
1565 2578 1719 2619 nempe
1742 2571 1949 2619 quantum
1972 2565 2142 2606 codices
2166 2565 2323 2619 quibus
2346 2577 2526 2618 respon-

353 2634 436 2675 det.
460 2633 549 2675 Sed
575 2632 721 2687 quanti
755 2631 1019 2673 aestimanda
1051 2631 1105 2671 sit
1126 2629 1199 2670 ubi
1234 2641 1385 2669 omnes
1420 2628 1590 2668 codices
1624 2627 1832 2680 relinquit,
1857 2627 2082 2674 nescimus,
2107 2626 2208 2680 quia
2239 2626 2402 2666 fontem
2435 2625 2527 2665 eius

352 2709 440 2736 non
476 2694 792 2749 cognoscimus.
827 2693 947 2733 Idem
988 2692 1123 2746 vulgo
1163 2690 1391 2731 dicendum
1425 2695 1489 2730 est
1522 2689 1575 2729 de
1609 2688 1947 2742 discrepantibus
1980 2688 2234 2738 lectionibus
2269 2686 2526 2735 editionum,

353 2770 451 2798 cum
484 2756 598 2796 unde
632 2755 843 2809 originem
876 2754 981 2794 tales
1015 2753 1219 2793 lectiones
1259 2751 1425 2799 ducant,
1461 2750 1713 2791 nesciamus.

476 2818 566 2857 Iam
600 2815 783 2856 diximus
816 2829 845 2855 a
886 2814 1134 2869 praesertim
1180 2813 1235 2853 ad
1268 2819 1352 2853 tres
1392 2812 1562 2852 codices
1595 2811 1840 2852 affinitatem
1873 2810 2048 2859 habere,
2083 2810 2138 2850 ad
2171 2811 2234 2858 E,
2267 2810 2310 2849 N
2343 2814 2386 2849 et
2416 2809 2456 2858 1;
2489 2808 2527 2848 si

354 2892 458 2934 ergo
492 2877 759 2931 loquendum
794 2883 858 2917 est
891 2876 944 2916 de
986 2875 1301 2916 authenticitate
1348 2874 1472 2914 huius
1516 2873 1738 2921 editionis,
1786 2871 2088 2912 recurrendum
2127 2877 2192 2912 est
2229 2870 2284 2910 ad
2327 2870 2408 2910 hos
2450 2881 2524 2909 co-

353 2940 481 2980 dices.
506 2939 648 2979 Nemo
682 2944 824 2978 autem
858 2951 945 2978 non
978 2937 1107 2985 videt,
1130 2936 1302 2990 probari
1336 2949 1424 2975 non
1456 2947 1587 2988 posse
1620 2934 1715 2974 illos
1738 2933 1920 2980 codices,
1955 2933 2006 2973 iis
2039 2933 2081 2972 in
2114 2932 2219 2973 locis
2242 2932 2284 2971 in
2317 2930 2474 2984 quibus
2497 2943 2528 2970 a

354 3015 431 3042 eos
463 3000 666 3054 sequitur,
692 2999 1007 3054 autographum
1040 2998 1219 3038 fideliter
1251 2996 1441 3044 reddere,
1465 2996 1508 3036 in
1540 2995 1632 3036 aliis
1665 3001 1807 3035 autem
1851 2994 2024 3034 minime
2058 3007 2154 3034 cum
2193 3005 2246 3033 eo
2280 2991 2523 3032 convenire.

352 3062 582 3104 Probabile
615 3061 757 3116 potius
791 3061 1019 3114 unicuique
1055 3060 1141 3108 erit,
1166 3058 1291 3099 aliam
1325 3058 1573 3099 relationem
1607 3057 1787 3097 existere
1821 3055 1978 3096 debere
2009 3055 2116 3095 inter
2149 3059 2319 3095 nostros
2354 3053 2525 3093 codices

353 3131 395 3165 et
427 3138 465 3171 a,
501 3123 627 3164 aliam
661 3123 768 3163 inter
801 3122 979 3163 eosdem
1014 3127 1054 3162 et
1087 3120 1412 3175 autographum.
1438 3119 1581 3171 Quare
1615 3118 1727 3158 enim
1760 3118 1801 3157 N
1835 3116 1972 3172 magis
2005 3116 2100 3156 Lib.
2123 3116 2292 3156 Ix1-xv
2324 3127 2454 3168 quam
2482 3114 2525 3154 in

353 3186 518 3239 reliquo
538 3184 845 3225 commentario
879 3182 1144 3224 authenticus
1179 3181 1384 3222 dicendus
1418 3181 1506 3220 est?
1541 3180 1685 3232 Quare
1718 3178 1899 3219 familiae
1932 3178 1974 3218 A
2003 3190 2078 3231 per
2111 3177 2320 3218 minorem
2362 3181 2525 3230 partem

354 3246 647 3288 commentarii
680 3245 788 3286 fides
822 3251 1014 3300 negatur,
1039 3257 1150 3298 quae
1183 3256 1259 3297 per
1290 3242 1495 3283 maiorem
1523 3241 1567 3287 ,ei
1600 3239 1921 3295 praestabatur?
1951 3239 2096 3291 Quare
2135 3237 2429 3279 authenticitas
2461 3236 2523 3277 fa-

354 3308 494 3348 miliae
527 3309 566 3348 E
598 3308 801 3361 inciperet
823 3321 920 3347 cum
953 3306 1159 3361 principio
1183 3303 1486 3351 commentarii,
1512 3308 1552 3343 et
1584 3308 1684 3357 post
1716 3302 1865 3343 decem
1887 3301 2117 3341 Lectiones
2145 3300 2366 3349 desineret,
2390 3304 2437 3339 ut
2468 3303 2526 3338 ta-

354 3382 452 3409 men
485 3370 547 3409 IV
580 3382 655 3409 xv1
688 3382 832 3410 rursus
867 3368 1039 3409 adesset
1072 3373 1113 3408 et
1137 3366 1306 3407 duraret
1337 3378 1474 3419 usque
1507 3363 1562 3405 ad
1598 3364 1776 3404 Librum
1810 3363 2003 3403 sextum?
2038 3362 2229 3403 Concedi
2260 3365 2408 3416 posset
2439 3357 2523 3398 hoc

355 3443 442 3470 non
476 3443 571 3470 esse
605 3430 807 3479 mirabile,
832 3430 867 3471 si
890 3430 932 3470 in
955 3431 1008 3478 N,
1033 3430 1071 3470 E
1105 3434 1146 3469 et
1178 3429 1195 3468 Ι
1224 3427 1460 3468 secundum
1482 3425 1761 3466 variationem
1785 3438 1823 3472 a,
1849 3424 2128 3465 mutationem
2151 3420 2410 3464 recensionis
2432 3418 2522 3459 ani-

355 3490 621 3531 madvertere
655 3491 819 3539 liceret;
854 3491 931 3532 sed
966 3491 1064 3532 dicti
1099 3490 1269 3530 codices
1303 3501 1471 3543 semper
1492 3487 1573 3528 sibi
1608 3492 1813 3535 constant,
1838 3486 1998 3539 ubique
2031 3485 2138 3525 inter
2159 3497 2206 3525 se
2240 3481 2422 3524 eundem
2455 3491 2526 3520 re-

355 3558 549 3606 spectum
582 3552 755 3602 habent;
780 3553 837 3593 ita
869 3559 915 3593 ut
949 3565 1001 3593 ex
1034 3553 1117 3593 hoc
1151 3551 1286 3606 capite
1309 3556 1381 3591 aut
1413 3562 1581 3604 semper
1613 3555 1686 3590 aut
1707 3560 1927 3602 nunquam
1949 3545 2175 3587 authentici
2206 3542 2389 3586 habendi
2412 3545 2522 3582 sunt.
