2898 3996
167 658 182 683 ὃ

7 1439 41 1483 ᾒῖζ
62 1451 154 1500 :aquae
170 1457 274 1473 nrums

8 2014 15 2021 .
40 2014 46 2052 f
56 2026 72 2040 ⁸
85 2026 150 2056 quod
161 2033 210 2049 om.
223 2033 246 2049 ι’.

19 2346 24 2380 ζ
47 2334 53 2375 „¹
85 2347 221 2368 nauseatur
234 2353 256 2368 r.

24 2626 26 2629 .
63 2635 65 2637 Ι
86 2607 149 2636 qnod
161 2613 216 2634 mo„

27 2645 32 2689 ’ζ
83 2658 152 2686 Μία
166 2666 214 2682 om.
233 2666 270 2682 sc.

27 2953 129 3023 ssffiud
136 2974 161 2996 in
170 2974 272 2997 secunda

49 3070 60 3084 ἐ

38 3089 201 3165 {Pponendae
205 3135 272 3156 codd.

48 3163 88 3185 *tan
100 3160 136 3183 ed.
147 3167 171 3183 a.

43 3220 71 3259 .ςῖ

53 3282 77 3310 -2‘
86 3292 242 3318 pertransibtt
260 3298 273 3313 p

50 3316 137 3342 χω).

3 710 24 751 12·
67 714 279 762 'maweu

1166 307 1276 343 CAP.
1307 306 1352 354 11,
1381 305 1531 349 LECT.
1563 306 1614 343 1v

307 388 379 426 bile
398 388 468 437 per
490 396 611 426 totum
630 396 779 437 tempus
800 388 835 425 G
853 387 1051 436 pertransit
1078 394 1196 423 totam
1222 384 1364 432 magni-

306 441 475 479 tudinem
494 443 573 489 AB,
596 449 744 490 oportet
767 440 871 489 quod
890 441 927 477 in
951 441 1022 476 hac
1049 447 1154 488 parte
1182 437 1363 485 temporis

306 506 404 543 quae
438 502 494 531 est
522 495 606 542 GD,
638 501 871 542 pertranseat
898 493 1064 540 aliquam
1093 499 1240 540 partem
1267 489 1362 526 illius

306 546 591 594 magnitudinis,
619 559 715 596 quae
744 546 898 594 quidem
926 545 971 582 sit
998 545 1076 581 BE.
1107 544 1207 580 Cum
1235 549 1363 579 autem

305 601 373 636 AB
411 600 630 648 magnitudo
664 599 710 636 sit
745 598 850 635 finita
884 604 920 634 et
951 597 1092 643 maior,
1129 596 1196 632 BE
1234 601 1360 631 autem

306 652 455 689 finitum
476 660 512 689 et
530 652 656 689 minus
675 649 699 698 ὃ,
716 662 869 687 necesse
889 657 945 686 est
962 649 1067 696 quod
1085 649 1152 684 BE
1172 654 1236 684 aut
1254 659 1360 684 men-

306 713 408 742 suret
442 712 564 742 totum
596 706 616 726 ’³‘
647 705 734 750 AB,
764 709 828 739 aut
863 701 1012 747 deficiet
1047 708 1111 737 aut
1139 701 1292 736 excellet
1321 700 1362 736 in

306 757 573 805 mensurando,
603 757 634 794 si
660 754 850 792 multoties
878 761 1048 791 sumatur
1074 754 1161 790 BE:
1183 753 1236 789 sic
1259 753 1360 789 enim

306 822 419 847 omne
446 809 595 847 finitum
623 809 749 845 minus
768 819 808 843 se
826 807 941 843 habet
967 806 1017 843 ad
1044 806 1193 842 finitum
1221 806 1358 853 maius,

304 871 347 900 ut
371 869 474 911 patet
499 862 538 898 in
564 860 743 898 numeris.
765 859 971 896 Ternarius
994 859 1106 906 enim,
1128 858 1192 906 qui
1213 866 1268 894 est
1290 858 1359 895 mi-

304 927 376 952 nor
402 913 562 959 senario,
591 913 649 950 bis
677 919 853 961 acceptus
886 919 1080 948 mensurat
1106 912 1250 960 ipsum:
1280 911 1359 959 qui-

303 966 451 1003 narium
477 977 591 1012 vero,
612 965 677 1014 qui
705 964 817 1002 etiam
839 971 893 1000 est
910 965 1043 1011 maior,
1065 977 1143 1001 non
1166 971 1360 1001 mensurat

303 1018 360 1055 bis
387 1025 575 1067 acceptus,
595 1017 663 1055 sed
692 1017 851 1063 excedit;
880 1018 964 1065 plus
994 1017 1095 1054 enim
1125 1024 1179 1053 est
1206 1017 1263 1053 bis
1291 1016 1360 1053 tria

303 1083 419 1120 quam
439 1071 617 1120 quinque.
640 1070 816 1108 Similiter
839 1071 951 1106 etiam
973 1077 1009 1106 et
1027 1069 1282 1117 septenarium
1302 1069 1359 1105 bis

303 1131 479 1173 acceptus
507 1135 585 1160 non
613 1130 816 1170 mensurat,
838 1122 905 1160 sed
934 1122 1060 1159 deficit
1078 1122 1125 1159 ab
1147 1134 1211 1158 eo:
1232 1122 1358 1158 minus

303 1177 405 1213 enim
435 1183 490 1213 est
508 1176 565 1213 bis
592 1176 661 1213 tria
680 1188 795 1225 quam
815 1183 970 1224 septem.
993 1175 1070 1212 Sed
1092 1182 1219 1212 tamen
1238 1174 1268 1211 si
1288 1182 1359 1211 ter-

302 1229 429 1266 narius
445 1237 512 1275 *ter
531 1229 743 1277 accipiatur,
770 1228 924 1265 excedet
952 1228 1063 1264 etiam
1091 1227 1356 1276 septenarium.

302 1282 406 1318 Nihil
448 1290 573 1319 autem
617 1282 740 1319 differt
777 1293 1020 1330 quocumque
1056 1281 1174 1317 modo
1219 1281 1358 1317 horum

301 1334 414 1371 trium
447 1335 513 1371 BE
542 1347 581 1371 se
613 1335 751 1371 habeat
778 1334 827 1371 ad
853 1335 941 1370 AB:
972 1333 1059 1382 quia
1086 1333 1188 1370 idem
1217 1333 1358 1370 mobile

302 1399 453 1435 semper
487 1387 726 1436 pertransibit
756 1386 1055 1434 magnitudinem
1088 1387 1286 1435 aequalem
1325 1387 1358 1422 ei

302 1439 406 1488 quod
427 1441 446 1460 ²²⁴
475 1447 530 1477 est
553 1440 638 1488 BE,
666 1441 705 1477 in
732 1447 904 1488 tempore
932 1438 1079 1487 aequali
1107 1439 1139 1475 ei
1172 1439 1277 1487 quod
1306 1446 1360 1476 est

303 1493 386 1529 GD.
418 1493 494 1530 Sed
522 1493 588 1529 BE
617 1499 810 1529 mensurat
845 1499 967 1528 toturn
1003 1492 1070 1528 AB
1116 1493 1178 1528 vel
1216 1492 1360 1529 excedit

301 1545 439 1594 ipsum,
460 1545 490 1582 si
518 1545 707 1582 multoties
735 1553 914 1582 sumatur.
936 1545 1037 1592 Ergo
1061 1552 1096 1581 et
1116 1545 1186 1581 GD
1207 1557 1358 1582 mensu-

301 1597 396 1634 rabit
423 1605 544 1634 totum
567 1605 718 1647 tempus
739 1599 774 1635 G
791 1598 853 1635 vel
883 1597 1027 1634 excedit
1054 1597 1192 1645 ipsum,
1214 1597 1244 1634 si
1264 1599 1357 1634 mul-

300 1650 409 1687 toties
428 1657 613 1697 sumatur;
644 1658 679 1687 et
703 1651 756 1688 sic
775 1658 924 1698 oportet
946 1650 1050 1699 quod
1069 1657 1190 1686 totum
1208 1658 1358 1699 tempus

302 1703 338 1740 G
366 1703 411 1740 sit
428 1703 591 1750 finitum,
620 1703 658 1740 in
687 1716 763 1752 quo
797 1703 996 1751 pertransit
1023 1710 1141 1739 totam
1174 1704 1357 1750 magnitu-

302 1755 430 1792 dinem
465 1756 631 1793 finitam:
671 1756 760 1805 quia
797 1763 945 1804 oportet
980 1755 1084 1803 quod
1112 1755 1151 1791 in
1187 1757 1358 1804 aequalia

301 1808 512 1845 secundum
549 1821 753 1846 numerum
783 1808 970 1845 dividatur
997 1815 1159 1856 tempus,
1195 1808 1289 1845 sicut
1323 1817 1359 1845 et

300 1861 534 1909 magnitudo.

354 1915 389 1950 6.
412 1914 629 1951 Secundam
658 1913 844 1950 rationem
862 1913 970 1962 ponit
996 1913 1062 1950 ibi:
1091 1914 1263 1962 Amplius
1290 1927 1356 1951 au-

299 1971 372 2002 tem
404 1974 492 2004 etc.:
530 1979 628 2015 quae
665 1966 746 2003 talis
784 1975 848 2003 est.
889 1966 1077 2013 Quamvis
1116 1967 1216 2004 enim
1250 1967 1358 2004 detur

299 2019 404 2068 quod
421 2020 442 2040 ³²
459 2019 758 2067 magnitudinem
786 2019 931 2057 finitam
961 2031 1058 2068 quae
1088 2027 1143 2056 est
1164 2021 1244 2067 AB,
1273 2033 1356 2069 per-

298 2078 460 2109 transeat
484 2072 637 2121 aliquod
666 2072 808 2109 mobile
836 2073 875 2109 in
900 2079 1070 2121 tempore
1094 2072 1253 2119 infinito,
1279 2086 1357 2111 non

298 2131 427 2161 tamen
457 2132 582 2173 potest
613 2125 693 2162 dari
726 2126 830 2173 quod
863 2137 1018 2162 omnem
1056 2126 1355 2173 magnitudinem

296 2184 530 2225 pertranseat
566 2178 605 2214 in
641 2185 812 2226 tempore
849 2177 1019 2214 infinito:
1059 2178 1146 2227 quia
1182 2179 1356 2230 videmus¹

299 2230 403 2278 quod
431 2231 571 2266 multae
596 2230 874 2277 magnitudines
902 2230 1030 2267 finitae
1058 2231 1293 2279 temporibus
1313 2233 1355 2269 fi-

298 2282 383 2319 nitis
413 2290 732 2331 pertranseuntur.
769 2283 824 2320 Sit
856 2283 964 2331 igitur
995 2284 1214 2331 magnitudo
1252 2285 1357 2322 finita

298 2347 396 2383 quae
416 2343 471 2372 est
490 2336 568 2383 BE,
588 2348 685 2384 quae
704 2343 981 2385 pertranseatur
1001 2338 1020 2358 '³‘
1040 2345 1211 2385 tempore
1235 2338 1354 2375 finito.

299 2387 376 2425 Sed
394 2388 476 2434 BE,
505 2401 593 2425 curn
617 2389 662 2425 sit
689 2388 813 2435 finita,
843 2397 1037 2426 mensurat
1063 2390 1150 2436 AB,
1179 2403 1278 2438 quae
1303 2398 1357 2428 est

299 2440 412 2477 etiam
431 2441 547 2478 finita.
579 2441 656 2478 Sed
684 2441 786 2478 idem
805 2442 946 2478 mobile
964 2442 1200 2491 pertransibit
1220 2456 1356 2493 aequa-

297 2493 373 2530 lem
405 2493 703 2541 magnitudinem
741 2494 773 2531 ei
801 2507 898 2542 quae
937 2503 991 2532 est
1027 2496 1114 2542 BE,
1144 2495 1181 2532 in
1210 2497 1358 2545 aequali

297 2553 470 2595 tempore
498 2547 606 2584 finito
641 2547 679 2583 in
704 2559 780 2596 quo
808 2547 930 2596 ipsam
954 2548 1222 2596 pertransibat:
1249 2557 1285 2586 et
1307 2549 1356 2586 ita

298 2606 392 2647 quot
417 2600 438 2620 '³⁴
470 2599 750 2648 accipiebantur
778 2601 1056 2648 magnitudines
1085 2602 1261 2649 aequales
1290 2603 1355 2639 BE

299 2651 347 2688 ad
373 2652 674 2689 constituendam
694 2660 811 2689 totam
830 2654 908 2700 AB,
929 2661 984 2691 tot
1011 2661 1183 2702 tempora
1211 2655 1317 2692 finita
1337 2657 1356 2676 *

299 2704 469 2752 aequalia
497 2705 725 2753 accipientur
752 2706 800 2742 acl
829 2707 1152 2743 mensurationem
1176 2709 1238 2744 vel
1269 2721 1356 2745 con-

300 2756 530 2793 stitutionem
558 2757 670 2794 totius
698 2758 891 2806 temporis.
913 2759 1023 2796 Unde
1053 2759 1220 2808 sequitur
1253 2761 1357 2810 quod

300 2816 422 2845 totum
449 2815 600 2857 tempus
628 2810 673 2846 sit
700 2810 860 2847 finitum.
1158 2813 1163 2817 ”

354 2873 389 2909 7.
419 2861 555 2898 Differt
587 2870 713 2899 autem
742 2863 836 2899 haec
864 2863 957 2899 ratio
986 2876 1008 2900 a
1035 2865 1174 2912 prima;
1204 2866 1292 2914 quia
1319 2866 1357 2903 in

299 2913 423 2963 prima
456 2914 598 2951 ratione
636 2916 701 2951 BE
730 2916 943 2964 ponebatur
974 2928 1062 2964 pars
1091 2918 1357 2965 magnitudinis

299 2967 387 3013 AB,
417 2967 478 3003 hic
506 2975 632 3004 autem
651 2969 671 2989 ’²‘
690 2969 756 3004 BE
784 2969 937 3016 ponitur
964 2971 1153 3018 quaedam
1181 2971 1251 3007 alia
1278 2984 1357 3008 ma-

300 3019 456 3066 gnitudo
485 3028 666 3069 separata.

354 3072 627 3109 Necessitatem
664 3080 791 3110 autem
829 3074 941 3111 huius
979 3075 1166 3113 secundae
1205 3076 1370 3113 rationis

300 3123 445 3172 positae
471 3126 490 3145 a:
516 3125 678 3162 ostendit
706 3138 793 3163 cum
822 3127 962 3164 subdit:
996 3129 1105 3169 Quod
1130 3135 1253 3165 autem
1283 3141 1356 3166 non

302 3176 338 3212 in
360 3176 502 3223 infinito
522 3185 590 3214 etc.
607 3179 740 3214 Posset
765 3179 865 3216 enim
890 3180 1022 3229 aliquis
1043 3188 1172 3217 contra
1194 3181 1356 3230 primam

302 3228 488 3265 rationem
513 3230 722 3267 cavillando
744 3231 878 3279 dicere,
900 3233 1004 3280 quod
1023 3233 1118 3270 sicut
1141 3241 1259 3270 totam
1278 3246 1357 3270 ma-

302 3280 537 3327 gnitudinem
565 3284 630 3319 AB
659 3284 858 3331 pertransit
883 3285 903 3305 *
929 3285 967 3320 in
994 3292 1165 3333 tempore
1198 3286 1355 3333 infinito,

301 3332 352 3369 ita
381 3341 417 3370 et
444 3334 649 3381 quamlibet
674 3343 822 3383 partem
850 3336 946 3381 eius;
977 3344 1013 3373 et
1041 3337 1092 3373 sic
1119 3346 1265 3386 partem
1291 3339 1357 3375 BE

303 3397 380 3422 non
411 3386 648 3434 pertransibit
679 3395 851 3435 tempore
888 3388 1007 3424 finito.
1044 3389 1120 3426 Sed
1154 3390 1243 3437 quia
1280 3403 1358 3427 non

300 3445 425 3486 potest
452 3438 531 3475 dari
568 3440 672 3487 quod
700 3440 907 3487 quamlibet
943 3441 1241 3488 magnitudinem
1274 3455 1357 3491 per-

354 3553 379 3587 ὃ)
393 3557 419 3579 et
432 3554 524 3583 maior,
541 3555 592 3579 ΒΕ
601 3557 689 3579 autem
702 3555 810 3587 finitum
823 3559 849 3580 et
862 3555 956 3580 minus.
965 3570 984 3574 —
997 3559 1023 3580 et
1037 3557 1122 3581 maior
1134 3557 1190 3586 BE,
1206 3558 1261 3582 KD
1270 3561 1357 3583 autem

2398 318 2474 355 279

1419 390 1581 420 transeat
1613 391 1783 432 tempore
1819 385 1978 432 infinito,
2010 385 2175 433 oportuit
2202 385 2380 422 inducere
2417 397 2474 421 se-

1419 436 1583 472 cundam
1620 437 1815 484 rationem,
1855 438 1958 486 quod
1995 439 2061 474 BE
2099 436 2145 474 sit
2177 438 2365 486 quaedam
2404 437 2475 474 alia

1418 489 1650 536 magnitudo,
1685 502 1800 538 quam
1828 497 1999 539 tempore
2027 490 2134 527 finito
2162 497 2404 539 pertranseat.
2426 491 2475 526 Et

1417 541 1492 577 hoc
1515 549 1569 578 est
1592 542 1697 589 quod
1721 543 1856 589 subdit,
1883 543 1988 591 quod
2017 543 2258 580 manifestum
2287 551 2342 580 est
2369 542 2474 591 quod

1417 594 1558 630 mobile
1595 607 1673 631 non
1708 595 1907 643 pertransit
1947 596 2246 643 magnitudinem
2283 608 2380 644 quae
2419 603 2475 632 est

1416 647 1482 682 BE
1520 646 1557 682 in
1593 647 1739 683 infinito
1777 655 1968 696 ternpore,
1997 649 2031 684 si
2056 649 2262 696 accipiatur
2289 649 2325 685 in
2354 648 2473 685 altera

1404 699 1559 746 finitum
1601 705 1762 747 tempus,
1801 700 1896 737 idest
1932 700 1963 737 si
1999 701 2201 749 accipiatur
2242 701 2366 749 aliqua
2402 701 2473 737 alia

1416 752 1635 799 magnitudo
1656 765 1678 788 a
1695 752 1830 800 prima,
1861 765 1957 802 quae
1986 753 2130 790 dicatur
2148 755 2226 801 BE,
2247 765 2364 802 quam
2387 765 2471 801 per-

1415 805 1545 841 transit
1604 813 1776 853 tempore
1804 806 1924 842 finito.
1947 806 1987 842 Si
2015 806 2115 843 enim
2143 807 2182 842 in
2210 806 2347 843 minori
2379 814 2472 842 tem-

1414 869 1508 905 pore
1527 858 1727 906 pertransit
1749 866 1895 907 partem
1915 859 2180 906 magnitudinis
2200 871 2316 908 quam
2336 866 2470 906 totum,

1415 922 1568 947 necesse
1607 918 1661 947 est
1694 911 1793 947 hanc
1831 911 2129 959 magnitudinem
2166 924 2264 959 quae
2299 919 2354 948 est
2381 912 2470 958 BE,

1413 962 1560 999 finitam
1590 975 1688 1010 esse,
1714 964 1831 1000 altero
1859 964 2016 1001 termino
2050 965 2226 1001 existente
2242 965 2375 1012 finito,
2403 963 2472 1000 sci-

1413 1015 1498 1051 licet
1516 1017 1594 1053 AB.
1617 1015 1735 1062 Quasi
1764 1016 1876 1053 dicat:
1907 1017 1936 1053 si
1964 1024 2115 1065 tempus
2142 1017 2181 1053 in
2205 1029 2281 1065 quo
2305 1024 2472 1065 pertran-

1415 1067 1460 1103 sit
1480 1069 1499 1089 *
1519 1069 1596 1115 BE,
1629 1076 1684 1105 est
1710 1068 1879 1115 finitum,
1911 1077 1947 1105 et
1972 1069 2097 1106 minus
2124 1077 2298 1118 tempore
2325 1069 2471 1106 infinito

1413 1121 1453 1156 in
1491 1133 1567 1169 quo
1603 1121 1803 1168 pertransit
1824 1122 1843 1142 ’ἢ
1862 1123 1950 1168 ΑΒ,
1982 1134 2137 1158 necesse
2175 1130 2230 1158 est
2266 1122 2371 1172 quod
2406 1123 2471 1158 BE
2500 1130 2508 1139 ·

1414 1173 1460 1209 sit
1491 1173 1618 1210 minor
1649 1185 1765 1221 quam
1798 1174 1886 1220 AB;
1916 1181 1951 1210 et
1978 1175 2028 1211 ita
2055 1174 2160 1224 quod
2188 1176 2254 1212 BE
2283 1175 2327 1212 sit
2354 1175 2470 1223 finita,

1415 1238 1503 1263 cum
1522 1227 1589 1262 AB
1618 1226 1724 1262 finita
1752 1226 1807 1263 sit.

1469 1280 1503 1315 8.
1525 1278 1672 1316 Deinde
1702 1291 1789 1315 cum
1809 1278 1912 1316 dicit:
1936 1279 2080 1315 Eadem
2100 1286 2223 1316 autem
2243 1280 2471 1317 demonstra-

1390 1351 1393 1353 -
1413 1332 1462 1368 tio
1493 1339 1574 1378 etc.,
1594 1331 1702 1380 ponit
1722 1333 1740 1353 *
1761 1332 1864 1380 quod
1886 1331 2020 1368 eadem
2040 1332 2310 1369 demonstratio
2331 1340 2386 1369 est
2405 1333 2471 1369 du-

1415 1397 1502 1421 cens
1531 1385 1580 1422 ad
1606 1384 1858 1433 impossibile,
1889 1384 1920 1421 si
1957 1384 2101 1421 dicatur
2135 1386 2240 1433 quod
2276 1385 2471 1433 longitudo

1414 1437 1459 1474 sit
1486 1437 1630 1474 infinita
1659 1445 1695 1474 et
1713 1445 1863 1486 tempus
1887 1437 2047 1474 finitum.
2071 1438 2170 1484 Quia
2190 1438 2391 1487 accipietur
2409 1438 2472 1474 ali-

1414 1490 1504 1539 quid
1518 1490 1759 1538 longitudinis
1778 1489 1958 1537 infinitae,
1979 1490 2084 1539 quod
2104 1491 2172 1527 erit
2189 1491 2355 1537 finitum;
2377 1491 2473 1528 sicut

1413 1542 1668 1592 accipiebatur
1704 1543 1844 1592 aliquid
1879 1543 2062 1592 temporis
2098 1543 2252 1592 infiniti,
2283 1544 2388 1592 quod
2418 1552 2472 1581 est

1412 1596 1574 1633 finitum.

1467 1662 1501 1697 9.
1523 1648 1671 1686 Deinde
1692 1662 1779 1686 cum
1809 1649 1912 1687 dicit:
1932 1648 2180 1696 Manifestum
2209 1650 2324 1699 igitur
2351 1662 2401 1686 ex
2419 1651 2471 1687 di-

1413 1702 1478 1738 ctis
1507 1709 1587 1749 etc.,
1607 1703 1744 1750 probat
1771 1702 1876 1750 quod
1905 1701 2051 1737 nullum
2087 1702 2306 1739 continuum
2335 1710 2390 1739 est
2417 1702 2471 1739 in-

1414 1755 1597 1792 divisibile
1618 1757 1648 1791 ⁵.
1680 1756 1728 1791 Et
1754 1755 1878 1804 primo
1909 1754 1996 1791 dicit
2011 1754 2052 1775 ξι*
2074 1755 2177 1803 quod
2200 1755 2471 1793 inconveniens

1413 1807 1580 1856 sequitur
1608 1807 1638 1843 si
1665 1808 1744 1850 hoc,
1766 1816 1945 1856 ponatur3
1975 1807 2142 1844 secundo
2179 1808 2287 1857 ponit
2315 1809 2470 1845 demon-

1413 1861 1632 1902 strationem
1661 1861 1709 1898 ad
1737 1860 1827 1897 illud
1856 1860 2127 1897 inconveniens
2157 1862 2369 1909 ducentem,
2399 1862 2470 1898 ibi:

1417 1914 1603 1955 Quoniam
1623 1914 1721 1950 enim
1750 1914 1786 1950 in
1817 1914 1922 1950 omni
1947 1915 2144 1962 tempore*
2165 1921 2232 1950 etc.
2255 1914 2354 1950 Dicit
2382 1927 2470 1962 ergo

1411 1966 1536 2015 primo
1566 1966 1808 2003 manifestum
1838 1979 1918 2003 esse
1949 1979 1993 2003 ex
2018 1966 2133 2013 dictis,
2155 1967 2260 2015 quod
2288 1979 2410 2015 neque
2431 1967 2471 2004 li-

1412 2032 1484 2056 nea
1504 2032 1627 2068 neque
1645 2020 1816 2068 planum,
1838 2019 1933 2056 idest
1952 2019 2180 2068 superficies,
2207 2032 2332 2068 neque
2352 2020 2471 2057 omni-

1411 2086 1462 2109 no
1492 2073 1644 2121 aliquod
1673 2073 1907 2120 continuum,
1929 2080 1984 2109 est
2002 2078 2160 2118 atomus,
2182 2073 2278 2110 idest
2305 2073 2471 2110 indivisi-

1411 2126 1501 2162 bile:
1530 2133 1612 2162 tum
1639 2134 1794 2174 propter
1820 2126 2012 2174 praedicta
2030 2126 2066 2172 ⁵³,
2087 2125 2175 2174 quia
2202 2125 2376 2162 videlicet
2403 2126 2472 2162 im·
2498 2139 2509 2149 *

1410 2178 1588 2227 possibile
1609 2186 1664 2215 est
1692 2179 1844 2227 aliquod
1874 2178 2094 2215 continuum
2115 2191 2158 2215 ex
2182 2178 2470 2216 indivisibilibus

1412 2231 1608 2280 componi,
1630 2244 1716 2270 cum
1735 2240 1863 2268 tamen
1883 2244 1928 2268 ex
1949 2231 2133 2268 continuis
2152 2231 2271 2280 possit
2291 2232 2471 2281 componi

1412 2284 1649 2330 continuum;
1679 2292 1760 2320 tum
1790 2285 1902 2321 etiam
1932 2284 2019 2334 quia
2039 2292 2258 2333 sequeretur
2285 2285 2388 2334 quod
2416 2285 2470 2322 in-

1412 2337 1596 2374 divisibile
1626 2337 1864 2374 divideretur.

1470 2403 1526 2428 10.
1547 2390 1696 2427 Deinde
1725 2402 1811 2426 cum
1840 2389 1941 2427 dicit:
1975 2391 2161 2432 Quoniam
2194 2392 2292 2429 enim
2313 2393 2349 2429 in
2370 2393 2475 2430 omni

1411 2449 1575 2491 tempore
1604 2450 1685 2490 etc.,
1710 2443 1818 2492 ponit
1846 2444 2205 2481 demonstrationem
2239 2445 2288 2482 ad
2314 2446 2390 2482 hoc
2416 2446 2470 2483 in-

1412 2495 1642 2534 conveniens
1663 2496 1881 2534 ducentem:
1903 2496 1940 2533 in
1961 2509 2034 2546 qua
2052 2497 2176 2546 primo
2199 2499 2472 2547 praesupponit

1412 2549 1599 2598 quaedam
1627 2549 1797 2598 superius
1823 2551 1842 2570 ’ἓ
1865 2550 2112 2587 manifestata.
2149 2551 2323 2596 Quorum
2351 2564 2472 2588 unum

1412 2610 1478 2649 est,
1499 2602 1603 2651 quod
1630 2602 1668 2638 in
1698 2603 1800 2639 omni
1829 2611 1999 2650 tempore
2029 2602 2218 2650 contingat
2244 2604 2413 2640 velocius
2435 2611 2471 2640 et

1411 2655 1552 2692 tardius
1566 2655 1712 2692 moveri
1725 2656 1755 2691 ²¹².
1775 2656 1991 2693 Secundum
2007 2663 2061 2692 est
2080 2656 2184 2704 quod
2202 2656 2370 2693 velocius
2384 2658 2469 2706 plus

1410 2708 1609 2756 pertransit
1637 2708 1683 2745 de
1715 2709 1971 2756 magnitudine
2004 2709 2042 2745 in
2071 2709 2218 2758 aequali
2245 2717 2415 2759 tempore
2437 2711 2467 2747 ²¹².

1412 2761 1583 2798 Tertium
1612 2768 1667 2798 est
1695 2762 1798 2810 quod
1825 2762 2003 2810 contingit
2031 2774 2112 2798 esse
2138 2774 2332 2799 excessum
2364 2764 2469 2800 velo-

1413 2814 1529 2850 citatis
1559 2814 1607 2851 ad
1634 2815 1882 2862 velocitatem,
1905 2823 1941 2852 et
1959 2815 2198 2862 longitudinis
2225 2816 2468 2867 pertransitae

1412 2867 1461 2903 ad
1497 2866 1787 2914 longitudinem,
1822 2868 2031 2905 secundum
2061 2868 2228 2905 diversas
2255 2869 2469 2917 proportio-

1414 2932 1480 2956 nes
1499 2920 1539 2955 ’ᾖε
1568 2926 1659 2968 puta
1692 2921 1902 2957 secundum
1933 2921 2142 2970 duplicem,
2173 2933 2270 2969 quae
2300 2929 2355 2958 est
2382 2935 2469 2971 pro·
2496 2932 2508 2942 ⁴

1412 2972 1535 3020 portio
1574 2972 1737 3009 duorum
1771 2974 1819 3010 ad
1851 2986 1987 3020 unum3
2023 2981 2059 3010 et
2087 2974 2296 3011 secundum
2331 2976 2470 3012 hemio-

1411 3025 1501 3061 liam
1521 3025 1552 3071 ·'·'²,
1573 3038 1670 3074 quae
1691 3026 1806 3063 habet
1832 3034 1954 3063 totum
1978 3032 2013 3063 et
2041 3026 2248 3074 dimidium,
2274 3040 2370 3075 quae
2396 3028 2468 3065 alio

1413 3077 1566 3115 nomine
1590 3083 1601 3098 ²
1625 3078 1757 3115 dicitur
1783 3080 2051 3128 sexquialtera,
2076 3087 2117 3115 ut
2143 3080 2338 3128 proportio
2359 3081 2470 3117 trium

1412 3131 1461 3167 ad
1500 3131 1593 3176 duo;
1622 3132 1684 3167 vel
1712 3132 1923 3169 secundum
1951 3139 2296 3180 quantamcumque
2317 3133 2336 3153 ’¹‘
2357 3133 2468 3169 aliam

1411 3183 1711 3231 proportionem.

1466 3237 1523 3272 Ex
1546 3236 1603 3272 his
1632 3244 1757 3272 autem
1785 3237 1986 3285 suppositis
2015 3238 2067 3274 sic
2087 3235 2268 3285 procedit.
2296 3236 2350 3272 Sit
2372 3237 2467 3273 haec

1411 3288 1608 3336 proportio
1637 3288 1777 3325 velocis
1806 3289 1854 3325 ad
1881 3290 2004 3335 velox,
2025 3297 2067 3326 ut
2094 3288 2304 3325 inveniatur
2329 3289 2468 3337 aliquid

1411 3340 1580 3377 velocius
1610 3341 1724 3378 altero
1755 3342 1963 3377 secundum
1981 3341 2195 3377 hemiolium
2215 3342 2244 3385 ³²,
2273 3340 2368 3378 idest
2387 3354 2467 3378 sex-

1412 3393 1632 3439 quialteram
1651 3393 1954 3442 proportionem;
1977 3401 2011 3429 et
2030 3393 2075 3429 sit
2093 3393 2153 3440 ita,
2177 3394 2280 3441 quod
2298 3394 2466 3431 velocius

1410 3453 1642 3492 pertranseat
1664 3458 1779 3482 unam
1805 3445 2102 3492 magnitudinem
2126 3446 2292 3494 quaesit
2316 3447 2466 3494 ABCD,

1464 3561 1485 3592 ε)
1505 3562 1558 3585 αΙίο
1578 3562 1688 3586 nomine.
1706 3574 1725 3579 -
1742 3561 1831 3592 aliquo
1850 3561 1927 3586 modo
1946 3561 2004 3592 EG,
2023 3562 2076 3586 alio
2096 3554 2173 3590 niodo
2192 3543 2249 3588 edd.
2273 3563 2314 3588 ab
2334 3569 2359 3588 et
2377 3555 2469 3599 Veneti

294 3589 405 3622 finitum
424 3592 451 3614 et
469 3589 554 3614 minus
573 3590 630 3621 ipm
649 3590 676 3613 F
691 3589 768 3614 Piana
787 3595 812 3614 et
830 3591 889 3615 edd.
909 3591 1008 3615 Venett.
1038 3591 1112 3621 1551,
1136 3591 1215 3622 1552;
1229 3596 1254 3617 et
1274 3593 1359 3618 maior
1416 3594 1489 3625 1545.
1514 3609 1531 3613 —
1549 3596 1731 3628 sexquialtera
1750 3596 1850 3619 codices
1870 3596 1971 3628 plurimi
1995 3595 2162 3629 corrumpunt
2181 3598 2207 3622 in
2225 3599 2408 3632 sexquilatera
2427 3607 2458 3624 ve

301 3623 358 3653 BE,
372 3624 425 3648 GD
436 3628 524 3650 autem
532 3625 642 3658 finitum
656 3628 681 3649 et
696 3625 781 3650 minus
796 3625 852 3657 ipso
869 3627 893 3649 G
906 3626 963 3650 edd.
976 3633 993 3650 a
1003 3627 1018 3651 b
1032 3631 1057 3651 et
1070 3627 1173 3652 Venett.
1191 3627 1264 3658 1504,
1284 3627 1357 3659 1545.

1412 3631 1484 3660 peius
1491 3637 1500 3659 ;
1519 3630 1579 3654 item
1599 3630 1703 3654 inferius
1722 3630 1938 3662 sexquialteram.

2499 815 2514 862 Ξῖ
2523 814 2681 862 pertransibit
2695 821 2710 837 ι»

2499 1077 2515 1124 :1
2520 1078 2679 1124 pertransibit
2696 1085 2710 1100 P

2531 1130 2554 1151 in
2588 1130 2636 1151 uod
2652 1136 2711 1158 per-

2499 1157 2575 1177 transi
2590 1157 2610 1178 it
2622 1163 2644 1178 ι’.

2498 1344 2514 1391 :²
2523 1343 2581 1390 {ficit
2598 1344 2666 1366 codd.
2686 1348 2707 1366 et

2499 1768 2508 1776 '
2519 1766 2643 1793 Cf.1ect.1,
2655 1773 2678 1788 n.
2690 1773 2707 1788 1.

2498 1793 2636 1840 Zbostendit
2649 1799 2710 1815 vemt

2497 1928 2509 1940 ’Ψ
2523 1928 2592 1949 Num.
2608 1934 2658 1956 seq.

2523 2139 2586 2161 Lect.
2602 2145 2609 2160 ι
2625 2145 2676 2167 sqq.

2498 2559 2506 2568 '
2521 2559 2584 2581 Lect.
2600 2565 2675 2587 praec.

2496 2664 2508 2675 '‘
2522 2664 2580 2685 Ibid.
2595 2670 2659 2686 nurn.
2672 2670 2695 2692 9.

2497 2716 2505 2724 ·
2520 2715 2578 2738 Ibid.
2594 2722 2658 2738 num.
2673 2722 2694 2746 5.

2522 2932 2581 2954 Ibid⁴
2594 2938 2656 2955 num.
2672 2939 2696 2961 9.

2495 3033 2506 3044 ⁸
2525 3033 2588 3054 illam
2609 3039 2645 3059 εσ,
2667 3034 2708 3055 he—

2495 3059 2588 3080 miolam
2601 3063 2645 3081 cet.
2657 3066 2707 3082 exc.

2495 3091 2538 3106 ι-ει,

2587 3121 2597 3137 Ε

2494 3146 2506 3156 ⁸
2522 3151 2689 3174 quamcumque

2495 3177 2650 3194 uffoaxnvxz.

2496 3354 2505 3363 ·
2520 3354 2642 3376 hemiolam
2654 3362 2705 3383 nso,

2496 3387 2544 3402 orn.
2560 3387 2611 3408 epo.
