2898 3996
256 2869 353 2903 Οὕτω

1127 270 1238 306 CAP.
1269 270 1300 316 1,
1330 269 1480 306 LECT.
1511 270 1542 305 11

2347 269 2420 305 325

978 508 1276 565 LECTIO
1315 508 1698 563 SECUNDA

622 685 664 715 IN
686 681 964 715 MOVENTIBUS
987 681 1044 711 ET
1067 680 1200 715 MOTIS
1223 680 1315 711 NON
1338 680 1506 711 POTEST
1528 680 1715 712 PROCEDI
1741 682 1783 712 IN
1807 681 2050 720 INFINITUM,

569 747 648 778 SED
680 744 885 777 OPORTET
918 742 1135 774 DEVENIRE
1165 742 1223 772 AD
1254 742 1449 779 ALIQUOD
1480 743 1648 773 PRIMUM
1679 743 1854 774 MOVENS
1889 743 2097 774 IMMOBILE

246 905 341 939 Ἐπεὶ
365 900 403 936 δέ
427 903 468 936 τὰ
492 900 682 945 κινούμενον
708 901 776 932 πᾶν
803 898 870 932 ὑπό
887 911 977 937 τινος
997 904 1153 941 κινεῖται,
1175 899 1305 945 ἀνάγκη

315 949 373 980 καὶ
398 947 441 979 τὸ
464 945 656 989 κινούμενον
680 945 747 976 πᾶν
766 942 798 975 ἐν
817 943 911 984 τόπῳ
931 942 1092 976 κινεῖσθαι
1111 944 1166 975 ὑπ’
1189 943 1304 975 ἄλλου.

314 992 382 1023 Καὶ
407 990 448 1022 τὸ
471 990 582 1021 κινοῦν
608 989 718 1020 τοίνυν
745 987 794 1032 ὐφ’
824 986 959 1030 ἐτέρου,
986 983 1106 1024 ἐπειδή
1137 989 1196 1018 καὶ
1221 987 1307 1019 αὐτὰ

314 1037 480 1075 κινεῖται,
510 1035 567 1065 καὶ
598 1031 700 1064 πάλιν
734 1032 839 1064 τοῦτο
871 1029 920 1075 ὐφ’
950 1030 1076 1075 ἑτέρου.
1113 1029 1160 1062 Οὐ
1189 1026 1231 1066 δή
1262 1031 1305 1068 εἰς

318 1079 453 1122 ἄπειρον
479 1077 639 1121 πρόεισιν,
668 1074 759 1108 ἀλλά
782 1073 949 1111 στήσεταί
975 1086 1052 1116 που,
1072 1076 1131 1106 καὶ
1157 1074 1307 1107 ἔσταιτι

318 1123 334 1154 ὃ
359 1121 496 1166 πρώτως
523 1123 632 1154 αἴτιον
658 1121 757 1152 ἔσται
782 1119 844 1151 τοῦ
868 1118 1042 1150 κινεῖσθαι.

249 1167 288 1198 Εἰ
312 1166 375 1212 γὰρ
400 1165 464 1209 μή,
493 1163 565 1197 ἀλλ’
595 1165 639 1202 εἱς
666 1164 800 1208 ἄπειρον
827 1162 992 1206 πρόεισιν,
1020 1163 1108 1195 ἔστω
1133 1161 1174 1194 τὸ
1198 1162 1258 1204 μὲν
1283 1159 1308 1192 A

377 1210 384 1221 ,
453 1210 470 1217 ..

318 1211 384 1242 ὑπο
409 1221 471 1242 του
495 1211 519 1239 Β
542 1209 749 1252 κινούμενον,
774 1207 815 1239 τὸ
839 1203 877 1239 δέ
899 1208 924 1237 Β
950 1206 1015 1238 ὖπό
1041 1206 1102 1238 τοῦ
1120 1207 1155 1247 Γ,
1174 1205 1216 1238 τὸ
1232 1201 1269 1237 δὲ
1285 1207 1307 1236 Γ

317 1253 384 1286 ὑπὸ
409 1253 472 1284 τοῦ
498 1254 534 1282 Δ·
559 1254 616 1284 καὶ
643 1252 767 1284 τοῦτον
791 1246 836 1287 δή
861 1250 919 1284 τὸν
945 1249 1070 1294 τρόπον
1096 1250 1140 1287 εἰς
1170 1249 1306 1293 ἄπειρον

316 1296 542 1342 προβαινέτω.
563 1297 659 1328 Ἐπεὶ
685 1293 741 1327 οὗν
769 1293 840 1339 ἅμα
865 1294 905 1327 τό
929 1295 1040 1326 κινοῦν
1063 1294 1123 1325 καὶ
1149 1291 1237 1326 αὐτὸ
1260 1304 1310 1324 κι-

271 1376 273 1378 ,
316 1345 439 1382 νεῖται,
466 1337 568 1377 δῆλον
594 1341 636 1377 ὠς
663 1339 734 1383 ἅμα
758 1338 936 1375 κινήσεται
962 1337 1003 1370 τό
1027 1350 1066 1370 τε
1083 1340 1109 1369 Α
1132 1339 1192 1369 καί.Α
1212 1336 1252 1370 τό
1268 1338 1306 1367 Β·

315 1386 509 1428 κινουμένου
540 1383 604 1430 γαρ
637 1385 700 1415 τοῦ
723 1385 748 1414 Β
771 1381 993 1420 κινηθήσεται
1024 1384 1081 1414 καὶ
1114 1381 1155 1413 τό
1185 1382 1224 1412 A·
1249 1382 1308 1412 καὶ

291 1464 294 1468 ,
318 1430 380 1461 τοῦ
403 1430 428 1459 Β
452 1424 496 1464 δή
519 1426 713 1471 κινουμένου
738 1426 779 1459 τὰ
804 1428 839 1467 Γ,
864 1428 922 1458 καὶ
947 1426 1008 1459 τοῦ
1026 1427 1047 1456 Γ
1065 1425 1106 1458 τό
1130 1425 1164 1456 Δ.
1185 1425 1308 1456 Ἔσται

317 1474 428 1505 τοίνυν
456 1471 527 1516 ἅμα
552 1470 574 1508 ή
598 1483 636 1503 τε
662 1471 724 1503 τοῦ
742 1472 768 1502 A
789 1473 913 1508 κίνησις
937 1472 995 1502 καὶ
1013 1470 1074 1502 τοῦ
1091 1471 1116 1500 Β
1132 1470 1190 1500 καὶ
1207 1469 1269 1502 τοῦ
1286 1470 1307 1499 Γ

315 1517 374 1548 καὶ
399 1516 466 1548 τῶν
489 1516 614 1547 λοιπῶν
641 1514 799 1546 ἑκάστου.
826 1516 890 1545 Καὶ
914 1514 1030 1554 λαβεῖν
1057 1516 1168 1546 τοίνυν
1195 1513 1306 1545 αὐτῶν

318 1558 463 1591 ἕκαστον
487 1554 713 1602 δυνησόμεθα·
738 1559 796 1589 καὶ
821 1558 885 1604 γοὶρ
910 1558 937 1589 εἰ
963 1557 1106 1589 ἕκαστον
1134 1555 1186 1599 ὑφ’
1210 1556 1310 1589 ἑκοίσ-

318 1615 378 1636 του
401 1607 559 1644 κινεῖται,
580 1601 673 1634 οὐθέν
698 1601 806 1639 ήττον
832 1604 894 1646 μία
912 1602 959 1642 τῷ
980 1600 1104 1644 ἀριθμῷ
1122 1601 1142 1638 ή
1163 1600 1307 1634 ἑκάστου

315 1649 459 1688 κίνησις,
490 1648 547 1678 καὶ
573 1646 632 1677 οὐκ
659 1646 794 1690 ἄπειρον
820 1649 890 1682 τοῖς
922 1644 1099 1690 ἐσχοίτοις,
1127 1643 1308 1689 ἐπειδήπερ

317 1690 358 1723 τὰ
381 1690 575 1734 κινούμενον
601 1690 668 1722 πᾶν
695 1690 731 1721 ’έκ
756 1700 844 1727 τινος
870 1690 914 1726 είς
941 1700 975 1720 τι
997 1693 1153 1721 κινεῖται.
1173 1687 1219 1719 ’Ἡ
1243 1689 1307 1734 γάρ

318 1733 389 1779 ἀριθ
419 1736 443 1776 ᾧ
467 1734 641 1778 συμβαίνει
666 1734 729 1770 τήν
755 1731 865 1770 αὐτήν
889 1735 1015 1770 κίνησιν
1040 1730 1138 1774 εἶναι,
1162 1731 1183 1770 ἦ
1205 1732 1306 1777 γένει,

317 1777 339 1815 ἦ
364 1779 456 1812 εἴδει.
489 1777 630 1822 Ἀριθμῷ
662 1777 720 1820 μὲν
752 1774 807 1808 οὖν
830 1777 919 1821 λέγω
945 1777 1009 1812 τήν
1043 1777 1152 1813 αὐτήν
1181 1779 1307 1813 κίνησιν

318 1821 381 1859 τήν
407 1821 444 1855 ἐκ
469 1822 530 1854 τοῦ
563 1822 671 1854 αὐτοῦ
696 1822 740 1858 εἰς
765 1821 806 1852 τὸ
832 1819 922 1852 αὐτὸ
948 1821 996 1861 τῷ
1031 1819 1172 1864 ἀριθμῷ,
1200 1820 1232 1851 ἐν
1259 1820 1307 1860 τῷ

318 1864 412 1908 αὐτῷ
437 1865 541 1911 χρόνῳ
567 1866 614 1906 τῷ
637 1864 760 1908 ἀριθμῷ
777 1862 968 1910 γινομένην,
988 1864 1055 1895 οἷον
1074 1865 1109 1895 ἐκ
1127 1859 1228 1897 τοῦδε
1247 1864 1309 1896 τοῦ

315 1911 454 1950 λευκοῦ,
482 1908 498 1940 ὅ
523 1909 614 1941 ἐστιν
644 1909 678 1940 ἓν
704 1909 752 1949 τῷ
781 1908 926 1953 ἀριθμῷ,
960 1908 1005 1945 εἰς
1030 1903 1111 1940 τόδε
1136 1908 1177 1940 τό
1202 1907 1307 1951 μέλαν

315 1954 411 1986 κατοὶ
434 1948 532 1986 τόνδε
558 1952 618 1985 τόν
640 1951 772 1997 χρόνον,
793 1952 851 1985 ἕνα
870 1952 954 1984 ὄντα
972 1950 1176 1995 τῷἀριθμῷ·
1195 1952 1223 1983 εἱ
1243 1951 1307 1997 γοὶρ

315 1999 393 2030 κατ’
421 1997 537 2038 ἄλλον,
564 1997 678 2028 οὐκέτι
703 1999 764 2040 μία
789 1997 888 2030 ἔσται
913 1996 961 2036 τῷ
988 1994 1125 2040 ἀριθμῷ,
1147 1995 1236 2028 ἀλλά
1261 1997 1308 2036 τῷ

316 2036 410 2074 εἴδει.
437 2040 526 2072 Γένει
550 2035 578 2070 δ’
600 2041 620 2077 ἡ
643 2039 734 2076 αὐτῆ
758 2043 882 2078 κίνησις
908 2040 928 2076 ἡ
954 2040 987 2076 ὲν
1013 2040 1058 2082 τῇ
1085 2040 1176 2082 αὐτῇ
1201 2051 1310 2076 κατη-

317 2087 414 2130 γορίᾳ
439 2085 501 2121 τῆς
535 2084 651 2121 οὐσίας
676 2083 696 2120 ἦ
723 2085 784 2116 τοῦ
816 2084 944 2130 γένους·
971 2078 1049 2114 εἴδει
1074 2079 1112 2116 δὲ
1137 2085 1157 2120 ἡ
1184 2083 1219 2115 ἐκ
1246 2084 1308 2115 τοῦ

319 2129 427 2161 αὐτοῦ
453 2129 500 2170 τῷ
526 2123 606 2159 εῖδει
631 2129 675 2165 εἰς
701 2128 813 2160 ταύτό
838 2129 885 2168 τῷ
904 2122 996 2167 εἴδει,
1016 2127 1083 2159 οἷον
1101 2128 1137 2160 ὲκ
1158 2128 1219 2159 τοῦ
1236 2128 1309 2158 λευ-

317 2173 378 2203 κοῦ
411 2172 454 2209 εὶς
480 2171 522 2203 τὸ

317 2216 441 2247 Ταῦτα
465 2211 493 2246 δ’
522 2216 653 2258 εἴρηται
683 2217 741 2246 καὶ
774 2213 808 2246 ἐν
839 2219 912 2251 τοῖς
943 2214 1118 2258 πρότερον.
1155 2212 1308 2256 Εἰλήφθω

319 2261 430 2291 τοίνυν
456 2260 476 2295 ηι
502 2259 565 2291 τοῦ
590 2259 616 2290 A
638 2261 762 2295 κίνησις
787 2260 845 2290 καὶ
871 2258 957 2290 ἔστω
983 2259 1030 2302 ἐφ’
1061 2258 1097 2290 οὖ
1121 2258 1163 2290 τὸ
1190 2260 1225 2298 Ε,
1251 2259 1309 2289 καὶ

319 2304 343 2339 ἢ
366 2304 428 2335 τοῦ
452 2304 476 2333 Β
502 2303 547 2345 ἐφ’
569 2302 606 2334 οὗ
632 2302 673 2334 τὸ
698 2304 734 2343 Ζ,
759 2304 818 2334 καὶ
843 2303 863 2338 ἡ
890 2302 951 2334 τοῦ
976 2303 1025 2332 ΓΔ
1050 2301 1097 2345 ἐφ’
1119 2302 1156 2333 οὗ
1183 2302 1223 2333 τό
1238 2303 1308 2342 ΗΘ,

317 2349 373 2378 καὶ
402 2347 417 2378 ὁ
442 2346 558 2391 χρόνος
584 2347 616 2377 ἐν
642 2345 666 2387 ᾦ
690 2350 833 2378 κινεῖται
865 2346 905 2378 τὸ
930 2347 975 2386 Α,
1004 2346 1019 2377 ὁ
1044 2347 1086 2378 Κ.
1119 2345 1309 2390 Ὠρισμένης

317 2385 361 2426 δή
389 2390 451 2427 τῆς
475 2389 633 2426 κινήσεως
659 2391 720 2421 τοῦ
746 2391 784 2430 Α,
803 2388 978 2434 ὡρισμένος
1000 2389 1098 2421 ἔσται
1122 2392 1179 2421 καὶ
1199 2391 1213 2421 ὁ
1234 2388 1310 2434 χρό-

319 2444 372 2471 νος
395 2436 452 2465 καὶ
480 2431 538 2465 οὐκ
564 2434 697 2478 ἄπειρος
725 2434 740 2464 ὁ
765 2435 804 2465 K.
835 2431 926 2464 Ἀλλ’
953 2432 986 2465 ἑν
1012 2434 1060 2474 τῷ
1087 2432 1179 2475 αὐτῷ
1204 2433 1310 2478 χρόνῳ

319 2478 461 2510 ἐκινεῖτο
494 2477 536 2508 τὸ
559 2477 585 2508 Α
608 2479 665 2508 καὶ
691 2477 732 2508 τό
756 2479 780 2508 Β
810 2478 868 2508 καὶ
893 2479 958 2509 τῶν
990 2478 1115 2509 λοιπῶν
1150 2477 1307 2509 ἕκαστον.

319 2522 499 2565 Συμβαίνει
524 2522 633 2553 τοίνυν
660 2521 722 2557 τήν
745 2524 871 2558 κίνησιν
890 2521 953 2557 τήν
971 2522 1078 2552 ΕΖΗΘ
1104 2522 1238 2565 ἄπειρον
1259 2519 1314 2553 οὖ-

320 2577 382 2598 σαν
409 2564 442 2596 ἑν
472 2563 637 2608 ὡρισμένῳ
668 2564 774 2610 χρόνῳ
802 2563 964 2596 κινεῖσθαι
997 2565 1044 2605 τῷ
1068 2567 1108 2595 Κ·
1135 2563 1167 2597 ἑν
1193 2565 1217 2606 ᾦ
1246 2565 1310 2610 γοὶρ

321 2609 362 2641 τό
379 2610 405 2639 A
422 2609 576 2649 ἐκινεῖτο,
594 2609 652 2639 καὶ
676 2609 724 2641 τοὶ
747 2610 795 2650 τῷ
817 2610 842 2640 Α
859 2607 976 2651 ἐφεξῆς
1003 2607 1144 2641 ἅπαντα
1170 2609 1310 2642 ἐκινεῖτο

324 2652 447 2695 ἄπειρα
473 2651 569 2684 ὄντα.
597 2650 692 2683 “Ὠστ’
724 2652 756 2684 ἐν
781 2654 829 2694 τῷ
855 2653 950 2693 αὐτῷ
973 2656 1130 2685 κινεῖται.
1155 2654 1219 2684 Καὶ
1244 2653 1309 2699 γαὲρ

322 2696 400 2733 ἦτοι
424 2697 478 2732 ἴση
505 2696 526 2731 ἡ
550 2697 674 2732 κίνησις
700 2695 797 2728 ἔσται
822 2697 843 2732 ἡ
868 2697 930 2728 τοῦ
951 2696 976 2726 A
999 2697 1045 2738 τῇ
1071 2697 1133 2729 τοῦ
1148 2698 1185 2737 Β,
1205 2695 1225 2733 ἦ
1244 2699 1313 2740 μεί-

322 2741 399 2782 ζων.
437 2738 588 2782 Διαφέρει
617 2733 646 2769 δ’
675 2735 786 2771 οὐδέν·
813 2738 949 2776 πάντως
981 2740 1044 2785 γὰρ
1077 2740 1140 2776 τήν
1175 2741 1310 2784 ἄπειρον

321 2786 447 2819 κίνησιν
473 2783 506 2814 ἐν
533 2782 772 2826 πεπερασμένῳ
802 2783 906 2828 χρόνῳ
931 2784 1105 2826 συμβαίνει
1133 2783 1308 2816 κινεῖσθαι·

323 2827 430 2860 τοῦτο
454 2821 481 2857 δ’
513 2822 698 2858 ἀδύνατον.

385 2869 443 2914 μὲν
469 2867 525 2902 οὖν
557 2864 682 2909 δόξειεν
712 2869 750 2902 ἄν
775 2865 963 2901 δείκνυσθαι
988 2870 1028 2903 τὸ
1055 2868 1089 2910 ἐξ
1116 2868 1154 2914 οὶρ
1183 2872 1238 2912 ἧς,
1273 2872 1310 2902 οὐ

321 2914 388 2959 μὴν
412 2908 583 2945 δείκνυταί
608 2925 645 2958 γε
670 2909 728 2945 διοὶ
752 2913 793 2946 τὸ
817 2909 921 2954 μηδὲν
949 2913 1079 2946 ἄτοπον
1104 2926 1167 2958 συμ
1194 2917 1310 2946 αίνειν·

324 2953 502 3013 ἐνδέχρται
526 2957 590 3003 γοὶρ
616 2959 649 2990 ἐν
674 2956 913 3011 πεπερασμένῳ
938 2957 1042 3001 χρόνῳ
1066 2961 1191 2995 κίνησιν
1219 2959 1312 2990 ἄπει-

323 3013 376 3046 ρον
401 3013 500 3042 ειναι,
519 3001 566 3044 μή
591 3003 654 3038 τήν
682 2999 791 3037 αὐτην
815 2997 866 3042 δέ,
887 3002 960 3033 ἀλλ’
982 3001 1100 3044 ἑτέραν
1117 3004 1173 3033 καὶ
1193 3002 1310 3046 ἑτέραν

324 3046 456 3078 πολλῶν
479 3045 677 3088 κινουμένων
701 3046 759 3076 καὶ
785 3045 940 3089 ἀπείρων·
961 3045 1038 3090 ὅπερ
1056 3046 1230 3090 συμβαίνει
1253 3048 1310 3077 καὶ

325 3092 395 3126 τοῖς
421 3089 488 3120 νῦν.

251 3130 343 3164 Ἀλλ’
372 3133 399 3163 εἰ
425 3132 465 3164 τό
489 3132 680 3176 κινούμενον
707 3131 845 3185 πριότως
869 3132 965 3165 κατα
989 3131 1094 3165 τόπον
1119 3134 1177 3164 καὶ
1202 3144 1313 3177 σωμα-

324 3175 422 3211 τικήν
445 3177 570 3212 κίνησιν
599 3175 727 3222 ἀνάγκη
756 3174 926 3207 απτ-εσθαι
951 3174 972 3212 ἦ
997 3176 1129 3220 συνεχές
1155 3173 1239 3207 εἶναι
1264 3189 1311 3217 τῳ

322 3220 488 3258 κινοῦντι,
512 3219 665 3261 καθάπερ
699 3219 821 3261 ὁρῶμεν
853 3217 908 3251 ἐπὶ
933 3218 1070 3251 πάντων
1095 3220 1201 3252 τοῦτο
1233 3231 1313 3263 συμ-

325 3262 453 3302 βαῖνον·
474 3262 571 3295 ἔσται
594 3263 658 3308 γοὶρ
685 3261 718 3302 ἐξ
745 3261 906 3294 οἱποίντων
933 3263 965 3293 ἓν
991 3263 1031 3294 τὸ
1054 3264 1121 3295 πᾶν
1139 3262 1161 3299 ἦ
1178 3263 1312 3306 συνεχὲς

325 3305 366 3338 τό
383 3302 426 3342 δή
445 3302 661 3350 ἐνδεχόμενον
687 3304 844 3348 εἰλήφθω,
861 3307 919 3337 καὶ
937 3306 1023 3337 ἔστω
1041 3307 1081 3338 τό
1093 3307 1157 3359 μὲν
1174 3305 1311 3351 μέγεθος

326 3348 347 3385 ἦ
372 3350 414 3381 τό
438 3349 570 3393 συνεχὲς
596 3346 644 3392 ἐφ’
664 3348 702 3380 οὗ
727 3348 768 3380 τὸ
793 3350 905 3390 ΑΒΓΔ,
929 3350 949 3384 ἡ
975 3343 1012 3380 δὲ
1037 3361 1163 3381 τουτου
1187 3353 1311 3386 κίνησις

326 3393 346 3428 ή
366 3393 482 3424 ΕΖΗΘ.
510 3391 661 3435 Διαφέρει
686 3387 716 3423 δ’
738 3387 833 3423 οὐδὲν
859 3391 879 3427 ἦ
905 3391 1155 3436 πεπερασμένον
1178 3391 1198 3428 ἦ
1219 3393 1312 3424 ἄπει-

325 3447 392 3480 ρον·
420 3437 537 3480 ὁμοίως
562 3436 626 3481 γοὶρ
654 3435 686 3467 ἐν
711 3434 949 3478 πεπερασμένῳ
975 3436 1022 3476 τῷ
1042 3437 1069 3465 Κ
1092 3434 1312 3472 κινηθήσεται

325 3478 346 3515 ἦ
366 3479 501 3523 ἄπειρον
523 3478 544 3516 ἦ
570 3478 832 3522 πεπερασμένον.
861 3478 995 3511 Τούτων
1020 3473 1048 3509 δ’
1070 3478 1227 3522 ἑκάτερον
1246 3480 1311 3512 τῶν

328 3518 515 3556 ἀδυνάτων.
541 3523 686 3566 Φανερόν
714 3521 768 3554 οὖν
796 3521 848 3554 ὅτι
872 3521 1039 3558 στήσεταί
1065 3533 1150 3555 ποτε
1174 3524 1231 3554 καὶ
1253 3523 1311 3554 οὐκ

325 3567 370 3604 εἰς
398 3567 531 3610 ἄπειρον
561 3566 688 3611 πρόεισι
721 3566 761 3598 τό
789 3566 838 3598 ἀεὶ
864 3564 914 3609 ὑφ’
944 3565 1077 3609 ἑτέρου,
1114 3567 1184 3598 ἀλλ’
1214 3566 1311 3598 ἔσται

551 2171 657 2215 μέλαν
683 2170 703 2207 ἦ
727 2171 762 2202 ἐκ
793 2172 854 2204 τοῦ
881 2169 1012 2216 ἀγαθοῦ
1044 2171 1088 2208 εἱς
1118 2171 1160 2203 τὰ
1188 2169 1306 2202 κακόν.
1349 2210 1352 2215 ρ

1360 903 1377 922 *
1393 904 1556 941 Quoniam
1571 911 1678 935 autem
1697 915 1792 935 omne
1809 905 1898 946 quod
1916 911 2061 935 movetur
2081 906 2120 935 ab
2140 905 2246 945 aliquo
2262 912 2419 944 movetur,

1428 957 1552 978 necesse
1576 954 1622 978 est
1645 955 1674 978 et
1697 958 1792 978 omne
1816 949 1904 989 quod
1917 955 2063 981 movetur
2081 949 2115 978 in
2133 948 2218 986 loco,
2242 949 2362 979 moveri
2382 950 2419 980 ab

1428 991 1536 1021 altero.
1559 992 1600 1022 Et
1622 1002 1754 1022 movens
1777 992 1871 1032 igitur
1895 993 1932 1022 ab
1952 992 2060 1030 altero,
2085 992 2238 1032 quoniam
2261 999 2291 1023 et
2313 993 2421 1032 ipsum

1427 1042 1590 1072 movetur;
1607 1042 1637 1065 et
1651 1035 1766 1065 iterum
1782 1036 1843 1066 hoc
1862 1036 1900 1065 ab
1920 1036 2026 1067 altero.
2050 1034 2124 1066 Nun
2144 1042 2250 1066 autem
2268 1036 2302 1066 in
2319 1035 2422 1066 infini-

1427 1084 1498 1108 tum
1522 1078 1627 1116 abibit,
1652 1079 1706 1108 sed
1725 1079 1816 1109 stabit
1839 1079 1968 1118 alicubi,
1993 1086 2023 1110 et
2042 1079 2098 1110 erit
2120 1080 2239 1120 aliquid
2254 1080 2342 1120 quod
2358 1080 2419 1120 pri-

1427 1131 1482 1151 mo
1507 1131 1600 1151 causa
1624 1128 1680 1151 erlt
1702 1128 1820 1153 motus.

1361 1164 1379 1183 '²‘
1402 1165 1434 1196 Si
1458 1165 1543 1195 enim
1565 1175 1646 1203 non,
1671 1166 1726 1195 sed
1748 1165 1781 1195 in
1804 1165 1963 1196 infinitum
1986 1167 2152 1206 procedet,
2176 1166 2215 1197 sit
2237 1169 2267 1197 A
2290 1167 2420 1207 quidem

1428 1209 1517 1249 quod
1539 1209 1577 1238 ab
1596 1209 1667 1248 ipso
1686 1209 1711 1238 B
1727 1216 1905 1247 moveatur3
1922 1210 1947 1239 B
1962 1220 2036 1240 vero
2053 1211 2091 1240 ab
2115 1210 2184 1250 ipso
2205 1210 2249 1249 C;
2270 1210 2297 1241 C
2314 1217 2420 1241 autem

1429 1253 1467 1282 ab
1490 1252 1560 1292 ipso
1584 1252 1629 1290 D;
1653 1258 1684 1282 et
1705 1252 1766 1282 hoc
1789 1252 1883 1292 igitur
1905 1253 2004 1283 modo
2028 1253 2060 1283 in
2083 1253 2243 1284 infinitum
2263 1254 2418 1285 ascendat.

1429 1296 1591 1333 Quoniam
1614 1305 1688 1335 ergo
1713 1296 1807 1326 simul
1830 1305 1962 1326 movens
1985 1303 2132 1327 movetur
2155 1304 2184 1327 et
2202 1297 2308 1337 ipsum
2331 1298 2421 1338 quod

1428 1346 1591 1378 movetur,
1615 1339 1818 1370 manifestum
1842 1347 1887 1370 est
1902 1341 2056 1381 quoniam
2075 1341 2170 1371 simul
2184 1347 2329 1371 movetur
2346 1347 2376 1371 et
2390 1344 2420 1372 A

1429 1390 1460 1414 et
1481 1383 1516 1414 B.
1537 1383 1623 1414 Cum
1641 1383 1726 1414 enim
1744 1390 1890 1414 movetur
1903 1387 1943 1422 A,
1960 1384 2139 1414 movebitur
2156 1385 2197 1422 B;
2215 1391 2245 1415 et
2261 1395 2334 1415 cum
2353 1395 2421 1414 mo-

1427 1434 1518 1458 vetur
1540 1427 1578 1465 B,
1602 1434 1632 1457 et
1653 1427 1760 1467 ipsum
1785 1426 1827 1466 C;
1851 1434 1882 1458 et
1905 1437 1980 1458 cum
2003 1428 2041 1466 C,
2058 1428 2165 1468 ipsum
2180 1428 2219 1459 D.
2243 1428 2311 1458 Erit
2325 1428 2420 1468 igitur

1428 1471 1524 1502 simul
1546 1477 1653 1501 motus
1677 1471 1733 1511 qui
1752 1478 1797 1501 est
1812 1473 1841 1501 A
1857 1477 1887 1502 et
1904 1471 1941 1510 B,
1957 1478 1988 1502 et
2005 1471 2202 1512 reliquorum
2223 1472 2420 1502 uniuscuius-

1429 1525 1500 1555 que.
1514 1515 1555 1545 Et
1566 1514 1704 1554 accipere
1715 1514 1809 1554 igitur
1821 1516 2075 1556 unumquodque
2087 1516 2221 1546 istorum
2233 1515 2417 1555 poterimus,

1428 1559 1470 1589 Et
1484 1568 1622 1598 namque
1643 1558 1674 1591 si
1691 1559 1947 1599 unumquodque
1971 1559 2008 1589 ab
2032 1569 2230 1600 unoquoque
2253 1566 2418 1598 movetur,

1428 1602 1635 1632 nihilominus
1658 1611 1741 1632 unus
1764 1612 1898 1632 numero
1922 1602 2172 1643 uniuscuiusque
2189 1609 2235 1633 est
2253 1609 2372 1641 motus,
2390 1610 2420 1633 et

1428 1656 1494 1676 non
1508 1645 1621 1676 infiniti
1636 1645 1669 1675 in
1685 1645 1819 1684 ultimis;
1836 1645 1989 1686 quoniam
2004 1647 2093 1686 quod
2109 1653 2255 1677 movetur
2271 1656 2366 1677 omne
2383 1657 2420 1676 ex

1429 1690 1571 1730 quodam
1584 1689 1618 1719 in
1629 1689 1781 1730 quiddam
1795 1696 1950 1720 movetur.
1961 1690 1978 1709 *
1987 1692 2053 1720 Aut
2063 1690 2147 1720 enim
2159 1699 2293 1720 numero
2309 1690 2420 1721 accidit

1429 1734 1566 1764 eundem
1589 1743 1655 1763 esse
1678 1740 1814 1771 motum,
1839 1740 1893 1763 aut
1915 1743 2037 1773 genere,
2061 1740 2116 1764 aut
2138 1734 2250 1773 specie.
2276 1734 2418 1764 Numero

1429 1777 1559 1817 quidem
1581 1776 1674 1816 igitur
1693 1777 1763 1807 dico
1788 1777 1924 1807 eundem
1943 1784 2085 1816 motum,
2109 1778 2165 1817 qui
2189 1787 2225 1808 ex
2248 1778 2362 1807 eodem
2384 1777 2418 1808 in

1428 1820 1513 1850 idem
1532 1830 1681 1858 numero,
1701 1826 1732 1850 et
1749 1820 1780 1850 in
1800 1827 1942 1860 tempore
1966 1821 2079 1851 eodem
2099 1831 2233 1852 nurnero
2257 1821 2308 1859 fit;
2333 1828 2368 1852 ut
2384 1831 2420 1851 ex

1428 1864 1490 1894 hoc
1507 1863 1589 1901 albo,
1606 1864 1695 1904 quod
1718 1870 1763 1894 est
1786 1874 1889 1894 unum
1911 1874 2056 1903 numero,
2081 1864 2114 1894 in
2131 1865 2192 1895 hoc
2208 1864 2348 1904 nigrum,
2374 1875 2419 1895 se-

1429 1907 1570 1938 cundum
1585 1907 1647 1937 hoc
1663 1914 1799 1947 tempus,
1816 1908 1905 1948 quod
1928 1914 1973 1938 est
1996 1918 2098 1939 unum
2121 1915 2271 1946 numero;
2295 1908 2420 1939 sienim

1429 1951 1604 1982 secundum
1619 1951 1714 1989 aliud,
1734 1961 1800 1981 non
1819 1952 1921 1982 adhuc
1937 1962 2020 1982 unus
2044 1953 2101 1983 erit
2119 1962 2264 1990 numero,
2280 1952 2334 1982 sed
2350 1963 2418 1992 spe-

1429 1995 1484 2026 cie.
1510 1995 1630 2025 Genere
1650 2001 1756 2025 autem
1772 2002 1878 2025 motus
1899 2006 1982 2026 unus
2002 2003 2057 2034 est,
2074 1996 2129 2036 qui
2152 1996 2185 2026 in
2204 1997 2317 2026 eodem
2333 2006 2421 2036 prae-

1429 2039 1605 2069 dicamento
1622 2039 1812 2069 substantiae
1826 2039 1875 2068 vel
1890 2039 2015 2069 alterius
2031 2040 2151 2079 generis
2167 2047 2221 2071 est.
2243 2040 2352 2079 Specie
2369 2051 2421 2070 au-

1428 2089 1504 2120 tem,
1529 2082 1584 2123 qui
1604 2092 1640 2112 ex
1656 2082 1765 2112 eadem
1788 2083 1890 2122 specie
1906 2082 1939 2112 in
1961 2083 2046 2113 idem
2065 2083 2178 2123 specie,
2195 2090 2230 2114 ut
2249 2094 2285 2114 ex
2301 2084 2372 2114 albo
2387 2083 2420 2114 in

1428 2126 1565 2166 nigrum,
1583 2132 1637 2156 aut
1656 2135 1691 2156 ex
1707 2126 1794 2156 bono
1814 2126 1846 2155 in
1862 2126 1993 2157 malum.
2013 2127 2100 2157 Haec
2119 2133 2225 2157 autern
2244 2127 2325 2157 dicta
2348 2133 2421 2158 sunt

1429 2176 1460 2200 et
1472 2170 1506 2199 in
1515 2169 1681 2209 prioribus.
1692 2169 1897 2209 *Accipiatur
1912 2170 2006 2210 igitur
2016 2171 2071 2211 qui
2087 2177 2133 2201 est
2148 2178 2254 2201 motus
2270 2171 2368 2211 ipsius
2379 2173 2420 2209 A,

1431 2220 1461 2243 et
1476 2213 1515 2244 sit
1529 2213 1562 2243 in
1577 2223 1642 2253 quo
1658 2219 1703 2243 est
1725 2214 1770 2251 E;
1795 2220 1825 2244 et
1840 2213 1895 2254 qui
1919 2221 1964 2244 est
1986 2215 2085 2254 ipsius
2100 2215 2126 2245 B
2145 2214 2184 2245 sit
2203 2215 2236 2244 in
2255 2225 2320 2255 quo
2339 2216 2374 2253 Z,
2392 2221 2422 2245 et

1430 2256 1485 2297 qui
1501 2262 1547 2287 est
1570 2256 1627 2286 CD
1643 2256 1676 2286 in
1699 2266 1765 2296 quo
1781 2257 1840 2295 IT;
1865 2264 1894 2287 et
1909 2264 2035 2297 tempus
2058 2258 2090 2288 in
2114 2269 2179 2298 quo
2201 2265 2366 2289 moveatur
2380 2261 2420 2297 A,

1429 2300 1468 2330 sit
1486 2300 1525 2330 K.
1542 2299 1756 2330 Determinato
1773 2306 1879 2330 autem
1895 2308 1986 2331 motu
2006 2301 2105 2341 ipsius
2121 2304 2160 2340 A,
2181 2302 2422 2332 determinatum

1431 2343 1487 2374 erit
1503 2349 1533 2373 et
1548 2350 1685 2383 tempus,
1702 2350 1733 2373 et
1754 2353 1820 2373 non
1835 2343 1995 2375 infinitum
2018 2345 2074 2376 erit
2090 2346 2177 2386 quod
2192 2352 2237 2376 est
2257 2346 2296 2376 K.
2313 2346 2374 2376 Sed
2388 2346 2421 2375 in

1430 2387 1543 2417 eodem
1565 2393 1708 2426 tempore
1731 2393 1858 2417 motum
1884 2394 1930 2418 est
1951 2389 2006 2418 AB
2030 2395 2060 2419 et
2082 2389 2278 2430 reliquorum
2305 2398 2422 2420 unum-

1430 2431 1591 2471 quodque.
1615 2430 1738 2461 Accidit
1761 2440 1834 2470 ergo
1858 2438 1984 2462 motum
2007 2433 2063 2472 qui
2086 2439 2133 2463 est
2154 2433 2269 2471 EZIT,
2295 2443 2368 2463 cum
2384 2433 2423 2463 sit

1430 2474 1581 2512 infinitus,
1605 2474 1638 2503 in
1653 2481 1796 2514 tempore
1819 2474 1908 2505 finito
1925 2475 2057 2514 moveri,
2081 2476 2170 2516 quod
2186 2483 2232 2506 est
2247 2477 2286 2507 K.
2304 2477 2340 2506 In
2356 2487 2422 2516 quo

1431 2517 1516 2548 enim
1539 2520 1568 2548 A
1591 2524 1717 2548 motum
1741 2524 1796 2556 est,
1821 2524 1851 2548 et
1874 2529 1954 2559 quae
1978 2526 2051 2550 sunt
2073 2519 2171 2559 ipsius
2195 2527 2424 2560 consequenter

1432 2561 1540 2592 omnia
1562 2568 1650 2591 mota
1673 2568 1746 2592 sunt
1768 2561 1907 2601 infinita3
1931 2573 2027 2603 quare
2049 2563 2082 2593 in
2106 2563 2219 2593 eodem
2242 2570 2420 2595 moventur.

1430 2605 1556 2635 Etenim
1580 2611 1634 2635 aut
1655 2605 1791 2645 aequalis
1815 2613 1921 2636 motus
1946 2607 2002 2637 erit
2024 2607 2112 2647 quod
2137 2613 2182 2637 est
2204 2606 2302 2646 ipsius
2318 2609 2347 2637 A
2363 2607 2423 2647 ipsi

1431 2649 1519 2689 quod
1541 2649 1582 2686 B,
1607 2655 1661 2679 aut
1683 2649 1798 2679 maior:
1824 2649 1924 2680 differt
1946 2657 2052 2680 autem
2075 2650 2161 2680 nihil.
2186 2650 2313 2680 Penitus
2338 2650 2423 2681 enim

1430 2692 1590 2723 infinitum
1612 2698 1738 2722 motum
1770 2692 1802 2722 in
1824 2692 1948 2723 infinito
1979 2701 2122 2734 tempore
2152 2693 2263 2724 accidit
2285 2694 2421 2724 moveri:

1429 2736 1492 2766 hoc
1515 2742 1621 2766 autem
1643 2736 1838 2776 impossibile
1857 2743 1910 2767 est.

1364 2874 1381 2893 *
1397 2873 1447 2904 Sic
1462 2873 1555 2914 igitur
1569 2874 1691 2904 videtur
1707 2875 1911 2905 demonstrari
1927 2875 1958 2905 id
1975 2875 2063 2915 quod
2080 2881 2125 2905 est
2137 2885 2155 2905 a
2166 2874 2338 2914 principio:
2355 2884 2422 2905 non

1432 2924 1537 2948 tamen
1554 2918 1794 2956 demonstratur,
1807 2925 1936 2958 propter
1951 2918 2012 2949 hoc
2028 2919 2115 2959 quod
2132 2918 2258 2948 nullutn
2273 2918 2422 2948 inconve-

1431 2961 1519 2991 niens
1536 2961 1655 2992 accidit.
1673 2961 1836 3001 Contingit
1852 2962 1936 2996 enim
1952 2962 1985 2992 in
2000 2962 2089 2993 finito
2106 2957 2249 3001 ternpore
2263 2961 2422 2992 infinitum

1431 3012 1558 3035 motum
1581 3012 1664 3043 esse;
1688 3015 1754 3035 non
1778 3006 1915 3047 eundem
1935 3013 2058 3045 autem,
2083 3006 2138 3036 sed
2159 3006 2291 3036 alterum
2307 3012 2336 3036 et
2351 3005 2423 3036 alte-

1431 3058 1515 3086 rum,
1535 3048 1643 3078 multis
1667 3055 1697 3079 et
1719 3048 1846 3079 infinitis
1862 3049 1968 3080 motis.
1994 3050 2091 3086 Quod
2114 3049 2244 3090 quidem
2265 3049 2375 3079 accidit
2392 3055 2423 3079 et

1431 3091 1464 3121 in
1487 3092 1535 3121 his
1559 3102 1640 3132 quae
1663 3102 1747 3122 nunc
1771 3092 1914 3123 diximus
2160 3096 2169 3106 ’

1364 3134 1381 3153 *
1397 3134 1459 3165 Sed
1473 3135 1497 3164 si
1511 3135 1545 3165 id
1565 3135 1653 3175 quod
1665 3142 1811 3166 movetur
1825 3136 1928 3176 primo
1946 3136 2120 3167 secundum
2135 3136 2243 3166 locum
2266 3142 2296 3165 et
2312 3145 2422 3175 corpo-

2446 908 2618 962 ÷e815tq.3cap.1.

2447 1171 2456 1180 ·
2473 1170 2542 1192 Text.
2553 1177 2576 1197 4.

2447 1696 2457 1705 '¹
2473 1694 2541 1716 Text.
2557 1701 2578 1722 5.

2447 2176 2457 2186 *
2472 2175 2541 2196 Text.
2557 2175 2578 2196 6.

2448 2881 2457 2890 “
2472 2879 2538 2901 Text.
2554 2886 2576 2907 7.

2447 3141 2456 3150 '¹
2470 3139 2537 3161 Text.
2552 3140 2574 3162 8.

1431 3178 1528 3208 ralem
1551 3185 1696 3217 motum,
1727 3189 1852 3209 necesse
1882 3186 1928 3210 est
1950 3179 2034 3218 tangi
2063 3186 2118 3209 aut
2145 3178 2332 3209 continuum
2355 3188 2421 3207 esse
2458 3202 2465 3210 ,

1431 3221 1583 3260 mov-enti,
1603 3222 1683 3252 sicut
1699 3222 1822 3252 videtur
1844 3223 1906 3252 hoc
1928 3223 1961 3252 in
1981 3222 2128 3252 omnibus
2148 3221 2340 3260 contingere3
2365 3221 2421 3251 erit

1432 3265 1517 3295 enim
1536 3275 1572 3295 ex
1588 3265 1736 3295 omnibus
1759 3275 1861 3296 unum
1884 3266 1990 3304 ipsum
2012 3271 2116 3295 totum
2140 3271 2194 3294 aut
2212 3264 2418 3294 continuum:

1432 3309 1493 3338 hoc
1515 3309 1610 3348 igitur
1633 3309 1815 3348 contingens
1839 3309 2016 3347 accipiatur,
2040 3315 2070 3338 et
2093 3307 2132 3337 sit
2145 3307 2330 3347 magnitudo
2349 3308 2420 3347 qui-

1433 3352 1505 3382 dem
1521 3359 1576 3382 aut
1598 3352 1785 3382 continuum
1807 3351 1840 3380 in
1863 3361 1928 3390 quo
1953 3357 2025 3381 sunt
2047 3350 2179 3388 ABCD;
2203 3350 2296 3380 huius
2313 3357 2419 3381 autem

1431 3401 1538 3426 motus
1561 3396 1668 3425 EZIT.
1699 3395 1808 3425 Differt
1836 3401 1942 3425 autem
1972 3394 2049 3424 nihil
2079 3394 2328 3433 magnitudinem
2350 3394 2418 3424 fini-

1431 3444 1497 3468 tam
1520 3445 1573 3468 aut
1596 3438 1751 3468 infinitam
1774 3445 1855 3467 esse:
1886 3437 2025 3467 similiter
2053 3437 2137 3467 enim
2165 3437 2197 3467 in
2222 3437 2311 3468 finito
2340 3445 2418 3468 tem-

1431 3491 1508 3521 pore
1531 3482 1619 3521 quod
1648 3488 1693 3511 est
1720 3482 1765 3518 K,
1799 3480 1976 3510 movebitur
2003 3487 2057 3510 aut
2087 3480 2175 3511 finita
2205 3487 2258 3511 aut
2287 3479 2416 3511 infinita.

1431 3525 1557 3555 Horum
1580 3531 1685 3554 autem
1700 3531 1870 3563 utrumque
1900 3524 2092 3563 impossibile
2112 3530 2165 3554 est.
2189 3523 2418 3555 *Manifestum

1431 3567 1525 3607 igitur
1540 3568 1629 3608 quod
1648 3567 1738 3598 stabit
1761 3567 1941 3607 aliquando,
1958 3574 1988 3598 et
2010 3577 2075 3598 non
2098 3567 2131 3597 in
2149 3567 2308 3599 infinitum
2322 3568 2418 3599 abibit

2445 3530 2453 3540 ·
2469 3530 2535 3551 Text.
2550 3537 2572 3558 9.
