2898 3996
1173 282 1283 317 CAP.
1315 283 1347 329 1,
1379 283 1527 320 LECT.
1558 286 1589 321 11

2390 290 2459 326 231

1021 477 1319 533 LECTIO
1358 479 1736 537 SECUNDA

437 630 604 661 SPECIES
627 629 897 661 MUTATIONIS
920 628 1324 666 ASSIGNANTUR,.ET
1348 628 1624 661 OSTENDITUR
1647 632 1858 668 QUAENAM
1882 635 1937 665 EX
1961 635 2065 666 ILLIS
2089 636 2154 666 SIT
2178 637 2326 668 MOTUS

1173 688 1356 720 STRICTE
1380 689 1604 722 ACCEPTUS

291 822 388 854 Ἐπεὶ
412 815 450 852 δὲ
475 821 572 852 πᾶσα
595 818 791 861 μεταβολή
807 819 898 851 ἐστιν
926 819 962 851 ἔκ
994 831 1082 856 τινος
1114 821 1158 855 εἵς
1184 829 1218 850 τι
1242 813 1360 860 (δηλοῖ

364 859 402 896 δὲ
425 865 483 895 καὶ
507 863 673 907 τοῦνομα·
700 861 772 906 μετ’
796 863 879 895 ἄλλο
903 862 968 909 γάρ
994 875 1028 895 τι
1051 864 1110 894 καὶ
1136 862 1177 894 τὸ
1199 863 1257 906 μὲν
1279 862 1358 907 πρό-

364 918 459 951 τερον
484 902 593 947 δηλοῖ,
621 907 662 938 τὸ
687 904 714 938 δ’
738 906 876 949 ὕστερον
887 908 913 948 ),
965 906 1154 947 εταβάλλοι
1181 905 1219 938 ἂν
1244 906 1285 938 τὸ
1302 919 1360 951 με-

364 949 541 991 ταβάλλον
567 962 630 982 τετ
653 951 757 995 αχῶς·
784 949 804 987 ἦ
829 950 893 995 γάρ
919 919 962 991 ἐξ
978 949 1197 994 ὑποκειμένου
1215 951 1259 988 εἰς
1277 952 1360 982 ὐπο-

362 997 534 1037 κείμενον,
561 992 582 1030 ἦ
608 963 648 1034 ἐξ
676 995 895 1037 ὑποκειμένου
928 995 971 1032 εὶς
997 995 1043 1038 μή
1070 997 1309 1037 ὑποκείμενον,
1337 994 1357 1030 ἠ

364 1039 425 1070 οὐκ
450 1037 484 1078 ἐξ
510 1038 730 1082 ὑποκειμένου
755 1039 799 1076 εἰς
823 1040 1059 1083 ὑποκείμενον,
1087 1038 1108 1075 ’ἢ
1134 1039 1192 1070 οὐκ
1219 1037 1252 1078 ἑξ
1278 1039 1360 1070 ὑπο-

362 1082 515 1125 κειμένου
548 1083 592 1119 εὶς
624 1082 670 1125 μή
697 1084 927 1127 ὐποκείμενον·
957 1082 1045 1129 λέγω
1070 1078 1107 1114 δέ
1140 1083 1357 1126 ύποκείμενον

363 1128 405 1159 τὸ
429 1127 626 1170 καταφάσει
649 1121 869 1170 δηλούμενον.

289 1170 392 1204 ’Ὥστε
420 1170 552 1216 ἀνάγκη
579 1171 614 1202 ἑκ
639 1172 706 1202 τῶν
731 1170 908 1215 εἰρημένων
933 1174 1020 1215 τρεϊς
1043 1167 1129 1202 εἶναι
1146 1169 1356 1214 μεταβολάς,

364 1213 429 1250 τήν
454 1227 492 1246 τε
518 1213 553 1255 ἐξ
579 1214 798 1259 ὑποκειμένου
823 1215 866 1252 εἰς
893 1215 1124 1259 ὑποκείμενον,
1149 1216 1207 1246 καὶ
1234 1214 1297 1250 την
1323 1214 1357 1255 ἐξ

364 1257 585 1302 ὑποκειμένου
610 1259 654 1297 εἱς
679 1259 726 1302 μή
748 1260 979 1302 ὑποκείμενον,
997 1261 1054 1291 καὶ
1076 1258 1140 1295 την
1159 1259 1194 1290 ἐκ
1211 1258 1260 1302 μη“
1277 1260 1359 1291 ὐπο-

363 1301 515 1346 κειμένου
540 1303 584 1340 εἰς
611 1305 841 1346 ὑποκείμενον·

298 1348 319 1383 ἡ
343 1347 408 1394 γάρ
433 1346 480 1391 μή
505 1345 540 1387 ἐξ
566 1346 786 1390 ὑποκειμένου
810 1348 856 1384 εἰς
880 1347 927 1390 μη
953 1347 1069 1379 ὑποκεί
1099 1357 1170 1378 ενον
1197 1347 1255 1378 οὐκ
1285 1346 1357 1378 ἔστι

364 1391 543 1433 μεταβολὴ
569 1387 627 1423 διά
651 1392 692 1424 τὸ
717 1391 763 1435 μή
782 1388 867 1423 εἶναι
890 1391 969 1423 κατ’
993 1391 1069 1423 ἀντί
1093 1401 1174 1422 εσιν·
1197 1391 1274 1422 οὔτε
1292 1390 1357 1436 γάρ

365 1435 506 1467 ἐναντία
531 1435 611 1467 οὔτε
638 1434 812 1479 ἀντίφασίς
839 1435 942 1467 ἐστιν.

296 1480 336 1511 Ἡ
365 1479 423 1523 μὲν
449 1477 505 1511 οὖν
531 1478 590 1510 οὐκ
614 1479 648 1520 ἐξ
679 1478 897 1523 ὑποκειμένου
929 1479 974 1515 εἰς
1006 1479 1222 1522 ὑποκείμενον
1254 1490 1358 1522 μετα-

365 1523 449 1563 βολή
473 1524 553 1554 κατ’
583 1523 762 1568 ἀντίφασιν
792 1522 919 1569 γένεσίς
953 1523 1067 1563 ἐστιν,
1098 1523 1119 1559 ἡ
1152 1522 1211 1564 μὲν
1245 1523 1358 1560 ἁπλῶς

366 1567 474 1608 οἱπλῆ,
493 1567 521 1604 ἠ
547 1562 584 1598 δέ
609 1578 659 1604 τις
686 1567 789 1608 τινός,
818 1567 884 1599 οἷον
911 1567 932 1602 η
958 1567 1017 1610 μὲν
1043 1566 1079 1598 ἐκ
1104 1566 1150 1610 μή
1173 1568 1293 1598 λευκοῦ
1314 1567 1358 1603 εἰς

361 1611 479 1643 λευκὸν
503 1609 632 1656 γένεσις
657 1611 796 1652 τούτου,
818 1612 838 1647 ’ἦ
856 1607 884 1642 δ’
905 1611 941 1643 ἐκ
967 1611 1029 1642 τοῦ
1055 1610 1101 1655 μή
1128 1610 1225 1648 ὄντος
1245 1611 1358 1648 ἁπλῶς

363 1655 408 1692 εἰς
433 1655 550 1687 οὐσίαν
582 1654 709 1700 γένεσις
736 1656 872 1696 οἱπλῶς,
896 1653 972 1686 καθ’
1002 1655 1039 1691 ἦν
1068 1655 1180 1692 ἀπλῶς
1209 1654 1360 1700 γίνεσθαι

361 1700 421 1730 καὶ
446 1698 484 1731 οὐ
510 1701 543 1731 τὶ
568 1698 719 1745 γίνεσθαι
741 1699 898 1745 λέγομεν.

293 1785 335 1816 ‘H
359 1779 386 1816 δ’
408 1783 443 1825 ἐξ
469 1783 688 1828 ὑποκειμένου
713 1785 757 1822 εἰς
783 1785 847 1829 οὐχ
863 1785 1085 1828 ὗπομείμενον
1106 1783 1225 1829 φθορά,
1246 1788 1358 1825 ἁπλῶς

363 1827 422 1872 μὲν
448 1829 468 1864 ή
495 1829 531 1860 ἐκ
557 1829 619 1866 τῆς
647 1826 760 1866 οὐσίας
792 1829 836 1866 εἰς
863 1829 903 1862 τὸ
927 1828 974 1873 μη
1000 1825 1103 1868 εἶναι,
1130 1830 1181 1866 τὶς
1206 1825 1243 1862 δὲ
1268 1832 1288 1867 η
1315 1832 1359 1868 εἰς

363 1872 428 1908 τήν
454 1872 686 1916 ἀντικειμένην
709 1872 894 1917 ἀπόφασιν,
912 1872 1068 1914 καθάπερ
1086 1871 1206 1917 ἐλέχθη
1228 1877 1285 1906 καὶ
1304 1873 1359 1907 ἐπὶ

363 1917 426 1954 τῆς
451 1916 624 1961 γενέσεως.

296 1959 335 1991 Ei.
358 1954 404 1997 δή
428 1962 469 1993 τὸ
494 1961 540 2004 μή
567 1959 601 1992 ὃν
625 1960 767 2006 λέγεται
793 1961 1003 2004 πλεοναχῶς,
1021 1963 1078 1992 καὶ
1096 1959 1184 2004 μήτε
1203 1962 1243 1993 τὸ
1264 1963 1360 1994 κατά

362 2004 512 2038 σύνθεσιν
545 2003 565 2042 ἦ
597 2000 756 2049 διαίρεσιν
789 2000 967 2049 ἐνδέχεται
1000 2004 1161 2036 κινεῖσθαι
1195 2005 1284 2049 μήτε
1317 2007 1359 2038 το“

362 2049 459 2081 κατά
488 2044 653 2093 δύναμιν,
686 2049 727 2081 τὸ
751 2052 799 2089 τῷ
834 2049 948 2085 ἁπλῶς
978 2049 1056 2080 κατ’
1087 2047 1254 2094 ἐνέργειαν
1287 2051 1358 2083 ὄντι

366 2090 608 2136 ἀντικείμενον·
635 2092 677 2124 τό
708 2092 767 2136 μὲν
792 2092 856 2137 γάρ
888 2093 935 2136 μη
965 2092 1082 2123 λευκὸν
1108 2092 1129 2128 ἦ
1154 2093 1201 2134 μη
1229 2093 1357 2139 ἀγαθὸν

365 2135 451 2180 ὅμως
477 2132 655 2181 ἐνδέχεται
679 2135 840 2167 κινεῖσθαι
863 2135 960 2168 κατὰ
976 2136 1185 2178 συμβεβηκός
1207 2137 1275 2179 (εἴη
1293 2138 1358 2183 γάρ

366 2179 535 2224 ἅνθρωπος
569 2180 610 2213 τὸ
646 2179 693 2223 μη
724 2179 883 2222 λευκόν),
914 2180 956 2211 τό
985 2175 1023 2211 δὲ
1056 2180 1169 2216 ἀπλῶς
1199 2181 1246 2223 μή
1279 2177 1358 2213 τόδε

364 2219 533 2268 οὐδαμῶς·
567 2219 737 2257 ἀδύνατον
766 2223 830 2269 γάρ
864 2223 904 2256 τὸ
931 2223 977 2266 μη
1003 2222 1037 2255 ὃν
1068 2221 1244 2255 κινεῖσθαι·
1270 2226 1297 2256 εἰ
1322 2221 1359 2257 δὲ

365 2269 493 2309 τοῦτο,
523 2270 583 2300 καὶ
608 2268 671 2304 την
702 2267 831 2313 γένεσιν
855 2270 980 2304 κίνησιν
1013 2263 1111 2298 εἶναι·
1137 2270 1269 2312 γίνεται
1293 2269 1357 2315 γάρ

366 2312 407 2344 τὸ
423 2312 470 2356 μη
491 2312 537 2344 ὄν.
565 2312 601 2342 Εἰ
618 2311 683 2357 γάρ
700 2313 759 2344 καὶ
778 2311 832 2343 ὅτι
857 2310 1011 2355 μάλιστα
1035 2312 1132 2344 κατά
1150 2313 1359 2355 συμβεβηκάς

388 2359 511 2396 ίνεται,
533 2356 605 2388 ἀλλ’
629 2355 714 2399 ὅμως
742 2355 860 2393 ἀληθὲς
887 2356 990 2388 εἰπεῖν
1017 2354 1069 2386 ὅτι
1093 2356 1237 2400 ὑπάρχει
1256 2357 1296 2388 τὸ
1314 2357 1360 2401 μη

365 2412 400 2432 ον
425 2400 522 2432 κατά
546 2400 608 2432 τοῦ
639 2399 814 2446 γινομένου
849 2400 976 2436 ἁπλῶς·
1008 2400 1023 2431 ὁ
1053 2402 1126 2438 οίως
1159 2397 1196 2433 δέ
1228 2402 1286 2432 καὶ
1320 2401 1360 2433 τὸ

364 2445 509 2487 ἠρεμεῖν.
544 2444 667 2476 Ταῦτά
691 2457 729 2477 τε
753 2438 798 2480 8⁷3
822 2443 997 2486 συμβαίνει
1021 2410 1167 2488 ἕυσχερῆ
1194 2446 1241 2486 τῷ
1265 2449 1363 2476 κινεῖ-

365 2488 444 2521 σθαι
469 2488 509 2521 τὸ
534 2488 580 2532 μή
607 2488 661 2529 ὄν,

298 2609 356 2639 καὶ
381 2607 410 2638 εἰ
434 2607 502 2639 πᾶν
528 2607 569 2638 τὸ
599 2606 792 2649 κινούμενον
826 2606 859 2638 ἐν
886 2605 1001 2646 τόπῳ,
1033 2605 1074 2638 τὸ
1098 2601 1136 2637 δὲ
1161 2606 1208 2650 μή
1238 2605 1272 2638 ὃν
1303 2607 1362 2638 οὐκ

367 2651 458 2683 ἔστιν
486 2650 518 2682 ἒν
543 2650 651 2691 τόπῳ·
678 2653 727 2687 εἴη
752 2650 817 2695 γάρ
844 2650 883 2681 ἀν
908 2661 985 2681 που.

299 2690 385 2727 Οὐδὲ
409 2690 453 2730 δή
478 2694 499 2731 ή
524 2692 631 2737 ωθορά
658 2696 796 2731 κίνησις·
830 2693 984 2725 ἐναντίον
1014 2692 1072 2736 μὲν
1097 2693 1161 2738 γσὶρ
1185 2693 1316 2730 κινήσει
1340 2693 1361 2730 ἦ

366 2741 491 2776 κίνησις
517 2727 537 2774 ἠι
563 2737 699 2781 ἠρεμία·
725 2738 746 2773 η
771 2732 808 2779 δὲ
833 2736 940 2779 φθορά
962 2736 1090 2782 γενέσει
1115 2737 1281 2769 ἐναντίον.

294 2827 391 2858 Ἐπεὶ
409 2821 446 2857 δὲ
463 2825 560 2857 πᾶσα
583 2827 709 2862 κίνησις
726 2823 906 2866 μεταβολή
923 2835 988 2864 τις,
1007 2824 1200 2867 μεταβολαὶ
1220 2820 1257 2856 δὲ
1275 2829 1361 2869 τρεῖς

369 2872 404 2901 αἱ
429 2869 618 2913 εἰρημέναι,
650 2868 781 2901 τούτων
806 2863 844 2899 δὲ
869 2870 903 2899 αί
926 2867 1022 2900 κατά
1046 2867 1173 2914 γένεσιν
1203 2870 1261 2900 καὶ
1285 2867 1364 2911 φθο-

368 2913 428 2957 ράν
454 2913 492 2944 οὐ
515 2912 677 2953 κινήσεις,
705 2912 812 2944 αὗται
836 2907 874 2943 δέ
899 2913 978 2943 εἰσιν
1006 2914 1040 2943 αἱ
1063 2912 1141 2944 κατ’
1168 2912 1359 2955 ἀντίφασιν,

369 2956 437 2990 ἀνά
461 2968 501 2994 κη
534 2957 597 2993 τήν
623 2957 657 2997 ἐξ
684 2955 902 3000 ὑποκειμένου
934 2956 978 2993 εἰς
1011 2957 1226 2998 ὑποκείμενον
1256 2968 1363 3000 μετα-

369 3001 472 3041 βολην
498 3004 624 3038 κίνησιν
650 2997 734 3032 εἶναι
752 2999 869 3043 μόνην·
890 2999 937 3032 τά
952 2996 990 3031 δέ
1007 3001 1211 3042 ύποκείμενα
1230 2999 1250 3035 ἢ
1269 3000 1360 3032 ἐναν-

368 3047 428 3076 τία
454 3043 474 3081 ἢ
500 3043 644 3088 μεταξύ·
669 3046 726 3075 καὶ
751 3044 816 3089 γάρ
834 3044 854 3080 ’ἦ
876 3043 1029 3088 στέρησις
1053 3042 1172 3075 κείσθω
1191 3044 1359 3085 ἐναντίον,

367 3090 426 3120 καὶ
449 3084 617 3125 δηλοῦται
641 3087 851 3131 καταφάσει,
871 3088 912 3120 τὸ
936 3088 1059 3134 γυμνὸν
1084 3089 1141 3119 καὶ
1161 3087 1278 3119 λευκὸν
1303 3090 1359 3120 καὶ

367 3131 486 3176 μέλαν.

354 3235 503 3262 synopsis.
520 3250 554 3254 —
575 3243 599 3261 1.
614 3234 825 3270 Argumentum
847 3239 874 3260 et
895 3232 997 3260 divisio
1013 3238 1114 3260 textus.
1130 3249 1150 3253 -
1164 3233 1261 3260 Motus
1275 3238 1362 3268 prout

301 3274 348 3302 hic
369 3273 463 3301 stricte
478 3272 623 3309 accipitur,
646 3272 828 3308 distinguitur
847 3281 865 3299 a
886 3272 1051 3305 mutatione,
1066 3271 1139 3300 sicut
1159 3271 1267 3307 species
1282 3281 1299 3299 a
1313 3281 1361 3308 ge-

301 3322 379 3342 nere.
401 3329 420 3334 -
441 3320 468 3340 2.
491 3312 566 3340 Cum
587 3311 708 3339 mutatio
730 3311 766 3339 sit
786 3311 860 3339 inter
880 3311 954 3338 duos
975 3310 1124 3346 terminos,
1140 3319 1266 3346 quorum
1286 3320 1361 3338 unus

302 3359 344 3381 est
364 3351 443 3389 prius
458 3357 486 3379 et
499 3351 571 3379 alius
592 3350 743 3386 posterius,
766 3355 881 3386 oportet
895 3358 982 3377 omne
1002 3350 1082 3385 quod
1096 3355 1224 3377 mutatur
1238 3355 1362 3385 quatuor

302 3391 398 3420 modis
419 3390 532 3418 mutari.
560 3391 619 3417 Aut
646 3389 724 3417 enim
748 3395 870 3425 uterque
896 3388 1036 3416 terminus
1058 3394 1100 3416 est
1120 3385 1290 3423 affirmatus,
1312 3395 1362 3416 aut

301 3431 440 3459 terminus
461 3439 479 3458 a
499 3439 558 3466 quo
580 3434 622 3457 est
642 3426 803 3456 affirmatus
818 3434 846 3455 et
859 3427 997 3455 terminus
1013 3427 1050 3455 ad
1071 3436 1157 3463 quem
1175 3433 1217 3454 est
1231 3433 1358 3463 negatus,

302 3477 352 3499 aut
373 3480 388 3498 e
402 3478 542 3498 converso
563 3467 702 3496 terminus
723 3477 740 3495 a
754 3477 813 3504 quo
829 3473 870 3494 est
884 3472 1003 3503 negatus
1020 3472 1048 3494 et
1068 3466 1206 3494 terminus
1221 3466 1257 3493 ad
1273 3475 1360 3502 quem

302 3517 345 3538 est
358 3507 526 3543 affirmatus,
542 3514 590 3536 aut
605 3507 728 3543 denique
745 3513 865 3543 uterque
879 3505 1017 3533 terminus
1032 3512 1073 3532 est
1087 3511 1215 3542 negatus.
1232 3522 1250 3548 .-
1267 3505 1292 3532 3.
1308 3506 1359 3532 Er-

302 3559 339 3586 go
361 3555 417 3577 tres
445 3554 511 3576 sunt
539 3546 705 3575 mutationis
726 3545 851 3582 species:
874 3546 901 3580 α)
924 3554 957 3572 ex
978 3544 1113 3572 subiecto
1128 3544 1157 3571 in
1179 3544 1338 3587 subiectum
1350 3565 1357 3579 ,

302 3589 331 3624 b)
353 3598 386 3617 ex
407 3588 535 3616 subiecto
557 3587 586 3614 in
607 3595 668 3614 non
689 3586 858 3620 subiectum,
881 3586 906 3620 c)
929 3593 961 3612 ex
983 3593 1044 3611 non
1065 3583 1192 3612 subiecto
1214 3582 1244 3610 in
1265 3583 1359 3610 subie-

1411 820 1427 838 *
1451 821 1613 857 Quoniam
1637 830 1743 854 autem
1768 825 1871 855 omnis
1896 827 2029 861 mutatio
2054 834 2099 857 est
2122 838 2140 857 a
2159 829 2298 867 quodam
2321 829 2354 858 in
2377 829 2468 869 quid-

1478 865 1552 895 dam
1579 864 1783 907 (manifestat
1811 876 1917 898 autem
1945 876 1975 899 et
2004 878 2138 900 nomen:
2167 878 2242 910 post
2269 872 2354 902 aliud
2382 873 2467 903 enim

1478 908 1614 948 aliquid,
1641 917 1670 940 et
1693 911 1778 941 aliud
1800 912 1929 951 quidem
1952 913 2103 952 significat
2125 914 2228 954 prius,
2253 915 2338 944 aliud
2361 923 2467 946 autem

1479 951 1671 994 posterius),
1688 955 1859 985 mutabitur
1881 957 1968 996 quod
1991 964 2130 987 mutatur
2153 958 2383 998 quadrifariam.
2403 962 2469 990 Aut

1479 995 1564 1025 enim
1580 1006 1616 1026 ex
1633 997 1771 1028 subiecto
1791 998 1823 1028 in
1839 999 2028 1030 subiectum:
2053 1007 2107 1031 aut
2130 1011 2166 1030 ex
2190 1001 2328 1031 subiecto
2347 1002 2379 1031 in
2403 1012 2468 1032 non

1480 1039 1668 1070 subiectum:
1693 1048 1747 1071 aut
1770 1051 1806 1071 ex
1829 1052 1893 1072 non
1917 1043 2056 1074 subiecto
2080 1044 2112 1073 in
2141 1044 2330 1075 subiectum:
2356 1052 2409 1076 aut
2433 1055 2469 1076 ex

1479 1091 1546 1111 non
1562 1083 1700 1114 subiecto
1723 1085 1755 1113 in
1779 1095 1843 1114 non
1860 1086 2044 1117 subiectum.
2069 1087 2148 1118 Dico
2165 1095 2269 1118 autem
2293 1089 2468 1120 subiectum

1479 1125 1685 1157 affirmatione
1709 1135 1928 1159 monstratum.

1414 1169 1519 1206 Quare
1535 1180 1659 1200 necesse
1676 1177 1721 1200 est
1744 1181 1779 1200 ex
1798 1171 1834 1201 iis
1858 1182 1938 1212 quae
1953 1173 2034 1203 dicta
2053 1181 2139 1212 sunt,
2156 1181 2216 1204 tres
2240 1185 2305 1205 esse
2322 1176 2468 1206 mutatio-

1479 1220 1548 1243 nes:
1565 1213 1681 1244 scilicet
1694 1224 1730 1244 ex
1754 1215 1893 1245 subiecto
1916 1216 1949 1245 in
1968 1217 2158 1255 subiectum,
2175 1225 2205 1248 et
2228 1228 2264 1248 ex
2281 1219 2420 1250 subiecto
2436 1220 2469 1250 in

1479 1266 1546 1287 non
1569 1257 1756 1296 subiectum,
1782 1265 1812 1288 et
1834 1269 1871 1288 ex
1894 1269 1959 1289 non
1978 1260 2117 1291 subiecto
2141 1261 2173 1290 in
2197 1262 2380 1293 subiectum.

1413 1341 1504 1379 Quae
1519 1342 1604 1371 enim
1627 1349 1674 1373 est
1696 1353 1732 1373 ex
1751 1353 1816 1373 non
1833 1344 1973 1374 subiecto
1997 1345 2031 1374 in
2053 1355 2118 1375 non
2139 1347 2328 1385 subiectum,
2345 1358 2411 1378 non
2425 1355 2471 1379 est

1479 1385 1628 1423 mutatio,
1646 1394 1774 1426 propter
1789 1387 1850 1417 hoc
1866 1388 1953 1427 quod
1970 1398 2035 1418 non
2051 1396 2096 1419 est
2110 1391 2284 1420 secundum
2300 1392 2472 1431 oppositio·

1479 1437 1572 1460 nem:
1597 1439 1699 1470 neque
1723 1431 1808 1460 enim
1832 1431 2001 1470 contraria,
2025 1442 2128 1472 neque
2147 1434 2347 1464 contradictio
2371 1442 2425 1465 est.

1413 1473 1460 1503 Ex
1488 1483 1554 1503 non
1578 1473 1717 1504 subiecto
1741 1474 1870 1514 quidem
1893 1475 1987 1514 igitur
2009 1475 2042 1505 in
2065 1476 2241 1507 subiectum
2268 1478 2400 1508 mutatio
2429 1489 2473 1509 se-

1479 1517 1621 1547 cundum
1653 1518 1947 1557 contradictionem,
1980 1520 2137 1559 generatio
2170 1527 2229 1551 est:
2253 1521 2312 1551 alia
2344 1522 2473 1562 quidem

1480 1560 1660 1600 simpliciter
1675 1561 1816 1601 simplex,
1839 1562 1898 1592 alia
1920 1572 1994 1593 vero
2010 1564 2165 1603 quaedam
2184 1565 2357 1595 cuiusdam.
2379 1565 2421 1596 Ut
2437 1576 2473 1596 ea

1479 1614 1561 1644 quae
1576 1615 1612 1635 ex
1628 1615 1693 1635 non
1708 1605 1779 1635 albo
1796 1605 1829 1635 in
1843 1606 1960 1644 album,
1980 1607 2136 1646 generatio
2156 1608 2284 1648 quidem
2303 1608 2396 1639 huius
2412 1616 2471 1648 est;

1479 1658 1561 1688 quae
1583 1659 1657 1679 vero
1682 1659 1718 1679 ex
1743 1659 1808 1678 non
1833 1659 1898 1679 esse
1924 1650 2104 1690 simpliciter
2127 1651 2159 1680 in
2183 1652 2387 1682 substantiam
2411 1659 2471 1691 est,

1480 1692 1638 1731 generatio
1657 1693 1844 1732 'simpliciter
1867 1700 1922 1731 est,
1939 1695 2113 1724 secundum
2136 1705 2232 1735 quam
2255 1695 2321 1725 fieri
2345 1703 2374 1726 et
2405 1706 2472 1726 non

1481 1735 1546 1766 fieri
1575 1736 1755 1776 simpliciter
1787 1737 1904 1777 aliquid
1928 1737 2071 1768 dicimus,

1415 1780 1505 1817 Quae
1528 1789 1603 1810 vero
1628 1790 1664 1810 ex
1692 1780 1831 1810 subiecto
1854 1780 1886 1810 in
1912 1791 1977 1811 non
2008 1782 2198 1820 subiectum,
2228 1783 2387 1822 corruptio
2411 1790 2470 1814 est:

1481 1823 1663 1863 simpliciter
1684 1823 1823 1864 quidem,
1840 1834 1921 1865 quae
1935 1835 1972 1855 ex
1988 1826 2159 1856 substantia
2182 1826 2222 1855 ad
2237 1836 2301 1856 non
2331 1837 2395 1857 esse
2412 1834 2471 1865 est;

1481 1867 1637 1907 quaedam
1653 1874 1759 1898 autem
1775 1875 1835 1906 est,
1853 1878 1934 1908 quae
1950 1875 1995 1899 est
2009 1869 2042 1898 in
2058 1869 2238 1909 oppositam
2261 1870 2471 1910 negationem,

1481 1911 1561 1941 sicut
1583 1911 1703 1941 dictum
1726 1918 1772 1942 est
1794 1911 1826 1941 in
1850 1912 2058 1951 generatione.

1414 1955 1431 1973 *
1445 1954 1477 1986 Si
1491 1954 1586 1994 igitur
1604 1955 1692 1995 quod
1706 1965 1771 1985 non
1788 1962 1834 1985 est
1850 1956 1961 1986 dicitur
1976 1956 2204 1996 multipliciter;
2220 1964 2249 1987 et
2264 1967 2366 1998 neque
2385 1958 2473 1998 quod

1481 2005 1527 2028 est
1549 1999 1725 2029 secundum
1749 1999 2014 2039 compositionem
2033 2007 2088 2030 aut
2113 2001 2299 2031 divisionem
2322 2002 2474 2041 contingit

1481 2042 1618 2080 moveri,
1633 2051 1736 2083 neque
1755 2043 1843 2083 quod
1862 2050 1907 2074 est
1923 2044 2098 2074 secundum
2122 2044 2310 2084 potentiam,
2335 2046 2423 2086 quod
2445 2046 2473 2075 ei

1481 2086 1569 2126 quod
1593 2092 1638 2116 est
1661 2086 1842 2126 simpliciter
1865 2088 2040 2117 secundum
2063 2094 2178 2126 actum,
2203 2088 2388 2128 oppositum
2411 2095 2473 2127 est;

1480 2129 1570 2169 quod
1593 2129 1677 2159 enim
1694 2137 1740 2160 est
1762 2140 1828 2160 non
1844 2131 1952 2161 album
1975 2138 2030 2161 aut
2043 2141 2109 2161 non
2125 2132 2257 2170 bonum,
2277 2139 2382 2162 tamen
2399 2142 2472 2163 con‘

1480 2173 1572 2212 tingit
1586 2173 1706 2203 moveri
1730 2174 1906 2204 secundum
1925 2174 2065 2205 accidens
2085 2173 2155 2216 (erit
2178 2175 2263 2205 enirn
2284 2176 2384 2206 homo
2408 2186 2473 2206 non

1479 2214 1600 2258 albus);
1617 2217 1705 2256 quod
1721 2223 1827 2247 autem
1846 2218 2026 2258 simpliciter
2044 2228 2110 2248 non
2125 2219 2187 2249 hoc
2202 2219 2321 2259 aliquid
2338 2226 2393 2258 est,
2412 2220 2474 2250 hoc

1480 2259 1570 2289 nullo
1609 2260 1708 2290 modo
1737 2261 1890 2301 contingit
1917 2261 2037 2292 moveri
2070 2260 2283 2304 (impossibile
2315 2270 2360 2293 est
2390 2263 2474 2293 enim

1481 2303 1570 2343 quod
1592 2313 1658 2332 non
1682 2310 1727 2333 est
1749 2302 1904 2346 moveri):
1929 2305 1954 2334 si
1978 2302 2084 2335 autem
2102 2305 2174 2343 hoc,
2195 2313 2224 2336 et
2241 2307 2474 2345 generationem

1481 2356 1548 2376 esse
1571 2353 1698 2376 motum
1720 2347 1913 2387 impossibile
1946 2348 2021 2386 erit;
2044 2348 2080 2379 fit
2111 2349 2195 2379 enim
2219 2351 2305 2389 quod
2329 2360 2394 2380 non
2418 2358 2471 2381 est.

1482 2390 1513 2420 Si
1538 2390 1623 2419 enim
1646 2396 1676 2420 et
1699 2391 1786 2431 quod
1810 2401 1846 2421 ex
1860 2401 1926 2421 non
1950 2398 2019 2422 ente
2047 2392 2183 2422 maxime
2199 2394 2373 2424 secundum
2397 2394 2475 2424 acci-

1482 2434 1558 2463 dens
1581 2433 1632 2471 fit;
1657 2435 1711 2463 sed
1734 2441 1839 2464 tamen
1862 2444 1972 2464 verum
2001 2442 2046 2465 est
2067 2435 2167 2466 dicere
2197 2437 2285 2476 quod
2313 2444 2359 2468 est
2386 2438 2474 2477 quod

1482 2487 1548 2507 non
1572 2483 1632 2516 est,
1657 2477 1695 2507 de
1712 2487 1750 2508 eo
1770 2479 1858 2518 quod
1880 2477 1915 2508 fit
1939 2479 2128 2518 simpliciter.
2146 2479 2293 2510 Similiter
2315 2487 2421 2511 autem
2444 2488 2475 2511 et

1482 2521 1649 2561 quiescere.
1667 2521 1753 2551 Haec
1768 2522 1862 2561 igitur
1878 2522 2022 2552 accidunt
2039 2522 2300 2562 inconvenientia,
2325 2524 2350 2554 si
2364 2534 2473 2555 move-

1482 2571 1533 2595 tur
1556 2565 1644 2604 quod
1667 2574 1732 2594 non
1756 2572 1810 2595 est.

1417 2608 1457 2638 Et
1480 2608 1505 2638 si
1529 2618 1624 2638 omne
1648 2609 1736 2648 quod
1759 2616 1914 2647 movetur,
1934 2609 1966 2639 in
1990 2609 2062 2639 loco
2082 2617 2142 2647 est;
2166 2611 2254 2650 quod
2277 2617 2383 2641 autem
2406 2621 2472 2641 non

1484 2659 1544 2690 est,
1568 2662 1634 2682 non
1657 2659 1703 2682 est
1725 2652 1757 2682 in
1781 2653 1870 2690 loc03
1895 2660 1973 2683 esset
1996 2653 2080 2683 enim
2103 2653 2225 2684 alicubi.

1415 2697 1527 2736 Neque
1550 2696 1614 2725 iam
1637 2696 1796 2736 corruptio
1816 2703 1922 2726 motus
1951 2703 2004 2726 est.
2030 2696 2232 2727 Contrarium
2263 2697 2347 2727 enim
2369 2698 2473 2729 motui

1482 2746 1589 2769 motus
1613 2747 1659 2770 est
1680 2746 1734 2770 aut
1752 2739 1857 2780 quies:
1882 2740 2041 2779 corruptio
2057 2747 2163 2771 autem
2182 2741 2372 2780 generationi
2397 2751 2472 2772 con-

1482 2783 1612 2813 trarium
1631 2790 1686 2814 est.

1415 2826 1433 2843 ’κ
1448 2826 1611 2863 Quoniam
1633 2833 1739 2857 autem
1755 2833 1861 2857 motus
1884 2827 2016 2858 mutatio
2034 2828 2187 2868 quaedam
2212 2829 2473 2867 est‚-mutationes

1483 2877 1586 2900 autem
1606 2876 1667 2900 tres
1684 2877 1758 2901 sunt
1781 2870 1893 2901 dictae:
1914 2871 2026 2901 harum
2042 2878 2147 2902 autem
2166 2882 2246 2913 quae
2268 2879 2340 2902 sunt
2363 2882 2472 2903 secun-

1483 2914 1561 2943 dum
1583 2914 1817 2953 generationem
1840 2921 1870 2944 et
1893 2915 2138 2954 corruptionem,
2162 2925 2228 2945 non
2251 2922 2324 2946 sunt
2346 2922 2471 2954 motus3

1481 2957 1540 2987 hae
1556 2964 1662 2987 autem
1681 2965 1754 2988 sunt
1773 2958 1948 2988 secundum
1964 2958 2259 2989 contradictionem:
2284 2969 2408 2990 necesse
2427 2966 2474 2990 est

1482 3011 1519 3031 ex
1542 3001 1682 3032 subiecto
1705 3002 1738 3031 in
1754 3001 1931 3032 subiectum
1953 3002 2173 3040 mutationem,
2189 3010 2315 3033 motum
2333 3013 2399 3033 esse
2422 3013 2472 3034 so-

1481 3045 1562 3078 lum.
1582 3045 1727 3075 Subiecta
1753 3052 1859 3075 autem
1881 3052 1935 3076 aut
1955 3046 2108 3076 contraria
2131 3053 2184 3076 aut
2204 3046 2307 3076 media
2326 3053 2408 3077 sunt.
2432 3047 2472 3077 Et

1482 3088 1614 3128 privatio
1640 3089 1724 3119 enim
1747 3088 1876 3128 ponitur
1901 3089 2106 3127 contrarium;
2126 3096 2157 3120 et
2178 3096 2368 3120 monstratur
2393 3090 2470 3120 affir-

1481 3131 1621 3162 matione
1644 3133 1768 3162 nudum
1792 3139 1823 3162 et
1845 3132 1953 3162 album
1977 3139 2007 3162 et
2029 3133 2164 3172 nigrum.

1414 3239 1501 3260 ctum.
1522 3233 1696 3268 (Subiectum
1714 3233 1759 3261 hic
1773 3233 1876 3261 dicitur
1889 3243 1976 3261 omne
1991 3234 2070 3269 quod
2084 3231 2252 3260 affirmative
2273 3232 2470 3269 significatur.)

1415 3289 1433 3293 —
1453 3281 1481 3306 4.
1505 3272 1643 3306 Quamvis
1666 3278 1789 3309 quatuor
1809 3272 1903 3300 modis
1925 3272 2069 3308 contingat
2089 3271 2196 3307 aliquid
2223 3271 2342 3305 mutari,
2370 3277 2467 3300 tamen

1414 3320 1475 3339 non
1496 3317 1562 3339 sunt
1582 3311 1637 3339 nisi
1651 3318 1707 3339 tres
1722 3311 1829 3347 species
1843 3311 2016 3339 mutationis.
2039 3312 2111 3338 Nam
2126 3318 2199 3346 quae
2213 3317 2255 3337 est
2269 3311 2304 3337 de
2318 3319 2378 3338 non
2399 3312 2467 3338 sub·-

1414 3350 1488 3378 iecto
1503 3350 1533 3377 in
1547 3359 1608 3378 non
1622 3350 1789 3384 subiectum,
1812 3359 1871 3377 non
1885 3356 1979 3385 potest
1993 3358 2054 3377 esse
2075 3348 2240 3376 mutationis
2261 3349 2378 3385 species,
2400 3359 2466 3378 cum

2494 835 2504 846 ⁸
2520 835 2574 862 ch.
2593 841 2644 862 cap.
2659 841 2677 857 1.

2494 861 2563 882 Text.
2577 867 2599 888 7.

2499 1963 2508 1974 “
2523 1962 2591 1984 Text.
2607 1962 2629 1984 8.

2498 2834 2508 2845 ‘⁸
2523 2833 2590 2855 Text.
2605 2839 2628 2862 9.

1415 3388 1510 3417 omnis
1532 3389 1652 3417 mutatio
1673 3399 1724 3425 per
1738 3398 1767 3416 se
1789 3388 1823 3416 sit
1844 3388 1916 3418 inter
1929 3388 2075 3423 opposita,
2096 3394 2122 3415 et
2137 3388 2210 3415 duae
2224 3388 2390 3424 negationes
2405 3398 2465 3417 non
2502 3400 2505 3402 ·

1415 3427 1471 3455 sint
1491 3428 1650 3464 oppositae,
1665 3437 1758 3464 neque
1772 3427 1912 3455 contrarie
1934 3435 2026 3463 neque
2041 3426 2266 3454 contradictorie.
2286 3428 2322 3454 Et
2336 3427 2400 3455 licet
2415 3437 2467 3464 per

1413 3467 1558 3494 accidens
1573 3473 1698 3494 mutetur
1725 3466 1831 3502 aliquid
1852 3466 1888 3493 de
1909 3474 1968 3493 non
1989 3465 2116 3493 subiecto
2144 3465 2173 3493 in
2200 3474 2261 3493 non
2288 3466 2464 3502 subiectum,

1413 3506 1469 3533 hoc
1490 3512 1586 3533 tamen
1608 3515 1667 3533 non
1682 3505 1827 3533 constituit
1840 3513 1946 3532 novam
1967 3504 2089 3540 speciem
2105 3504 2284 3539 mutationis;
2300 3505 2367 3542 quia
2386 3507 2467 3543 quod

1414 3551 1456 3572 est
1477 3554 1528 3580 per
1542 3545 1673 3572 accidens
1688 3544 1716 3571 in
1731 3543 1826 3580 aliquo
1847 3551 1960 3579 genere,
1981 3552 2041 3571 non
2061 3549 2155 3579 potest
2171 3553 2232 3571 esse
2247 3544 2354 3580 species
2376 3545 2465 3573 eius.-

1416 3584 1441 3611 5.
1463 3584 1570 3611 'sextus
1585 3582 1748 3611 subdivisio.
1761 3597 1779 3603 -
1791 3583 1818 3610 6.
1835 3582 1955 3610 Mutatio
1970 3583 2006 3610 de
2026 3591 2086 3610 non
2107 3582 2234 3611 subiecto
2256 3582 2285 3610 in
2307 3583 2464 3612 subiectum
