2950 4004
0 3202 9 3226 Ι·
52 3218 63 3227 ‘¹
73 3216 181 3244 partibus
195 3222 248 3238 mx.

15 3447 17 3449 ι
52 3418 63 3430 '
77 3417 148 3440 Num.
162 3423 182 3446 3.

19 3512 25 3523 ἦ
52 3506 65 3517 ¹⁸
71 3505 131 3527 illud
135 3505 188 3528 add.
196 3506 266 3528 codd.

18 3549 20 3551 ,
55 3535 78 3554 et
91 3537 106 3554 a
114 3532 135 3554 1³.

1142 225 1253 261 CAP.
1284 224 1317 270 1,
1347 221 1496 258 LECT.
1528 223 1577 258 111

2376 230 2444 265 107

1037 446 1338 503 LECTIO
1377 446 1695 501 TERTIA

550 603 827 636 OSTENDITUR
849 601 945 632 TUM
967 599 1155 630 DIRECTE
1179 599 1274 629 TUM
1299 597 1531 628 lNDIRECTE
1557 598 1678 635 QUOD
1703 599 1813 628 BENE
1837 599 2075 630 ASSIGNATA
2098 599 2178 630 EST

1168 659 1387 690 DEFINITIO
1411 659 1561 690 MOTUS

272 794 349 825 ’Ότι
373 791 432 835 μὲν
457 788 514 821 οὖν
540 788 631 822 ἐστὶν
663 788 773 830 αὕτη,
798 791 856 820 καὶ
888 788 941 820 ὅτι
973 789 1148 832 συμβαίνει
1177 787 1260 819 τότε
1289 799 1338 818 κι-

343 833 484 876 νεῖσθαι,
512 832 596 865 ὅταν
623 834 643 870 ἢ
670 832 866 878 ἐντελέχεια
892 830 915 875 ᾗ
940 831 1044 873 αὕτη,
1070 833 1128 864 καὶ
1154 832 1233 863 οὔτε
1259 831 1337 876 πρό-

345 888 441 922 τερον
468 878 545 910 οὔτε
571 877 723 922 ὕστερον,
749 873 865 914 δῆλον·
894 872 1072 920 ἐνδέχεται
1096 876 1160 921 γαρ
1190 875 1336 907 ἕκαστον

347 922 407 954 ὁτὲ
430 922 489 965 μὲν
515 922 677 968 ἐνεργεῖν,
705 922 764 953 ὁτὲ
787 917 825 953 δὲ
850 920 918 964 μή,
945 922 1012 952 οἷον
1040 920 1081 951 τὰ
1115 914 1337 963 οἰκοδομητὸν

344 968 402 997 καὶ
427 966 448 1001 ’ἡ
475 968 536 999 τοῦ
563 965 787 1010 οἰκοδομητοῦ
813 965 976 1011 ἐνέργεια,
997 964 1018 1006 ᾖ
1037 959 1274 1007 οἰκοδομητόν,
1296 964 1339 995 οἱ-

344 1006 525 1052 κοδόμησίς
547 1012 653 1043 ἐστιν·
672 1009 692 1047 ἦ
713 1010 777 1055 γοὶρ
795 1011 815 1046 ἧ
838 1005 1049 1053 οἰκοδόμησις
1068 1010 1088 1045 ἡ
1107 1008 1259 1064 ἐνέργεια
1277 1008 1339 1039 τοῦ

347 1054 573 1099 οἰκοδομητοῦ
598 1053 620 1091 ἦ
645 1055 666 1091 τ’)
693 1055 795 1086 οἰκία·
824 1052 895 1086 ἀλλ’
926 1052 1011 1085 ὅταν
1037 1054 1126 1084 οἰκία
1153 1065 1192 1094 ῃ,
1221 1051 1332 1084 οὐκέτ’

349 1094 573 1143 οἰκοδομητὸν
599 1099 704 1135 ἔστιν·
733 1093 963 1142 οἰκοδομεῖται
984 1093 1022 1129 δὲ
1040 1097 1081 1129 τὸ
1101 1093 1338 1152 οἰκοδομητόν·

349 1141 479 1189 ἀνάγκη
507 1143 572 1186 ἄρα
598 1143 662 1179 τήν
689 1138 900 1186 οἰκοδόμησιν
927 1141 991 1178 τήν
1016 1140 1182 1186 ἐνέργειαν
1200 1153 1300 1172 ειναι·
1319 1142 1339 1177 ἡ

347 1182 384 1218 δέ
409 1183 623 1231 οἰκοδόμησις
638 1189 763 1224 κίνησίς
781 1189 833 1224 τίς
851 1187 957 1219 ἔστιν.
987 1186 1096 1218 Ἀλλοὶ
1115 1185 1181 1228 μην
1201 1186 1216 1217 ὁ
1235 1185 1341 1222 αὐτὸς

348 1229 527 1278 ἐφαρμόσει
550 1230 650 1276 λόγος
673 1233 732 1262 καὶ
758 1231 812 1263 ἐπὶ
837 1231 903 1262 τῶν
930 1230 1038 1262 ἄλλων
1062 1230 1237 1266 κινήσεων.

274 1274 350 1308 ’Ότι
375 1272 413 1309 δὲ
435 1277 545 1313 καλῶς
570 1278 724 1319 εἴρηται,
751 1270 854 1311 δῆλον
878 1276 935 1306 καὶ
962 1273 997 1315 ἐξ
1022 1273 1064 1305 ὦν
1091 1276 1119 1305 οἰ
1147 1274 1243 1306 ἄλλοι
1268 1275 1342 1314 περὶ

349 1321 459 1359 αὐτῆς
482 1319 632 1365 λέγουσι,
650 1321 709 1351 καὶ
735 1319 770 1350 ἐκ
796 1320 858 1351 τοῦ
883 1318 930 1363 μή
954 1313 1069 1363 ῥᾴδιον
1088 1315 1174 1349 εἶναι
1198 1312 1342 1362 διορίσαι

351 1363 458 1403 ἄλλως
484 1363 608 1400 αὐτήν.
634 1363 721 1396 Οὔτε
746 1363 810 1409 γαρ
835 1362 899 1399 τήν
923 1366 1049 1399 κίνησιν
1070 1363 1128 1394 καὶ
1149 1362 1212 1398 τήν
1238 1373 1343 1404 μετα-

349 1408 454 1447 βολήν
481 1407 513 1441 ἐν
541 1407 629 1448 ἄλλῳ
654 1407 743 1454 γένει
767 1406 873 1439 θεῖναι
897 1402 1030 1439 δύναιτ’
1054 1406 1091 1439 ἄν
1118 1418 1167 1443 τις
1197 1406 1294 1446 [οὔτε
1314 1408 1342 1437 οἱ

348 1452 470 1496 ἑτέρως
494 1451 664 1496 εἰρηκότες
689 1453 762 1495 περὶ
789 1449 899 1491 αὐτῆς
924 1450 1162 1494 κατορθοῦσι]

283 1496 390 1533 Δῆλον
415 1493 453 1528 δέ
477 1496 658 1528 σκοποῦσιν
676 1496 718 1532 ὥς
735 1494 885 1527 τιθέασιν
909 1493 1020 1528 αὐτὴν
1039 1495 1131 1535 ἔνιοι,
1152 1493 1343 1537 ἑτερότητα

349 1543 406 1572 καὶ
435 1539 626 1576 ἀνισότητα
655 1541 712 1570 καὶ
745 1539 786 1571 τὸ
811 1539 856 1583 μή
884 1537 917 1570 ὃν
944 1539 1130 1582 φάσκοντες
1161 1536 1247 1570 εἶναι
1279 1537 1342 1573 τήν

348 1587 489 1621 κίνησιν·
507 1584 549 1615 ὦν
570 1581 664 1614 οὐδὲν
682 1583 871 1629 ἀναγκαῖον
895 1581 1069 1617 κινεῖσθαι.
1091 1580 1161 1613 οὔτ’
1186 1582 1224 1614 ἂν
1244 1581 1343 1625 ἕτερα

350 1627 374 1671 ἦ
391 1626 463 1661 οὔτ’
486 1627 524 1659 ἂν
551 1626 652 1659 ἄνισα
677 1625 749 1658 οὔτ’
773 1625 811 1658 ἂν
831 1624 891 1658 οὐκ
909 1627 1006 1658 ὄντα.
1037 1624 1128 1657 Ἀλλ’
1152 1622 1220 1657 οὐδ’
1242 1626 1262 1661 τ’]
1285 1637 1342 1669 με-

350 1672 485 1712 ταβολή
512 1670 581 1704 οὔτ’
605 1671 648 1708 εἰς
667 1671 786 1703 ταῦτα
805 1671 875 1702 οὔτ’
899 1669 935 1702 ἐκ
951 1669 1084 1702 τούτων
1103 1669 1231 1714 μᾶλλόν
1252 1669 1343 1701 ἐστιν

350 1716 371 1753 ἦ
399 1718 436 1749 ὲκ
460 1716 526 1749 τῶν
553 1713 801 1759 ἀντικειμένων.

284 1761 396 1792 Αἴτιον
422 1757 459 1792 δέ
484 1760 546 1791 τοῦ
572 1760 616 1796 εὶς
642 1759 760 1791 ταῦτα
786 1757 915 1790 τιθέναι
940 1756 994 1789 ὅτι
1021 1756 1179 1801 ἀόριστόν
1202 1768 1237 1788 τι
1254 1751 1347 1787 δοκεῖ

350 1802 436 1836 εἶναι
461 1805 482 1841 ἦ
506 1806 644 1842 κίνησις,
665 1803 727 1840 τῆς
752 1799 789 1834 δὲ
815 1801 933 1845 ἑτέρας
957 1804 1153 1845 συστοιχίας
1181 1802 1215 1832 αἱ
1242 1801 1344 1854 ἀρχαὶ

349 1844 408 1880 διοὶ
435 1849 477 1880 τό
508 1848 707 1891 στερητικαὶ
738 1844 822 1878 εἶναι
856 1844 1022 1888 ἀόριστοι·
1055 1846 1133 1877 οὔτε
1165 1844 1213 1891 γα
1264 1840 1344 1876 τοδε

350 1893 430 1925 οὔτε
454 1887 586 1924 τοιόνδε
621 1887 762 1935 οὐδεμία
793 1888 905 1923 αὐτῶν
937 1890 1049 1930 ἐστίν,
1085 1888 1139 1922 ὅτι
1169 1890 1205 1921 οὗ
1232 1889 1246 1921 ὲ
1278 1890 1344 1921 τῶν

352 1937 462 1969 ἄλλων
486 1936 714 1981 κατηγοριῶν.

279 2023 351 2054 ’Τοῦ
377 2018 415 2053 δὲ,
445 2017 554 2053 δοκεῖν
589 2020 745 2065 ἀόριστον
778 2017 864 2051 εἶναι
895 2018 959 2055 τήν
987 2021 1114 2055 κίνησιν
1146 2021 1255 2051 αἴτιον
1293 2018 1346 2052 ὅτι

352 2066 432 2097 οὔτε
458 2066 501 2102 εἰς
527 2060 668 2108 δύναμιν
694 2065 760 2096 τῶν
788 2064 893 2095 ὄντων
920 2062 999 2094 οὔτε
1022 2063 1067 2100 εἰς
1085 2061 1252 2108 ἐνέργειαν
1272 2063 1346 2096 ἔστι

352 2109 458 2140 θεῖναι
487 2107 597 2144 αὑτήν
632 2109 758 2145 ἁπλῶς·
786 2107 865 2139 οὔτε
920 2106 957 2150 dp
989 2107 1030 2138 το“
1061 2102 1209 2138 δυνατόν
1240 2107 1344 2139 ποσὸν

352 2150 437 2184 εἶναι
460 2156 605 2184 κινεῖται
631 2150 666 2192 ἐξ
693 2150 840 2197 ἀνάγκης
875 2162 954 2182 ουτε
979 2150 1020 2181 τὸ
1046 2148 1194 2196 ἐνεργείᾳ
1224 2150 1343 2183 ποσόν.

345 2195 391 2228 ’Ἡ
416 2209 454 2229 τε
477 2199 601 2233 κίνησις
628 2194 776 2241 ἐνέργεια,
801 2195 859 2238 μέν
886 2207 935 2231 τις
961 2191 1046 2226 εἶναι
1077 2190 1187 2235 δοκεῖ,
1221 2191 1345 2232 ἀτελής

352 2236 403 2272 δέ·
431 2242 541 2272 αἴτιον
567 2236 597 2272 δ’
627 2239 679 2272 ὅτι
711 2238 830 2276 ἀτελές
864 2239 905 2271 τό
935 2233 1101 2280 δυνατόν,
1136 2238 1173 2269 οὗ
1206 2239 1298 2270 ἐστιν
1324 2239 1344 2275 ἡ

353 2282 515 2329 ἐνέργεια.
541 2286 607 2315 Καὶ
633 2278 692 2315 δια
717 2284 823 2315 τοῦτο
848 2279 890 2319 δή
915 2282 1066 2327 χαλεπὸν
1093 2282 1204 2318 αὐτην
1228 2283 1343 2322 λαβεῖν

353 2330 386 2359 τί
413 2327 515 2360 ἐστιν·
543 2327 564 2364 ἦ
588 2328 652 2373 γοὶρ
678 2328 722 2365 εἱς
747 2326 902 2370 στέρησιν
930 2327 1115 2371 ἀναγκαῖον
1138 2325 1243 2358 θεῖναι
1261 2325 1282 2362 ἦ
1301 2328 1345 2364 εἱς

351 2367 493 2415 δύναμιν
512 2370 532 2407 ἦ
550 2371 594 2408 εἱς
618 2369 786 2417 ἐνέργειαν
810 2371 935 2411 οἱπλῆν,
955 2370 1088 2402 τούτων
1106 2366 1134 2402 δ’
1156 2368 1253 2402 οὐθὲν
1271 2373 1346 2414 φαί-

351 2427 448 2448 νεται
473 2411 701 2460 ἐνδεχόμενον.
729 2417 894 2448 Αείπεται
919 2417 1029 2447 τοίνυν
1049 2416 1065 2446 ὁ
1082 2413 1249 2459 εἰρημένος
1271 2414 1348 2459 τρό-

352 2471 427 2501 πος,
447 2457 614 2506 ἐνέργειαν
639 2459 698 2504 μέν
715 2471 794 2491 τινα
814 2457 913 2500 εἶναι,
933 2459 1100 2496 τοιαύτην
1125 2454 1155 2490 δ’
1176 2458 1344 2504 ἐνέργειαν

352 2504 427 2557 οἶσιν
459 2506 624 2546 εἴπαμεν,
654 2504 811 2548 χαλεπήν
845 2504 904 2548 μὲν
929 2499 1032 2544 ἰδεῖν,
1063 2500 1282 2548 ἐνδεχομένην
1312 2498 1340 2533 δ’

352 2559 449 2580 ειναι.

341 2696 480 2723 SYNOPsts
496 2710 530 2715 —
551 2704 575 2722 1.
596 2695 815 2731 Argumentum.
831 2710 850 2714 —
864 2701 891 2721 2.
908 2694 990 2722 Ratio
1013 2693 1127 2722 directa.
1149 2693 1256 2722 Mobile
1273 2703 1344 2730 qua-

288 2741 372 2763 tenus
391 2735 448 2762 tale
469 2734 644 2770 quandoque
659 2739 702 2761 est
715 2733 745 2761 in
761 2733 899 2769 potentia,
914 2739 942 2761 et
963 2734 1139 2770 quandoque
1154 2733 1184 2761 in
1204 2739 1278 2768 actu,
1293 2742 1344 2761 seu

288 2774 442 2802 actualiter
462 2779 610 2801 movetur.-
632 2782 700 2810 ergo
729 2779 844 2809 oportet
864 2781 926 2800 esse
953 2772 1079 2809 aliquem
1104 2779 1200 2801 actum
1221 2773 1282 2800 eius
1302 2772 1346 2800 in-

289 2819 429 2850 quantum
451 2819 590 2840 movetur.
605 2812 684 2840 Talis
704 2819 800 2840 autem
822 2818 901 2840 actus
922 2821 983 2839 non
1013 2819 1055 2840 est
1075 2819 1155 2840 actus
1176 2813 1346 2849 completus,

289 2853 338 2890 qui
353 2859 395 2881 est
408 2852 547 2880 terminus
561 2858 674 2887 motus;
690 2861 759 2888 ergo
771 2858 813 2879 est
824 2858 904 2880 actus
919 2851 1125 2888 incompletus;
1140 2851 1264 2888 ideoque
1278 2858 1347 2880 tunc

287 2892 397 2929 aliquid
418 2898 549 2920 movetur
570 2892 688 2928 quando
709 2897 751 2919 est
771 2891 801 2918 in
822 2890 870 2919 tali
891 2897 956 2919 actu
978 2892 1058 2928 quod
1079 2900 1139 2919 non
1155 2891 1276 2919 omnino
1298 2892 1349 2919 de-

288 2931 355 2960 sinit
375 2941 436 2960 esse
457 2931 487 2959 in
514 2931 651 2967 potentia.
672 2946 692 2951 —-
712 2931 738 2958 3.
759 2931 866 2958 Textus
887 2930 998 2959 divisio.
1022 2930 1160 2959 Indirecte
1188 2931 1349 2959 ostenditur

288 2971 402 3000 bonitas
422 2971 565 3007 praefatae
587 2970 761 2998 definitionis
782 2979 816 2998 ex
843 2970 899 2998 hoc
920 2971 999 3007 quod
1027 2980 1089 2999 non
1109 2970 1248 3007 contingit
1269 2970 1350 2998 aliter

289 3010 408 3039 definire
429 3016 551 3038 motum:
572 3019 633 3038 non
655 3009 731 3037 enim
745 3015 840 3046 potest
860 3010 931 3046 poni
952 3009 1006 3038 nisi
1021 3009 1051 3038 in
1072 3019 1176 3047 genere
1190 3016 1270 3038 actus
1291 3009 1348 3038 exi-

290 3049 389 3078 stentis
409 3049 439 3077 in
459 3049 597 3086 potentia.
620 3066 639 3071 -
659 3058 687 3084 4.
709 3049 907 3078 Excluduntur
933 3055 990 3078 tres
1011 3049 1134 3078 aliorum
1166 3049 1348 3078 definitiones

454 3178 473 3199 ἶ,
492 3167 517 3192 ·,
552 3149 646 3185 osita
679 3148 898 3185 definitione
918 3155 1044 3185 motus
1064 3156 1100 3184 et
1130 3148 1345 3185 manifesta-

363 3209 375 3220 *
409 3208 440 3252 f
508 3200 544 3230 ἵν
552 3201 597 3237 tis
616 3201 769 3248 singulis
787 3201 975 3249 particulis
994 3202 1014 3222 *
1029 3201 1269 3248 definitionis,
1285 3201 1346 3237 hic

498 3249 535 3300 ²¹(
554 3260 828 3301 consequenter
856 3253 1018 3290 ostendit
1045 3254 1148 3302 quod
1177 3253 1345 3290 definitio

356 3330 365 3335 s
441 3334 447 3345 x
498 3300 535 3331 ἵν’
553 3305 599 3342 sit
626 3306 722 3342 bene
743 3305 943 3352 assignata:
975 3313 1010 3341 et
1035 3306 1160 3353 primo
1190 3306 1346 3352 directe;

292 3358 460 3396 secundo
485 3357 682 3405 indirecte,
703 3357 771 3394 ibi:
804 3358 914 3399 Quod
939 3363 1063 3394 autem
1092 3358 1183 3394 hene
1210 3358 1347 3395 dictum

290 3412 336 3448 sit
360 3412 380 3432 *
409 3418 478 3447 etc.

346 3476 381 3501 2.
404 3463 512 3500 Circa
530 3463 697 3512 primum
716 3462 830 3499 utitur
849 3462 910 3498 tali
925 3462 1079 3499 ratione.
1098 3462 1225 3498 Omne
1245 3462 1349 3510 quod

293 3524 348 3554 est
366 3517 404 3553 in
418 3516 597 3565 potentia,
610 3515 838 3564 quandoque
859 3514 1037 3562 contingit
1054 3516 1073 3536 *
1092 3527 1174 3551 esse
1194 3515 1231 3551 in
1246 3522 1347 3561 actu;

1391 789 1407 808 *
1424 790 1522 826 Quod
1544 790 1675 831 quidem
1693 791 1787 831 igitur
1801 791 1862 822 hoc
1878 792 1927 829 sit,
1946 799 1976 822 et
1999 792 2087 833 quod
2106 792 2216 823 accidit
2234 799 2310 823 tuuc
2332 792 2453 823 moveri

1459 844 1533 864 cum
1556 841 1602 865 est
1625 841 1711 873 actu,
1736 842 1766 866 et
1789 845 1892 875 neque
1916 836 2002 875 prius
2026 846 2130 876 neque
2153 836 2324 876 posterius,
2350 844 2452 867 osten-

1459 888 1531 908 sum
1539 885 1594 908 est.
1604 878 1767 918 Contingit
1782 879 1866 909 enim
1878 880 2132 920 unumquodque
2145 880 2314 921 aliquando
2325 881 2454 921 quidem

1460 922 1593 962 operari,
1618 923 1788 963 aliquando
1812 930 1919 954 autem
1943 934 2019 962 non,
2039 931 2075 954 ut
2094 923 2300 961 aedificabi1e3
2324 931 2354 955 et
2370 924 2452 954 aedi-

1460 965 1590 996 ficabilis
1606 973 1703 1005 actus,
1721 967 1911 1007 inquantum
1931 975 1976 998 est
1992 967 2193 1006 aedificabile,
2209 968 2381 999 aedificatio
2397 975 2451 998 est.

1460 1012 1527 1040 Aut
1546 1010 1630 1040 enim
1641 1011 1716 1040 haec
1733 1018 1778 1041 est
1794 1011 1966 1042 aedificatio
1982 1019 2079 1049 actuS,
2094 1018 2148 1042 aut
2162 1012 2286 1043 domus.
2304 1012 2364 1042 Sed
2381 1022 2455 1042 cum

1462 1054 1578 1084 domus
1603 1054 1652 1092 sit,
1668 1064 1733 1084 non
1750 1055 1886 1094 amplius
1903 1055 2093 1086 aedificabile
2110 1063 2173 1086 est:
2200 1055 2379 1086 aedificatur
2400 1066 2454 1086 au-

1461 1104 1526 1128 tem
1550 1097 1758 1128 aedificabile:
1788 1108 1913 1129 necesse
1937 1106 1982 1129 est
2011 1109 2084 1139 ergo
2114 1099 2362 1130 aedificationem
2390 1109 2455 1130 esse

1463 1149 1579 1172 actum.
1604 1141 1788 1172 Aedificatio
1813 1149 1920 1172 autem
1943 1149 2050 1173 motus
2074 1143 2204 1183 quidam
2229 1151 2283 1174 est.
2315 1147 2357 1174 At
2380 1154 2455 1174 vero

1463 1186 1573 1216 eadem
1597 1186 1761 1216 conveniet
1784 1186 1862 1216 ratio
1886 1186 1918 1216 in
1943 1186 2009 1216 aliis
2033 1187 2181 1218 motibus.

1396 1274 1413 1292 *
1429 1274 1527 1311 Quod
1550 1280 1656 1304 autem
1680 1274 1759 1304 bene
1783 1274 1903 1304 dictum
1926 1274 1975 1312 sit,
1992 1274 2195 1305 manifestum
2218 1282 2263 1306 est
2283 1285 2319 1305 ex
2342 1276 2456 1315 quibus

1463 1318 1514 1348 alii
1534 1318 1572 1347 de
1587 1318 1658 1357 ipso
1675 1317 1799 1356 dicunt;
1815 1325 1846 1348 et
1862 1328 1898 1348 ex
1913 1328 1950 1348 eo
1967 1319 2056 1359 quod
2074 1329 2140 1348 non
2160 1318 2249 1349 facile
2268 1326 2313 1349 est
2330 1319 2457 1350 definire

1463 1362 1551 1392 aliter
1573 1361 1688 1402 ipsum.
1706 1362 1817 1402 Neque
1837 1362 1923 1392 enirn
1939 1369 2065 1393 motum
2082 1362 2114 1392 in
2131 1362 2192 1392 alio
2209 1373 2320 1403 genere
2340 1373 2457 1403 ponere

1463 1413 1567 1446 potest
1590 1405 1699 1446 utique
1723 1405 1845 1446 aliquis.

1398 1495 1601 1526 Manifestum
1629 1501 1736 1525 autern
1763 1494 1997 1525 intendentibus
2030 1495 2303 1535 quemadmodum
2333 1502 2458 1535 ponunt

1465 1539 1595 1580 quidam
1618 1538 1742 1578 ipsum,
1766 1538 1950 1569 alteritatem
1979 1545 2008 1569 et
2030 1538 2285 1579 inaequalitatem
2313 1545 2343 1569 et
2370 1540 2458 1579 quod

1466 1592 1532 1612 non
1556 1589 1601 1613 est
1625 1583 1760 1612 dicentes
1785 1592 1850 1612 esse
1873 1589 2014 1612 motum:
2039 1592 2179 1623 quorum
2202 1582 2329 1613 nullum
2353 1593 2457 1613 neces-

1466 1626 1583 1656 sarium
1607 1632 1652 1656 est
1675 1626 1814 1664 moveri,
1838 1636 1940 1666 neque
1957 1626 1982 1656 si
2001 1626 2096 1656 altera
2112 1626 2188 1664 sint,
2207 1635 2310 1667 neque
2333 1627 2358 1656 si
2374 1627 2458 1656 inae-

1466 1669 1581 1710 qualia,
1597 1679 1700 1709 neque
1724 1669 1748 1699 si
1772 1679 1837 1699 non
1862 1670 1932 1700 sint.
1949 1670 1966 1688 *
1982 1670 2043 1700 Sed
2062 1680 2164 1710 neque
2181 1670 2315 1700 mutatio
2333 1670 2365 1700 in
2381 1670 2458 1700 haec

1466 1723 1569 1753 neque
1593 1723 1629 1743 ex
1652 1713 1700 1742 his
1724 1713 1823 1752 magis
1847 1720 1893 1743 est
1916 1723 2013 1754 quam
2037 1724 2073 1744 ex
2093 1713 2259 1753 oppositis.

1401 1757 1505 1788 Causa
1538 1763 1644 1787 autem
1681 1756 1712 1786 in
1745 1757 1807 1786 hoc
1839 1767 1957 1796 ponere
1982 1763 2043 1795 est,
2068 1758 2156 1797 quod
2183 1757 2459 1788 indeterminatum

1466 1801 1618 1841 quiddam
1636 1800 1700 1830 iam
1718 1800 1841 1830 videtur
1866 1811 1931 1830 esse
1952 1807 2073 1838 motus3
2093 1801 2218 1831 alterius
2240 1807 2346 1831 autern
2370 1812 2459 1832 coor-

1467 1844 1636 1875 dinationis
1667 1844 1820 1884 principia
1853 1854 1889 1874 ex
1922 1854 1959 1875 eo
1994 1845 2082 1885 quod
2114 1851 2187 1875 sunt
2221 1844 2389 1884 privativa,
2413 1845 2459 1875 in-

1467 1888 1670 1919 determinata
1693 1895 1775 1919 sunt.
1800 1889 1911 1928 Neque
1940 1888 2024 1918 enim
2047 1888 2108 1919 hoc
2142 1898 2245 1928 neque
2270 1889 2330 1918 tale
2357 1898 2460 1929 neque

1467 1943 1571 1963 unum
1593 1932 1748 1972 ipsorum,
1773 1932 1847 1972 quia
1866 1942 1969 1973 neque
1985 1932 2121 1963 aliorum
2144 1932 2319 1973 quidquam
2338 1933 2460 1972 praedi-

1469 1983 1697 2007 camentorum.

1400 2021 1417 2040 *
1432 2020 1538 2052 Videri
1555 2027 1661 2051 autem
1680 2020 1958 2050 indeterminatum
1974 2030 2040 2050 esse
2055 2027 2192 2058 motum,
2209 2030 2302 2050 causa
2318 2027 2363 2050 est
2386 2020 2460 2060 quia

1467 2074 1571 2105 neque
1593 2064 1626 2094 in
1650 2063 1824 2103 potentiam
1848 2074 1959 2094 eorum
1982 2074 2063 2104 quae
2085 2070 2158 2094 sunt
2176 2074 2337 2104 generum,
2358 2074 2460 2104 neque

1467 2109 1500 2138 in
1524 2115 1630 2138 actum
1653 2115 1699 2138 est
1728 2117 1846 2147 ponere
1876 2108 1984 2148 ipsum
2012 2108 2203 2147 simpliciter.
2233 2108 2344 2148 Neque
2375 2108 2459 2138 enim

1468 2152 1557 2192 quod
1575 2157 1679 2191 potest
1702 2161 1768 2181 esse
1792 2158 1965 2191 quantum,
1989 2151 2109 2182 moveri
2133 2162 2170 2182 ex
2193 2152 2375 2182 necessitate
2399 2158 2458 2190 est;

1467 2205 1570 2236 neque
1585 2195 1674 2236 quod
1688 2201 1759 2225 actu
1776 2202 1932 2235 quantum
1948 2202 2003 2226 est.
2014 2195 2032 2215 *
2047 2196 2087 2226 Et
2102 2202 2210 2226 motus
2227 2195 2356 2236 quidem
2373 2202 2459 2226 actus

1467 2239 1598 2279 quidam
1619 2239 1743 2269 videtur
1765 2249 1846 2276 esse,
1866 2239 2068 2279 imperfectus
2091 2246 2212 2270 autem:
2238 2250 2330 2270 causa
2354 2246 2460 2270 autem

1469 2289 1524 2321 est,
1548 2282 1703 2323 quoniam
1720 2282 1941 2322 imperfectum
1960 2290 2006 2314 est
2024 2283 2113 2324 quod
2128 2283 2288 2322 possibile,
2309 2283 2397 2314 cuius
2415 2290 2460 2313 est

1467 2333 1566 2357 actus,
1581 2327 1713 2366 Propter
1729 2325 1790 2356 hoc
1804 2326 1897 2366 igitur
1912 2326 2036 2357 difficile
2051 2333 2096 2357 est
2110 2327 2248 2367 accipere
2262 2327 2338 2368 quid
2353 2327 2460 2367 ipsum

1467 2371 1516 2401 sit.
1539 2372 1602 2400 Aut
1621 2370 1706 2400 enim
1721 2369 1754 2399 in
1770 2370 1978 2410 privationem
1994 2380 2119 2401 necesse
2139 2377 2185 2401 est
2202 2371 2310 2410 ipsum
2329 2381 2459 2411 ponere,

1468 2421 1522 2445 aut
1544 2414 1576 2444 in
1599 2413 1785 2454 potentiam,
1805 2420 1860 2444 aut
1877 2414 1910 2443 in
1929 2421 2035 2444 actum
2054 2414 2245 2454 simplicem:
2270 2415 2387 2445 horum
2406 2425 2460 2444 au-

1467 2465 1532 2489 tem
1548 2458 1674 2488 nullum
1692 2457 1815 2488 videtur
1834 2467 1900 2487 esse
1918 2467 2022 2497 posse.
2045 2458 2247 2498 Relinquitur
2261 2459 2356 2498 igitur
2372 2468 2459 2498 prae-

1467 2503 1567 2532 dictus
1588 2501 1714 2539 modus,
1735 2508 1840 2532 actum
1859 2501 1989 2542 quidem
2008 2502 2168 2542 quendam
2187 2512 2264 2540 esse,
2281 2503 2336 2532 sed
2354 2502 2462 2532 huius-

1466 2546 1554 2576 modi
1577 2553 1684 2576 actum
1707 2545 1834 2585 qualem
1861 2545 2015 2576 diximus:
2047 2545 2170 2576 difficile
2195 2546 2324 2586 quidem
2344 2546 2460 2584 videre,

1467 2589 1619 2629 contingit
1641 2595 1748 2620 autem
1772 2599 1848 2620 esse.

1399 2694 1435 2721 de
1450 2699 1544 2721 motu:
1566 2702 1671 2729 nempe
1685 2694 1765 2730 quod
1780 2699 1875 2721 motus
1897 2693 1932 2721 sit
1952 2694 2091 2727 alteritas,
2113 2695 2193 2731 quod
2207 2694 2243 2722 sit
2264 2695 2461 2732 inaequalitas,

1400 2739 1428 2761 et
1443 2733 1524 2770 quod
1538 2733 1574 2760 sit
1588 2742 1643 2761 non
1659 2742 1717 2761 ens.
1734 2750 1753 2754 -
1776 2733 1801 2761 5.
1817 2733 1911 2761 Causa
1925 2734 2026 2761 harum
2041 2733 2251 2762 definitionum.
2275 2734 2350 2768 Quia
2365 2742 2461 2763 motus

1401 2778 1443 2800 est
1463 2772 1571 2809 aliquid
1592 2772 1800 2809 imperfectum,
1823 2773 1904 2809 quasi
1925 2782 1986 2801 non
2006 2773 2115 2801 habens
2137 2773 2356 2802 determinatam
2378 2781 2461 2802 natu-

1401 2821 1474 2847 ram,
1489 2811 1555 2840 ideo
1570 2811 1695 2849 antiquis
1709 2812 1859 2840 videbatur
1872 2813 2025 2848 ponendus
2046 2812 2076 2840 in
2096 2822 2199 2849 genere
2220 2813 2433 2849 privativorum.
2443 2831 2461 2835 -

1403 2852 1430 2879 6.
1442 2852 1537 2880 Causa
1550 2858 1646 2879 autem
1662 2861 1750 2888 quare
1765 2858 1861 2880 motus
1876 2852 1993 2888 ponitur
2007 2852 2080 2880 inter
2094 2852 2313 2881 indeterminata
2326 2859 2376 2888 est,
2394 2853 2462 2890 quia

1402 2900 1463 2919 non
1472 2897 1567 2927 potest
1580 2891 1650 2927 poni
1661 2900 1755 2928 neque
1769 2892 1822 2919 sub
1833 2891 1962 2928 potentia
1972 2901 2066 2928 neque
2077 2893 2129 2920 sub
2141 2898 2215 2920 actu:
2228 2901 2309 2920 secus
2320 2892 2461 2929 quidquid

1402 2937 1477 2959 esset
1497 2931 1541 2958 vel
1562 2931 1591 2958 in
1612 2931 1740 2967 potentia
1753 2931 1797 2958 vel
1811 2930 1841 2958 in
1855 2938 1929 2966 actu,
1945 2940 1978 2959 ex
1992 2932 2048 2960 hoc
2062 2931 2125 2967 ipso
2147 2938 2319 2960 moveretur.
2334 2948 2354 2953 -·
2368 2932 2464 2960 Relin-

1403 2970 1500 3007 quitur
1514 2979 1582 3007 ergo
1598 2971 1678 3007 quod
1699 2977 1795 2998 motus
1810 2970 1845 2998 sit
1865 2976 1945 2998 actus
1960 2971 2072 2999 medius
2092 2971 2164 2999 inter
2178 2981 2279 3007 puram
2302 2971 2462 3008 potentiam

1404 3016 1432 3038 et
1452 3017 1548 3038 actum
1564 3010 1756 3046 completum3
1772 3016 1799 3038 et
1818 3011 1898 3047 quod
1919 3010 1997 3038 solus
2012 3011 2117 3038 modus
2132 3010 2286 3038 definiendi
2307 3011 2402 3047 ipsum
2417 3010 2461 3046 sit,

1404 3050 1485 3086 quod
1499 3055 1595 3077 motus
1610 3056 1652 3077 est
1666 3055 1747 3078 actus
1761 3049 1912 3078 existentis
1926 3050 1954 3077 in
1965 3050 2104 3087 potentia,
2119 3056 2206 3087 prout
2220 3050 2395 3078 declaratum
2411 3056 2460 3078 est.

1403 3148 1482 3185 sed·
1503 3148 1736 3185 aedificabile
1772 3156 1827 3185 est
1859 3148 1897 3184 in
1929 3148 2121 3196 potentia3
2162 3160 2249 3195 ergo
2284 3147 2463 3195 contingit

1403 3201 1567 3250 aliquem
1589 3202 1608 3222 '⁸
1637 3208 1763 3237 actum
1793 3213 1873 3237 esse
1895 3200 2138 3238 aedificabilis
2161 3200 2386 3248 inquantum
2407 3208 2462 3237 est

1402 3254 1648 3291 aedificabile.
1679 3254 1765 3290 Hoc
1793 3261 1919 3290 autem
1949 3260 2004 3289 est
2021 3253 2082 3289 vel
2103 3252 2241 3289 domus
2268 3253 2330 3289 vel
2359 3253 2460 3290 aedi-

1401 3306 1539 3343 ficatio.
1571 3306 1648 3343 Sed
1677 3307 1814 3343 domus
1843 3318 1921 3341 non
1942 3312 1996 3341 est
2015 3312 2118 3341 actus
2143 3305 2386 3342 aedificabilis
2406 3306 2460 3343 in-

1403 3366 1587 3407 quantum
1604 3366 1658 3395 est
1676 3358 1922 3404 aedificabile,
1944 3357 2031 3406 quia
2051 3357 2283 3394 aedificabile
2303 3357 2460 3406 inquan-

1402 3419 1483 3448 tum
1511 3411 1730 3448 huiusmodi
1758 3410 1947 3447 reducitur
1969 3409 2007 3446 in
2031 3417 2157 3446 actum
2178 3422 2266 3447 cum
2286 3411 2460 3448 aedifica-

1402 3471 1477 3509 tur;
1508 3476 1595 3500 cum
1625 3471 1751 3500 autem
1780 3462 1855 3499 iam
1876 3463 2014 3499 domus
2035 3470 2100 3510 est,
2130 3475 2208 3500 non
2228 3463 2458 3501 aedificatur.

1404 3516 1639 3564 Relinquitur
1665 3515 1774 3563 igitur
1801 3515 1905 3564 quod
1933 3515 2143 3552 aedificatio
2164 3516 2209 3553 sit
2227 3523 2331 3553 actus
2359 3517 2459 3554 aedi-

2480 800 2491 811 *
2506 800 2560 827 Seq.
2575 805 2626 827 cap.
2641 805 2658 821 1.

2481 826 2548 848 Text.
2563 831 2589 847 11.

2495 1284 2562 1325 oCap-
2574 1289 2599 1305 ιι.
2614 1283 2682 1304 Text.

2490 1678 2495 1685 ¹
2511 1676 2579 1698 Text.
2595 1682 2623 1704 ¹3·

2488 2032 2498 2042 *
2513 2031 2580 2053 Text.
2591 2037 2623 2057 14.

2487 2208 2498 2218 ⁸
2512 2206 2579 2228 Text.
2593 2212 2621 2233 ¹5-

2488 3212 2498 3222 ·
2515 3211 2635 3239 continget
2652 3201 2708 3233 alai

2488 3238 2584 3265 quando
2598 3244 2618 3259 P.
