2982 4022
1134 304 1477 343 PHYSICORUM
1506 306 1855 343 ARISTOTELIS
1884 307 1978 344 LIB.
2009 309 2023 344 1

1087 571 1387 628 LECTIO
1424 573 2059 630 DECIMATERTIA

525 721 616 753 DUO
641 722 754 753 SUNT
777 721 989 753 PRINCIPIA
1011 722 1094 753 PER
1117 722 1166 753 SE
1190 723 1234 753 IN
1256 722 1356 754 ESSE
1379 723 1437 754 ET
1461 723 1505 754 IN
1528 724 1639 754 FIERI
1662 724 1814 755 RERUM
1835 699 2141 763 NATURALIUM,
2166 725 2361 756 MATERIA
2384 725 2442 756 ET
2465 725 2634 766 FORMA3

1181 785 1239 816 ET
1262 785 1388 816 UNUM
1410 785 1493 816 PER
1515 786 1746 825 ACCIDENS,
1770 787 1974 819 PRIVATIO

488 922 635 966 Φανερόν
663 920 718 955 οὖν
743 923 800 963 ὥς,
819 924 910 967 εἴπερ
937 923 1016 954 εἰσὶν
1043 923 1155 955 αἰτίαι
1171 924 1230 955 καὶ
1255 922 1356 968 ἀρχαι
1374 925 1441 956 τῶν
1460 923 1554 967 φύσει

558 966 683 1008 ὄντων,
712 965 745 1007 ἐξ
770 967 812 998 ὦν
839 966 979 1009 πρώτων
1007 967 1089 1008 εἰσί,
1115 969 1174 998 καὶ
1198 968 1359 1014 γεγόνασι
1384 967 1431 1011 μὴ
1458 969 1555 1001 κατοί

555 1011 778 1055 συμβεβηκός,
807 1009 873 1043 ἀλλ’
903 1011 1049 1044 ἕκαστον
1077 1012 1093 1043 ὃ
1116 1010 1259 1057 λέγεται
1282 1011 1380 1054 κατοὶ
1403 1012 1466 1048 τήν
1501 1013 1555 1044 οὖ-

556 1058 651 1096 σίαν,
681 1055 734 1088 ὅτι
758 1058 915 1102 γίγνεται
941 1056 1008 1088 πᾶν
1035 1055 1070 1087 ’έκ
1096 1067 1134 1088 τε
1160 1057 1222 1088 τοῦ
1248 1057 1366 1088 ύποκει
1396 1056 1468 1088 ένου
1493 1059 1552 1089 καὶ

556 1100 618 1137 τῆς
643 1099 783 1144 μορφῆς·
809 1101 989 1146 σύγκειται
1013 1099 1076 1145 γοὶρ
1104 1099 1119 1131 ὁ
1144 1100 1301 1143 μουσικός
1325 1068 1496 1143 olvatum<
1515 1100 1551 1142 ἐξ

558 1142 731 1187 ἀνθρώπου
755 1146 813 1175 καὶ
837 1144 998 1187 μουσικοῦ
1023 1142 1148 1188 τρόπον
1175 1147 1266 1176 vivo(-
1292 1139 1461 1182 διαλύσεις
1486 1145 1551 1191 γοὶρ

557 1188 636 1226 τούς
660 1189 780 1234 λόγους
809 1189 853 1226 εὶς
886 1188 965 1225 τούς
994 1187 1116 1234 λόγους
1150 1188 1230 1226 τούς
1261 1187 1405 1220 ἐκείνων.
1443 1190 1550 1226 Δῆλον

559 1231 615 1264 οὖν
641 1234 681 1271 ὠς
706 1231 843 1279 γίγνοιτ’
874 1232 912 1265 ἂν
938 1232 986 1264 τοὶ
1008 1231 1192 1278 γιγνόμενα
1217 1231 1253 1264 ἐκ
1278 1232 1423 1265 τούτων.

482 1276 579 1309 Ἔστι
604 1272 641 1308 δὲ
666 1277 707 1309 τό
734 1279 952 1322 ὑποκείμενον
972 1274 1096 1321 ἀριθμῷ
1122 1275 1181 1320 μὲν
1207 1276 1254 1318 ἕν,
1273 1273 1353 1308 εἴδει
1378 1273 1416 1309 δὲ
1440 1272 1514 1309 ὃυό·
1535 1279 1551 1309 ὀ

556 1321 614 1365 μέν
646 1322 711 1367 γοὶρ
744 1321 914 1364 ἄνθρωπος
947 1323 1003 1352 καὶ
1038 1321 1053 1352 ό
1079 1320 1199 1366 χρυσὸς
1230 1322 1289 1352 καὶ
1323 1320 1404 1359 ὅλως
1436 1322 1456 1357 ή
1488 1321 1549 1359 ὕλη

557 1364 739 1410 ἀριθμηττὶ·
767 1362 846 1399 τόδε
871 1365 935 1412 γάρ
961 1376 995 1396 τι
1020 1366 1162 1408 μᾶλλον,
1181 1366 1239 1396 καὶ
1264 1365 1300 1397 οὐ
1320 1365 1416 1398 κατοὶ
1432 1366 1553 1410 συμβε-

556 1411 656 1450 βηκὸς
682 1410 717 1451 ἐξ
743 1411 852 1442 αὐτοῦ
877 1412 1032 1456 γίγνεται
1058 1409 1099 1441 τό
1122 1408 1334 1455 γιγνόμενον·
1361 1411 1382 1446 ’ἡ
1409 1410 1446 1442 δὲ
1475 1409 1551 1443 στέ-

557 1466 647 1498 ρησις
671 1455 729 1486 καὶ
754 1456 774 1492 ἡ
802 1453 996 1491 ἐναντίωσις
1022 1453 1243 1496 συμβεβηκός·
1272 1454 1304 1484 ἓν
1321 1449 1358 1485 δέ
1376 1454 1417 1485 τό
1443 1449 1549 1496 εἶδος,

556 1500 624 1531 οἷον
651 1500 671 1535 ἠ
697 1498 794 1540 τάξις
812 1498 832 1535 ἦ
850 1499 870 1535 ἡ
889 1498 1030 1542 μουσική
1058 1497 1078 1534 ἦ
1104 1499 1170 1529 τῶν
1194 1498 1302 1530 ἄλλων
1322 1510 1355 1530 τι
1376 1499 1442 1530 τῶν
1462 1498 1550 1531 οὕτω

554 1543 870 1589 κατηγορουμένων.

490 1584 546 1617 Διὸ
571 1587 643 1619 ἔστι
669 1588 727 1630 μὲν
752 1589 794 1625 ὡς
819 1583 879 1618 δύο
904 1584 1043 1618 λεκτέον
1069 1581 1154 1616 εἶναι
1180 1584 1243 1621 τοὶς
1270 1584 1394 1629 ἀρχοίς,
1422 1586 1493 1619 ’ἐστι
1519 1581 1547 1617 δ’

555 1633 595 1668 ὠς
614 1636 713 1676 τρεῖς·
732 1634 789 1663 καὶ
815 1632 888 1663 ἔστι
913 1630 971 1672 μὲν
990 1630 1031 1666 ὠς
1051 1628 1237 1668 τάναντία,
1259 1629 1325 1660 οἷον
1343 1632 1372 1661 εἴ
1390 1641 1439 1667 τις
1456 1630 1551 1677 λέγοι

556 1676 596 1707 τὸ
623 1677 779 1719 μουσικὸν
810 1677 868 1707 καὶ
895 1674 935 1706 τὸ
963 1674 1129 1716 ἄμουσον,
1160 1673 1181 1709 ἦ
1208 1673 1248 1706 τό
1274 1672 1392 1717 θερμόν
1422 1677 1480 1706 καὶ
1510 1676 1550 1708 τό

555 1719 695 1764 ψυχρόν,
723 1719 743 1757 ἦ
770 1720 810 1751 τό
836 1718 1044 1762 ἡρμοσμένον
1069 1720 1126 1748 καὶ
1152 1717 1193 1751 τὸ
1221 1717 1450 1760 ἀνάρμοστον·
1477 1720 1551 1753 ἔστι

555 1762 592 1797 ’δὲ
617 1765 658 1801 ὡς
685 1765 734 1796 οὔ·
763 1762 814 1796 ὑπ’
845 1762 1002 1799 ἀλλήλων
1026 1761 1091 1808 γάρ
1117 1762 1262 1806 πάσχειν
1280 1761 1452 1795 τάναντία
1472 1759 1553 1796 ἀδό-

555 1820 671 1841 νατον.
705 1808 835 1841 Adam:
859 1804 897 1839 δὲ
921 1808 980 1839 καὶ
1005 1807 1111 1838 τοῦτο
1136 1802 1195 1838 Stoi
1219 1806 1260 1840 τὸ
1287 1807 1369 1839 ἄλλο
1399 1804 1484 1839 εἶναι
1509 1810 1550 1841 τό

556 1855 787 1896 ὑποκείμενον·
819 1853 925 1885 τοῦτο
956 1850 1021 1897 γαρ
1052 1850 1111 1882 οὐκ
1146 1849 1315 1883 ἐναντίον·
1349 1850 1436 1884 ὥστε
1472 1853 1549 1885 ὅυτε

556 1899 688 1934 πλείους
715 1898 780 1930 τῶν
807 1895 967 1929 ἐναντίων
994 1897 1029 1926 αἱ
1056 1895 1094 1939 ἀρ
1124 1898 1157 1927 αὶ
1184 1895 1310 1939 τρόπον
1336 1895 1432 1935 τινα,
1462 1898 1552 1930 ἀλλὰ

555 1938 615 1974 δύο
641 1943 682 1978 ὠς
707 1943 810 1973 εἰπεῖν
837 1941 883 1982 τῷ
911 1938 1050 1984 ἀριθμῷ,
1070 1938 1138 1972 ουτ’
1159 1938 1203 1972 αὖ
1221 1941 1395 1979 παντελῶς
1414 1937 1474 1973 δύο
1493 1937 1552 1975 διὰ

555 1985 596 2019 τὸ
627 1985 740 2029 ἕτερον
772 1986 935 2029 ύποίρχειν
966 1983 1007 2016 τό
1037 1981 1123 2016 εἶναι
1153 1983 1291 2024 αὐτοῖς,
1328 1985 1418 2018 ἀλλὰ
1447 1991 1548 2028 τρεῖς·

557 2030 669 2073 ἕτερον
694 2029 758 2076 γάρ
785 2030 831 2071 τῷ
860 2027 1020 2071 ἀνθρώπῳ
1048 2030 1107 2060 καὶ
1132 2031 1179 2069 τῷ
1207 2027 1342 2073 ἀμούσῳ
1376 2030 1415 2063 τό
1442 2028 1548 2073 εἶναι,

555 2076 612 2106 καὶ
639 2076 686 2115 τῷ
714 2073 962 2118 ἀσχηματίστῳ
986 2074 1043 2104 καὶ
1068 2074 1200 2118 χαλκῷ.

488 2116 594 2150 Πόσαι
619 2119 677 2163 μὲν
705 2117 759 2150 οὖν
787 2121 821 2150 αἱ
850 2120 950 2163 ἀρχαὶ
976 2118 1041 2149 τῶν
1068 2119 1140 2161 περὶ
1165 2116 1294 2164 γένεσιν
1318 2120 1473 2160 φυσικῶν,
1491 2122 1550 2151 καὶ

556 2164 624 2200 πῶς
651 2162 774 2203 πόσαι,
801 2165 947 2207 εἴρηται·
971 2163 1028 2192 καὶ
1053 2156 1158 2198 δῆλόν
1185 2164 1276 2194 ἐστιν
1310 2161 1363 2196 ότι
1387 2158 1440 2194 δεῖ
1468 2165 1550 2196 ὐπο-

554 2206 683 2239 κεϊσθαί
705 2219 739 2240 τι
763 2211 834 2244 τοῖς
859 2208 1023 2242 ἐναντίοις
1049 2207 1107 2238 καὶ
1133 2206 1181 2238 τοὶ
1206 2207 1346 2239 ἐναντία
1370 2202 1430 2239 δύο
1449 2205 1547 2240 εἶναι·

556 2251 683 2294 τρόπον
709 2247 747 2282 δέ
772 2263 849 2284 τινα
881 2250 982 2283 ἄλλον
1018 2251 1076 2281 οὐκ
1111 2250 1310 2296 ἀναγκαῖον·
1337 2251 1451 2284 ἱκανόν
1484 2253 1549 2298 γάρ

556 2297 654 2328 ἔσται
679 2295 719 2327 τὸ
751 2295 863 2341 ἕτερον
895 2295 961 2327 τῶν
992 2294 1153 2327 ἐναντίων
1185 2299 1291 2327 ποιεῖν
1324 2297 1369 2338 τῇ
1403 2297 1550 2338 ἀπουσία

554 2342 613 2372 καὶ
639 2343 806 2384 παρουσίᾳ
832 2339 895 2376 τὴν
921 2338 1130 2383 μεταβολήν.

485 2383 527 2413 'H
551 2381 578 2416 δ’
609 2384 809 2429 ὑποκειμένη
836 2383 929 2427 φύσις
962 2380 1132 2420 ἑπιστητὴ
1157 2381 1236 2415 κατ’
1267 2381 1466 2430 ἀναλογίαν.
1498 2387 1551 2427 Ὦς

554 2429 618 2475 γοὶρ
645 2429 723 2473 πρὸς
751 2424 937 2470 ἀνδριάντα
961 2427 1088 2472 χαλκὸς
1114 2426 1134 2463 ἦ
1161 2427 1240 2471 πρὸς
1266 2429 1380 2466 κλίνην
1405 2428 1505 2470 ξύλον
1527 2429 1549 2467 ἦ

556 2474 637 2518 πρός
663 2474 728 2505 τῶν
755 2473 864 2505 ἄλλων
891 2483 924 2504 τι
950 2473 1015 2505 τῶν
1043 2471 1190 2516 ἑχόντων
1212 2472 1340 2516 μορφήν
1367 2473 1388 2510 ’ἦ
1413 2472 1474 2512 ὕλη
1493 2477 1550 2507 καὶ

556 2517 597 2551 τό
620 2518 764 2562 ἄμορφον
783 2518 852 2562 ἔχει
870 2518 943 2560 πρὶν
958 2516 1075 2556 λαβεῖν
1095 2516 1158 2553 τήν
1171 2516 1314 2560 μορφήν,
1333 2516 1440 2556 οὕτως
1460 2517 1549 2557 αὕτη

557 2563 636 2618 πρὸς
663 2563 778 2593 οὐσίαν
805 2564 874 2607 ἔχει
897 2562 954 2592 καὶ
981 2561 1022 2593 τό
1044 2556 1123 2593 τόδε
1142 2572 1175 2593 τι
1191 2562 1250 2592 καὶ
1268 2561 1309 2594 τό
1329 2559 1375 2593 ὄν.
1402 2563 1473 2595 Μία
1490 2563 1550 2605 μὲν

556 2619 612 2638 ουν
640 2606 727 2651 ἀρχῆ
754 2605 862 2647 αὕτη,
890 2605 953 2649 οὐχ
978 2605 1066 2638 οὕτω
1092 2607 1153 2648 μία
1179 2603 1263 2636 οὖσα
1289 2600 1367 2637 οὐδὲ
1389 2606 1495 2644 οὕτως
1517 2606 1550 2640 ἓν

555 2653 597 2689 ὠς
622 2650 662 2683 τὸ
689 2646 769 2682 τόδε
795 2663 841 2691 τι,
869 2652 929 2694 μία
954 2644 991 2681 δὲ
1018 2649 1038 2691 ᾗ
1065 2648 1209 2694 όλόγος.
1235 2650 1312 2681 Ἔτι
1337 2644 1374 2680 δὲ
1399 2650 1439 2681 τό
1458 2649 1551 2683 ἐναν-

557 2698 627 2728 τίον
654 2695 765 2735 τούτῳ
791 2697 810 2732 ἦ
837 2694 1003 2737 στέρησις.
1031 2694 1152 2725 Ταῦτα
1176 2687 1214 2724 δὲ
1240 2694 1306 2731 πῶς
1325 2693 1385 2725 δύο
1402 2695 1460 2725 καὶ
1482 2696 1550 2733 πῶς

557 2741 674 2780 πλείω,
701 2741 833 2783 εἴρηται
859 2739 891 2770 ὲν
918 2742 988 2775 τοῖς
1015 2738 1093 2769 ἄνω.

490 2829 623 2872 Πρῶτον
670 2827 700 2858 ἐν
720 2825 775 2858 οὖν
795 2825 915 2870 ἐλέχθη
936 2824 989 2857 ὅτι
1009 2825 1111 2868 ἀρχαὶ
1134 2822 1305 2855 τάναντία
1322 2823 1435 2866 μόνον,
1454 2825 1553 2858 ὕστε-

558 2883 611 2915 ρον
636 2838 664 2903 ἐξ
687 2870 740 2903 ὅτι
767 2869 897 2915 ἀνάγκη
923 2870 981 2900 καὶ
1008 2869 1091 2901 ἄλλο
1117 2879 1151 2898 τι
1178 2867 1375 2900 ὑποκεῖσθαι
1390 2871 1448 2901 καὶ
1466 2867 1550 2902 εἶναι

559 2918 649 2959 τρία·
670 2915 704 2946 ἐκ
725 2911 761 2946 δὲ
787 2915 852 2946 τῶν
870 2914 926 2944 νῦν
945 2913 1084 2957 φανερὸν
1103 2913 1154 2948 τίς
1172 2911 1191 2948 ’ἦ
1210 2907 1356 2956 διαφοραὶ
1376 2914 1440 2945 τῶν
1459 2914 1552 2946 ἐναν-

559 2962 651 2999 τίων,
677 2961 735 2990 καὶ
762 2959 828 2995 πῶς
855 2957 986 3001 ἔχουσιν
1013 2959 1048 2989 αἱ
1075 2957 1112 3002 ἀρ
1142 2957 1175 2987 αὶ
1202 2956 1281 3000 πρὸς
1309 2957 1474 2998 ἀλλήλας,
1493 2960 1551 2990 καὶ

558 3005 591 3036 τί
617 3003 657 3035 τὸ
684 3004 912 3045 ὑποκείμενον.
939 3000 1081 3046 Πότερον
1107 2968 1144 3034 ἐξ
1170 3000 1268 3032 οὐσία
1294 3001 1334 3034 τό
1359 2997 1445 3040 εἶδος
1470 3001 1490 3038 ἦ
1510 3003 1550 3034 τό

560 3049 798 3089 ὑποκείμενον,
826 3046 918 3077 οὔπω
943 3041 1061 3081 δῆλον·
1090 3045 1159 3079 ἀλλ’
1184 3043 1236 3077 ὅτι
1263 3047 1296 3076 αἱ
1325 3045 1424 3090 ἀρχαὶ
1450 3051 1550 3088 τρεῖς,

557 3092 616 3122 καὶ
646 3093 713 3128 πῶς
744 3094 851 3134 τρεῖς,
885 3091 943 3121 καὶ
976 3092 1026 3127 τίς
1061 3091 1076 3121 ὁ
1110 3090 1234 3135 τρόπος
1267 3089 1400 3131 αὐτῶν,
1433 3085 1548 3126 δῆλον.

558 3135 664 3166 Πόσαι
689 3134 746 3177 μὲν
772 3132 828 3166 οὖν
853 3135 911 3165 καὶ
936 3137 1021 3172 τίνες
1048 3135 1127 3166 εἰσὶν
1155 3137 1188 3166 αἱ
1216 3134 1330 3178 ἀρχαί,
1358 3134 1394 3166 ἐκ
1420 3134 1551 3167 τούτων

558 3178 815 3223 θεωρείσθωσαν.

545 3275 693 3304 Smopsm.
708 3291 741 3295 -
760 3283 782 3302 1.
804 3274 1014 3311 Argumentum
1036 3279 1063 3301 et
1085 3272 1186 3301 divisio
1200 3279 1301 3301 textus.
1317 3289 1336 3294 -
1355 3280 1381 3300 2.
1397 3274 1463 3300 Duo
1485 3278 1550 3300 sunt

492 3314 632 3351 principia
646 3320 763 3342 naturae
778 3323 828 3350 per
849 3323 887 3341 se.
903 3315 976 3341 Nam
991 3312 1131 3349 principia
1147 3322 1198 3349 per
1212 3322 1241 3340 se
1263 3318 1330 3340 sunt
1350 3321 1384 3340 ea
1398 3321 1431 3340 ex
1446 3312 1550 3348 quibus

492 3364 537 3382 res
558 3354 700 3382 naturales
722 3354 793 3381 fiunt
808 3359 835 3381 et
849 3359 915 3381 sunt
936 3362 986 3389 per
1007 3362 1051 3387 se;
1074 3361 1161 3380 omne
1182 3358 1278 3380 autem
1297 3352 1377 3388 quod
1398 3352 1428 3379 fit
1449 3361 1550 3379 secun-

493 3394 562 3421 dum
585 3400 725 3428 naturam,
740 3393 772 3421 fit
794 3399 822 3421 et
843 3399 884 3421 est
899 3401 931 3420 ex
946 3392 1074 3420 subiecto
1089 3398 1117 3419 et
1138 3392 1239 3426 forma,
1255 3398 1341 3427 prout
1362 3397 1439 3427 patet
1453 3400 1485 3419 ex
1501 3391 1550 3419 de-

494 3432 631 3460 finitione.
647 3449 665 3453 —
682 3433 753 3460 3.1n
774 3432 902 3460 subiecto
925 3439 1021 3459 autem
1043 3432 1134 3468 (quod
1156 3437 1198 3459 est
1218 3440 1309 3459 unum
1337 3432 1469 3466 numero)
1491 3431 1550 3458 duo

494 3478 560 3498 sunt
581 3471 690 3499 ratione
705 3481 755 3500 seu
776 3471 868 3508 specie
884 3471 1027 3499 distincta:
1043 3480 1134 3499 unum
1149 3471 1311 3506 positivum,
1327 3471 1405 3507 quod
1427 3476 1469 3498 est
1484 3471 1550 3498 sub-

495 3510 598 3538 iectum
620 3511 714 3546 ipsum
729 3521 762 3539 ex
777 3521 834 3548 quo
857 3511 887 3539 fit
907 3510 1015 3548 aliquid
1033 3520 1090 3548 per
1111 3520 1150 3544 se,
1173 3516 1201 3538 et
1222 3510 1342 3538 alterum
1361 3510 1548 3547 privativum,

495 3559 529 3577 ex
551 3559 608 3586 quo
625 3550 654 3577 fit
675 3550 783 3586 aliquid
794 3560 851 3588 per
871 3551 1012 3578 accidens.
1029 3551 1102 3578 Sunt
1123 3559 1191 3586 ergo
1207 3549 1261 3578 tria
1281 3548 1419 3586 principia
1440 3558 1473 3577 ex
1488 3549 1550 3586 qui-

495 3589 550 3616 bus
571 3598 614 3616 res
636 3590 776 3617 naturales
804 3591 961 3618 secundum
990 3597 1120 3618 naturam
1148 3590 1235 3617 fiunt:
1257 3589 1430 3622 subiectum,
1445 3589 1551 3627 sorma

496 3629 590 3664 (quae
611 3634 676 3656 sunt
701 3629 838 3665 principia
859 3639 909 3665 per
930 3631 974 3664 sc)
997 3635 1024 3657 et
1046 3629 1174 3667 privatio
1196 3629 1225 3657 in
1247 3628 1374 3657 subiecto
1397 3630 1487 3665 (quae
1509 3635 1551 3656 est

1607 925 1625 944 ⁴*
1635 925 1839 957 Manifestum
1855 926 1949 966 igitur
1962 927 2061 968 quod,
2073 928 2098 958 si
2110 927 2241 968 quidem
2256 935 2330 959 sunt
2342 938 2452 959 causae
2468 935 2499 960 et
2512 928 2664 969 principia

1674 979 1787 1000 eorum
1802 980 1883 1011 quae
1901 978 2013 1001 namra
2026 978 2110 1010 sunt,
2127 981 2163 1002 ex
2177 972 2292 1012 quibus
2309 972 2418 1013 primis
2435 979 2509 1004 sunt
2531 979 2562 1004 et
2583 972 2665 1004 fiunt

1673 1023 1740 1044 non
1762 1015 1939 1045 secundum
1961 1014 2122 1053 accidens,
2142 1017 2197 1052 sed
2221 1017 2475 1057 unumquodque
2505 1017 2594 1058 quod
2619 1017 2664 1047 di·

1673 1058 1752 1088 citur
1775 1059 1951 1089 secundum
1974 1059 2197 1098 substantiam;
2221 1061 2310 1100 quod
2338 1059 2374 1090 fit
2403 1070 2440 1091 ex
2469 1061 2610 1092 subiecto
2634 1067 2665 1091 et

1673 1101 1785 1132 forma.
1810 1101 2025 1142 Compon'itur
2049 1103 2133 1132 enim
2156 1103 2295 1137 musicus
2319 1103 2418 1134 homo
2435 1113 2472 1134 ex
2487 1102 2618 1135 homine
2634 1111 2664 1135 et

1672 1145 1795 1176 musico
1820 1146 2080 1186 quodammodo:
2105 1147 2242 1177 resolves
2271 1147 2356 1177 enim
2384 1147 2538 1178 rationem
2561 1147 2594 1178 in
2616 1157 2663 1178 ra-

1671 1189 1772 1219 tiones
1792 1199 1912 1220 eorum.
1926 1188 1945 1207 *
1963 1189 2166 1220 Manifestum
2189 1190 2284 1230 igitur
2306 1197 2352 1221 est
2374 1191 2464 1232 quod
2485 1190 2563 1222 fiant
2583 1201 2664 1232 quae

1671 1232 1769 1271 fiunt,
1794 1243 1830 1263 ex
1853 1233 1911 1263 his.

1605 1277 1661 1307 Est
1683 1283 1790 1307 autern
1814 1277 1991 1307 subiectum
2014 1286 2148 1307 numero
2172 1277 2302 1318 quidem
2325 1287 2439 1316 unum,
2463 1278 2566 1318 specie
2588 1288 2663 1309 vero

1671 1321 1754 1350 duo:
1778 1320 1878 1350 homo
1902 1320 2032 1360 quidem
2051 1320 2136 1350 enim
2156 1327 2186 1351 et
2204 1331 2318 1351 aurum
2333 1328 2364 1352 et
2383 1322 2515 1352 omnino
2536 1322 2665 1353 materia

1671 1363 1873 1395 numerabilis
1896 1370 1950 1394 est.
1976 1364 2048 1394 Hoc
2071 1364 2156 1394 enim
2185 1364 2303 1405 aliquid
2326 1365 2445 1406 magis,
2476 1372 2506 1396 et
2528 1376 2594 1396 non
2618 1375 2664 1396 se·

1673 1408 1815 1438 cundum
1838 1407 1980 1437 accidens
2004 1417 2041 1437 ex
2063 1407 2133 1448 ipso
2156 1407 2191 1438 fit
2214 1409 2303 1450 quod
2325 1408 2376 1439 fit:
2401 1409 2533 1450 privatio
2557 1416 2664 1440 autem

1672 1458 1702 1482 et
1726 1450 1926 1481 contrarietas
1950 1450 2101 1482 accidens.
2127 1451 2238 1482 Unum
2260 1459 2367 1483 autem
2390 1453 2526 1493 species,
2550 1459 2586 1484 ut
2613 1463 2665 1484 or-

1671 1492 1791 1526 dinatio
1815 1501 1870 1525 aut
1892 1494 2012 1525 musica
2035 1502 2090 1526 aut
2112 1495 2249 1526 aliorum
2276 1496 2395 1537 aliquid
2417 1496 2461 1527 sic
2484 1497 2666 1538 praedican-

1670 1545 1762 1569 tium.

1603 1581 1622 1600 θ’
1637 1582 1729 1613 Unde
1753 1588 1800 1613 est
1822 1583 1911 1623 quod
1934 1582 2015 1613 sicut
2031 1582 2096 1613 duo
2115 1582 2247 1613 dicenda
2262 1590 2336 1614 sunt
2355 1593 2421 1614 esse
2437 1584 2600 1625 principia,
2618 1591 2664 1616 est

1671 1633 1778 1657 autem
1802 1626 1883 1657 sicut
1905 1626 1972 1657 tria.
1989 1626 2030 1657 Et
2059 1633 2106 1668 est
2128 1626 2258 1667 quidem
2280 1627 2361 1658 sicut
2383 1628 2554 1667 contraria,
2579 1635 2616 1660 ut
2638 1629 2664 1659 si

1671 1670 1784 1711 aliquis
1808 1670 1890 1701 dicat
1912 1670 2071 1701 musicum
2094 1676 2124 1700 et
2151 1670 2374 1710 immusicum,
2396 1679 2451 1702 aut
2473 1672 2611 1703 calidum
2634 1679 2665 1704 et

1671 1714 1831 1754 frigidum,
1849 1720 1903 1745 aut
1927 1724 2104 1745 consonans
2128 1721 2158 1745 et
2180 1714 2411 1746 inconsonans:
2432 1722 2479 1746 est
2501 1723 2607 1747 autem
2623 1717 2663 1748 si·-

1672 1765 1724 1788 cut
1747 1768 1823 1788 non.
1840 1759 1890 1788 Ab
1914 1758 2068 1788 alterutris
2091 1758 2177 1800 enim
2199 1759 2264 1799 pati
2294 1759 2448 1790 contraria
2469 1760 2664 1800 impossibile

1671 1809 1732 1832 est:
1751 1801 1883 1832 solvitur
1901 1809 2007 1832 autem
2023 1809 2188 1842 propterea
2203 1803 2292 1843 quod
2309 1804 2395 1834 aliud
2414 1811 2461 1834 est
2475 1804 2663 1844 subiectum,

1670 1846 1732 1877 hoc
1756 1846 1841 1876 enim
1863 1856 1930 1876 non
1946 1853 1992 1876 est
2015 1846 2217 1878 contrarium.
2234 1848 2339 1884 Quare
2355 1858 2457 1888 neque
2481 1848 2572 1888 plura
2588 1859 2663 1879 con-

1670 1890 1838 1921 trariorum
1853 1897 1926 1920 sunt
1941 1890 2092 1930 principia
2115 1891 2368 1931 quodammodo,
2385 1892 2439 1922 sed
2460 1892 2542 1931 duo,
2567 1899 2603 1923 ut
2618 1899 2665 1924 est

1671 1934 1782 1972 dicere,
1807 1941 1956 1964 numero:
1979 1944 2082 1975 neque
2104 1934 2219 1965 iterum
2242 1936 2367 1975 penitus
2391 1936 2456 1966 duo
2480 1943 2609 1977 propter
2630 1936 2663 1967 id

1670 1978 1759 2018 quod
1782 1978 1916 2008 alterum
1932 1985 1978 2009 est
2000 1988 2066 2008 esse
2079 1978 2166 2018 ipsis,
2183 1979 2236 2009 sed
2260 1979 2335 2017 tria;
2359 1980 2493 2010 alterum
2516 1980 2601 2011 enim
2617 1986 2664 2011 est

1670 2032 1737 2052 esse
1759 2022 1883 2052 homini
1906 2029 1936 2053 et
1958 2032 2024 2052 non
2048 2022 2182 2062 musico,
2203 2030 2233 2054 et
2255 2023 2423 2063 infigurato
2447 2031 2478 2055 et
2500 2025 2572 2056 aeri.

1602 2124 1620 2142 α’
1636 2125 1724 2162 Quot
1743 2124 1873 2164 quidem
1887 2123 1982 2163 igitur
1996 2123 2149 2163 principia
2168 2124 2247 2155 circa
2265 2125 2498 2165 generationem
2517 2125 2663 2166 physico-

1669 2178 1752 2206 rum,
1770 2174 1800 2198 et
1815 2168 1982 2208 quomodo
2006 2174 2054 2197 tot
2069 2167 2141 2204 sint,
2159 2168 2278 2198 dictum
2297 2175 2352 2199 est.
2376 2169 2416 2199 Et
2435 2176 2598 2200 ostensum
2617 2177 2664 2201 est

1671 2212 1824 2252 quoniam
1847 2218 1973 2251 oportet
1995 2211 2105 2242 subiici
2128 2211 2247 2252 aliquid
2271 2212 2442 2251 contrariis,
2462 2219 2492 2244 et
2511 2213 2665 2245 contraria

1671 2256 1736 2286 duo
1762 2263 1847 2293 esse;
1872 2255 1927 2285 sed
1960 2255 2101 2296 quodam
2125 2256 2223 2286 modo
2248 2256 2309 2286 alio
2339 2266 2406 2286 non
2442 2257 2663 2288 necessarium.

1672 2299 1835 2330 Sufficiens
1854 2299 1939 2329 enim
1958 2299 2015 2330 erit
2030 2299 2163 2341 alterum
2187 2300 2416 2331 contrariorum
2435 2299 2534 2332 facere
2553 2302 2662 2332 absen-

1670 2344 1713 2374 tia
1737 2350 1767 2374 et
1790 2343 1963 2384 praesentia
1985 2343 2205 2374 mutationem.

1603 2388 1622 2406 ’χ’
1637 2388 1782 2419 Subiecta
1805 2394 1911 2418 autem
1935 2393 2046 2417 natura
2069 2387 2183 2417 scibilis
2207 2394 2253 2418 est
2276 2388 2451 2419 secundum
2474 2389 2662 2429 analogiam.

1670 2431 1758 2463 Sicut
1781 2431 1866 2461 enim
1890 2431 1929 2460 ad
1952 2437 2088 2461 statuam
2111 2441 2177 2468 aeS,
2202 2437 2256 2461 aut
2279 2431 2316 2461 ad
2340 2432 2494 2462 lectulum
2521 2433 2662 2472 lignum,

1670 2481 1724 2506 aut
1746 2475 1786 2505 ad
1809 2475 1945 2505 aliorum
1968 2474 2098 2515 aliquod
2115 2474 2300 2505 habentium
2327 2474 2464 2506 formam
2482 2476 2611 2507 materia
2633 2483 2664 2508 et

1625 2540 1628 2542 v
1669 2519 1806 2553 informe
1830 2528 1862 2548 se
1884 2518 1979 2548 habet
2001 2518 2187 2559 priusquam
2210 2518 2340 2558 accipiat
2363 2518 2510 2558 formam,
2534 2520 2577 2550 sic
2595 2520 2664 2560 ipsa

1671 2570 1704 2594 se
1727 2562 1767 2593 ad
1789 2562 1996 2596 substantiam
2025 2562 2119 2592 habet
2149 2568 2179 2592 et
2210 2562 2271 2592 hoc
2295 2562 2413 2603 aliquid
2440 2570 2471 2594 et
2493 2563 2582 2604 quod
2605 2570 2662 2595 est.

1670 2607 1780 2637 Unum
1808 2606 1938 2646 quidem
1957 2606 2050 2646 igitur
2065 2605 2255 2646 principium
2270 2606 2331 2637 hoc
2347 2613 2403 2645 est,
2419 2617 2484 2637 non
2501 2607 2544 2638 sic
2561 2617 2663 2638 unum

1671 2650 1820 2688 existens,
1845 2659 1947 2690 neque
1978 2650 2021 2680 sic
2044 2659 2169 2688 unum,
2201 2650 2371 2684 sicut,h0c
2399 2651 2533 2691 aliquid:
2560 2662 2663 2682 unum

1671 2701 1778 2724 autem
1801 2700 1847 2723 est
1870 2694 1958 2734 quod
1981 2700 2027 2724 est
2049 2693 2144 2724 ratio:
2169 2694 2305 2733 amplius
2335 2701 2441 2725 autem
2471 2696 2663 2726 contrarium

1669 2738 1742 2768 huic
1761 2737 1892 2778 privatio
1918 2743 1973 2768 est.
1987 2737 2006 2755 '³‘
2022 2738 2107 2768 Haec
2132 2744 2238 2768 autem
2257 2739 2423 2778 quomodo
2440 2739 2506 2769 duo
2529 2746 2560 2770 et
2582 2750 2662 2781 quo-

1670 2782 1770 2812 modo
1794 2781 1899 2822 plura,
1924 2781 2044 2812 dictum
2068 2788 2123 2812 est.

1603 2826 1747 2856 Primum
1770 2825 1900 2866 quidem
1923 2825 2017 2865 igitur
2040 2825 2159 2856 dictum
2183 2832 2228 2856 est
2252 2826 2339 2867 quod
2364 2826 2516 2867 principia
2541 2833 2662 2858 contra-

1670 2870 1715 2900 ria
1739 2876 1828 2900 sunt:
1860 2869 2016 2909 posterius
2045 2877 2152 2900 autem
2181 2870 2269 2910 quod
2298 2880 2422 2901 necesse
2446 2877 2493 2902 est
2518 2878 2549 2902 et
2576 2871 2662 2902 aliud

1671 2914 1835 2954 quoddam
1858 2913 1979 2952 subiici,
2000 2920 2029 2943 et
2046 2923 2111 2943 esse
2135 2913 2201 2944 tria.
2226 2914 2273 2944 Ex
2295 2914 2344 2944 his
2363 2921 2469 2947 antem
2491 2924 2576 2946 nunc
2595 2925 2660 2946 ma—

1672 2957 1822 2988 nifestum
1841 2964 1887 2988 est
1905 2967 1985 2998 quae
2005 2957 2175 2988 differentia
2193 2958 2432 2996 contrariorum,
2449 2965 2479 2989 et
2494 2958 2660 2999 quomodo

1672 3011 1705 3032 se
1728 3002 1844 3031 habent
1866 3001 1905 3030 ad
1928 3001 2064 3031 invicem
2087 3001 2249 3041 principia,
2274 3009 2304 3032 et
2322 3001 2399 3043 quid
2418 3001 2458 3032 sit
2473 3002 2659 3033 subiectum.

1665 3046 1787 3077 Utrum
1810 3051 1916 3074 autem
1939 3044 2111 3075 substantia
2140 3045 2258 3085 species
2288 3052 2343 3076 aut
2365 3045 2557 3084 subiectum,
2581 3055 2660 3076 non-

1672 3089 1750 3119 dum
1773 3088 1975 3118 manifestum
1999 3095 2053 3119 est.
2078 3089 2138 3119 Sed
2162 3089 2249 3129 quod
2268 3089 2421 3130 principia
2443 3089 2510 3127 tria,
2531 3096 2561 3120 et
2580 3099 2660 3130 quo-

1672 3133 1782 3171 modo,
1799 3139 1828 3162 et
1843 3132 1914 3172 quis
1929 3133 2045 3163 modus
2062 3142 2184 3170 eorum,
2201 3133 2321 3164 dictum
2337 3132 2518 3171 est.·Qu0t
2531 3133 2661 3174 quidem

1672 3176 1766 3217 igitur
1789 3183 1819 3206 et
1841 3186 1923 3216 quae
1946 3176 2008 3206 sint
2030 3176 2192 3216 principia,
2218 3187 2255 3207 ex
2276 3177 2325 3207 his
2349 3177 2570 3208 consideretur.

1605 3271 1776 3308 principium
1797 3280 1848 3308 per
1867 3270 2020 3307 accidens).
2035 3288 2054 3293 -
2067 3281 2095 3306 4.
2117 3272 2197 3300 Haec
2216 3270 2338 3308 privatio
2354 3280 2468 3308 semper
2488 3278 2530 3300 est
2550 3271 2580 3300 in
2593 3273 2661 3300 sub·

1605 3311 1688 3346 iecto,
1704 3320 1765 3339 non
1786 3310 1902 3348 quidem
1925 3317 2054 3347 respectu
2074 3311 2184 3339 formae
2205 3317 2271 3339 actu
2298 3310 2441 3339 existentis
2462 3311 2492 3339 in
2514 3311 2660 3347 subiecto,

1605 3351 1654 3378 sed
1674 3356 1803 3387 respectu
1817 3350 1940 3378 alterius.
1956 3351 1991 3378 Et
2006 3350 2071 3378 ideo
2089 3359 2149 3379 non
2166 3356 2208 3378 est
2222 3350 2317 3387 aliqua
2331 3350 2462 3387 aptitudo
2476 3351 2513 3379 ad
2527 3351 2660 3386 formam,

1605 3390 1648 3418 vel
1670 3389 1815 3418 inchoatio
1836 3390 1954 3424 formae,
1978 3390 2022 3417 vel
2041 3389 2159 3427 aliquod
2178 3389 2350 3426 principium
2375 3389 2571 3427 imperfectum
2592 3389 2660 3418 acti-

1605 3439 1682 3465 vum,
1698 3430 1748 3458 sed
1763 3429 1824 3466 ipsa
1845 3430 1970 3458 carentia
1990 3429 2100 3458 formae
2114 3429 2157 3458 vel
2174 3429 2350 3458 contrarium
2364 3429 2482 3465 formae,
2499 3429 2579 3467 quod
2592 3429 2660 3457 sub-

1606 3469 1679 3497 iecto
1707 3469 1818 3498 accidit.
1841 3486 1859 3490 -
1889 3470 1966 3497 5.Ex
1993 3468 2182 3497 determinata
2208 3469 2325 3497 veritate
2353 3469 2502 3498 solvuntur
2533 3468 2659 3496 diversae

1606 3509 1788 3546 quaestiones
1809 3508 1887 3546 prius
1909 3509 2078 3545 disputatae,
2094 3509 2191 3545 quoad
2212 3517 2365 3537 numerum
2387 3515 2415 3537 et
2428 3514 2560 3536 naturam
2581 3506 2659 3544 prin-

1605 3548 1746 3585 cipiorum
1774 3557 1870 3576 rerum
1898 3548 2078 3576 naturalium.
2101 3548 2174 3576 Sunt
2195 3547 2272 3576 enim
2294 3547 2513 3584 quodammodo
2533 3547 2612 3581 duo,
2633 3552 2660 3574 et

1605 3589 1826 3625 quodammodo
1847 3587 1909 3622 tria,
1925 3588 2084 3616 secundum
2105 3587 2185 3623 quod
2203 3587 2420 3615 considerantur
2439 3586 2501 3615 sola
2521 3585 2660 3622 principia

1604 3637 1655 3664 per
1676 3637 1715 3663 se,
1730 3628 1774 3656 vel
1795 3627 1838 3655 his
1859 3627 1973 3656 additur
1997 3626 2169 3663 principium
2197 3635 2248 3663 per
2267 3626 2407 3654 accidens.
2430 3626 2579 3654 Praeterea
2598 3625 2660 3661 ipsa

2691 935 2702 946 ⁸
2716 935 2770 963 Seq.
2785 941 2835 963 cap.
2850 940 2889 958 vu.

2690 961 2759 983 Text.
2773 961 2809 990 65.

2672 1231 2676 1235 ’
2692 1238 2701 1248 ·
2715 1230 2784 1258 ‘'rext.
2799 1236 2839 1259 66.

2691 1595 2700 1603 ·
2715 1593 2783 1616 Text.
2798 1594 2835 1623 67.

2688 2136 2700 2148 ⁶
2714 2135 2782 2159 Text.
2797 2136 2835 2160 68.

2689 2400 2701 2412 ⁸
2714 2399 2783 2422 Text.
2797 2399 2836 2428 ⁶9-
2883 2401 2886 2404 ’
2911 2384 2916 2387 ⁴

2688 2746 2700 2758 ⁸
2713 2745 2781 2769 Text.
2795 2752 2834 2775 7⁰.

2688 3140 2697 3150 ·
2711 3139 2780 3162 Text.
2793 3145 2825 3168 7¹·
