2898 3996
1168 295 1279 332 cAP.
1310 294 1376 341 iv,
1406 292 1556 330 LECT.
1584 293 1653 330 vn

386 378 534 407 Smorsm.
551 392 585 397 —
605 385 630 404 1.
645 376 855 412 Argumentum
869 381 898 404 et
911 374 1012 403 divisio
1033 380 1132 402 textus.
1149 390 1168 395 -
1182 380 1209 401 2.
1223 374 1294 400 Tres
1316 371 1386 399 divi-

334 417 431 446 siones
440 416 619 444 moventium
629 422 656 444 et
666 415 825 444 mobilium.
836 417 864 451 a)
877 415 1026 450 Quaedam
1041 419 1159 442 movent
1169 419 1220 441 aut
1233 417 1387 440 moventur

329 466 387 495 per
407 456 554 489 accidens,
576 455 718 492 quaedam
734 464 792 492 per
812 463 851 483 se.
874 455 928 482 Per
948 453 1079 482 accidens
1103 452 1235 480 dicuntur
1256 450 1301 478 hic
1322 459 1387 478 mo-

331 504 399 524 vere
418 495 462 523 vel
484 495 602 530 moveri,
623 501 686 522 tum
707 503 741 522 ea
761 503 836 531 quae
856 499 973 521 movent
987 499 1036 520 aut
1051 498 1202 520 moventur
1215 491 1252 518 ad
1274 495 1386 517 motum

332 534 456 570 alterius,
471 534 502 562 in
516 543 575 571 quo
590 540 656 562 sunt
669 534 713 562 vel
726 540 864 570 tanquam
883 533 977 560 forma
990 531 1020 559 in
1034 531 1172 565 subiecto,
1186 530 1231 558 vel
1245 536 1385 574 tanquam

332 574 458 603 locatum
473 573 503 602 in
523 575 603 609 loco;
617 579 680 601 tum
700 582 735 602 ea
748 581 822 610 quae
843 572 977 600 dicuntur
990 579 1107 599 movere
1122 575 1172 598 aut
1186 577 1304 612 moveri,
1320 577 1388 604 quia

333 613 430 651 aliqua
448 623 514 650 pars
535 613 664 650 ipsorum
685 618 782 640 movet
802 617 851 640 aut
865 617 1004 639 movetur.
1019 610 1102 638 Unde
1121 618 1173 646 per
1194 607 1386 636 exclusionem

332 653 439 681 horum
459 653 584 681 duorum
599 651 701 680 dicitur
721 651 829 688 aliquid
850 649 959 679 moveri
973 655 1001 677 et
1016 657 1133 677 movere
1153 657 1204 692 per
1225 656 1263 691 se.
1279 647 1307 682 b)
1328 648 1387 690 Eq-

332 701 398 720 rum
419 701 493 729 quae
514 698 666 720 moventur
685 699 736 727 per
756 699 796 725 se,
817 689 873 718 alia
892 694 1045 717 moventur
1064 696 1082 715 a
1103 687 1211 723 seips1s,
1233 692 1305 714 Sicut
1325 695 1387 714 am-

5 742 27 779 ,3
333 731 429 767 malin,
443 731 498 760 alia
517 740 585 759 vero
599 732 635 758 ab
650 729 722 765 aliis,
736 729 809 757 sicut
821 728 986 756 inanimata.
1001 728 1026 762 c)
1041 726 1107 754 Alia
1120 731 1272 754 moventur
1286 734 1386 753 secun-

333 771 403 799 dum
424 777 565 806 naturam,
580 769 636 798 alia
649 775 726 797 extra
739 774 880 796 naturam.
894 783 912 788 -
928 767 954 794 3.
969 766 1098 801 Qualiter
1111 765 1272 793 inveniatur
1290 771 1387 792 motus

333 811 491 838 secundum
505 816 636 838 naturam
660 814 688 836 et
709 814 787 835 extra
806 812 955 840 naturam,
976 812 1039 833 tum
1059 805 1152 833 inrhis
1174 814 1248 841 quae
1270 810 1388 832 movent

333 849 442 886 seipsa,
462 856 525 877 tum
545 848 575 876 in
595 848 639 876 his
659 855 732 883 quae
753 851 905 882 moventur
931 845 967 873 ab
995 844 1061 873 alio.
1078 861 1095 866 -
1109 854 1137 879 4.
1161 845 1268 872 Textus
1289 843 1386 871 subdi-

332 888 415 917 visio.
432 905 449 910 -
469 888 552 922 Quod
572 891 703 914 movetur
723 885 758 913 ab
779 885 836 912 alio
857 883 981 918 moveri,
1001 883 1125 912 maxime
1147 883 1329 911 manifestum
1345 889 1387 910 est

332 926 363 956 in
389 926 433 955 his
454 935 529 963 quae
548 931 701 954 moventur
721 930 798 952 extra
821 930 953 951 naturam
974 932 1025 951 seu
1045 932 1096 959 per
1115 923 1297 951 violentiam:
1318 932 1386 950 nam

331 965 488 994 violentum
509 970 559 999 est,
581 964 661 992 cuius
681 963 852 1000 principium
874 969 917 990 est
937 968 1030 998 extra,
1053 962 1124 990 nihil
1145 962 1308 990 conferente
1328 962 1386 989 vim

330 1013 426 1042 passo.
454 1005 524 1032 Post
542 1003 613 1032 haec
633 1009 729 1031 autem
751 1002 934 1031 manifestum
956 1008 998 1030 est
1018 1003 1099 1038 quod
1121 1008 1252 1030 movetur
1272 1002 1307 1029 ab
1329 1001 1386 1029 alio

330 1043 449 1079 moveri,
463 1043 494 1071 in
514 1042 558 1072 his
572 1052 646 1080 quae
664 1048 816 1071 moventur
834 1042 993 1070 secundum
1014 1047 1146 1069 naturam
1161 1050 1178 1069 a
1191 1040 1300 1077 seipsis,
1315 1040 1388 1068 sicut

593 1168 768 1208 ostquam
791 1160 1047 1208 Philosophus
1075 1171 1183 1196 suam
1211 1158 1384 1196 intentio-

558 1251 562 1259 Α
593 1225 682 1250 nem
710 1212 963 1250 manifestavit
989 1213 1024 1258 ²³,
1055 1212 1116 1248 hic
1143 1211 1271 1260 incipit
1298 1223 1384 1260 pro-

13 1292 32 1314 ζῆ
414 1294 421 1305 ,
524 1270 547 1305 ξ·
564 1269 578 1315 ξ
594 1265 701 1313 sequi
720 1277 829 1302 suam
853 1265 1119 1302 intentionem:
1149 1264 1288 1301 scilicet
1306 1276 1385 1300 non

5 1314 31 1373 ἔξ
394 1334 421 1351 ψ-
594 1318 724 1355 omnia
743 1317 973 1366 quandoque
993 1317 1141 1354 moveri
1163 1324 1198 1353 et
1213 1316 1386 1365 quando-

5 1365 21 1390 *ζ’
330 1383 404 1420 que
423 1371 632 1419 quiescere;
653 1371 720 1408 sed
740 1369 879 1419 aliquid
898 1382 980 1406 esse
999 1369 1156 1406 omnino
1176 1369 1384 1416 immobile,

331 1424 471 1473 aliquid
499 1431 626 1460 autem
655 1423 758 1471 quod
792 1434 942 1471 semper
973 1429 1162 1459 movetur.
1196 1421 1385 1458 Dividitur

331 1484 458 1513 autem
478 1476 547 1512 ista
563 1487 652 1524 pars
670 1475 709 1511 in
729 1475 821 1512 duas
842 1477 878 1511 ἐ
907 1475 945 1511 in
972 1475 1093 1523 prima
1125 1474 1288 1511 ostendit
1311 1474 1384 1522 pri-

329 1540 438 1566 mum
458 1540 620 1565 movens
639 1539 721 1564 esse
740 1527 954 1573 immobile;
979 1527 1017 1564 in
1036 1527 1202 1564 secunda
1225 1526 1387 1564 ostendit

328 1580 493 1629 primum
520 1580 660 1616 mobile
690 1592 840 1628 semper
866 1580 1035 1626 moveri,
1064 1579 1135 1616 ibi:
1163 1579 1215 1615 At
1239 1590 1329 1616 vero
1354 1580 1389 1615 si

92 1639 270 1693 3·¹‘1²offie{i¹¹35¹<i
280 1645 301 1667 7·
329 1633 482 1681 aliquod
498 1638 550 1669 est
569 1634 589 1653 ’²‘
610 1639 677 1669 etc.
699 1632 826 1669 Prima
852 1644 940 1681 pars
960 1632 1136 1669 dividitur
1155 1631 1193 1668 in
1213 1631 1306 1669 duas
1325 1632 1383 1668 ²³³*t

91 1681 279 1714 ”mmm-⁶
328 1685 367 1722 in
400 1685 522 1734 prima
559 1684 720 1721 ostendit
746 1685 912 1733 primum
943 1697 1104 1720 movens
1138 1696 1218 1720 esse
1252 1684 1386 1720 immo-

328 1737 403 1774 bile
437 1749 481 1774 ex
514 1737 646 1774 ordine
679 1737 916 1774 moventium
948 1744 985 1773 et
1012 1736 1232 1780 mobilium;
1262 1737 1300 1772 in
1329 1749 1385 1773 se-

329 1789 452 1827 cunda
484 1801 529 1825 ex
561 1789 851 1838 sempiternitate
885 1796 1031 1835 motus,
1066 1788 1137 1824 ibi:
1171 1790 1222 1825 Et
1252 1789 1384 1824 iterum

328 1843 566 1879 considerans
587 1843 606 1862 ³²
627 1849 694 1878 etc.
725 1842 851 1878 Prima
878 1853 966 1889 pars
991 1840 1167 1877 dividitur
1193 1841 1232 1877 in
1258 1848 1384 1889 partes

329 1894 439 1931 duas:
478 1894 515 1930 in
546 1893 670 1942 prima
706 1893 868 1930 ostendit
903 1893 1068 1942 primum
1102 1905 1264 1930 movens
1303 1905 1383 1929 esse

327 1945 540 1991 immobile3
569 1946 607 1982 in
627 1947 792 1983 secunda
811 1946 974 1983 ostendit
995 1945 1120 1994 ipsum
1141 1957 1223 1982 esse
1250 1958 1384 1994 perpe-

326 2006 453 2045 tuum,
481 1998 555 2034 ibi:
587 1999 773 2040 Quoniam
800 2004 924 2035 autem
957 2004 1098 2047 oportet
1127 1999 1146 2019 '²‘
1176 2005 1244 2035 etc.
1275 1999 1385 2035 Circa

326 2050 492 2100 primum
512 2051 588 2088 duo
608 2051 709 2087 facit:
737 2050 862 2100 primo
883 2050 1046 2087 ostendit
1064 2051 1260 2099 quoddam
1280 2051 1384 2099 quod

329 2111 384 2140 est
411 2103 664 2140 necessarium
683 2103 732 2140 ad
750 2103 1014 2152 probationem
1038 2103 1285 2152 sequentium,
1315 2103 1384 2140 sci-

327 2155 412 2194 licet
430 2155 533 2204 quod
553 2167 668 2192 omne
688 2155 792 2204 quod
809 2163 984 2192 movetur
1003 2156 1050 2191 ab
1070 2155 1144 2191 alio
1165 2163 1382 2202 moveatur;

41 2251 43 2254 Α
328 2207 496 2244 secundo
534 2208 696 2244 ostendit
731 2208 986 2256 propositum,
1025 2207 1097 2244 ibi:
1134 2209 1226 2244 Hoc
1259 2211 1383 2244 autem

23 2269 39 2302 ,.ῑ;
90 2266 224 2288 ‘Lem-¹¹·
328 2260 521 2309 dupliciter
550 2261 569 2282 '²‘
603 2267 670 2297 etc.
696 2261 936 2297 >Ostenderat
973 2259 1159 2308 siquidem
1197 2271 1310 2308 supra
1345 2261 1383 2296 in

89 2323 300 2351 ‘Lem-rmasqq·
326 2313 511 2361 principio
540 2312 688 2361 septimi
707 2315 740 2360 ὕ,
769 2325 884 2349 omne
912 2312 1016 2361 quod
1034 2319 1210 2350 movetur
1238 2313 1285 2348 ab
1310 2312 1382 2348 alio

12 2367 45 2414 ’,ᾗ
326 2365 485 2412 moveri,
506 2365 648 2402 ratione
668 2365 861 2401 communi
885 2373 1040 2413 accepta
1068 2377 1113 2401 ex
1133 2372 1239 2413 parte
1267 2364 1382 2412 ipsius

88 2428 138 2476 ξι
153 2433 300 2453 immam
325 2424 472 2454 motus:
493 2418 560 2454 sed
578 2419 599 2438 '¹‘
617 2417 706 2466 quia
724 2417 862 2466 incepit
881 2418 1069 2466 applicare
1089 2424 1236 2454 motum
1255 2417 1304 2454 ad
1325 2429 1383 2454 res

47 2473 50 2475 ’
121 2469 127 2476 “
325 2470 500 2517 mobiles,
527 2470 618 2507 illud
646 2470 750 2518 quod
769 2482 882 2518 supra
908 2469 1167 2507 universaliter
1187 2477 1242 2506 est
1261 2477 1383 2506 osten-

326 2535 423 2570 sum,
443 2522 504 2559 hic
523 2523 687 2559 ostendit
712 2522 971 2559 universaliter
987 2522 1174 2559 verificari
1202 2522 1240 2558 in
1260 2522 1382 2558 omni-

326 2576 396 2612 bus
424 2575 628 2612 mobilibus
657 2583 692 2611 et
722 2575 976 2612 moventibus.
1006 2575 1116 2612 Unde
1148 2575 1272 2623 prima
1295 2587 1382 2623 pars

326 2627 504 2665 dividitur
525 2627 564 2664 in
587 2635 711 2676 partes
740 2627 848 2664 duas:
879 2628 917 2664 in
943 2627 1067 2676 prima
1093 2627 1201 2676 ponit
1229 2627 1383 2664 divisio-

325 2691 417 2716 nem
440 2680 677 2716 moventium
707 2687 743 2716 et
764 2680 982 2726 mobilium;
1011 2680 1049 2717 in
1078 2680 1245 2716 secunda
1263 2679 1381 2716 mani-

326 2732 434 2768 festat
469 2731 704 2780 propositum
734 2732 772 2768 in
809 2732 982 2780 singulis,
1020 2732 1092 2769 ibi:
1128 2734 1179 2769 Et
1213 2733 1382 2768 maxime

325 2785 470 2821 moveri
486 2785 506 2805 ²³
527 2792 595 2820 etc.
625 2784 735 2820 Circa
761 2785 927 2832 primum
948 2786 1024 2822 duo
1044 2785 1149 2821 facit:
1178 2784 1303 2833 primo
1330 2785 1382 2821 di-

325 2837 419 2874 vidit
454 2836 649 2873 moventia
687 2843 723 2873 et
752 2837 928 2883 mobilia;
966 2837 1133 2873 secundo
1171 2837 1383 2873 manifestat

323 2889 488 2938 positam
516 2889 754 2936 divisionem,
784 2889 851 2926 ibi:
886 2889 994 2931 Quod
1019 2889 1117 2926 enim
1147 2889 1266 2937 ipsum
1285 2901 1309 2926 a
1327 2901 1381 2926 se-

325 2942 403 2992 ipso
425 2943 445 2963 ³⁸
464 2949 533 2979 etc.

380 3006 416 3031 2.
444 2994 574 3031 Primo
595 3005 684 3040 ergo
702 2993 810 3042 ponit
826 3000 900 3030 tres
921 2993 1124 3031 divisiones
1143 2994 1380 3030 moventium

327 3054 363 3083 et
381 3046 589 3084 mobilium.
607 3046 781 3092 Quarum
799 3046 924 3095 prima
939 3054 1005 3093 est,
1022 3046 1125 3095 quod
1144 3046 1380 3083 moventium

327 3105 364 3134 et
390 3098 589 3135 mobilium
613 3098 804 3147 quaedam
822 3107 980 3136 movent
999 3111 1067 3135 seu
1091 3106 1296 3136 moventur
1308 3110 1381 3147 per

325 3150 507 3196 accidens,
537 3150 725 3200 quaedam
753 3158 879 3187 autem
902 3163 975 3200 per
1000 3163 1050 3188 se.
1084 3152 1133 3188 Et
1160 3151 1295 3200 accipit
1319 3151 1380 3187 hic

321 3214 393 3251 per
410 3203 580 3240 accidens
607 3203 718 3250 large,
741 3204 950 3240 secundum
970 3204 1076 3251 quod
1095 3203 1382 3252 comprehendit

325 3255 397 3291 sub
426 3267 465 3291 se
495 3254 607 3291 etiam
634 3256 739 3303 quod
768 3263 823 3292 est
855 3256 1057 3292 secundum
1078 3261 1239 3303 partem.
1269 3255 1380 3292 Unde

327 3318 519 3355 exponens
547 3307 652 3355 quod
681 3308 822 3344 dixerat
834 3319 906 3356 per
923 3308 1105 3352 accidens,
1125 3307 1250 3344 subdit
1277 3307 1382 3355 quod

325 3371 393 3408 per
421 3358 596 3396 accidens
623 3359 772 3396 moveri
792 3367 856 3396 aut
883 3371 1039 3397 movere
1070 3359 1202 3396 dicitur
1227 3359 1381 3408 duplici-

24 1218 33 1250 5
74 1210 78 1215 ⁸
93 1222 104 1232 ·
119 1220 155 1243 Cf.
166 1221 217 1242 lect.
228 1226 303 1248 praec.

92 1252 156 1270 uum.
165 1252 186 1276 3.

91 1483 102 1492 ·
113 1483 189 1504 autem
204 1482 230 1503 in
244 1482 304 1503 duas

90 1509 174 1536 partes
188 1507 256 1530 codd.

8 1833 39 1886 il
91 1853 100 1862 '¹
115 1851 180 1874 Lect.
193 1857 242 1884 ¹¹¹¹?

9 1888 10 1891 ¹
19 1887 27 1897 G

90 2008 231 2031 ·Lect.xu.

51 2775 64 2818 ’ᾖ
87 2794 219 2821 *Nurum-4.

46 2975 48 2979 y
86 2947 100 2959 ⁴
111 2946 182 2969 Num.
197 2953 217 2976 3.

2420 295 2493 343 387

1441 377 1507 399 sunt
1528 371 1670 399 animalia.
1699 373 1777 400 Haec
1799 372 1875 400 enim
1904 371 2037 400 dicuntur
2062 372 2155 408 seipsa
2176 381 2303 407 movere,
2326 372 2498 408 inquantum

1440 419 1498 438 una
1518 419 1584 446 pars
1606 418 1702 438 movet
1723 418 1750 439 et
1770 411 1825 439 alia
1854 418 1995 439 movetur.
2011 428 2029 433 -
2046 412 2072 439 5.
2093 411 2157 439 Alia
2180 418 2272 439 textus
2302 411 2498 439 subdivisio.-

1441 450 1536 477 Omne
1551 459 1619 486 ergo
1635 451 1714 486 quod
1733 458 1864 478 movetur
1885 451 1920 478 ab
1943 451 1998 478 alio
2020 451 2138 486 moveri,
2161 451 2284 478 maxime
2304 450 2416 478 videtur
2437 460 2498 479 esse

1441 489 1560 516 dubium
1582 489 1611 516 in
1632 489 1676 517 his
1698 499 1771 526 quae
1792 499 1852 518 non
1874 496 1991 518 movent
2005 490 2106 526 seipsa,
2122 497 2149 518 et
2162 497 2259 518 tamen
2281 497 2434 518 moventur
2447 499 2498 518 na-

1441 528 1581 563 turaliter3
1604 528 1676 556 sicut
1696 535 1762 556 sunt
1776 529 1871 566 gravia
1885 536 1912 557 et
1926 529 2007 564 levia,
2022 529 2051 557 in
2066 529 2170 566 quibus
2184 539 2245 557 non
2260 536 2302 557 est
2315 529 2498 557 manifestum

1440 577 1458 595 a
1479 577 1537 604 quo
1558 575 1728 596 moveantur
1752 578 1818 596 curn
1846 575 1998 596 moventur
2018 569 2177 596 secundum
2193 575 2334 597 naturam.
2351 585 2370 590 -
2385 570 2412 597 6.
2427 570 2498 597 Pro-

1440 608 1524 635 batur
1538 616 1606 644 ergo
1622 614 1746 644 quatuor
1766 607 1924 636 rationibus
1945 609 2024 645 quod
2045 608 2213 636 huiusmodi
2233 618 2294 636 non
2315 615 2431 636 movent
2454 617 2499 636 se-

1441 646 1511 683 ipsa.
1528 648 1556 682 a)
1570 648 1686 674 Movere
1708 647 1832 683 seipsum
1854 647 1976 683 pertinet
1996 648 2033 675 ad
2054 647 2194 675 rati0nem
2216 647 2298 682 vitae,
2321 655 2348 675 et
2369 654 2411 675 est
2431 657 2498 684 pro-

1440 686 1535 722 prium
1556 686 1760 714 animatorum.
1776 703 1795 708 -
1810 696 1836 723 7.
1853 687 1879 722 b)
1903 688 2110 723 Quaecumque
2130 694 2247 714 movent
2261 687 2361 723 seipsa,
2377 693 2500 723 possunt

1441 725 1527 753 etiam
1549 734 1610 753 esse
1631 725 1684 753 sibi
1706 735 1791 753 causa
1806 726 1916 762 quietis,
1940 728 2004 754 Hoc
2019 733 2113 754 autem
2135 735 2196 754 non
2217 733 2338 762 possunt
2354 726 2450 762 gravia
2471 733 2499 754 et

1441 765 1521 792 levia.
1538 766 1563 800 c)
1586 765 1673 799 Quod
1694 771 1790 792 movet
1812 765 1947 801 seipsum,
1969 766 2054 793 habet
2075 765 2105 793 in
2126 775 2178 793 sua
2198 772 2337 801 potestate
2354 767 2435 802 quod
2449 766 2498 793 de-

1440 804 1573 832 terminet
1593 804 1647 832 sibi
1675 805 1751 832 hunc
1776 805 1820 832 vel
1847 805 1927 832 illum
1956 812 2084 840 motum3
2107 805 2158 832 sed
2178 805 2273 841 gravia
2294 811 2320 832 et
2341 805 2413 833 levia
2438 814 2499 832 non

1441 850 1594 872 moventur
1606 843 1772 872 naturaliter
1786 843 1840 871 nisi
1863 845 2021 872 secundum
2039 854 2130 872 unum
2145 851 2258 872 motum
2279 850 2407 879 tantum;
2430 853 2498 881 ergo

1440 883 1633 911 irrationabile
1655 889 1696 910 est
1717 883 1811 911 dicere
1830 885 1909 920 quod
1931 890 2067 912 moveant
2080 883 2181 920 seipsa.
2204 900 2223 905 -
2245 884 2410 911 Notandum
2425 883 2500 912 circa

1441 923 1492 950 has
1514 923 1584 950 duas
1605 922 1738 950 rationes.
1754 939 1772 944 -
1794 923 1820 950 8.
1837 923 1866 958 α’)
1882 923 2005 959 Oportet
2019 924 2098 960 quod
2113 932 2232 951 movens
2254 922 2396 950 dividatur
2412 924 2447 950 ab
2463 932 2498 951 eo

1441 962 1520 998 quod
1542 968 1681 997 movetur,
1697 962 1769 990 sicut
1790 963 1869 999 quod
1890 969 1990 998 aptum
2011 969 2111 990 natum
2134 969 2176 990 est
2197 971 2289 999 agere,
2306 962 2442 989 dividitur
2462 963 2497 990 ab

1441 1010 1476 1028 eo
1492 1002 1571 1037 quod
1586 1008 1685 1037 aptum
1706 1008 1807 1029 natum
1822 1008 1864 1029 est
1884 1001 1958 1037 pati:
1980 1002 2058 1029 unde
2079 1002 2189 1029 nullum
2211 1001 2381 1030 continuum
2403 1008 2499 1029 movet

1442 1040 1576 1076 seipsum.
1599 1041 1703 1068 Gravia
1723 1047 1819 1069 autem
1840 1047 1867 1069 et
1887 1041 1959 1069 levia
1980 1047 2047 1068 sunt
2067 1041 2212 1069 continua.

1440 1165 1506 1195 ter.
1545 1158 1675 1195 Primo
1705 1159 1860 1207 quidem
1898 1159 2071 1196 dicuntur
2107 1171 2265 1196 movere
2301 1171 2371 1207 per
2404 1158 2498 1195 acci-

1441 1211 1545 1257 dens,
1567 1223 1831 1259 quaecumque
1859 1223 2016 1247 movere
2045 1211 2218 1248 dicuntur
2246 1224 2290 1248 ex
2320 1223 2364 1248 eo
2394 1211 2498 1260 quod

1440 1263 1566 1300 insunt
1598 1263 1783 1312 aliquibus
1816 1264 2079 1309 moventibus3
2115 1265 2209 1300 sicut
2243 1277 2329 1300 cum
2366 1264 2498 1300 dicitur

1439 1315 1626 1352 musicum
1646 1328 1791 1363 sanare⁷
1808 1315 1896 1363 quia
1915 1315 1946 1352 is
1962 1316 2020 1352 cui
2043 1317 2138 1352 inest
2155 1316 2351 1363 musicum,
2373 1324 2496 1353 sanat:

1441 1376 1477 1405 et
1504 1368 1672 1405 similiter
1700 1368 1873 1405 dicuntur
1898 1368 2046 1405 moveri
2074 1381 2142 1417 per
2169 1369 2355 1415 accidens,
2377 1381 2421 1405 ex
2450 1381 2495 1405 eo

1441 1421 1544 1470 quod
1573 1421 1699 1457 insunt
1716 1420 1760 1458 iis
1780 1433 1877 1469 quae
1904 1429 2119 1467 moventur,
2140 1422 2201 1457 vel
2222 1421 2315 1457 sicut
2334 1422 2499 1457 locatum

1439 1473 1478 1510 in
1506 1474 1603 1520 loco,
1631 1481 1746 1522 prout
1764 1473 1922 1510 dicimus
1941 1474 2140 1510 hominem
2157 1473 2305 1510 moveri
2325 1474 2411 1521 quia
2434 1486 2497 1510 na-

1439 1526 1497 1563 vis
1529 1534 1706 1563 movetur
1738 1526 1776 1562 in
1809 1538 1884 1574 qua
1922 1533 1995 1571 est;
2034 1527 2095 1562 vel
2131 1523 2226 1562 sicut
2254 1526 2427 1563 accidens
2459 1526 2498 1563 in

1441 1578 1621 1625 subiecto,
1637 1585 1751 1627 prout
1770 1578 1929 1615 dicimus
1949 1579 2076 1615 album
2095 1578 2242 1616 moveri
2258 1578 2345 1627 quia
2362 1591 2498 1627 corpus

1440 1639 1625 1668 movetur.
1655 1631 1740 1667 Alio
1761 1631 1879 1667 modo
1910 1630 2082 1667 dicuntur
2107 1631 2232 1680 aliqua
2260 1643 2417 1667 movere
2436 1632 2498 1668 vel

1440 1683 1589 1720 moveri
1606 1695 1675 1732 per
1694 1683 1867 1720 accidens
1882 1689 1910 1728 α,
1930 1683 2016 1732 quia
2036 1691 2195 1720 movent
2213 1691 2277 1719 aut
2295 1691 2499 1720 moventur

1440 1736 1651 1773 secundum
1678 1743 1840 1784 partem3
1875 1736 1969 1772 sicut
1995 1737 2114 1772 homo
2145 1736 2277 1772 dicitur
2303 1744 2498 1784 percutere

1440 1796 1503 1824 aut
1529 1788 1694 1836 percuti,
1730 1788 1817 1836 quia
1844 1801 1980 1825 manus
2007 1788 2211 1837 percutitur
2239 1796 2302 1825 aut
2327 1789 2495 1837 pereutit.

1439 1841 1513 1876 Per
1541 1852 1580 1876 se
1609 1847 1735 1877 autem
1766 1841 1938 1877 dicuntur
1970 1841 2118 1877 moveri
2148 1848 2211 1877 aut
2238 1853 2408 1887 movere,
2427 1854 2496 1889 per

1440 1893 1690 1929 remotionem
1720 1893 1882 1929 duorum
1910 1894 2212 1941 praedictorum:
2242 1893 2329 1942 quia
2361 1894 2498 1930 scilicet

1439 1957 1510 1981 nec
1529 1945 1702 1982 dicuntur
1728 1957 1884 1982 movere
1905 1953 1967 1982 aut
1994 1946 2140 1983 moveri
2170 1958 2215 1982 ex
2236 1959 2281 1982 eo
2302 1946 2407 1995 quod
2426 1946 2498 1983 sint

1438 1997 1476 2034 in
1496 1998 1575 2034 aliis
1590 2010 1689 2047 quae
1707 2006 1865 2035 movent
1884 2006 1946 2034 aut
1972 2006 2214 2044 moveantur;
2240 2011 2364 2046 neque
2385 2011 2429 2035 ex
2450 2011 2496 2035 eo

1439 2051 1544 2098 quod
1571 2051 1695 2097 aliqua
1713 2063 1801 2098 pars
1830 2051 2000 2100 ipsorum
2030 2059 2185 2088 moveat
2203 2059 2266 2087 aut
2285 2059 2495 2088 moveatur.

1440 2103 1599 2140 Omissis
1629 2105 1648 2123 ’³²
1677 2103 1787 2150 igitur
1816 2103 1861 2139 iis
1897 2115 1995 2150 quae
2033 2111 2191 2140 movent
2223 2111 2259 2140 et
2295 2111 2498 2140 moventur

1438 2167 1506 2203 per
1533 2156 1728 2202 accidens,
1762 2155 1970 2192 subdividit
1997 2167 2042 2192 ea
2070 2169 2167 2204 quae
2199 2164 2403 2193 moventur
2429 2169 2498 2204 per

1438 2220 1490 2244 se.
1521 2207 1648 2244 Primo
1678 2208 1847 2256 quidem,
1883 2208 1969 2256 quia
1998 2220 2131 2245 eorum
2164 2221 2260 2257 quae
2294 2217 2497 2246 moventur

1437 2271 1506 2308 per
1533 2272 1589 2307 se,
1620 2260 1691 2296 alia
1719 2268 1923 2298 moventur
1950 2273 1972 2297 a
2000 2261 2149 2310 seipsis,
2179 2261 2273 2298 sicut
2300 2262 2494 2309 animalia,

1438 2312 1510 2348 alia
1536 2325 1629 2349 vero
1659 2313 1706 2348 ab
1735 2312 1835 2359 aliis,
1873 2312 1967 2349 sicut
1994 2313 2210 2351 inanimata.
2246 2314 2414 2350 Tertiam
2443 2314 2495 2351 di-

1437 2364 1625 2402 visionem
1651 2364 1778 2412 ponit,
1813 2365 1900 2412 quia
1920 2367 1938 2383 ÷⁵
1959 2365 2031 2401 alia
2058 2374 2262 2403 moventur
2285 2367 2495 2403 secundum

1438 2424 1622 2464 naturam,
1653 2417 1724 2453 alia
1753 2424 1855 2453 extra
1883 2416 2066 2454 naturam.

1493 2470 1529 2506 3.
1557 2469 1706 2506 Deinde
1736 2481 1822 2505 cum
1856 2469 1958 2506 dicit:
1997 2470 2106 2511 Quod
2131 2471 2230 2507 enim
2258 2471 2378 2519 ipsum
2407 2479 2493 2518 etc.‚

1438 2522 1650 2558 manifestat
1669 2522 1825 2570 qualiter
1843 2521 2056 2558 inveniatur
2082 2523 2292 2560 secundum
2321 2531 2494 2560 naturam

1438 2582 1474 2611 et
1502 2582 1603 2611 extra
1631 2582 1804 2611 naturam
1824 2574 1863 2611 in
1891 2574 1934 2611 iis
1963 2587 2060 2623 quae
2087 2583 2290 2612 moventur
2309 2588 2330 2612 a
2350 2576 2492 2624 seipsis,

1438 2634 1474 2663 et
1501 2639 1600 2675 quae
1628 2634 1832 2663 moventur
1859 2627 1907 2663 ab
1936 2627 2022 2664 alio.
2052 2628 2101 2663 Et
2126 2628 2249 2676 primo
2279 2628 2366 2665 dicit
2386 2629 2431 2665 de
2451 2628 2494 2665 iis

1438 2692 1534 2728 quae
1571 2686 1775 2717 moventur
1811 2691 1834 2715 a
1870 2679 2000 2727 seipsis
2034 2679 2151 2726 (sicut
2183 2688 2268 2717 sunt
2301 2681 2493 2728 animalia,

1437 2744 1535 2780 quae
1563 2739 1721 2769 movent
1749 2731 1908 2779 seipsa),
1937 2732 2042 2781 quod
2061 2740 2265 2770 moventur
2283 2733 2494 2770 secundum

1437 2792 1621 2821 naturam.
1653 2785 1769 2830 Quod
1795 2786 1814 2805 ²²
1842 2785 1978 2832 probat
2003 2797 2072 2833 per
2099 2786 2172 2822 hoc
2206 2787 2309 2834 quod
2336 2798 2494 2823 moven—

1437 2844 1498 2873 tur
1524 2849 1546 2873 a
1572 2837 1756 2885 principio
1789 2837 2008 2874 intrinseco:
2038 2837 2098 2874 illa
2125 2838 2443 2875 autemdicimus
2471 2851 2493 2875 a

1437 2897 1570 2926 natura
1608 2889 1780 2937 moveri,
1824 2901 1986 2938 quorum
2027 2890 2252 2939 principium
2289 2899 2414 2927 motus
2451 2891 2494 2928 in

1436 2941 1525 2990 ipsis
1554 2949 1618 2978 est.
1649 2942 1759 2979 Unde
1786 2942 2027 2979 manifestum
2057 2950 2111 2979 est
2138 2943 2243 2991 quod
2262 2951 2388 2980 motus
2417 2944 2493 2980 ani-

1438 2994 1557 3041 malis,
1583 3006 1660 3042 quo
1676 2995 1696 3014 ”²
1715 3002 1846 3031 movet
1865 2994 2044 3043 seipsum,
2066 2995 2095 3031 si
2116 3004 2353 3044 comparetur
2371 2997 2420 3033 ad
2439 3005 2493 3033 to-

1437 3054 1516 3083 tum
1552 3047 1712 3094 animal,
1746 3054 1802 3083 est
1829 3048 2026 3084 naturalis:
2065 3048 2152 3096 quia
2186 3056 2240 3085 est
2267 3048 2315 3085 ab
2345 3049 2491 3096 anima,

1437 3111 1535 3147 quae
1563 3106 1618 3136 est
1645 3106 1778 3136 natura
1806 3107 1843 3136 et
1869 3100 1992 3136 forma
2020 3100 2200 3137 animalis.
2232 3102 2307 3137 Sed
2335 3101 2364 3137 si
2389 3114 2492 3138 com-

1435 3159 1588 3200 paretur
1616 3151 1664 3188 ad
1693 3164 1849 3200 corpus,
1880 3152 2057 3200 contingit
2093 3153 2310 3189 huiusmodi
2343 3161 2492 3190 motum

1439 3216 1518 3240 esse
1548 3211 1584 3240 et
1612 3205 1819 3241 naturalem
1852 3212 1888 3240 et
1924 3212 2025 3240 extra
2062 3212 2254 3241 naturam:
2287 3206 2361 3241 hoc
2391 3205 2491 3242 enim

1437 3255 1755 3293 considerandum
1776 3256 1845 3292 erit
1863 3256 2071 3292 secundum
2093 3256 2341 3293 differentiam
2365 3265 2491 3293 motus

1437 3316 1473 3344 et
1501 3308 1677 3345 elementi
1706 3321 1750 3345 ex
1778 3321 1854 3356 quo
1884 3315 2028 3344 constat
2055 3308 2205 3344 animal.
2235 3308 2275 3344 Si
2295 3308 2394 3345 enim
2414 3309 2491 3346 ani-

1436 3360 1512 3397 mal
1551 3367 1695 3397 constat
1733 3372 1776 3396 ex
1806 3361 1993 3396 elemento
2027 3360 2131 3407 gravi
2166 3361 2488 3410 praedominanti‚

379 3532 406 3564 α)
421 3539 474 3564 per
491 3531 620 3557 accidens.
633 3544 651 3550 —-
665 3531 735 3556 Haec
754 3531 805 3555 duo
822 3530 902 3555 verba
920 3538 973 3555 om.
993 3530 1075 3561 codd„
1093 3531 1135 3555 ab
1154 3535 1180 3555 et
1191 3530 1283 3556 Venet.
1306 3529 1380 3562 1504,

329 3567 416 3599 1545.;
435 3567 482 3592 sed
500 3571 570 3599 patet
587 3566 660 3599 quod
677 3565 718 3590 hic
736 3574 788 3590 non
801 3566 894 3590 debent
907 3565 998 3590 omitti.
1018 3565 1141 3595 Quamvis
1155 3565 1223 3590 enim
1237 3566 1380 3590 secundum

326 3607 425 3636 partem
445 3602 543 3627 moveri
562 3609 613 3626 non
632 3601 666 3626 sit
679 3600 765 3626 stricte
784 3601 914 3633 loquendo
934 3600 1032 3625 moveri
1051 3607 1096 3633 per
1109 3600 1224 3625 accidens
1240 3599 1379 3633 (cf.1ib.v,

1435 3532 1494 3557 lect.
1508 3540 1530 3562 1,
1550 3541 1575 3557 n.
1590 3533 1635 3565 2),
1659 3537 1771 3557 attamen
1790 3531 1841 3556 iam
1859 3539 1937 3564 supra
1955 3532 1981 3556 in
1999 3532 2049 3557 hoc
2073 3540 2181 3557 numero
2200 3533 2295 3558 dictum
2315 3539 2354 3558 est
2372 3541 2424 3566 per
2447 3542 2490 3560 ac-

1434 3567 1523 3592 cidens
1542 3567 1582 3592 hic
1602 3567 1668 3592 sumi
1694 3567 1776 3598 large,
1797 3572 1825 3591 ut
1844 3574 1937 3599 nempe
1951 3567 2089 3599 opponitur
2108 3568 2130 3592 ei
2149 3569 2219 3600 quod
2238 3574 2277 3593 est
2293 3576 2342 3601 per
2359 3577 2387 3595 se
2399 3571 2490 3602 primo

1435 3600 1480 3634 (cf.
1499 3602 1541 3626 lib.
1554 3602 1607 3631 Vll,
1628 3603 1684 3626 lect.
1698 3609 1720 3631 1,
1740 3610 1765 3626 n.
1778 3602 1821 3634 4);
1841 3606 1866 3626 et
1884 3602 1941 3626 ideo
1961 3602 2092 3635 dupliciter
2111 3603 2209 3628 dicitur.

2526 2114 2534 2123 '¹
2545 2112 2653 2134 Dimissis
2665 2119 2738 2135 monz

2525 2139 2662 2165 (n?),Div1'sis
2669 2142 2705 2163 Nln
2712 2140 2737 2166 ης

2525 2171 2539 2186 n
2554 2166 2605 2193 lac„
2617 2171 2650 2193 po
2665 2171 2709 2187 ras.

2524 2372 2532 2380 '¹
2554 2371 2617 2398 quod
2642 2377 2735 2393 nni-nivo

2523 2403 2558 2418 az.

2522 2791 2530 2799 ·
2546 2789 2577 2811 Et
2588 2789 2630 2811 hoc
2645 2795 2734 2811 nni-cm.

2521 2822 2601 2838 uonsz.

2521 3001 2529 3010 ’
2545 2999 2608 3027 quod
2625 3005 2705 3021 nun-tf.
