2898 3996
475 271 551 317 334

1224 428 1524 485 LEcho
1562 425 1901 504 QUARTA

1088 260 1432 299 PHYSICORUM
1458 257 1805 296 ARISTOTELIS
1834 257 1928 293 LIB.
1957 256 2026 293 V11

794 555 1070 589 OSTENDITUR
1093 555 1135 586 IN
1157 553 1483 592 ALTERATIONE,
1506 552 1564 583 ET
1590 552 1632 582 IN
1655 550 1901 583 AUGMENTO
1924 551 1983 582 ET
2006 549 2322 589 DECREMENTO,

1121 605 1244 643 QUOD
1267 605 1442 637 MOVENS
1466 604 1523 634 ET
1546 603 1709 635 MOTUM
1733 603 1845 635 SUNT
1869 603 1999 634 SIMUL

242 720 252 728 '
266 718 359 739 Pamn-
379 715 450 737 editio
476 715 492 731 *
509 713 617 746 ’Δλλά
638 712 704 756 μήν
736 707 814 744 οὐδὲ
837 711 898 743 τοῦ
923 709 1162 753 ἀλλοιουμένου
1215 710 1250 730 **
1263 713 1307 741 At
1321 720 1396 741 vero
1410 719 1514 750 neque
1529 710 1647 741 alterati
1659 718 1763 751 neque
1774 710 1906 741 alteran-

240 744 343 791 !§7'?*.e¹t-
358 774 384 790 11.

240 1859 249 1866 ·
264 1857 330 1878 Text.
346 1862 375 1878 12.

246 3089 254 3096 '
270 3087 338 3109 Text.
354 3093 382 3115 ¹3·

519 759 577 789 καί
595 758 657 790 τοῦ
675 754 888 791 ἀλλοιοῦν-τος
907 748 1002 785 οὐδέν
1015 753 1088 786 ἐστι
1106 764 1162 796 με-

522 800 622 842 ταξύ.
643 801 752 832 Τοῦτο
769 794 808 830 δὲ
823 794 925 834 δῆλον
947 797 983 828 ἐκ
1000 798 1061 834 τῆς
1079 797 1162 828 ἑπα-

543 845 648 890 ωγῆς.
672 844 729 874 Ἐν
761 841 868 874 ἅπασι
891 840 955 887 γάρ
987 840 1161 884 συμβαίνει

522 899 593 932 αμα
628 885 712 919 εἶναι
748 886 789 918 τὸ
823 885 977 917 ἀλλοιοῦν
1014 885 1160 928 ἔσχατον

519 933 578 964 καὶ
601 931 642 965 τὸ
667 931 797 975 πρῶτον
826 927 1074 972 ἀλλοιούμενον.

476 977 520 1009 Τό
546 976 610 1032 γάρ
636 975 731 1007 ποιόν
759 974 957 1005 ἀλλοιοῦται
978 973 1025 1012 τῷ
1049 969 1163 1007 αἰσθη-

522 1032 581 1052 τον
613 1016 718 1058 εἶναι,
754 1015 902 1053 αἰσθητοὶ
936 1011 965 1046 δ’
994 1016 1084 1047 ἐστὶν
1115 1015 1160 1051 οἷς

521 1061 711 1108 διαφέρουσι
744 1060 792 1092 τά
815 1059 960 1103 σώματα
991 1057 1160 1099 ἀλλήλων,

522 1109 590 1139 οἷον
609 1104 756 1148 βαρύτης
777 1102 957 1146 κουφότης,
976 1102 1162 1147 σκληρότης

520 1149 731 1196 μαλακότης,
757 1146 858 1191 ψόφος
885 1146 1027 1190 ἀψοφία,
1047 1145 1163 1178 λευκό-

520 1207 580 1232 της
611 1190 821 1237 μελανότης,
847 1190 1014 1236 γλυκύτης
1050 1189 1163 1232 πικρό-

520 1251 601 1278 της,
635 1234 777 1283 ύγρότης
803 1234 966 1279 ξηρότης,
993 1233 1161 1271 πυκνότης

520 1281 669 1327 μανότης
697 1282 755 1311 καὶ
781 1279 829 1312 τά
851 1278 982 1322 μεταξύ
1007 1277 1162 1318 τούτων,

521 1327 640 1369 ὁμοίως
672 1319 710 1355 δὲ
737 1325 796 1355 καὶ
830 1322 878 1355 τοὶ
903 1323 991 1354 ἄλλα
1024 1322 1071 1355 τά
1095 1323 1161 1354 ὑπὸ

520 1370 582 1408 τοὶς
597 1366 780 1407 αἰσθήσεις,
793 1366 834 1398 ὧν
852 1367 923 1399 ἐστὶ
939 1367 997 1398 καὶ
1014 1367 1034 1402 ή
1053 1365 1165 1420 θερμό-

520 1426 580 1451 της
600 1414 658 1444 καὶ
678 1413 698 1448 ’ἢ
717 1409 884 1456 ψυχρότης
902 1412 961 1442 καὶ
986 1411 1007 1447 η’
1027 1412 1161 1448 λειότης

518 1459 577 1490 καὶ
601 1458 622 1494 ή
648 1454 834 1500 τραχύτης.
861 1455 982 1486 Ταῦτα
1003 1453 1067 1500 γάρ
1090 1455 1162 1487 ἐστι

521 1501 613 1538 πάθη
633 1501 694 1537 τῆς
721 1497 939 1542 ὑποκειμένης
962 1498 1159 1536 ποιότητος.

520 1545 659 1582 Τούτοις
679 1542 742 1589 γάρ
763 1538 953 1586 διαφέρουσι
976 1542 1024 1574 τοὶ
1049 1541 1164 1580 αἰσθη-

521 1589 569 1622 τοὶ
588 1589 653 1621 τῶν
676 1586 841 1630 σωμάτων
860 1585 882 1622 ἦ
905 1586 1002 1617 κατά
1026 1586 1067 1618 τό
1085 1586 1165 1618 τού-

520 1645 586 1666 των
612 1643 646 1664 τι
671 1631 799 1675 μᾶλλον
822 1632 879 1661 καὶ
906 1630 1012 1666 ἦττον
1038 1631 1096 1662 καὶ
1114 1630 1162 1672 τῷ

520 1676 651 1710 τούτων
678 1686 711 1706 τι
737 1673 893 1719 πάσχειν·
916 1673 1162 1718 θερμαινόμενα

519 1721 582 1767 γάρ
600 1719 621 1756 ἦ
638 1717 811 1763 ψυχόμενα
836 1718 856 1754 ἢ
874 1717 1123 1763 γλυκαινόμενα
1141 1718 1162 1755 ἧ

520 1762 759 1808 πικραινόμενα
784 1761 805 1798 ἦ
825 1761 922 1794 κατά
942 1773 975 1794 τι
995 1762 1077 1794 ἀλλο
1095 1763 1162 1795 τῶν

521 1805 764 1851 προειρημένων
783 1807 900 1850 ὁμοίως
917 1805 966 1838 τά
977 1819 1014 1838 τε
1029 1805 1163 1852 ἔμψυχα

520 1853 584 1885 τῶν
610 1850 778 1894 σωμάτων
802 1852 859 1882 καὶ
891 1849 938 1882 τά
964 1850 1077 1895 ἄψυχα
1105 1853 1162 1883 καὶ

519 1897 584 1929 τῶν
606 1894 760 1940 ἐμψύχων
787 1893 850 1926 ὅσα
874 1894 940 1926 τῶν
958 1897 1062 1938 μερῶν
1084 1894 1165 1937 ἀψυ-

518 1953 578 1984 χα.
602 1941 666 1971 Καὶ
686 1939 791 1970 αὐταὶ
811 1933 849 1969 δὲ
867 1940 902 1969 αἱ
921 1937 1091 1976 αἰσθήσεις
1110 1937 1166 1970 ἀλ-

516 1985 703 2016 λοιοῦνται.
736 1981 907 2028 Πάσχουσι
938 1982 1016 2027 γάρ·
1048 1983 1068 2019 ή
1094 1983 1161 2028 γάρ

520 2027 669 2074 ἐνέργεια
700 2024 811 2058 αὐτῶν
845 2027 970 2064 κίνησίς
1003 2027 1076 2059 ἑστι
1107 2022 1166 2059 8ιοί

518 2073 676 2116 σώματος
694 2069 891 2116 πασχούσης
913 2082 948 2102 τι
966 2071 1029 2108 τῆς
1047 2070 1166 2108 αἰσθή-

519 2129 612 2154 σεως.
639 2112 720 2146 Καθ’
742 2113 806 2146 ὅσα
831 2114 889 2158 μέν
915 2114 970 2146 οὖν
992 2115 1164 2147 ἀλλοιοῦν-

520 2172 580 2193 ται
612 2159 660 2192 τοὶ
692 2157 827 2204 ἀψυχα,
862 2159 919 2189 καὶ
951 2159 999 2191 τά
1030 2158 1163 2204 ἔμψυχα

518 2204 614 2237 κατοὶ
638 2201 757 2235 πάντα
782 2203 899 2235 ταῦτα
930 2203 1160 2236 ἀλλοιοῦνται.

518 2248 599 2280 Καθ’
627 2246 690 2279 ὅσα
714 2242 752 2278 δὲ
776 2246 824 2278 τοί
841 2244 972 2292 ἔμψυχα
993 2245 1165 2279 α’λλοιοῦν-

519 2305 593 2334 ται,
613 2291 709 2323 κατά
727 2291 844 2323 ταῦτα
865 2290 924 2322 οὐκ
945 2291 1163 2324 ἀλλοιοῦνται

521 2338 569 2369 τοὶ
583 2337 708 2380 ἄψυχα·
721 2335 816 2367 κατά
831 2334 895 2380 γάρ
913 2335 976 2372 τοὶς
992 2334 1162 2372 αἰσθήσεις

522 2379 582 2413 οὐκ
601 2380 834 2419 ἀλλοιοῦνται,
851 2381 909 2411 καὶ
925 2378 1084 2412 λανθάνει
1107 2379 1164 2412 ἀλ-

519 2424 699 2468 λοιούμενα
737 2423 784 2455 τοὶ
821 2422 947 2468 ἄψυχα.
988 2422 1090 2455 Οὐθὲν
1127 2418 1164 2455 δὲ

520 2468 640 2500 κωλύει
670 2469 726 2499 καὶ
753 2467 800 2500 τά
824 2466 957 2512 ἔμψυχα
985 2467 1162 2499 λανθάνειν

524 2511 767 2556 ἀλλοιούμενα,
796 2509 878 2544 ὅταν
911 2511 957 2555 μή
981 2511 1077 2544 κατά
1101 2512 1164 2549 τάς

522 2557 689 2593 αἰσθήσεις
705 2556 871 2599 συμβαίνῃ
890 2556 930 2587 τό
947 2557 1009 2593 τῆς
1029 2554 1166 2588 ἀλλοιώ-

522 2613 601 2638 σεως
633 2601 762 2636 αὐτοῖς.
794 2601 893 2643 Εἴπερ
928 2598 982 2631 οὖν
1017 2599 1166 2637 αἰσθητοὶ

523 2645 581 2688 μὲν
603 2644 650 2677 τοὶ
666 2642 771 2684 πάθη,
789 2638 847 2676 διά
862 2639 899 2675 δὲ
919 2643 1050 2676 τούτων
1068 2645 1088 2680 ή
1108 2642 1164 2676 ἀλ-

520 2690 665 2729 λοίωσις,
688 2686 794 2720 τοῦτό
810 2700 848 2734 γε
872 2683 914 2724 δή
931 2699 1011 2732 φανε
1036 2687 1084 2729 όν,
1111 2687 1165 2720 ὅτι

524 2734 564 2766 τό
583 2732 713 2777 πάσχον
736 2733 794 2762 καὶ
811 2731 852 2763 τό
871 2731 976 2770 πάθος
1000 2744 1084 2775 αμα,
1106 2733 1165 2764 καὶ

525 2776 656 2809 τούτων
682 2775 776 2807 οὐθέν
806 2776 878 2807 ἐστι
902 2775 1046 2819 μεταξύ.

481 2821 615 2876 Τοῖ’μέν
639 2820 703 2873 γάρ
731 2820 745 2850 ὀ
773 2819 836 2863 ἀήρ
861 2820 1022 2865 συνεχής,
1053 2820 1101 2860 τῷ
1132 2814 1160 2850 δ’

528 2865 598 2905 αέρι
613 2875 777 2896 συναπτει
794 2864 835 2896 τὸ
853 2865 963 2908 σῶμα.
979 2866 1043 2896 Καὶ
1066 2865 1086 2900 ή
1105 2863 1164 2907 μέν

527 2907 702 2952 ἐπιφάνεια
728 2907 806 2949 πρὸς
832 2907 872 2940 τὸ
890 2909 966 2951 φῶς,
990 2909 1029 2941 τό
1047 2903 1085 2940 δὲ
1102 2909 1166 2951 φῶς

527 2953 605 2996 πρὸς
631 2952 693 2988 τήν
720 2949 802 2993 ὄψιν.
825 2953 963 2995 Ὀμοίως
994 2948 1031 2984 δὲ
1060 2954 1118 2984 καὶ
1144 2953 1164 2988 ἡ

529 2995 612 3031 ἀκοή
630 2997 688 3027 καὶ
706 2996 725 3031 ή
745 2995 897 3039 ὄσφρησις
909 2996 987 3040 πρός
1001 2996 1041 3029 τό
1052 2997 1164 3028 κινοῦν

528 3039 636 3076 αὐτάς
663 3039 805 3082 πρῶτον.
826 3040 888 3071 Τὸν
911 3041 1016 3072 αὐτόν
1035 3035 1072 3072 δὲ
1091 3039 1166 3084 τρό-

529 3095 590 3115 πον
617 3083 688 3125 ἅμα
707 3084 764 3114 καὶ
781 3084 801 3119 ἡ
822 3084 931 3130 γεῦσις
949 3086 1006 3116 καὶ
1028 3085 1044 3116 ό
1061 3084 1165 3129 χυμός

528 3129 630 3160 ἐστιν.
660 3126 831 3165 ’Ὡσαύτως
856 3123 893 3159 δέ
926 3130 982 3160 καὶ
1013 3129 1068 3160 ἐπὶ
1100 3130 1165 3161 τῶν

529 3170 593 3215 ἀψύ
620 3183 662 3202 ων
687 3173 743 3202 καὶ
770 3172 835 3203 τῶν
863 3171 1088 3208 ἀναισθήτων.

483 3217 547 3247 Καὶ
567 3227 606 3247 το
625 3214 851 3258 αὐξανόμενον
867 3211 974 3247 δὲκαὶ
992 3217 1032 3249 τό
1049 3215 1165 3257 αὔξον*

529 3258 699 3302 πρόσθεσις
725 3258 789 3303 γάρ
810 3271 859 3296 τις
880 3260 900 3296 ή
921 3259 1069 3302 αὔξησις,
1087 3259 1162 3292 ὥσθ’

531 3303 600 3346 ἅμα
630 3301 669 3335 τό
703 3303 731 3334 τ’
771 3301 901 3344 αὖξανό
928 3316 999 3335 ενον
1029 3307 1085 3336 καὶ
1124 3305 1165 3337 τό

530 3345 642 3386 αὔξον.
661 3347 725 3377 Καὶ
743 3347 762 3383 ή
778 3346 879 3391 φθίσις
921 3347 947 3379 ε’·
968 3348 1008 3380 τό
1021 3349 1085 3394 γάρ
1104 3349 1166 3386 τῆς

530 3389 663 3431 φθίσεως
691 3391 798 3423 αἴτιον
821 3391 988 3436 ἀφαίρεσίς
1013 3404 1075 3430 τις.
1098 3394 1168 3424 Φα-

530 3434 619 3476 νερόν
644 3433 686 3469 δή
712 3436 753 3472 ὡς
778 3436 839 3467 τοῦ
863 3437 1032 3473 κινοῦντος
1066 3435 1168 3480 ἐσχά-

533 3487 592 3507 του
623 3478 680 3508 καὶ
714 3479 775 3509 τοῦ
805 3479 996 3523 κινουμένου
1033 3479 1166 3523 πρώτου

534 3519 627 3550 οὐθέν
648 3521 719 3551 ἐστι
737 3521 878 3564 μεταξύ,
903 3523 968 3555 ἀνοὶ
987 3522 1085 3566 μέσον
1104 3525 1166 3555 τοῦ

535 3574 572 3593 τε
596 3565 763 3602 κινοῦντος
788 3568 844 3597 καὶ
870 3567 932 3598 τοῦ
962 3566 1165 3610 κινουμένου.

1259 754 1299 785 tis
1321 754 1425 784 ullum
1447 754 1590 784 medium
1613 760 1669 784 est.
1699 754 1772 785 Hoc
1798 761 1905 785 autem

1259 797 1464 828 manifestum
1495 794 1556 829 est'
1572 808 1611 828 ex
1642 797 1847 828 inductione:
1871 797 1905 828 in

1260 841 1409 872 omnibus
1433 841 1518 872 enim
1542 841 1637 872 simul
1656 851 1722 872 esse
1736 841 1846 872 accidit
1862 841 1906 872 al-

1260 891 1361 915 terans
1390 884 1556 924 ultimum,
1588 891 1618 916 et
1648 885 1790 925 primum
1817 885 1906 926 quod

1260 928 1416 960 alteratur.

1217 972 1319 1009 Quale
1342 972 1428 1003 enim
1446 973 1593 1003 alteratur
1615 975 1653 1003 ex‘
1673 981 1711 1003 eo
1731 972 1820 1015 quod
1834 981 1906 1002 sen-

1261 1016 1349 1048 sibile
1365 1023 1419 1047 est.
1436 1016 1599 1047 Sensibilia
1613 1023 1721 1047 autem
1735 1022 1819 1054 sunt,
1836 1015 1906 1056 qui-

1260 1061 1320 1092 bus
1336 1059 1482 1091 differunt
1501 1070 1633 1100 corpora
1647 1060 1687 1091 ad
1705 1070 1738 1091 se
1753 1059 1904 1099 invicem;

1262 1111 1297 1135 ut
1325 1104 1457 1144 gravitas
1492 1103 1601 1135 levitas
1614 1126 1623 1143 ,
1657 1102 1785 1134 durities
1823 1103 1905 1134 mol-

1261 1148 1363 1186 lities?
1381 1157 1479 1178 sonus
1503 1157 1568 1178 non
1592 1157 1707 1185 sonus,
1730 1147 1842 1178 albedo
1858 1147 1905 1177 ni-

1262 1192 1380 1233 gredo,
1414 1191 1549 1222 dulcedo
1576 1191 1774 1229 amaritudo,
1801 1190 1905 1221 humi-

1262 1236 1341 1267 ditas
1371 1235 1491 1266 siccitas
1507 1258 1516 1274 ,
1549 1235 1684 1266 densitas
1716 1234 1842 1273 raritas,
1875 1241 1907 1265 et

1261 1279 1379 1310 horum
1409 1279 1534 1317 media3
1573 1278 1714 1310 similiter
1742 1285 1848 1309 autem
1875 1285 1907 1309 et

1261 1323 1321 1354 alia
1344 1333 1426 1363 quae
1449 1323 1507 1353 sub
1531 1332 1626 1353 sensu
1649 1329 1741 1360 sunt,
1765 1332 1907 1363 quorum

1262 1374 1308 1398 est
1331 1373 1361 1397 et
1384 1366 1468 1397 calor
1491 1373 1522 1397 et
1544 1366 1661 1406 frigus,
1689 1373 1720 1398 et
1742 1366 1853 1397 lenitas
1876 1373 1907 1397 et

1262 1408 1421 1451 asperitas.
1446 1410 1533 1441 Haec
1552 1410 1638 1441 enim
1656 1417 1730 1441 sunt
1744 1410 1906 1450 passiones

1261 1454 1419 1486 subiectae
1437 1453 1605 1495 qualitatis.
1630 1454 1688 1485 His
1712 1453 1798 1485 enim
1821 1453 1907 1484 diffe-

1261 1505 1336 1529 runt
1351 1498 1509 1529 sensibilia
1524 1508 1707 1538 corporum,
1727 1504 1782 1528 aut
1796 1507 1906 1529 secun—

1263 1543 1342 1573 dum
1357 1542 1488 1582 aliquod
1501 1541 1618 1573 horum
1633 1542 1733 1582 magis
1747 1549 1778 1573 et
1789 1542 1906 1581 minus,

1263 1593 1294 1618 et
1317 1586 1350 1616 in
1372 1585 1521 1626 patiendo
1547 1586 1667 1627 aliquid
1690 1586 1827 1616 horum:
1857 1596 1906 1616 ca·

1261 1630 1373 1662 lefacta
1389 1630 1474 1660 enim
1489 1636 1544 1661 aut
1566 1629 1736 1670 frigefacta,
1759 1637 1814 1661 aut
1837 1630 1906 1660 dul-

1262 1674 1378 1705 cefacta
1401 1681 1455 1704 aut
1473 1674 1650 1712 amaricata,
1663 1680 1718 1704 aut
1731 1674 1907 1704 secundum

1262 1718 1382 1758 aliquid
1396 1718 1482 1748 aliud
1499 1717 1742 1758 praedictorum.
1759 1717 1908 1748 Similiter

1263 1769 1293 1793 et
1316 1762 1452 1792 animata
1475 1771 1647 1802 corporum
1670 1768 1700 1792 et
1715 1761 1906 1800 inanimata;

1263 1812 1294 1836 et
1316 1805 1528 1836 animatorum
1558 1815 1779 1846 quaecumque
1803 1812 1908 1845 partes

1264 1857 1338 1880 sunt
1352 1849 1550 1880 inanimatae.
1565 1849 1582 1868 *
1597 1850 1638 1880 Et
1659 1849 1719 1889 ipsi
1736 1859 1845 1880 sensus
1865 1849 1906 1879 al-

1262 1900 1414 1924 terantur:
1430 1893 1592 1933 patiuntur
1602 1893 1697 1924 enim.
1714 1892 1806 1923 Actio
1821 1893 1907 1924 enim

1262 1937 1406 1978 ipsorum
1429 1944 1536 1968 motus
1560 1944 1606 1968 est
1628 1947 1684 1977 per
1700 1947 1826 1977 corpus,
1850 1947 1904 1977 pa-

1262 1982 1358 2012 tiente
1374 1991 1467 2011 sensu
1484 1981 1613 2021 aliquid.
1631 1981 1813 2011 Secundum
1825 1991 1906 2021 quae

1262 2025 1356 2065 igitur
1367 2025 1538 2055 inanimata
1553 2025 1731 2063 alterantur,
1745 2031 1776 2055 et
1787 2024 1906 2055 anima-

1262 2075 1294 2100 ta
1314 2069 1490 2099 secundum
1509 2069 1617 2099 omnia
1637 2068 1714 2100 haec
1729 2069 1906 2100 alterantur.

1263 2113 1446 2143 Secundum
1469 2119 1576 2143 autem
1599 2123 1819 2153 quaecumque
1840 2113 1907 2143 ani-

1262 2163 1347 2187 mata
1369 2157 1547 2195 alterantur,
1567 2167 1632 2187 non
1649 2156 1824 2187 secundum
1846 2157 1908 2187 hoc

1263 2201 1431 2231 alterantur
1441 2201 1625 2233 inanimata:
1637 2201 1812 2231 secundum
1822 2201 1908 2231 enirn

1263 2254 1372 2275 sensus
1396 2254 1462 2274 non
1481 2244 1660 2283 alterantur,
1685 2251 1715 2275 et
1737 2244 1811 2275 latet
1833 2255 1907 2275 cum

1263 2289 1432 2319 alterantur
1467 2288 1647 2319 inanimata.
1681 2288 1768 2318 Nihil
1800 2295 1908 2319 autem

1262 2332 1408 2372 prohibet
1428 2339 1459 2362 et
1478 2332 1615 2363 animata
1630 2333 1724 2363 latere
1743 2342 1818 2363 cum
1833 2333 1907 2363 alte-

1262 2383 1387 2415 rantur,
1412 2386 1486 2407 cum
1509 2387 1575 2407 non
1598 2377 1774 2407 secundum
1798 2386 1907 2407 sensus

1263 2420 1374 2451 accidit
1397 2420 1473 2460 ipsis
1496 2420 1648 2451 alteratio.
1673 2420 1705 2451 Si
1725 2420 1819 2460 igitur
1838 2430 1907 2450 sen-

1264 2464 1367 2495 sibiles
1391 2464 1552 2505 passiones
1572 2471 1660 2503 sunt,
1681 2463 1785 2494 omnis
1801 2471 1907 2495 autem

1263 2518 1319 2548 per
1342 2509 1397 2538 has
1420 2508 1561 2539 alteratio
1585 2515 1650 2546 est,
1678 2517 1714 2538 ex
1741 2508 1803 2538 hoc
1833 2518 1907 2548 ergo

1264 2553 1469 2583 manifestum
1493 2558 1538 2583 est
1561 2552 1649 2593 quod
1672 2551 1777 2592 passio
1801 2558 1832 2582 et
1853 2562 1907 2592 pa-

1263 2596 1343 2627 tiens
1366 2596 1462 2627 simul
1485 2602 1569 2635 sunt,
1593 2603 1624 2627 et
1645 2596 1763 2627 horum
1781 2595 1907 2626 nullum

1264 2640 1407 2671 medium
1430 2646 1485 2672 est.

1220 2821 1304 2852 Huic
1332 2828 1439 2852 autern
1469 2831 1520 2852 aer
1546 2827 1592 2852 est
1621 2821 1810 2860 continuus,
1845 2821 1907 2852 aeri

1264 2876 1338 2897 vero
1363 2866 1564 2896 continuatur
1583 2872 1714 2906 corpus;
1731 2872 1760 2896 et
1776 2865 1907 2906 superfi-

1267 2911 1327 2941 cies
1351 2910 1481 2950 quidem
1508 2909 1692 2940 terminatur
1720 2910 1759 2939 ad
1782 2909 1906 2948 lumen,

1265 2956 1374 2986 lumen
1398 2961 1503 2985 autem
1523 2954 1562 2984 ad
1577 2953 1691 2984 visum.
1712 2953 1860 2984 Similiter
1878 2960 1908 2984 et

1265 2998 1390 3030 auditus
1405 3004 1435 3028 et
1447 2998 1597 3029 odoratus
1612 2997 1651 3027 ad
1669 3007 1801 3028 movens
1820 2997 1907 3038 ipsos

1265 3043 1415 3084 primum.
1433 3042 1556 3072 Eodem
1573 3047 1679 3072 autem
1694 3041 1794 3071 modo
1811 3041 1906 3072 simul

1266 3094 1295 3118 et
1326 3093 1435 3126 gustus
1467 3092 1496 3116 et
1522 3095 1616 3125 sapor
1639 3092 1693 3116 est.
1718 3085 1735 3104 *
1760 3083 1908 3116 Similiter

1265 3138 1371 3161 autem
1395 3136 1426 3160 et
1453 3130 1485 3160 in
1508 3129 1687 3160 inanimatis
1719 3135 1749 3159 et
1776 3129 1906 3159 insensi-

1264 3175 1389 3205 bilibus.

1220 3219 1260 3250 Et
1283 3218 1372 3259 quod
1391 3224 1532 3258 augetur,
1550 3225 1580 3248 et
1595 3226 1722 3258 augens.
1739 3216 1907 3257 Appositio

1266 3262 1350 3293 enim
1365 3262 1521 3302 quaedam
1532 3268 1578 3292 est
1591 3267 1813 3302 augmentum;
1829 3270 1906 3301 qua-

1265 3316 1297 3336 re
1321 3306 1415 3335 simul
1447 3312 1521 3336 sunt
1548 3312 1577 3336 et
1611 3305 1700 3346 quod
1728 3311 1860 3344 augetur
1878 3311 1909 3335 et

1265 3359 1392 3389 augens.
1406 3349 1446 3379 Et
1462 3349 1707 3380 decrementum:
1719 3348 1907 3379 decrementi

1266 3393 1351 3423 enim
1383 3403 1476 3424 causa
1511 3400 1556 3424 est
1590 3393 1705 3424 ablatio
1738 3392 1905 3434 quaedam.

1266 3436 1468 3467 Manifestum
1490 3437 1583 3477 igitur
1604 3443 1650 3467 est
1666 3437 1754 3478 quod
1777 3446 1907 3466 moven-

1266 3480 1304 3511 tis
1321 3480 1423 3511 ultimi
1448 3487 1478 3511 et
1501 3481 1580 3512 moti
1604 3480 1697 3521 primi
1721 3480 1847 3511 nullum
1861 3487 1908 3511 est

1266 3524 1417 3555 medium.

2002 761 2061 792 καὶ
2079 761 2141 792 τοῦ
2161 760 2391 798 ἀλλοιοῦντος.
2409 760 2519 793 Τοῦτο
2535 754 2652 796 8585-

2001 814 2060 845 λον
2086 812 2122 854 ἐξ
2148 813 2345 859 ἐπαγωγῆς·
2379 812 2414 845 ἂν
2445 811 2566 845 ἅπασι,
2583 811 2648 858 γὰρ

2004 865 2179 908 συμβαίνει
2205 864 2278 909 ἅμα
2306 862 2392 898 εἶναι
2425 865 2467 897 τὸ
2499 864 2648 910 ἔσχατον

2006 915 2164 950 ἀλλοιοῦν
2180 920 2239 950 καὶ
2255 918 2299 951 τὸ
2314 917 2474 963 [πρῶτον]
2494 916 2659 950 &uma-⁷

2004 979 2101 1012 μενον
2126 969 2193 1002 ὑπὸ
2218 971 2284 1002 τῶν
2309 969 2502 1015 εἰρημένων.
2527 970 2651 1003 Ταῦτα

2003 1019 2069 1067 γάρ
2102 1021 2175 1054 ἔστι
2209 1021 2300 1059 πάθη
2334 1022 2397 1060 τῆς
2430 1021 2659 1066 ὑποκειμένης.

2004 1072 2204 1112 ποιότητος
2224 1073 2245 1111 ἦ
2260 1073 2326 1120 γὰρ
2350 1072 2608 1118 θερμαινόμενον
2626 1072 2651 1111 ’ἢ

2002 1125 2265 1171 γλυκαινόμινον
2282 1125 2306 1163 ἥ
2315 1125 2539 1170 κυκνούμινον
2555 1125 2657 1167 *bitin-1

2003 1177 2198 1223 ραινόμενον
2233 1179 2255 1216 ἦ
2290 1178 2548 1224 λευκαινόμινον
2590 1179 2652 1212 ἀλ-

2002 1229 2177 1263 λοιοῦσθαι
2189 1242 2309 1276 φαμεν,
2330 1233 2449 1272 ὁμοίως
2463 1231 2506 1264 τό
2523 1230 2661 1278 ἄψυχον·

2003 1285 2061 1315 καὶ
2087 1283 2128 1316 τὰ
2152 1283 2299 1329 ἔμψυχον
2315 1282 2487 1330 λέγοντες,
2503 1285 2564 1316 καὶ
2585 1281 2652 1316 πώ·

2002 1337 2055 1368 λιν
2073 1336 2140 1369 τῶν
2157 1335 2314 1381 ὲμψύχων
2338 1335 2387 1368 τοί
2403 1348 2443 1368 τε
2463 1335 2510 1380 μή
2535 1334 2658 1372 αἰσθηέ

2004 1389 2087 1422 τικοὶ
2116 1390 2183 1422 τῶν
2215 1389 2320 1434 μερῶν
2351 1390 2409 1421 καὶ
2445 1386 2557 1426 αὖτοὶς
2585 1387 2652 1427 τὰς

2005 1440 2187 1480 αἰσθήσεις.
2215 1442 2454 1474 Ἀλλοιοῦνται
2482 1441 2549 1488 γάρ
2580 1450 2660 1480 ’παιςν

2003 1496 2062 1526 καὶ
2087 1497 2122 1526 αἱ
2152 1493 2335 1532 αἰσθήσεις·
2362 1494 2383 1531 ἦ
2407 1493 2473 1540 γάρ
2499 1491 2665 1532 αἴσθησις..

2005 1547 2027 1583 ή
2049 1545 2128 1579 κατ’
2158 1546 2326 1593 ἐνέργειαν
2350 1548 2475 1584 κίνησίς
2494 1541 2652 1579 &eumd

2004 1598 2181 1643 σώματος,
2215 1599 2413 1644 πασχοῦσης
2445 1609 2479 1631 τι
2504 1599 2567 1636 τῆς
2600 1597 2652 1630 αἰ-

2004 1650 2165 1690 σθήσεως.
2181 1649 2263 1683 Καθ’
2284 1650 2348 1684 ὅσα
2361 1651 2421 1694 μὲν
2439 1649 2496 1683 οὖν
2510 1650 2552 1683 τὸ
2571 1649 2651 1695 ἄψυ-

2003 1716 2064 1750 χον
2092 1704 2311 1746 ἀλλοιοῦται,
2336 1706 2396 1737 καὶ
2420 1705 2463 1738 τό
2487 1703 2648 1750 ἔμψυχον,

2002 1756 2078 1789 καθ’
2107 1756 2172 1790 ὅσα
2195 1752 2234 1790 δὲ
2260 1757 2300 1790 τό
2319 1756 2480 1802 ἔμψυχον,
2501 1757 2539 1789 οὐ
2555 1751 2670 1790 nand*

2003 1811 2123 1842 ταῦτα
2147 1809 2266 1843 πάντα
2290 1810 2333 1842 τὸ
2360 1809 2501 1854 ἄψυχον·
2529 1808 2568 1840 οὗ
2584 1806 2650 1855 γοὶρ

2006 1862 2207 1894 ἀλλοιοῦται
2235 1862 2331 1895 κατά
2359 1861 2423 1899 τοίς
2456 1859 2648 1902 αἰσθήσεις,

2003 1916 2062 1947 καὶ
2092 1915 2134 1947 τό
2164 1914 2223 1959 μὲν
2253 1913 2439 1955 λανθάνει,
2471 1913 2513 1946 τό
2545 1907 2575 1944 δ’
2611 1912 2650 1945 οὐ

2003 1967 2163 2000 λανθάνει
2188 1968 2334 2014 πάσχον.
2353 1962 2457 1999 Οὐδὲν
2474 1961 2513 1999 δὲ
2528 1964 2652 1998 κωλύει

2002 2022 2062 2052 καὶ
2087 2020 2128 2053 τό
2154 2019 2301 2065 ἔμψυχον
2333 2018 2530 2060 λανθάνειν,
2564 2017 2650 2051 ὅταν

2005 2073 2052 2117 μή
2076 2073 2174 2106 κατά
2197 2073 2259 2111 τοὶς
2290 2072 2460 2110 αἰσθήσεις
2485 2074 2650 2118 γίγνηται

2005 2127 2026 2163 ή
2055 2126 2242 2163 ἀλλοίωσις.
2272 2127 2374 2168 Εἴπερ
2408 2123 2464 2156 οὖν
2498 2123 2654 2156 &nonon-

2007 2190 2066 2211 ται
2090 2178 2132 2211 τό
2156 2177 2393 2223 ἀλλοιούμενον
2418 2177 2484 2209 ὑπό
2509 2177 2576 2210 τῶν
2602 2175 2653 2208 αὶ-

2005 2231 2150 2273 σθητῶν,
2169 2232 2202 2264 ἐν
2223 2230 2331 2264 ἅπασί
2347 2243 2385 2277 γε
2403 2230 2540 2268 τούτοις
2554 2235 2654 2273 φανί-

2005 2285 2060 2330 ρὸν
2079 2284 2132 2318 ὅτι
2154 2284 2226 2328 ἅμα
2251 2286 2325 2317 ἐστὶ
2349 2285 2393 2318 τὸ
2417 2284 2567 2329 ἔσχατον
2590 2281 2652 2316 ἀλ-

2004 2339 2117 2370 λοιοῦν
2128 2340 2186 2370 καὶ
2199 2338 2240 2370 τό
2253 2338 2385 2382 πρῶτον
2397 2335 2648 2380 ἀλλοιούμενον.

2006 2392 2053 2433 τῷ
2079 2391 2137 2435 μὲν
2163 2391 2228 2438 γάρ
2253 2390 2393 2436 συνεχής
2413 2391 2429 2423 ὁ
2449 2389 2527 2435 ἀήρ,
2553 2390 2602 2432 τῷ
2621 2385 2650 2422 δ’

2008 2443 2078 2489 ἀέρι
2103 2445 2144 2477 τό
2169 2445 2280 2488 σῶμα·
2312 2438 2484 2484 πάλινχδὲ
2516 2442 2558 2476 τὸ
2589 2442 2650 2488 μὲν

2005 2498 2122 2542 χρῶμα
2141 2498 2189 2539 τῷ
2204 2499 2302 2541 φωτί,
2316 2495 2357 2528 τό
2372 2491 2410 2528 δὲ
2420 2496 2485 2539 φῶς
2502 2495 2547 2538 τῇ
2564 2494 2648 2539 ὄψει.

2005 2553 2069 2585 Τὸν
2095 2553 2202 2586 αὐτὸν
2227 2549 2264 2586 δὲ
2289 2553 2415 2598 τρόπον
2439 2554 2498 2585 καὶ
2523 2553 2544 2590 ή
2563 2552 2650 2590 ἀκοή

2003 2609 2062 2639 καὶ
2079 2609 2099 2644 ή
2117 2607 2284 2652 ὄσφρησις·
2307 2607 2440 2650 πρῶτον
2456 2606 2521 2652 γοὶρ
2537 2605 2653 2638 κινοῦν

2005 2660 2085 2703 πρὸς
2107 2661 2148 2692 τό
2165 2658 2358 2704 κινούμενον
2378 2660 2395 2691 ὁ
2414 2658 2491 2703 ἀήρ.
2511 2659 2578 2691 Καὶ
2594 2658 2657 2691 ἰπὶ

2006 2714 2068 2751 τῆς
2091 2712 2234 2759 γεύσεως
2262 2713 2395 2757 ὁμοίως·
2423 2710 2495 2756 ἅμα
2514 2711 2580 2758 γοὶρ
2603 2711 2656 2754 τῇ

2005 2765 2118 2812 γεύσει
2144 2767 2160 2798 ὁ
2184 2765 2302 2812 χυμός.
2327 2764 2500 2803 Ὡσαύτως
2530 2760 2568 2798 δὲ
2590 2765 2658 2796 καὶ.4

2007 2820 2060 2852 ἐπὶ
2086 2820 2151 2852 τῶν
2179 2818 2314 2864 ἀψύχων
2335 2820 2393 2850 καὶ
2421 2816 2649 2854 ἀναισθήτων.

1998 2870 2093 2905 “Ωστ’
2115 2867 2212 2904 οὐδὲν
2238 2871 2337 2904 ἔσται
2354 2869 2486 2914 μεταξύ
2507 2870 2570 2903 τοῦ
2592 2869 2660 2903 ἀλ-

2003 2923 2199 2968 λοιουμένου
2231 2926 2288 2956 καὶ
2317 2923 2383 2955 τοῦ
2417 2922 2648 2960 ἀλλοιοῦντος.

2004 2972 2091 3010 Οὐδὲ
2109 2977 2174 3021 μήν
2192 2977 2255 3010 τοῦ
2281 2974 2512 3020 αὐξανομένου
2529 2987 2568 3008 τε
2591 2977 2650 3007 καὶ

2006 3029 2183 3072 αὔξοντος·
2211 3029 2349 3071 αὐξάνει
2373 3028 2438 3075 γάρ
2457 3029 2499 3061 τὸ
2517 3028 2649 3073 πρῶτον

2006 3086 2108 3129 αὖξον
2128 3086 2402 3134 προσγινόμενον,
2424 3085 2512 3119 ὥστε
2530 3086 2564 3118 ἓν
2579 3087 2652 3132 γίγ-

2005 3145 2119 3178 νεσθαι
2145 3145 2186 3177 τὸ
2211 3144 2301 3177 ὅλον.
2327 3145 2394 3176 Καὶ
2419 3143 2522 3176 πάλιν
2548 3141 2652 3188 φθίνει

2006 3196 2047 3229 τὸ
2072 3194 2182 3239 φθῖνον
2210 3193 2456 3241 ἀπογινομένου
2477 3194 2567 3232 τινός
2585 3195 2652 3228 τῶν

2006 3249 2068 3281 τοῦ
2099 3247 2284 3292 φθίνοντος.
2317 3247 2466 3293 Ἀνάγκη
2501 3245 2556 3280 οὖν
2581 3258 2654 3278 συν-

2006 3301 2080 3348 εχὲς
2112 3297 2198 3332 εἶναι
2228 3301 2287 3332 καὶ
2319 3299 2359 3332 τό
2394 3298 2497 3340 αὔξον
2527 3300 2586 3331 καὶ
2611 3298 2661 3331 τὰ

2006 3354 2130 3400 φθῖνον,
2150 3354 2217 3386 τῶν
2241 3348 2279 3385 δέ
2303 3354 2448 3399 συνεχῶν
2474 3346 2571 3385 οὐδὲν
2596 3363 2652 3395 με-

2007 3406 2107 3448 ταξύ.
2133 3406 2281 3449 Φανερόν
2303 3404 2359 3438 οὗν
2379 3405 2433 3438 ὅτι
2458 3405 2521 3438 τοῦ
2545 3415 2652 3436 κινου-

2006 3459 2106 3504 μένου
2137 3460 2195 3491 καί
2220 3459 2283 3491 τοῦ
2315 3459 2486 3495 κινοῦντος
2518 3455 2653 3501 πρώτου

2005 3513 2064 3544 καὶ
2098 3509 2248 3557 ἐσχάτου
2281 3510 2362 3555 πρός
2393 3521 2427 3543 τι
2457 3509 2650 3552 κινούμενον

2007 3559 2104 3597 οὐδέν
2130 3564 2221 3597 ἐστιν
2248 3563 2314 3596 ἀνοὶ
2337 3562 2449 3607 μέσον.

1957 706 1973 724 *
1990 706 2101 740 Ἀλλά
2123 707 2189 751 μήν
2215 703 2294 739 οὐδὲ
2318 708 2382 740 τοῦ
2409 706 2659 751 ἀλλοιουμένου.
2675 716 2684 726 ·
2699 715 2805 738 onom-

2675 747 2726 770 esp.
2740 747 2767 764 ιι.
