2898 3996
22 545 58 570 ὀί
69 546 114 568 ab.

24 729 44 746 ὗ
57 730 82 752 tn
95 735 143 752 om.
157 735 200 757 ppt
214 732 236 751 et

1084 273 1195 310 CAP.
1225 274 1296 320 XI⁷
1326 272 1470 309 LECT.
1500 274 1622 310 XVIII

272 352 464 401 temporis,
485 351 623 389 scilicet
642 352 717 388 duo
737 365 848 399 nunc,
879 364 976 400 quae
996 360 1124 388 tamen
1143 363 1222 388 non
1241 358 1327 387 sunt

270 412 397 454 partes
425 404 516 441 eius.
553 405 602 441 Et
628 417 743 452 quare
773 411 963 453 competat
990 404 1057 440 iste
1092 404 1231 441 modus
1260 415 1327 439 nu-

271 457 444 494 merandi
469 457 508 494 in
535 464 706 505 tempore
735 457 854 504 magis
881 469 998 504 quam
1022 456 1126 501 alius,
1155 467 1231 502 quo
1259 467 1328 502 per

33 520 135 543 ⁸1:5⁸2oe
148 525 244 547 orn-1²12:
270 516 453 558 punctum
473 517 720 546 numerantur
745 516 870 557 partes
897 509 1018 545 lineae
1043 510 1075 554 ξ
1103 507 1327 554 inquantum

273 569 328 598 est
343 562 572 611 principium
605 569 641 598 et
667 561 773 608 finis,
803 561 895 597 ratio
925 567 980 596 est
1006 571 1103 608 quae
1127 559 1225 596 dicta
1253 566 1325 606 est,

272 614 360 664 quia
379 614 589 651 secundum
603 615 706 651 hunc
724 613 884 650 modurn
903 612 1017 648 utitur
1035 611 1167 659 aliquis
1185 619 1326 659 puncto

270 675 313 704 ut
331 667 498 713 duobus;
524 674 559 703 et
586 666 639 703 sic
666 665 800 702 accidit
826 664 933 713 quies
960 663 1098 709 media,
1123 676 1221 711 quae
1249 676 1328 701 non

270 727 395 769 potest
414 731 495 756 esse
513 719 553 755 in
581 727 752 766 tempore
781 724 817 754 et
843 717 881 753 in
901 716 920 736 *
940 724 1059 752 motu.
1081 717 1171 752 Non
1199 724 1328 753 tamen

271 772 554 820 intelligendum
583 778 637 807 est
653 782 723 818 per
744 769 783 806 id
802 769 906 817 quod
935 768 1081 815 dicitur,
1103 769 1207 817 quod
1226 769 1327 806 idem

271 837 372 862 nunc
390 836 469 861 non
496 823 542 860 sit
567 822 793 871 principium
821 821 933 858 futuri
957 827 993 857 et
1010 821 1095 858 finis
1123 821 1326 869 praeteriti,

272 877 340 914 sed
375 875 480 924 quod
515 887 594 912 non
630 874 860 922 percipimus
901 882 1052 921 tempus
1089 874 1326 911 numerando

270 935 420 966 motum
447 939 516 977 per
542 939 664 964 unum
691 938 808 973 nunc,
838 926 905 963 sed
933 925 1053 973 magis
1079 938 1147 974 per
1171 927 1260 973 duo,
1288 934 1330 963 ut

272 981 414 1019 dictum
434 987 504 1017 est:
533 979 622 1028 quia
645 986 864 1028 sequeretur
887 979 990 1027 quod
1010 979 1048 1016 in
1067 979 1328 1015 numeratione

270 1040 398 1071 motus
424 1033 529 1070 idern
556 1042 658 1069 nunc
685 1038 897 1068 sumeretur
924 1031 992 1068 bis.

330 1098 388 1123 11.
421 1085 569 1122 Deinde
606 1096 694 1122 curn
732 1084 838 1122 dicit:
866 1085 918 1121 Et
941 1083 1064 1120 adhuc
1091 1083 1328 1132 manzfestum

271 1138 372 1188 quod
388 1138 491 1176 nulla
512 1149 607 1186 pars
628 1145 710 1184 etc.,
735 1137 899 1184 assignat
917 1136 1102 1173 rationem
1126 1136 1206 1172 eius
1225 1136 1329 1183 quod

272 1191 415 1237 dicitur,
437 1190 540 1239 quod
563 1202 665 1227 nunc
683 1202 762 1227 non
783 1197 838 1226 est
854 1201 942 1238 pars
960 1188 1154 1237 temporis.
1175 1189 1224 1224 Et
1243 1188 1330 1225 dicit

245 1288 248 1291 Γ
271 1241 513 1280 manifestum
546 1255 628 1280 esse
661 1242 767 1292 quod
797 1254 900 1280 nunc
926 1254 1005 1278 non
1034 1248 1088 1278 est
1118 1253 1206 1290 pars
1233 1248 1327 1277 tem-

270 1296 386 1346 poris,
406 1295 501 1333 sicut
519 1307 643 1344 neque
661 1295 701 1332 id
726 1307 796 1344 per
814 1294 919 1344 quod
938 1294 1171 1342 distinguitur
1188 1301 1326 1342 motus,

324 1460 350 1495 ὃ)
368 1462 437 1487 εἰοκε
454 1468 537 1494 neque
550 1461 607 1487 id...
624 1463 741 1493 estpars
759 1463 855 1486 motus.
866 1474 887 1479 —
899 1460 968 1485 sicut
981 1467 1063 1493 neque
1078 1460 1133 1484 id...
1146 1467 1198 1484 non
1212 1463 1328 1491 estpars

272 1500 359 1523 motus
368 1497 405 1522 Pb
409 1505 420 1528 5
432 1497 501 1522 sicut
513 1496 582 1521 enim
597 1495 653 1521 id...
671 1503 723 1521 non
737 1499 777 1521 est
786 1503 854 1528 pars
868 1499 955 1521 motus
968 1496 1009 1520 ed.
1021 1502 1046 1525 a,
1057 1501 1083 1520 et
1091 1495 1131 1527 pE
1145 1495 1244 1519 omisso
1259 1502 1309 1519 non
1319 1501 1329 1524 ,·

271 1539 320 1564 pro
338 1535 432 1560 motus,
444 1531 500 1557 eius
517 1531 794 1562 ACDlLNOQSTxv,
808 1531 864 1556 eius
883 1534 968 1556 motus
993 1531 1037 1555 sE.
1050 1544 1069 1550 —
1082 1530 1119 1555 Pb
1137 1534 1260 1562 pergunt:
1278 1530 1327 1554 sci-

271 1567 333 1592 licet
345 1567 435 1600 aliqua
444 1566 538 1592 alvisio
552 1566 659 1600 signata
675 1567 701 1591 in
714 1566 810 1596 mobili,
822 1566 868 1591 sed
878 1566 909 1591 cf.
923 1574 996 1591 num.
1006 1574 1022 1600 9
1036 1565 1062 1590 in
1075 1564 1126 1590 fine
1133 1573 1140 1596 ;
1155 1572 1202 1597 pro
1211 1565 1327 1598 signata,

264 1601 390 1636 figurata
407 1602 472 1636 pEG
490 1606 516 1627 et
533 1609 558 1630 a,
577 1601 715 1635 assignata
733 1601 818 1632 BOT,
838 1602 878 1633 pH
889 1609 940 1626 ras.

2362 286 2434 324 207

1383 358 1437 387 est
1454 363 1540 398 pars
1569 359 1694 388 motus
1723 349 1746 398 δ,
1768 351 1906 388 scilieet
1930 351 2053 400 aliqua
2079 351 2271 399 dispositio
2292 351 2434 399 signata

1381 402 1420 439 in
1441 403 1588 448 mobili3
1618 404 1712 440 sicut
1740 404 1851 440 etiam
1881 416 1950 440 nec
1968 411 2107 452 puncta
2136 412 2221 440 sunt
2247 412 2372 452 partes
2395 404 2435 440 li-

1382 467 1487 491 neae.
1517 456 1625 492 Duae
1645 456 1747 492 enim
1775 456 1894 492 lineae
1922 464 2007 492 sunt
2025 463 2150 504 partes
2173 456 2284 493 unius
2303 457 2434 494 lineae.

1435 507 1647 544 Manifestat
1679 516 1806 545 autem
1833 509 2079 557 proprietates
2107 509 2222 557 ipsius
2254 509 2435 557 temporis

1383 570 1427 595 ex
1446 567 1552 596 motu
1573 567 1608 596 et
1632 560 1744 596 linea:
1767 561 1863 608 quia,
1894 561 1988 597 sicut
2015 561 2156 599 dictum
2186 569 2240 598 est
2267 574 2382 610 supra
2402 563 2433 608 ²⁸²,

1382 619 1508 647 motus
1542 620 1597 648 est
1629 613 1827 649 continuus
1858 621 2013 662 propter
2045 613 2364 662 magnitudinem,
2400 621 2435 651 et

1382 671 1531 712 tempus
1549 673 1703 713 propter
1722 673 1880 702 motum.

1436 717 1635 754 Concludit
1663 729 1751 764 ergo
1780 718 1958 765 finaliter,
1979 718 2083 766 quod
2111 718 2235 766 ipsum
2259 732 2360 756 nunc
2379 731 2436 755 se-

1365 765 1549 805 'cundum
1569 770 1672 818 quod
1693 777 1746 806 est
1772 770 1953 807 terminus
1979 770 2145 818 quidam,
2166 783 2244 807 non
2270 780 2324 808 est
2341 779 2435 808 tem-

1381 833 1464 869 pus,
1486 822 1553 858 sed
1572 822 1706 859 accidit
1724 823 1885 870 tempori
1903 828 1926 869 ⁸,
1947 830 1987 859 ut
2009 823 2190 859 terminus
2213 824 2434 860 terminato:

1382 874 1450 910 sed
1486 875 1696 911 seeundum
1733 875 1838 923 quod
1869 882 2020 923 tempus
2046 876 2108 911 vel
2135 888 2236 912 nunc
2263 884 2437 913 numerat

1383 926 1465 972 alia,
1495 926 1547 962 sic
1576 926 1687 963 etiam
1715 939 1817 963 nunc
1845 935 1899 964 est
1926 939 2107 964 numerus
2136 928 2295 964 aliorum
2320 940 2435 976 quam

1382 978 1575 1026 temporis.
1605 980 1654 1015 Et
1681 979 1791 1015 huius
1819 980 1912 1016 ratio
1942 988 2006 1026 est,
2037 980 2126 1028 quia
2152 981 2334 1017 terminus
2358 993 2435 1018 non

1384 1037 1439 1066 est
1466 1030 1535 1066 nisi
1571 1030 1649 1067 eius
1687 1031 1790 1067 cuius
1825 1039 1879 1068 est
1915 1032 2118 1079 terminus;
2159 1033 2226 1069 sed
2254 1045 2435 1070 numerus

1382 1089 1506 1131 potest
1542 1095 1622 1119 esse
1660 1083 1917 1130 diversorum,
1956 1084 2050 1121 sicut
2085 1097 2265 1122 numerus
2302 1085 2435 1122 decem

1384 1147 1571 1183 equorum
1599 1147 1778 1172 numerus
1799 1143 1854 1172 est
1867 1136 1881 1162 ς
1901 1145 1935 1173 et
1955 1137 2110 1173 aliarum
2131 1150 2268 1175 rerum.
2291 1138 2352 1175 Sic
2371 1138 2434 1185 igi-

1367 1195 1442 1225 stur
1468 1199 1570 1224 nune
1607 1195 1662 1224 est
1688 1188 1869 1224 terminus
1906 1189 2020 1225 solius
2047 1191 2250 1238 temporis,
2287 1190 2354 1227 sed
2382 1197 2437 1227 est

1382 1252 1563 1277 numerus
1590 1240 1768 1291 ¹omniurn
1805 1241 2002 1278 mobilium
2035 1254 2131 1289 quae
2168 1251 2370 1280 moventur
2398 1243 2436 1279 in

1381 1301 1565 1341 tempore.

1381 1462 1483 1491 tempus
1501 1459 1542 1484 vel
1560 1466 1629 1484 nunc
1648 1462 1776 1488 numerat,
1796 1466 1843 1491 pro
1862 1458 1902 1483 vel
1920 1465 1995 1487 nunc,
2009 1458 2079 1490 quod
2097 1466 2150 1483 om.
2171 1457 2199 1487 P,
2221 1461 2247 1483 et
2265 1465 2333 1483 nunc
2351 1459 2391 1483 ed.
2411 1459 2436 1489 b,

1382 1501 1432 1519 non
1453 1494 1494 1519 ed.
1507 1499 1539 1519 a:

1433 1528 1459 1563 ζ)
1481 1536 1605 1554 numerus
1623 1529 1711 1553 decem
1735 1535 1860 1561 equorum
1886 1535 2009 1553 numerus
2032 1531 2079 1553 est.
2093 1528 2175 1552 -Pro
2200 1528 2280 1552 altero
2298 1535 2435 1558 numerus,

1381 1565 1418 1589 sic
1437 1571 1560 1589 numerus
1578 1564 1642 1596 pEG
1661 1568 1686 1588 et
1703 1571 1720 1587 a
1726 1571 1735 1592 ,·
1752 1571 1806 1588 om.
1820 1569 1866 1588 cet.
1887 1571 1941 1588 exc.
1963 1563 2031 1588 FsG.
2045 1576 2063 1582 —·
2078 1564 2127 1588 Pro
2147 1570 2216 1588 nunc
2233 1566 2273 1588 est
2291 1563 2435 1595 terminus,

1382 1607 1432 1624 non
1452 1603 1491 1624 est
1509 1599 1637 1624 terminus
1655 1598 1764 1631 pACEH
1779 1604 1804 1623 et
1822 1606 1930 1628 a,·nunc
1944 1605 1995 1623 non
2014 1601 2054 1623 est
2071 1598 2198 1624 terminus
2211 1598 2239 1628 P,
2254 1598 2359 1623 omnino
2374 1606 2435 1623 con-

324 1635 348 1671 e)
367 1637 414 1663 sed
430 1637 528 1663 accidit
546 1637 668 1669 tempori.
681 1649 700 1656 -
712 1637 760 1662 sed
773 1636 871 1662 accidit
890 1636 940 1668 ipsi
958 1636 1045 1669 PpEH
1060 1641 1085 1661 et
1098 1635 1146 1660 ab.
1158 1649 1176 1654 -
1189 1635 1237 1665 Ibi,
1257 1635 1328 1667 quod
1381 1639 1420 1660 tra
1437 1639 1552 1659 mentem
1570 1642 1592 1659 s.
1606 1634 1732 1658 'rhomae-

2462 563 2473 574 ⁸
2487 563 2557 585 Num.
2570 570 2596 590 4,
