2982 4022
2 1633 14 1658 *Α
0 1603 14 1629 ’ςι
0 1491 16 1598 „rr-fratr
0 1427 14 1487 'aja-⁴·

8 2961 10 2963 μ
40 2931 54 2950 “’
65 2938 204 2961 determinat
213 2945 249 2961 aci

6 2986 11 2993 ἱ
40 2971 155 2991 nonu-vx.

40 3042 52 3053 ⁴
69 3043 166 3065 sesenna
182 3046 250 3064 natu-

40 3068 249 3091 rauseis-eadelm.

39 3095 51 3105 ⁶
64 3094 127 3117 Lect-
141 3101 189 3123 seq.

40 3242 250 3298 Laesa...

41 3294 87 3316 stio
100 3301 122 3316 P.

41 3320 53 3331 ¹⁵
66 3320 135 3343 Num.
150 3327 169 3349 3.

1141 275 1250 311 CAP.
1282 276 1329 321 11,
1360 275 1508 311 LECT.
1540 276 1588 310 111

1040 479 1338 534 LECTIO
1377 480 1691 536 TERTIA

461 631 502 661 IN
526 630 618 668 QUO
641 629 882 660 DIFFERANT
905 627 1110 658 PHYSICUS
1133 629 1190 658 ET
1213 629 1560 661 MATHEMATICUS
1584 631 1639 661 DE
1663 632 1811 662 EADEM
1836 633 1890 668 RE
1914 633 2268 665 CONSIDERANTES

282 749 377 782 Ἐπεὶ
407 745 444 782 δέ
471 745 642 794 διώρισται
679 750 836 790 ποσαχῶς
868 748 888 783 ή
921 746 1012 791 φύσις
1047 746 1210 792 λέγεται,
1246 748 1336 791 μετοί

353 795 458 826 τοῦτο
483 791 666 836 θεωρητέον
691 794 756 823 τίνι
783 791 930 836 διαφέρει
963 792 978 823 ὀ
1007 790 1243 835 μαθηματικὸς
1274 794 1334 824 τοῦ

352 837 499 880 φυσικοῦ·
750 855 753 857 -

285 882 341 912 καὶ
361 880 424 926 γσὶρ
441 873 588 911 ἐπίπεδα
605 880 661 909 καὶ
679 881 800 923 στερεοὶ
825 880 894 924 ἔχει
911 879 959 911 τοὶ
975 878 1096 922 φυσικοὶ
1112 878 1260 922 σώματα
1277 881 1334 910 καὶ

349 922 438 967 μήκη
463 925 521 954 καὶ
545 921 708 967 στιγμάς,
735 927 807 968 περὶ
834 925 877 955 ὠν
895 927 1015 955 σκοπεῖ
1031 923 1046 954 ὁ
1064 922 1314 965 μαθηματικός.

278 967 353 998 Ἔτι
377 968 405 998 εἰ
429 967 449 1003 ή
477 965 682 1020 ἀστρολογία
708 968 808 1011 ἑτέρα
825 967 845 1004 ἦ
863 967 959 1010 μέρος
978 967 1039 1004 τῆς
1057 968 1207 1009 φυσικῆς·
1226 967 1253 997 εἰ
1270 966 1334 1011 γοὶρ

351 1012 412 1042 τοῦ
436 1011 572 1054 φυσικοῦ
598 1022 638 1042 το
663 1013 696 1042 τί
718 1010 807 1044 ἐστιν
826 1011 917 1048 ἥλιος
936 1009 956 1047 ἦ
974 1009 1095 1046 σελήνη
1113 1006 1248 1050 εἰδέναι,
1269 1013 1333 1043 τῶν

347 1050 384 1085 δὲ
409 1053 668 1098 συμβεβηκότων
693 1054 769 1087 καθ’
793 1054 886 1088 αὐτοὶ
909 1049 1026 1097 μηδέν,
1055 1053 1198 1094 ἄτοπον,
1227 1054 1333 1092 ἄλλως

349 1110 386 1130 τε
410 1101 467 1130 καὶ
494 1097 547 1130 ὅτι
572 1101 751 1142 φαίνονται
781 1099 939 1145 λέγοντες
966 1100 994 1129 οἱ
1020 1099 1091 1141 περὶ
1121 1097 1244 1141 φύσεως
1276 1102 1332 1130 καὶ

349 1145 420 1185 περὶ
445 1143 623 1187 σχήματος
639 1143 779 1180 σελήνης
799 1145 857 1176 καὶ
875 1144 983 1182 η’λίου,
1000 1144 1057 1173 καὶ
1077 1141 1218 1185 πότερον
1237 1153 1332 1185 σφαι-

349 1182 477 1229 ροειδής
503 1187 524 1222 ἡ
548 1186 593 1231 γῆ
618 1188 675 1217 καὶ
701 1188 717 1218 ό
741 1186 864 1231 κόσμος
889 1186 910 1223 ἦ
935 1186 985 1218 οὔ.

281 1230 354 1274 Περὶ
379 1230 510 1262 τούτων
535 1230 592 1273 μὲν
619 1228 674 1262 οὖν
701 1231 986 1277 πραγματεύεται
1014 1231 1071 1260 καὶ
1098 1229 1113 1259 ὁ
1139 1229 1334 1273 μαθηματι-

347 1273 424 1314 κός,
453 1272 523 1306 ἀλλ’
553 1271 615 1318 οὐχ
641 1273 661 1316 ’ᾔ
686 1276 822 1318 φυσικοῦ
853 1275 1011 1318 σώματος
1038 1271 1141 1316 πέρας
1174 1272 1330 1306 ἕκαστον·

349 1313 427 1349 οὐδὲ
451 1318 497 1350 τά
522 1318 760 1361 συμβεβηκότα
784 1318 898 1364 Θεωρεῖ
921 1316 1136 1362 ῄγτοιούτοις
1164 1316 1235 1349 οὖσι
1253 1330 1333 1360 συμ-

348 1360 484 1401 βέβηκε.
839 1386 846 1390 .

281 1405 337 1437 Διό
360 1408 417 1436 καὶ
442 1405 586 1449 χωρίζει·
612 1405 764 1449 χωρισταὶ
787 1406 851 1451 γοὶρ
868 1407 913 1447 τῇ
931 1404 1043 1440 νοήσει
1066 1403 1224 1442 κινήσεώς
1243 1403 1329 1445 ἐστι,

345 1451 404 1480 καὶ
430 1445 524 1481 οὐδὲν
549 1444 710 1493 διαφέρει,
730 1444 807 1482 οὐδὲ
824 1453 956 1495 γίνεται
974 1444 1090 1492 ψεῦδος
1132 1448 1328 1491 ωριζόντων.

281 1492 491 1526 Λανθοίνουσι
515 1488 552 1523 δέ
574 1493 678 1524 τοῦτο
704 1494 878 1531 ποιοῦντες
902 1495 958 1524 καὶ
981 1495 1009 1524 οἱ
1027 1493 1090 1529 τοὶς
1107 1459 1199 1530 ὶγὲέας
1217 1492 1330 1538 λέγον-

348 1548 415 1573 τες·
442 1538 489 1570 τοὶ
512 1537 576 1581 γοὶρ
600 1537 722 1579 φυσικοὶ
738 1538 931 1582 χωρίζουσιν
954 1536 1060 1573 ἦττον
1080 1536 1163 1570 ὄντα
1180 1537 1332 1581 χωρισταὶ

347 1581 413 1611 τῶν
437 1579 693 1624 μαθηματικῶν.

279 1626 431 1670 Γίγνοιτο
456 1620 486 1655 δ’
516 1623 554 1655 ἂν
580 1624 685 1655 τοῦτο
710 1619 832 1661 δῆλον,
858 1625 887 1655 εἴ
911 1635 961 1660 τις
986 1622 1154 1667 ἑκατέρων
1186 1623 1329 1666 πειρῷτο

343 1667 452 1712 λέγειν
478 1667 558 1703 τούς
584 1666 695 1711 ὅρους,
721 1669 779 1698 καὶ
804 1665 916 1699 αὐτῶν
944 1669 1001 1698 καὶ
1027 1668 1093 1699 τῶν
1125 1666 1332 1710 συμβεβηκό-

346 1723 426 1742 των·
453 1711 494 1743 τό
519 1711 577 1753 μὲν
601 1711 665 1756 γοίρ
691 1712 851 1753 περιττὸν
877 1711 974 1743 ἐ’σται
998 1713 1055 1742 καὶ
1081 1710 1122 1743 τὸ
1142 1711 1255 1753 ἄρτιον
1272 1712 1328 1741 καὶ

346 1755 386 1786 τό
404 1753 481 1787 εὐθύ
497 1758 554 1786 καὶ
571 1756 612 1787 τό
628 1755 819 1798 καμπύλον,
839 1756 890 1787 ἔτι
906 1750 944 1787 δέ
964 1754 1097 1799 ἀριθμὸς
1114 1757 1171 1786 καὶ
1189 1754 1328 1799 γραμμή

343 1801 400 1830 καὶ
425 1799 543 1844 σχῆμα
569 1797 645 1830 ἄνευ
669 1799 846 1840 κινήσεως,
871 1798 954 1841 σοίρξ
979 1796 1015 1831 δὲ
1039 1801 1096 1831 καὶ
1123 1799 1244 1830 ὀστοῦν
1271 1800 1327 1828 καὶ

345 1841 514 1887 ἄνθρωπος
539 1843 666 1884 οὐκέτι,
687 1841 776 1875 ἀλλὰ
799 1843 916 1876 ταῦτα
939 1843 1047 1888 ὥσπερ
1071 1844 1117 1887 ῥὶς
1140 1842 1234 1885 σιμή,
1256 1839 1325 1873 ἀλλ’

346 1886 408 1931 οὐχ
431 1888 472 1924 ὡς
497 1886 536 1918 τὸ
560 1887 738 1930 καμπύλον
762 1887 914 1932 λέγεται.

278 1930 380 1967 Δηλοΐ
412 1926 450 1962 δὲ
481 1932 539 1961 καὶ
573 1932 620 1963 τοὶ
648 1931 856 1974 φυσικώτερα
891 1932 958 1962 τῶν
996 1929 1227 1975 μαθημάτων,
1261 1929 1328 1960 οἷον

344 1973 469 2011 ὀπτικὴ
489 1975 547 2005 καὶ
574 1976 736 2019 ἁρμονική
757 1977 815 2007 καὶ
840 1975 1059 2021 ἀστρολογία·
1079 1973 1248 2006 ἀνάπαλιν
1265 1973 1329 2018 γάρ

343 2018 468 2062 τρόπον
494 2016 555 2050 τιν’
576 2021 689 2064 ἔχουσι
707 2021 753 2061 τῇ
773 2022 974 2064 γεωμετρία.
1008 2017 1093 2049 Ἀλλ’
1114 2019 1134 2055 ἡ
1165 2018 1222 2060 μὲν
1248 2028 1330 2061 γεω-

342 2066 463 2106 μετρία
492 2065 564 2094 πεὶ
595 2064 751 2108 γραμμῆς
784 2064 920 2137 φυσικῆς
951 2067 1088 2102 σκοπεῖ,
1117 2062 1184 2094 ἀλλ’
1214 2060 1276 2104 οὐχ
1309 2060 1329 2102 ᾖ

343 2105 476 2148 φυσική·
495 2107 515 2142 ή
555 2107 562 2117 ’
585 2107 709 2143 ὀπτικὴ
734 2118 782 2150 μα
802 2107 974 2151 ηματικήν
991 2106 1049 2149 μὲν
1067 2105 1238 2152 γραμμήν,
1258 2105 1326 2138 ἀλλ’

344 2150 408 2194 οὐχ
433 2149 452 2191 ᾗ
477 2150 714 2194 μαθηματική,
743 2151 815 2182 ἀλλ’
841 2150 862 2192 ᾗ
888 2149 1019 2194 φυσική.

287 2311 291 2314 -
331 2296 478 2323 SYNOPsts.
504 2311 538 2316 —-
566 2305 589 2323 ι.
605 2297 812 2332 Argumentum
837 2301 865 2323 et
887 2295 988 2323 divisio
1009 2301 1108 2323 textus.
1124 2312 1143 2316 —
1158 2302 1183 2323 2.
1206 2296 1246 2322 Ex
1258 2295 1329 2322 dua-

278 2336 332 2363 bus
353 2334 444 2362 causis
471 2334 582 2362 videtur
609 2334 726 2370 physica
753 2344 813 2362 non
841 2335 964 2362 totaliter
987 2334 1099 2362 differre
1127 2344 1144 2362 a
1171 2335 1329 2362 mathema—

277 2373 342 2402 tica.
370 2390 389 2394 -
416 2373 441 2401 3.
472 2374 578 2401 'sextus
609 2373 775 2401 subdivisio.
797 2390 815 2395 -
835 2383 864 2408 4.
894 2374 1111 2401 Mathematicus
1140 2380 1168 2401 et
1195 2373 1328 2410 physicus

277 2412 426 2446 differunt,
458 2412 525 2448 quia
545 2421 605 2440 non
626 2412 808 2440 considerant
836 2413 911 2440 idem
940 2413 1043 2440 eodem
1071 2414 1180 2447 modo,
1209 2413 1258 2440 sed
1286 2421 1329 2440 se-

220 2475 223 2478 .
277 2452 403 2479 cundum
433 2451 556 2479 diversas
583 2451 834 2480 considerationes.
856 2468 874 2472 —
902 2452 927 2479 5.
947 2451 1148 2479 Corollarium.
1171 2453 1329 2480 Mathema-

276 2490 348 2519 ticus
378 2490 480 2518 dicitur
515 2491 676 2519 abstrahere
711 2500 728 2519 a
761 2490 879 2518 materia
907 2491 1032 2518 sensibili
1069 2497 1096 2518 et
1130 2491 1277 2526 naturali,
1312 2501 1330 2519 a

276 2539 334 2566 qua
354 2539 414 2558 non
439 2530 576 2558 abstrahit
603 2529 745 2566 physicus.
778 2530 855 2565 Quid
882 2530 917 2558 sit
944 2531 1107 2558 abstrahere
1134 2530 1292 2558 universale
1313 2540 1330 2558 a

276 2569 455 2604 particulari:
484 2569 553 2605 quid
581 2569 752 2606 quantitates
773 2575 800 2597 et
821 2578 893 2605 quae
921 2570 961 2597 eis
982 2569 1132 2604 accidunt,
1160 2578 1177 2597 a
1199 2576 1280 2597 motu
1302 2576 1330 2597 et

276 2617 294 2635 a
316 2607 434 2636 materia
454 2608 590 2636 sensibili.
618 2608 785 2645 Applicatur
807 2609 863 2636 hoc
890 2609 927 2636 ad
948 2609 1156 2645 quaestionem.
1179 2625 1199 2629 -
1226 2610 1254 2636 6.
1277 2610 1328 2636 Er-

407 2747 458 2771 ³2.-
495 2752 501 2761 ,
538 2725 712 2767 ostquam
746 2718 999 2766 Philosophus
1037 2719 1199 2755 ostendit
1235 2718 1326 2766 quid

391 2759 464 2819 ᾖ)
479 2770 523 2832 4³³³
538 2770 583 2807 sit
610 2778 741 2806 natura
769 2777 805 2806 et
833 2779 925 2818 quot
949 2770 1073 2807 modis
1103 2771 1246 2817 dicitur,
1266 2771 1327 2807 hic

413 2826 430 2832 ''
510 2830 811 2871 consequenter
852 2823 1008 2859 intendit
1045 2823 1241 2859 ostendere
1279 2824 1326 2860 de

496 2867 519 2897 ¹²¹
539 2875 675 2923 quibus
712 2875 922 2921 considerat
959 2875 1111 2911 scientia
1139 2875 1325 2912 naturalis.

277 2927 325 2963 Et
353 2926 529 2963 dividitur
556 2927 594 2963 in
622 2934 745 2975 partes
774 2927 886 2964 duas:
916 2928 953 2964 in
981 2928 1104 2976 prima
1127 2928 1289 2964 ostendit
1308 2930 1327 2948 ’⁵

277 2979 474 3028 quomodo
495 2979 641 3016 differat
660 2980 834 3016 naturalis
854 2992 875 3016 a
904 2980 1192 3025 mathematico;
1213 2981 1250 3017 in
1271 2993 1326 3017 se-

278 3032 400 3068 cunda
427 3032 590 3069 ostendit
608 3032 657 3068 ad
676 3045 773 3080 quae
792 3044 832 3068 se
852 3033 1025 3069 extendat
1041 3033 1060 3054 ³³
1079 3033 1327 3070 consideratio

277 3083 450 3120 scientiae
467 3084 654 3130 naturalis,
668 3085 730 3121 ibi:
746 3085 930 3126 Quoniam
945 3091 1068 3121 autem
1083 3087 1247 3122 natura*
1259 3093 1326 3122 etc.

279 3135 387 3172 Circa
414 3136 580 3184 primurn
608 3137 677 3173 tria
705 3137 805 3173 facit:
834 3137 958 3186 primo
985 3145 1115 3174 movet
1142 3138 1328 3186 quaestio—

278 3200 384 3232 nem;
405 3189 571 3225 secundo
591 3189 696 3237 ponit
715 3190 877 3226 rationes
896 3190 944 3226 ad
959 3190 1220 3238 quaestionem
1230 3197 1244 3236 ,“
1259 3190 1327 3227 ibi:

277 3240 424 3276 Etenim
446 3239 599 3288 plana*
622 3248 708 3286 etc.;
737 3241 845 3278 tertio
870 3242 980 3278 solvit
998 3242 1259 3290 quaestionem
1273 3243 1327 3289 *⁹¹⁶³

277 3292 349 3328 ibi:
378 3293 438 3328 De
470 3293 525 3328 his
558 3293 673 3342 igitur
709 3294 921 3343 negotiatur
953 3295 973 3314 *
1002 3302 1069 3331 etc.
1109 3294 1208 3331 Dicit
1241 3307 1328 3343 ergo

277 3345 402 3394 primo
441 3345 543 3393 quod
579 3353 781 3393 postquam
820 3346 1108 3382 determinatum
1147 3354 1201 3382 est
1237 3355 1331 3395 quot

279 3397 404 3433 modis
432 3404 563 3433 natura
591 3396 739 3443 dicitur,
770 3397 1084 3434 considerandum
1107 3406 1160 3434 est
1188 3399 1226 3434 in
1253 3411 1329 3446 quo

279 3449 426 3486 differat
454 3449 739 3485 mathematicus
768 3461 790 3485 a
817 3449 973 3485 naturali
1001 3450 1241 3497 philosopho.

333 3514 367 3539 2.
389 3501 536 3538 Deinde
566 3514 652 3537 cum
681 3501 787 3538 dicit:
815 3502 962 3538 Etenim
984 3502 1103 3549 plana
1124 3510 1205 3545 etc„
1225 3502 1331 3550 ponit

279 3554 441 3591 rationes
465 3554 513 3590 ad
533 3554 802 3601 quaestionem.
821 3554 993 3600 Quarum
1013 3554 1134 3602 prima
1157 3554 1236 3591 talis
1266 3562 1330 3591 est.

283 2731 312 2755 l.
339 2734 368 2776 «ἃ,
395 2740 411 2768 3,

418 2741 450 2756 ,ΓΔ
465 2731 484 2743 “““
504 2741 509 2749 ι

414 2778 435 2793 ,9,

1389 751 1406 770 *
1421 752 1581 789 Quoniam
1605 759 1711 783 autern
1735 754 1976 785 determinatum
1993 762 2038 785 est
2059 762 2139 795 quot
2154 756 2257 786 modis
2274 763 2382 787 natura
2399 757 2443 786 di-

1456 796 1550 834 citur,
1575 804 1648 836 post
1678 797 1738 827 hoc
1762 799 1988 837 speculandum
2021 806 2066 829 est
2093 809 2158 839 quo
2183 799 2301 830 differat
2324 801 2443 830 mathe-

1455 840 1587 870 maticus
1611 851 1628 870 a
1652 841 1792 881 physico.

1389 883 1514 913 Etenim
1534 884 1626 923 plana
1650 891 1680 914 et
1698 884 1787 914 firma
1810 885 1924 915 habent
1943 885 2071 925 physica
2100 896 2242 926 corpora,
2261 894 2290 916 et
2306 886 2441 927 longitu-

1456 927 1542 957 dines
1562 934 1592 958 et
1607 935 1733 967 puncta,
1758 929 1796 958 de
1816 929 1930 969 quibus
1953 929 2086 959 intendit
2109 930 2356 960 mathematicus.

1389 968 1404 984 *
1420 971 1577 1009 Amplius,
1602 972 1769 1010 astrologia
1791 980 1844 1002 aut
1867 973 1960 1002 altera
1984 979 2029 1002 est
2048 980 2102 1003 aut
2130 983 2200 1013 pars
2224 974 2380 1014 physicae.
2410 975 2442 1004 Si
2470 984 2479 993 ⁸

1455 1014 1540 1043 enim
1563 1013 1683 1054 physici
1707 1022 1753 1045 est
1775 1016 1852 1055 quid
1875 1016 1913 1046 sit
1936 1016 1984 1045 sol
2008 1023 2062 1046 aut
2084 1017 2160 1046 luna
2183 1017 2276 1054 scire,
2301 1017 2442 1047 acciden-

1454 1057 1535 1087 tium
1558 1065 1663 1088 autem
1680 1068 1759 1098 quae
1776 1066 1849 1089 sunt
1868 1069 1922 1098 per
1941 1070 1973 1089 se
1992 1059 2126 1098 nullum,
2143 1061 2366 1091 inconveniens
2386 1069 2440 1092 est.

1453 1101 1495 1131 Et
1517 1101 1603 1132 aliter
1629 1101 1782 1141 quoniam
1810 1102 1954 1132 videntur
1977 1103 2014 1132 de
2039 1110 2148 1134 natura
2172 1104 2325 1141 dicentes,
2351 1111 2381 1134 et
2404 1106 2442 1135 de

1454 1143 1552 1184 figura
1583 1145 1657 1175 solis
1681 1152 1711 1175 et
1734 1145 1845 1183 lunae,
1875 1153 1904 1176 et
1933 1153 2039 1176 utrum
2063 1147 2221 1187 sphaerica
2249 1148 2287 1178 sit
2310 1155 2388 1178 terra
2412 1156 2443 1179 et

1454 1189 1593 1218 mundus
1617 1196 1670 1219 aut
1694 1199 1769 1219 non.

1387 1230 1402 1246 *
1416 1232 1463 1262 De
1478 1232 1525 1262 his
1541 1232 1670 1272 quidem
1686 1233 1780 1272 igitur
1795 1233 1970 1272 negotiatur
1991 1241 2020 1264 et
2036 1234 2284 1272 mathematicus,
2305 1236 2359 1265 sed
2376 1246 2441 1266 non

1454 1276 1643 1316 inquantum
1666 1276 1786 1316 physici
1815 1277 1953 1316 corporis
1984 1278 2135 1308 terminus
2164 1285 2209 1308 est
2237 1280 2440 1319 unumquod-

1453 1327 1534 1360 que:
1559 1330 1661 1360 neque
1699 1320 1867 1350 accidentia
1905 1321 2083 1359 speculatur
2112 1322 2300 1362 inquantum
2328 1323 2441 1353 talibus

1453 1364 1653 1394 existentibus
1676 1363 1830 1394 accidunt.

1387 1407 1476 1438 Unde
1501 1415 1530 1438 et
1549 1407 1705 1438 abstrahit.
1730 1407 1891 1437 Abstracta
1915 1407 1998 1437 enim
2023 1415 2095 1439 sunt
2118 1409 2275 1439 intellectu
2301 1419 2318 1438 a
2337 1416 2438 1440 motu:

1452 1459 1482 1482 et
1505 1451 1582 1481 nihil
1601 1451 1717 1488 differt,
1741 1460 1843 1490 neque
1867 1450 1901 1481 fit
1924 1452 2124 1482 mendacium
2148 1452 2403 1483 abstrahentiam.

1385 1492 1399 1508 *
1416 1496 1504 1525 Latet
1527 1502 1633 1525 autem
1650 1495 1710 1524 hoc
1727 1494 1872 1524 facientes
1893 1500 1922 1524 et
1941 1494 2024 1525 ideas
2044 1496 2189 1526 dicentes.
2203 1495 2334 1536 Physica
2355 1497 2439 1526 enim

1452 1539 1649 1576 abstrahunt,
1675 1548 1748 1568 cum
1766 1538 1871 1568 minus
1895 1537 1956 1568 sirit
1979 1539 2130 1570 abstracta
2153 1540 2388 1570 mathematicis.

1385 1626 1453 1656 Fiet
1476 1632 1580 1656 autem
1602 1625 1711 1665 utique
1734 1625 1794 1655 hoc
1822 1624 2023 1655 manifestum
2047 1626 2071 1655 si
2096 1627 2208 1666 aliquis
2232 1633 2438 1668 utrorumque

1451 1669 1612 1699 tentaverit
1640 1669 1739 1699 dicere
1762 1669 1924 1706 terminos,
1949 1676 1978 1699 et
2000 1669 2142 1709 ipsorum
2166 1677 2196 1700 et
2219 1670 2437 1701 accidentium.

1451 1713 1554 1752 Impar
1572 1713 1701 1752 quidem
1717 1711 1800 1742 enim
1818 1718 1847 1742 et
1862 1722 1927 1751 par,
1945 1720 1974 1742 et
1989 1720 2108 1743 rectum
2128 1720 2158 1743 et
2174 1724 2316 1751 curvum,
2336 1714 2439 1744 adhuc

1451 1763 1555 1786 autem
1573 1765 1722 1785 numerus
1739 1762 1768 1785 et
1781 1755 1862 1785 linea
1878 1762 1907 1785 et
1922 1755 2019 1795 figura
2036 1757 2100 1786 sine
2118 1765 2226 1788 motu?
2244 1767 2315 1787 caro
2333 1765 2438 1788 autem

1451 1806 1480 1829 et
1496 1810 1532 1829 os
1551 1806 1581 1829 et
1604 1799 1702 1828 homo
1727 1809 1791 1828 non
1815 1799 1935 1836 adhuc;
1960 1801 2012 1829 sed
2036 1799 2111 1830 haec
2135 1801 2214 1831 sicut
2237 1801 2318 1830 naris
2342 1801 2437 1839 sima,

1450 1843 1504 1873 sed
1528 1853 1592 1873 non
1616 1842 1695 1872 sicut
1719 1852 1850 1872 curvum
1873 1842 2027 1873 dicuntur.

1384 1929 1398 1945 *
1416 1931 1638 1961 Demonstrant
1660 1936 1766 1960 autem
1782 1937 1811 1960 et
1826 1940 1906 1970 quae
1930 1930 2028 1969 magis
2052 1931 2180 1971 physica
2201 1940 2297 1971 quam
2321 1931 2438 1961 mathe-

1451 1974 1579 2010 matica,
1604 1981 1639 2004 ut
1668 1973 1859 2013 perspectiva
1889 1981 1918 2003 et
1942 1973 2123 2005 harmonica
2151 1982 2181 2005 et
2210 1974 2377 2014 astrologia
2389 1983 2403 2005 ζ.
2422 1985 2438 2005 e

1452 2018 1606 2048 contrario
1632 2017 1716 2048 enim
1731 2018 1972 2057 quodammodo
1988 2028 2019 2047 se
2035 2018 2148 2048 habent
2167 2019 2205 2047 ad
2221 2018 2436 2057 geometriam.

1452 2062 1631 2092 Geometria
1654 2061 1783 2101 quidem
1803 2061 1887 2091 enim
1907 2061 2068 2102 physicam
2084 2062 2216 2092 intendit
2233 2062 2359 2100 lineam,
2384 2063 2438 2092 sed

1451 2116 1516 2136 non
1540 2106 1729 2147 inquantum
1760 2112 1805 2135 est
1832 2105 1977 2146 physica:
2007 2106 2060 2135 sed
2091 2105 2282 2145 perspectiva
2309 2106 2438 2145 quidem

1451 2149 1704 2180 mathematicam
1727 2148 1858 2186 lineam,
1887 2149 1941 2178 sed
1965 2158 2029 2178 non
2053 2149 2242 2189 inquantum
2265 2149 2437 2179 mathema-

1451 2193 1526 2232 tica,
1550 2193 1604 2223 sed
1626 2192 1814 2233 inquantum
1834 2200 1879 2223 est
1903 2192 2041 2233 physica.

1383 2304 1432 2322 ror
1455 2294 1581 2322 Platonis
1608 2295 1638 2322 in
1665 2295 1721 2322 hoc
1749 2294 1818 2322 situs
1847 2301 1906 2322 erat
1935 2296 2014 2331 quod
2043 2295 2141 2323 omnia
2169 2293 2310 2323 abstracta
2338 2305 2437 2324 secun-

1383 2335 1451 2361 dum
1468 2334 1650 2368 intellectum,
1672 2342 1732 2361 non
1753 2334 1848 2361 solum
1871 2334 2084 2369 mathematica,
2106 2334 2135 2362 in
2150 2344 2273 2371 quorum
2295 2335 2438 2363 intellectu

1383 2373 1499 2401 materia
1520 2373 1661 2400 sensibilis
1682 2382 1742 2401 non
1765 2373 1933 2407 includitur,
1956 2374 2005 2401 sed
2029 2380 2056 2401 et
2081 2374 2236 2408 naturalia,
2265 2375 2361 2410 posuit
2388 2376 2437 2402 ab·

1382 2419 1485 2440 stracta
1499 2413 1654 2440 secundum
1671 2421 1750 2439 rem:
1772 2421 1845 2448 quae
1860 2412 1976 2448 quidem
1999 2413 2038 2440 sic
2052 2420 2181 2448 separata
2196 2413 2308 2441 dicebat
2323 2414 2410 2441 ideas.
2421 2430 2438 2435 -

1383 2461 1409 2487 7.
1432 2451 1627 2479 Manifestatur
1648 2451 1807 2478 differentia
1830 2451 1923 2487 posita
1949 2453 1995 2486 (n.
2011 2453 2049 2486 4).
2065 2454 2099 2486 a)
2122 2453 2162 2479 Ex
2184 2452 2343 2480 differentia
2364 2453 2434 2480 defi-

1383 2490 1525 2518 nitionum
1548 2500 1618 2527 quas
1645 2490 1769 2526 assignat
1795 2490 2011 2518 mathematicus
2038 2498 2065 2518 et
2086 2491 2231 2519 naturalis.
2253 2508 2271 2512 -
2293 2492 2319 2518 8.
2342 2492 2369 2526 b)
2397 2493 2438 2519 Ex

1383 2530 1506 2558 scientiis
1527 2539 1600 2566 quae
1622 2536 1687 2557 sunt
1709 2529 1819 2565 medjae
1840 2529 1912 2557 inter
1934 2530 2163 2558 mathematicam
2192 2537 2219 2558 et
2240 2531 2407 2558 naturalem.
2420 2546 2438 2551 -

1382 2578 1409 2604 9.
1427 2570 1625 2605 Respondetur
1645 2570 1681 2597 ad
1704 2566 1898 2596 difficultatem
1921 2578 2006 2605 supra
2027 2569 2150 2605 positam
2172 2571 2212 2604 (n.
2236 2571 2265 2604 2)
2290 2570 2325 2597 de
2346 2577 2437 2597 astro-

1381 2608 1464 2645 logia.

1381 2719 1656 2766 Quaecumque
1681 2718 1854 2754 scientiae
1885 2717 2122 2754 considerant
2150 2717 2283 2754 eadem
2313 2718 2436 2754 subie-

1381 2779 1449 2815 cta,
1470 2771 1531 2807 vel
1560 2778 1646 2807 sunt
1674 2771 1853 2815 eaedem,
1879 2771 1939 2806 vel
1968 2783 2042 2806 una
2076 2778 2131 2806 est
2158 2782 2244 2818 pars
2269 2771 2435 2815 alterius;

1380 2823 1447 2860 sed
1467 2822 1753 2860 mathematicus
1777 2822 2024 2871 philosophus
2045 2822 2259 2873 considerat
2277 2824 2322 2860 de
2342 2836 2436 2872 pun-

1381 2875 1458 2921 ctis,
1484 2875 1649 2912 lineis'et
1669 2876 1688 2896 ’²‘
1717 2875 1988 2922 superficiebus
2017 2883 2052 2911 et
2081 2875 2313 2923 corporibus,
2335 2883 2370 2911 et
2391 2876 2436 2912 si-

1381 2927 1515 2964 militer
1543 2921 1718 2964 naturalis
1747 2927 1875 2975 (quod
1898 2928 2034 2975 probat
2059 2939 2102 2963 ex
2130 2928 2204 2963 hoc
2231 2928 2335 2975 quod
2356 2941 2435 2964 cor-

1370 2992 1474 3079 pora
1493 2980 1674 3017 naturalia
1702 2980 1843 3025 habent
1864 2981 1999 3027 plana,
2029 2980 2123 3016 idest
2151 2980 2381 3028 superficies,
2403 2988 2438 3016 et

1409 3044 1504 3078 rma,
1525 3032 1620 3070 idest
1647 3033 1860 3078 soliditates,
1887 3040 1923 3068 et
1950 3032 2199 3079 longitudines
2228 3039 2435 3081 etpuncta;

1382 3092 1530 3133 oportet
1548 3092 1675 3122 autem
1695 3084 1799 3133 quod
1819 3084 1995 3121 naturalis
2019 3085 2230 3121 consideret
2249 3085 2296 3121 de
2317 3085 2437 3121 omni-

1383 3138 1453 3173 bus
1487 3149 1583 3186 quae
1621 3138 1755 3174 insunt
1784 3137 2006 3185 corporibus
2043 3137 2312 3182 naturalibus);
2348 3149 2436 3183 ergo

1381 3189 1530 3226 videtur
1564 3190 1668 3237 quod
1703 3188 1855 3226 scientia
1888 3189 2063 3226 naturalis
2101 3197 2136 3225 et
2172 3189 2437 3225 mathematica

1382 3243 1442 3279 vel
1472 3242 1543 3278 sint
1563 3243 1582 3263 ²²
1611 3242 1781 3288 eaedem,
1810 3243 1872 3278 vel
1899 3255 1975 3278 una
2004 3242 2049 3277 sit
2067 3242 2107 3262 *³*
2134 3253 2220 3288 pars
2249 3240 2407 3276 alterius.

1437 3294 1653 3331 Secundam
1683 3294 1866 3331 rationem
1895 3294 2000 3342 ponit
2020 3293 2090 3329 ibi:
2119 3292 2291 3339 Amplius
2318 3298 2435 3328 astro-

1382 3347 1485 3396 logia
1514 3355 1582 3383 etc.
1612 3348 1660 3383 Et
1689 3339 1787 3383 circa*
1811 3347 1908 3382 hanc
1938 3346 2122 3382 rationem
2154 3345 2277 3392 prImo
2307 3352 2438 3380 movet

1384 3398 1662 3447 quaestionem,
1692 3407 1818 3435 utrum
1838 3397 2036 3444 astrologia
2065 3396 2110 3432 sit
2138 3397 2293 3433 omnino
2322 3397 2437 3433 altera

1384 3464 1406 3487 a
1425 3451 1581 3487 naturali
1608 3450 1858 3499 philosophia,
1878 3450 1939 3485 vel
1969 3450 2013 3485 sit
2040 3461 2126 3496 pars
2155 3449 2245 3486 eius.
2278 3449 2437 3486 Manife-

1385 3510 1483 3539 stum
1513 3511 1567 3540 est
1587 3503 1686 3539 enirn
1708 3502 1811 3550 quod
1832 3509 1886 3537 est
1904 3513 1990 3549 pars
2010 3501 2315 3538 mathematicae:
2335 3502 2437 3539 unde

1386 3555 1415 3591 si
1436 3563 1491 3591 est
1510 3555 1621 3592 etiam
1640 3567 1726 3603 pars
1746 3554 1922 3590 naturalis
1941 3554 2217 3602 philosophiae,
2239 3554 2405 3603 sequitur
2419 3556 2439 3576 '¹‘

2402 278 2446 312 61

2471 765 2479 772 ·
2492 750 2680 790 Cap.11.Text.16.

2494 983 2559 1004 Text.
2577 990 2606 1011 ¹7-

2469 1244 2478 1253 ⁸
2493 1242 2559 1264 Text.
2575 1243 2606 1265 18.

2468 1507 2475 1514 ’
2492 1505 2557 1527 Text.
2574 1513 2603 1533 ¹9·

2466 1942 2476 1950 ⁴
2491 1941 2556 1962 Text.
2573 1947 2607 1962 20.

2465 2896 2474 2905 ⁸
2490 2898 2512 2915 et
2530 2901 2576 2916 om.
2594 2902 2676 2916 annun.

2465 2928 2578 2947 oqnsrvx.

2465 3259 2475 3269 ⁴*
2485 3261 2537 3280 sunt
2547 3259 2615 3280 codd.
2627 3265 2675 3280 exc.

2465 3291 2530 3306 minz.

2464 3312 2485 3322 '⁸
2500 3314 2535 3332 ext
2548 3312 2615 3333 codd.
2627 3318 2674 3333 exc.

2465 3343 2530 3358 maz.

2466 3573 2475 3582 ·
2489 3574 2597 3599 sequetur
2607 3573 2673 3594 codd.
