2950 4004
46 474 58 487 ⁸
71 476 175 495 movetur
186 474 222 495 ab
237 477 257 495 et

18 506 22 515 ⁵
32 502 35 506 ”
48 500 116 524 codd.

10 643 26 663 ³2:
47 634 260 663 *quoposito,ndd.

7 666 34 691 ‚³22
48 666 72 689 n,
83 662 135 682 nme
144 660 198 682 add.
208 667 259 683 Lus.

8 695 9 719 j
22 696 38 720 ζ
48 689 59 699 '¹
72 692 117 716 quo
130 693 151 708 r.

0 722 1 735 l
19 728 25 738 χ

8 819 9 822 Ἴ
33 787 36 791 '
48 791 61 803 ’³
74 793 196 813 connatam
210 797 247 813 rx.

33 1005 38 1007 -
50 996 61 1006 '¹
77 996 150 1022 parve
167 1000 215 1016 om.
236 1000 259 1022 a,

32 1034 37 1039 »
49 1021 134 1044 circuli
146 1027 193 1043 om.
209 1021 229 1042 b.

25 1088 233 1121 i*mom.m.

1139 280 1250 316 CAP.
1279 280 1329 327 v,
1360 280 1509 316 LECT.
1540 282 1591 317 ix

286 359 452 397 mobile⁶‘
466 359 528 395 vel
542 358 702 395 totaliter
716 359 898 407 quietum,
914 359 1051 407 probat
1066 365 1341 406 consequenter

284 424 352 461 per
370 413 454 458 hoc,
471 413 575 460 quod
595 424 673 448 non
693 420 790 449 esset
808 412 996 459 assignare
1017 411 1203 447 rationem
1222 422 1340 458 quare

286 464 427 512 aliquid
445 464 565 512 magis
593 476 744 501 sursum
773 472 837 501 aut
865 465 1044 501 deorsum
1073 470 1291 500 moveretur
1308 464 1338 509 *,

287 524 350 553 aut
376 517 414 554 in
442 529 725 565 quamcumque
761 524 918 566 partem.
953 517 1002 552 Et
1028 516 1102 552 hoc
1130 515 1342 552 manifestat

286 581 354 618 per
382 570 620 618 exemplum:
648 581 838 618 ponamus
858 569 959 605 enim
978 568 1082 617 quod
1100 574 1222 604 totum
1250 568 1341 604 illud

288 633 424 671 corpus
442 621 631 658 infinitum
651 621 770 658 simile
790 621 828 658 in
846 620 1014 669 partibus
1033 621 1079 657 sit
1091 626 1206 666 terra3
1229 621 1248 641 '¹¹
1262 633 1341 657 non

288 674 355 710 erit
382 674 570 722 assignare
588 674 655 710 ubi
678 676 697 694 ⁴⁵
717 674 841 722 aliqua
865 674 974 720 gleba
993 680 1113 710 terrae
1142 681 1343 710 moveatur

286 727 349 763 vel
366 726 433 763 ubi
452 726 632 775 quiescat;
662 725 750 774 quia
768 725 975 774 quamlibet
991 733 1138 774 partem
1158 725 1230 762 loci
1258 727 1341 763 infi-

288 779 354 815 niti
387 778 587 828 occupabit
620 778 772 826 aliquod
809 789 945 826 corpus
980 779 1052 814 sibi
1086 784 1288 828 cognatum
1311 780 1340 824 *,

288 831 384 868 idest
411 831 581 868 eiusdem
600 829 749 878 speciei.
779 830 980 878 Numquid
1001 830 1109 878 igitur
1127 838 1251 879 potest
1270 831 1342 868 dici

289 883 392 932 quod
410 895 487 919 una
504 883 613 930 gleba
631 889 831 919 moveatur
859 884 908 919 ad
931 883 1004 919 hoc
1024 884 1128 931 quod
1147 884 1341 930 contineat,

288 935 383 972 idest
410 934 516 984 quod
535 942 705 983 occupet,
727 935 938 972 successive
958 942 1080 972 totum
1103 937 1232 972 locum
1259 936 1342 972 infi-

287 987 420 1033 nitum,
441 987 536 1023 sicut
554 987 610 1023 sol
630 994 807 1024 movetur
823 995 865 1023 ut
884 987 929 1024 sit
956 987 994 1024 in
1012 988 1186 1036 ,qualibet
1203 996 1309 1036 parte
1323 990 1344 1009 *

289 1039 415 1076 circuli
433 1038 603 1076 zodiaci?
631 1041 680 1076 Et
707 1039 905 1088 quomodo
932 1041 1069 1088 poterit
1088 1042 1162 1077 hoc
1191 1053 1283 1088 esse,
1303 1048 1344 1078 ut

287 1104 364 1128 una
382 1092 402 1112 '⁸
428 1092 538 1139 gleba
556 1098 675 1128 terrae
703 1099 934 1142 pertranseat
959 1105 1028 1141 per
1056 1105 1191 1129 omnes
1218 1101 1344 1141 partes

288 1143 422 1181 infiniti
439 1143 542 1181 loci?
561 1144 666 1181 Nihil
685 1152 812 1182 autem
831 1153 1009 1182 movetur
1027 1146 1076 1182 ad
1095 1145 1342 1194 impossibile:

289 1196 319 1233 si
343 1196 452 1244 igitur
478 1196 711 1245 impossibile
739 1205 794 1234 est
812 1198 916 1246 quod
940 1198 1049 1245 gleba
1077 1206 1278 1236 moveatur
1296 1199 1345 1236 ad

289 1250 555 1298 occupandum
570 1256 692 1286 totum
711 1250 840 1287 locum
859 1250 1060 1298 infinitum,
1075 1251 1141 1287 ubi
1158 1251 1224 1288 erit
1238 1251 1345 1300 quies

290 1301 380 1348 eius,
402 1308 439 1338 et
455 1302 522 1338 ubi
540 1309 668 1339 motus
697 1302 806 1340 eius?
834 1304 911 1339 Aut
938 1303 1040 1340 enim
1069 1311 1218 1351 oportet
1240 1305 1345 1353 quod

289 1366 440 1403 semper
466 1355 645 1403 quiescat,
676 1362 711 1391 et
730 1355 782 1392 sic
809 1367 1007 1404 nunquam
1035 1363 1252 1393 moveatur:
1282 1365 1346 1393 aut

289 1407 394 1455 quod
413 1419 563 1456 semper
586 1415 796 1454 moveatur,
819 1415 854 1444 et
873 1408 926 1444 sic
944 1420 1142 1457 nunquam
1166 1409 1343 1456 quiescat.

341 1471 378 1505 4.
410 1459 450 1496 Si
477 1466 604 1496 autern
633 1460 742 1497 detur
769 1460 840 1496 alia
866 1473 954 1508 pars
973 1461 1177 1507 divisionis,
1208 1462 1346 1498 scilicet

289 1512 394 1559 quod
423 1523 559 1560 corpus
595 1512 783 1549 infinitum
815 1513 954 1549 habeat
990 1520 1113 1561 partes
1148 1514 1345 1551 dissimiles

289 1564 499 1601 secundum
536 1564 723 1612 speciem3
761 1565 928 1612 sequitur
961 1565 1072 1602 etiam
1106 1567 1210 1614 quod
1242 1567 1345 1604 dissi-

289 1616 393 1652 milia
412 1616 484 1652 sint
501 1617 585 1652 loca
604 1617 839 1654 diversarum
858 1617 1038 1665 partium:
1059 1618 1152 1654 alius
1173 1626 1227 1655 est
1243 1620 1343 1656 enirn

287 1669 394 1705 locus
413 1668 589 1705 naturalis
608 1681 742 1717 aquae,
773 1677 808 1706 et
835 1670 928 1706 alius
952 1677 1084 1706 terrae.
1115 1671 1192 1707 Sed
1212 1683 1257 1707 ex
1276 1673 1347 1708 hac

286 1720 474 1769 positione
494 1721 660 1770 sequitur
677 1722 802 1770 primo
819 1723 851 1769 ²³,
872 1722 977 1771 quod
1003 1735 1140 1770 corpus
1160 1724 1272 1760 totius
1291 1725 1348 1760 in-

286 1773 382 1810 finiti
396 1785 474 1810 non
489 1773 535 1810 sit
547 1786 669 1810 unum
690 1774 906 1822 simpliciter
924 1775 991 1811 sed
1011 1775 1222 1812 secundum
1242 1777 1345 1823 quid,

287 1825 425 1862 scilicet
443 1826 654 1863 secundum
675 1834 906 1873 contactum;
928 1834 964 1863 et
979 1826 1032 1863 sic
1046 1839 1125 1864 non
1146 1828 1211 1864 erit
1224 1841 1346 1865 unum

287 1890 425 1926 corpus
453 1879 640 1915 infinitum
668 1886 710 1915 ut
736 1881 960 1927 ponebatur.

343 1931 375 1968 5.
405 1932 455 1968 Et
473 1931 562 1980 quia
579 1938 709 1980 posset
736 1932 869 1980 aliquis
897 1944 976 1968 non
1004 1940 1177 1980 reputare
1198 1933 1273 1970 hoc
1292 1933 1346 1970 in-

287 1983 529 2031 conveniens,
555 1984 744 2032 subiungit
763 1985 876 2022 aliam
896 1985 1081 2021 rationem
1102 1993 1232 2022 contra
1250 1986 1345 2022 hoc:

287 2042 323 2072 et
350 2035 437 2072 dicit
464 2036 568 2084 quod
597 2037 627 2073 si
655 2044 778 2073 totum
806 2037 996 2074 infinitum
1033 2038 1275 2086 componitur
1303 2051 1348 2075 ex

286 2087 528 2125 dissimilibus
545 2089 726 2138 partibus,
755 2102 911 2127 necesse
931 2097 987 2126 est
1006 2090 1109 2138 quod
1128 2090 1346 2128 huiusmodi

284 2147 410 2189 partes
429 2141 625 2178 dissimiles
645 2142 856 2179 secundum
881 2143 1060 2190 speciem,
1091 2150 1154 2179 aut
1173 2143 1245 2180 sint
1264 2156 1347 2192 spe-

286 2193 430 2230 cierum
457 2194 660 2242 finitarum,
692 2202 755 2231 aut
782 2195 1014 2232 infinitarum
1042 2197 1255 2233 secundum
1279 2209 1347 2233 nu-

285 2257 448 2283 merum.

338 2299 429 2335 Non
462 2307 590 2336 autem
626 2307 750 2348 potest
787 2312 868 2336 esse
906 2300 1010 2348 quod
1047 2300 1119 2337 sint
1154 2300 1346 2337 finitarum

285 2350 509 2399 specierum,
538 2352 626 2400 quia
646 2353 846 2401 oportebit,
871 2353 902 2389 si
926 2360 1047 2389 toturn
1069 2360 1123 2390 est
1141 2353 1345 2400 infinitum,

285 2403 389 2451 quod
409 2404 598 2452 quaedam
627 2405 700 2442 sint
718 2405 823 2442 finita
847 2406 1057 2442 secundum
1086 2406 1345 2454 quantitatem,

286 2463 322 2492 et
339 2457 529 2504 quaedam
553 2457 713 2503 infinita;
743 2458 846 2494 aliter
866 2458 967 2494 enim
988 2471 1033 2494 ex
1051 2458 1164 2495 finitis
1185 2471 1345 2495 numero

285 2516 413 2556 posset
450 2510 631 2558 componi
658 2510 846 2547 infinitum
873 2509 910 2546 βε
940 2511 1015 2547 hoc
1052 2518 1179 2548 autem
1208 2511 1344 2559 posito,

286 2561 452 2609 sequitur
471 2563 576 2609 quod
594 2562 654 2599 illa
674 2575 771 2610 quae
800 2570 887 2600 sunt
914 2563 1071 2611 infinita,
1102 2572 1347 2612 corrumpant

287 2611 360 2649 alia
387 2621 541 2662 propter
573 2615 890 2662 contrarietatem,
919 2623 961 2651 ut
987 2616 1091 2664 prius
1121 2616 1262 2653 dictum
1293 2625 1347 2654 est

250 2683 255 2688 ·
286 2664 325 2701 in
343 2665 585 2713 praecedenti
605 2667 748 2703 ratione
769 2669 800 2704 ²¹².
831 2669 880 2704 Et
898 2667 984 2704 ideo
1005 2668 1119 2705 etiarn
1138 2670 1263 2705 nullus
1283 2682 1347 2706 an-

286 2715 480 2764 tiquorum
508 2718 731 2755 naturalium
759 2719 1076 2768 philosophorum
1104 2733 1224 2758 unum
1245 2722 1345 2769 prin-

288 2767 444 2816 cipium,
473 2770 577 2817 quod
605 2770 694 2807 dixit
722 2783 802 2807 esse
831 2771 1035 2818 infinitum,
1064 2773 1191 2821 posuit
1219 2773 1345 2821 ignem

286 2820 349 2856 vel
367 2828 518 2867 terram,
548 2834 646 2870 quae
666 2830 752 2859 sunt
771 2830 949 2870 extrema,
979 2824 1046 2861 sed
1067 2825 1186 2872 magis
1205 2837 1345 2874 aquam

286 2873 348 2909 vel
367 2885 495 2909 aerem
514 2875 576 2910 vel
596 2874 750 2922 aliquod
770 2876 955 2923 medium,
977 2876 1065 2924 quia
1084 2877 1168 2913 loca
1187 2877 1345 2914 istorum

289 2932 392 2962 erant
415 2926 613 2963 manifesta
633 2935 670 2963 et
688 2927 946 2976 determinata,
976 2928 1113 2965 scilicet
1141 2942 1290 2966 sursum
1311 2937 1346 2966 et

341 3064 367 3096 α)
388 3064 506 3089 totaliter
524 3065 626 3090 mobile.
639 3065 792 3090 -totaliter
811 3066 941 3091 immobile
959 3067 1032 3091 codd.
1047 3074 1100 3091 exc.
1119 3068 1340 3099 DFHMOZsGX;

288 3099 334 3123 sed
353 3099 490 3130 legendum
509 3104 548 3124 est
566 3100 659 3124 mobile
677 3105 702 3124 et
720 3100 882 3125 referendum
896 3102 928 3125 ad
944 3105 992 3126 aut
1005 3103 1075 3134 quod
1088 3109 1191 3134 semper
1203 3106 1340 3128 moveatur

288 3134 353 3158 sicut
372 3133 462 3157 dicitur
480 3141 564 3165 supra,
584 3135 803 3167 quemadmodum
822 3136 853 3160 ad
872 3136 991 3161 totaliter
1015 3137 1131 3169 quietum
1157 3139 1341 3170 correspondet

289 3168 407 3193 totaliter
426 3168 554 3194 immobile
572 3169 674 3194 ibidem.
693 3170 719 3194 Si
737 3175 823 3194 tamen
836 3178 884 3203 pro
898 3171 1016 3196 totaliter
1028 3172 1143 3203 quietum
1158 3173 1287 3204 legeretur
1301 3176 1340 3198 to-

289 3203 378 3228 taliter
397 3203 539 3237 inquietum
559 3211 618 3228 cum
637 3204 668 3235 R,
686 3205 727 3229 vel
746 3212 848 3236 semper
866 3209 1003 3230 moveatur
1021 3214 1080 3230 curn
1099 3207 1147 3236 LS,
1167 3207 1340 3239 recipiendum

289 3243 358 3262 esset
377 3237 514 3262 immobile.

342 3271 366 3306 β)
385 3273 465 3296 aliter
487 3272 600 3297 enim...
619 3273 759 3305 infinitum.
777 3287 795 3292 —
808 3274 855 3298 Est
874 3275 948 3299 lectio
971 3275 1000 3299 P.
1014 3289 1032 3293 —
1046 3276 1114 3300 alias
1131 3283 1168 3300 ex
1186 3277 1274 3308 finitis
1293 3285 1341 3302 nu-

289 3314 360 3332 mero
379 3314 430 3332 non
446 3309 537 3338 posset
554 3308 674 3339 componi
693 3308 823 3340 infinitum
842 3309 929 3340 legunt
947 3309 988 3333 ab
1007 3315 1032 3334 et
1050 3311 1124 3334 codd.
1138 3318 1191 3335 exc.
1204 3311 1225 3335 E
1244 3311 1269 3335 in
1288 3319 1341 3344 quo

288 3349 340 3367 non
360 3341 517 3374 expungitur.
536 3342 622 3366 Lectio
646 3343 720 3366 codd.
741 3348 765 3366 et
783 3343 841 3367 edd.
859 3351 911 3367 non
934 3344 1052 3375 opposita
1072 3350 1110 3368 est
1129 3345 1229 3370 lectioni
1248 3346 1276 3370 P.
1295 3347 1342 3370 Est

289 3378 356 3402 enim
375 3377 442 3401 iuxta
461 3377 534 3400 codd.
554 3381 579 3401 et
597 3377 655 3401 edd.
674 3384 782 3401 sensus:
801 3377 827 3401 in
851 3377 986 3410 hypothesi
1005 3379 1075 3410 quod
1100 3387 1207 3411 corpora
1230 3381 1343 3411 partialia

289 3413 388 3436 diversa
413 3411 554 3435 secundum
577 3411 689 3443 speciem
714 3411 765 3435 sint
789 3419 897 3436 numero
916 3411 992 3442 finita,
1005 3417 1107 3444 oportet
1121 3414 1205 3445 aliqua
1225 3414 1341 3446 ipsorum

289 3455 347 3471 esse
370 3445 464 3471 infinita
486 3446 630 3470 secundum
652 3446 868 3478 magnitudinem;
888 3447 948 3471 alias
968 3454 997 3471 ex
1016 3447 1064 3471 illis
1083 3455 1135 3472 non
1158 3454 1247 3479 posset
1271 3457 1341 3474 com-

287 3481 349 3514 poni
368 3482 430 3506 illud
449 3481 610 3513 suppositum
629 3480 766 3510 infinitum,
790 3482 849 3513 quia
874 3480 999 3506 infinitum
1025 3482 1149 3506 resultare
1167 3483 1255 3515 nequit
1269 3491 1299 3508 ex
1312 3483 1341 3508 fi-

288 3517 346 3541 nitis
358 3521 414 3540 tum
433 3516 518 3548 quoad
537 3523 673 3540 numerum
692 3520 747 3540 tum
766 3516 851 3548 quoad
870 3516 1077 3548 magnitudinem.
1097 3517 1166 3541 quta
1179 3525 1241 3542 vero
1255 3518 1341 3542 lectio—

288 3559 348 3576 nem
367 3551 386 3575 Ρ
405 3558 499 3576 sensus
519 3555 570 3575 est:
590 3551 615 3574 Si
634 3555 724 3579 totum,
744 3551 814 3582 quod
837 3551 988 3583 supponitur
1006 3550 1145 3581 infinitum,
1166 3557 1293 3577 constaret
1312 3560 1341 3577 ex

289 3586 402 3619 partibus
422 3586 587 3610 dissimilibus
607 3585 748 3609 secundum
768 3586 888 3618 speciem,
901 3586 1047 3610 huiusmodi
1066 3591 1150 3618 partes
1165 3594 1216 3611 non
1235 3592 1342 3619 possent

429 3640 497 3673 Opp.
512 3640 543 3664 D.
562 3639 674 3664 ’raonis
692 3639 723 3663 T.
743 3639 769 3663 11.

2384 295 2452 331 129

1396 358 1594 405 deorsum3
1625 371 1703 395 non
1723 359 1775 395 sic
1794 367 1922 396 autem
1944 367 1999 396 est
2018 361 2065 397 de
2085 360 2174 406 aliis,
2196 361 2263 397 sed
2282 368 2380 397 terra
2401 369 2455 397 est

1397 411 1577 448 deorsum
1606 419 1777 459 respectu
1807 424 1952 458 eorum,
1984 420 2019 448 et
2046 412 2139 460 ignis
2168 426 2328 450 sursum.

1450 464 1484 500 6.
1507 463 1547 500 Si
1573 477 1665 500 vero
1687 465 1820 512 aliquis
1845 465 2003 512 accipiat
2030 466 2141 501 aliam
2170 473 2327 513 partem,
2350 468 2369 487 ²³⁴
2385 466 2453 502 sci-

1396 515 1480 552 licet
1507 517 1611 563 quod
1641 529 1798 565 corpora
1835 517 2003 565 partialia
2036 518 2108 554 sint
2141 518 2285 554 infinita
2322 531 2453 555 secun—

1397 568 1489 604 dum
1514 568 1690 616 speciem,
1721 569 1886 617 sequitur
1913 570 2017 618 quod
2047 570 2160 606 etiam
2188 572 2271 607 loca
2299 571 2371 607 sint
2398 571 2452 607 in-

1396 620 1501 657 finita
1529 622 1739 658 secundum
1768 623 1945 670 speciem,
1977 630 2012 658 et
2039 623 2143 671 quod
2174 624 2358 660 elementa
2382 623 2454 660 sint

1396 673 1552 710 infinita.
1583 674 1622 710 Si
1643 682 1770 710 autem
1797 676 1872 711 hoc
1901 682 1955 711 est
1983 675 2226 723 impossibile,
2257 676 2360 724 quod
2381 676 2452 712 ele-

1397 733 1525 762 menta
1552 726 1623 762 sint
1650 727 1804 774 infinita,
1833 735 1874 763 ut
1901 727 1939 763 in
1966 729 2090 775 primo
2112 729 2131 749 ²³*
2150 730 2353 776 probatum
2382 736 2450 775 est,

1398 786 1434 814 et
1452 779 1555 827 quod
1570 779 1652 815 loca
1673 779 1784 820 etiarn
1804 779 1876 815 sint
1894 780 2037 816 infinita
2056 786 2081 826 ⁷,
2100 793 2187 817 cum
2207 793 2284 817 non
2303 781 2348 817 sit
2365 794 2452 830 pos-

1397 831 1501 867 sibile
1529 831 1696 868 invenire
1724 832 1886 869 infinitas
1914 832 2057 880 species
2078 834 2270 879 locorum3
2299 846 2452 870 necesse

1399 891 1453 920 est
1476 884 1580 932 quod
1607 892 1728 921 totum
1758 897 1895 933 corpus
1915 885 1959 921 sit
1977 885 2172 922 finitum.-
2189 886 2237 922 Et
2257 886 2344 934 quia
2364 898 2452 922 con-

1399 937 1558 972 cluserat
1587 948 1631 973 ex
1659 937 1839 973 infinitate
1869 949 2072 985 corporum
2101 938 2323 974 infinitatem
2352 939 2452 974 loco—

1399 1001 1495 1034 rum,
1512 989 1701 1036 subiungit
1726 990 1828 1036 quod
1847 989 2078 1038 impossibile
2100 998 2154 1026 est
2172 1003 2250 1026 non
2269 990 2420 1038 aequari
2440 988 2454 1011 ὃ

1400 1053 1536 1089 corpus
1556 1041 1603 1077 ad
1623 1042 1767 1087 locum;
1803 1042 1892 1089 quia
1919 1054 1997 1079 non
2025 1050 2149 1091 potest
2177 1055 2257 1079 esse
2286 1043 2390 1090 quod
2410 1043 2455 1079 sit

1399 1094 1504 1129 locus
1524 1093 1646 1129 maior
1665 1106 1780 1142 quam
1800 1101 1984 1142 quantum
2005 1095 2183 1142 contingit
2202 1107 2283 1132 esse
2304 1107 2452 1143 corpus,

1400 1158 1523 1194 neque
1540 1158 1675 1194 corpus
1689 1153 1813 1194 potest
1828 1159 1908 1183 esse
1923 1147 2110 1184 infinitum
2131 1148 2160 1184 si
2181 1148 2286 1184 locus
2305 1160 2383 1184 non
2401 1155 2455 1184 est

1399 1198 1585 1245 infinitus,
1599 1206 1635 1234 et
1653 1210 1775 1247 neque
1796 1211 1932 1247 corpus
1951 1207 2074 1247 potest
2094 1212 2174 1236 esse
2196 1200 2318 1236 maius
2337 1212 2452 1248 quam

1399 1252 1506 1287 locus
1534 1263 1776 1299 quocumque
1805 1252 1935 1288 modo.
1957 1252 2057 1298 Quia
2085 1252 2114 1288 si
2142 1253 2245 1288 locus
2271 1253 2315 1289 sit
2329 1252 2457 1289 *maior

1401 1316 1514 1351 quarn
1538 1315 1690 1352 corpus,
1720 1304 1888 1351 sequitur
1907 1305 2011 1352 quod
2035 1305 2080 1340 sit
2106 1317 2271 1340 vacuum
2301 1305 2455 1341 alicubi:

1400 1364 1464 1392 aut
1482 1356 1512 1392 si
1532 1368 1669 1404 corpus
1688 1356 1733 1392 sit
1752 1357 1874 1393 maius
1894 1369 2009 1404 quam
2030 1357 2146 1402 locus,
2169 1357 2334 1405 sequitur
2352 1357 2457 1405 quod

1400 1409 1525 1457 aliqua
1551 1420 1637 1457 pars
1667 1410 1835 1458 corporis
1863 1421 1942 1446 non
1970 1409 2015 1446 sit
2042 1409 2080 1445 in
2108 1409 2232 1458 aliquo
2261 1411 2357 1446 loco.

1453 1473 1488 1509 7.
1519 1461 1667 1498 Deinde
1693 1474 1782 1498 cum
1802 1462 1909 1498 dicit:
1938 1463 2194 1511 Anaxagoras
2221 1468 2344 1498 autem
2373 1470 2455 1508 etc„

1401 1514 1560 1551 excludit
1578 1514 1770 1561 quendam
1791 1526 1970 1551 errorem.
1988 1516 2036 1551 Et
2054 1514 2177 1562 primo
2197 1515 2304 1563 ponit
2318 1515 2455 1562 ipsum:

1401 1573 1436 1602 et
1451 1566 1538 1603 dicit
1553 1565 1657 1614 quod
1671 1568 1914 1613 Anaxagoras
1934 1567 2024 1603 dixit
2042 1566 2230 1615 infinitum
2250 1567 2455 1615 quiescere,

1400 1620 1466 1655 sed
1504 1618 1815 1655 inconvenienter
1856 1619 2058 1666 assignavit
2099 1620 2285 1656 rationem
2322 1619 2456 1667 quietis

1400 1671 1490 1708 eius.
1520 1671 1621 1707 Dixit
1649 1671 1751 1707 enim
1772 1672 1878 1719 quod
1895 1672 2019 1720 fulcit,
2041 1671 2136 1709 idest
2160 1679 2351 1719 sustentat,
2374 1672 2456 1708 infi-

1399 1723 1519 1759 nitum
1545 1723 1723 1771 seipsum,
1745 1724 1833 1771 quia
1854 1732 1908 1760 est
1927 1724 1964 1760 in
1985 1737 2024 1760 se
2045 1732 2080 1760 et
2100 1737 2176 1761 non
2205 1725 2243 1760 in
2262 1724 2346 1771 alio,
2368 1736 2455 1760 cum

1400 1775 1488 1811 nihil
1518 1775 1641 1823 ipsum
1664 1776 1870 1822 contineat;
1901 1784 1937 1812 et
1965 1777 2017 1812 sic
2044 1789 2122 1813 non
2147 1777 2266 1826 possit
2293 1784 2395 1813 extra
2416 1789 2455 1813 se

1399 1839 1559 1864 moveri.

1454 1881 1488 1916 8.
1512 1880 1701 1927 Secundo,
1722 1879 1820 1916 ibit:
1846 1881 2041 1928 Tanquam
2063 1881 2126 1917 ubi
2144 1881 2266 1928 utique
2286 1888 2366 1927 etc„
2388 1881 2456 1917 im-

1398 1933 1535 1981 probat
1555 1933 1702 1969 duabus
1730 1932 1936 1969 rationibus
1965 1933 2069 1981 quod
2094 1933 2236 1970 dictum
2258 1941 2323 1970 est.
2355 1935 2456 1980 Qua-

1400 1997 1484 2022 rum
1503 1985 1627 2034 prima
1656 1992 1710 2021 est
1744 1986 1847 2033 quod
1874 1987 2118 2033 Anaxagoras
2154 1986 2206 2022 sic
2222 1988 2241 2007 ’Β
2257 1985 2458 2033 assignavit

1400 2038 1584 2074 rationem
1604 2038 1651 2074 de
1672 2037 1797 2085 quiete
1825 2037 1969 2084 infiniti,
2000 2051 2043 2074 ac
2071 2038 2102 2075 si
2128 2039 2193 2075 ubi
2222 2039 2361 2087 aliquid
2399 2039 2455 2086 sit,

1399 2091 1450 2126 ibi
1469 2090 1514 2127 sit
1533 2098 1663 2139 aptum
1679 2091 1698 2110 ‘¹‘
1714 2097 1844 2126 natum
1874 2103 1975 2127 esse:
2005 2091 2092 2139 quia
2122 2103 2166 2127 ex
2193 2092 2265 2128 hac
2293 2092 2373 2128 sola
2401 2104 2456 2128 ra-

1399 2143 1500 2179 tione
1521 2143 1610 2179 dixit
1628 2143 1816 2179 infinitum
1845 2143 2047 2191 quiescere,
2078 2144 2165 2192 quia
2190 2152 2244 2180 est
2261 2144 2299 2180 in
2319 2145 2454 2192 seipso.

1399 2197 1477 2232 Sed
1514 2196 1588 2232 hoc
1620 2208 1699 2232 non
1728 2203 1782 2232 est
1809 2208 1944 2232 versum
1977 2196 2082 2244 quod
2114 2197 2179 2233 ubi
2213 2197 2351 2244 aliquid
2379 2205 2455 2244 est,

1399 2248 1449 2284 ibi
1478 2260 1630 2296 semper
1662 2255 1793 2296 aptum
1826 2256 1957 2285 natum
1989 2249 2035 2285 sit
2067 2261 2169 2285 esse:
2200 2249 2288 2298 quia
2315 2250 2455 2297 aliquid

1400 2308 1455 2336 est
1488 2301 1624 2336 alicubi
1659 2313 1728 2348 per
1763 2300 2003 2347 violentiam,
2043 2309 2078 2337 et
2115 2314 2192 2338 non
2230 2302 2453 2339 naturaliter.

1400 2353 1587 2400 Quamvis
1620 2353 1729 2400 igitur
1766 2353 1839 2389 hoc
1877 2354 2041 2390 maxime
2077 2366 2213 2390 verum
2251 2354 2312 2401 sit,
2352 2356 2455 2403 quod

1398 2412 1519 2442 totum
1540 2405 1727 2442 infinitum
1749 2418 1827 2442 non
1851 2413 2037 2452 movetur,
2059 2407 2147 2454 quia
2176 2414 2401 2444 sustentatur
2421 2415 2456 2444 et

1399 2465 1527 2495 manet
1545 2458 1583 2494 in
1602 2458 1738 2506 seipso,
1769 2466 1804 2495 et
1832 2458 1884 2494 sic
1914 2467 1968 2495 est
1996 2459 2211 2495 immobile:
2241 2461 2308 2497 sed
2326 2467 2454 2497 tamen

1400 2511 1602 2548 dicendum
1633 2518 1710 2547 erat
1738 2523 1856 2559 quare.
1883 2523 1961 2547 non
1990 2519 2044 2547 est
2071 2519 2201 2560 aptum
2221 2520 2351 2561 natum
2371 2525 2453 2549 mo—

1398 2564 1489 2600 veri.
1520 2565 1611 2600 Non
1631 2563 1732 2600 enirn
1759 2571 1884 2611 potest
1903 2563 2034 2612 aliquis
2056 2565 2217 2601 evadere
2237 2564 2299 2611 sic,
2326 2565 2452 2601 dicens

1399 2616 1503 2665 quod
1522 2629 1600 2652 non
1620 2623 1796 2652 movetur
1814 2616 2018 2652 infinitum:
2049 2616 2136 2665 quia
2156 2617 2290 2653 eadem
2310 2617 2451 2653 ratione

1400 2676 1435 2705 et
1454 2669 1501 2705 de
1521 2669 1689 2717 quolibet
1716 2668 1788 2704 alio
1818 2668 1906 2705 nihil
1933 2669 2108 2716 prohibet
2136 2669 2239 2717 quod
2268 2681 2345 2705 non
2370 2682 2452 2705 mo-

1397 2729 1548 2767 veatur3
1579 2721 1646 2758 sed
1666 2721 1711 2757 sit
1730 2728 1860 2769 aptum
1880 2729 2010 2757 natum
2030 2721 2188 2758 moveri.
2215 2722 2315 2768 Quia
2335 2729 2370 2758 et
2385 2723 2404 2743 *
2421 2723 2452 2760 si
2479 2732 2489 2742 ⁸

1398 2781 1496 2810 terra
1516 2781 1613 2810 esset
1631 2774 1785 2821 infinita,
1816 2773 1910 2810 sicut
1937 2786 2038 2810 nunc
2065 2787 2142 2810 non
2162 2775 2278 2811 fertur
2298 2775 2449 2823 quando

1399 2833 1454 2862 est
1481 2826 1519 2862 in
1547 2825 1693 2873 medio,
1723 2826 1772 2862 ita
1801 2834 1836 2862 et
1864 2834 1952 2863 tunc
1979 2839 2056 2863 non
2084 2827 2239 2863 ferretur
2267 2835 2450 2875 quantum

1398 2878 1447 2915 ad
1473 2886 1619 2926 partem
1653 2891 1750 2927 quae
1785 2886 1881 2915 esset
1917 2879 1954 2915 in
1987 2879 2135 2916 medio:
2174 2876 2252 2916 sed*
2272 2881 2346 2916 hoc
2373 2893 2450 2917 non

1399 2938 1496 2967 esset
1524 2931 1611 2979 quia
1639 2943 1717 2967 non
1744 2932 1900 2968 haberet
1928 2931 2066 2979 aliquid
2095 2932 2196 2968 aliud
2224 2932 2288 2968 ubi
2309 2939 2450 2969 susten-

1365 3068 1369 3094 l
1394 3077 1452 3093 esse
1470 3077 1562 3093 omnes
1580 3069 1673 3100 finitae,
1687 3070 1755 3094 alias
1773 3076 1810 3094 ex
1821 3070 1909 3101 finitis
1928 3077 2037 3094 numero
2051 3073 2142 3101 posset
2160 3071 2283 3101 componi
2301 3071 2446 3103 infinitum,

1394 3105 1441 3128 sed
1459 3109 1588 3136 oporteret
1607 3105 1732 3136 quasdam
1752 3112 1839 3129 earum
1853 3112 1912 3129 esse
1930 3104 2048 3129 infinitas.
2064 3106 2113 3129 Sed
2127 3110 2151 3129 et
2170 3105 2231 3129 hacc
2246 3106 2320 3129 lectio
2337 3106 2356 3129 P
2375 3106 2448 3130 nobis

1393 3139 1494 3163 videtur
1512 3139 1611 3171 planior
1628 3140 1676 3164 alia
1695 3140 1768 3164 codd.
1788 3145 1813 3164 et
1837 3140 1895 3164 edd.
1912 3153 1931 3158 —-
1943 3140 2031 3164 Statim
2056 3140 2103 3164 hoc
2121 3142 2208 3163 autem
2228 3140 2316 3171 posito
2339 3141 2448 3171 legimus

1395 3181 1454 3198 cum
1473 3174 1553 3198 RSsH
1573 3179 1598 3198 et
1617 3175 1673 3198 cod.
1692 3182 1721 3207 ¹9
1741 3175 1836 3198 Semin.
1849 3174 1966 3206 Archiep.
1986 3174 2116 3204 Pisarum3
2135 3174 2195 3198 huic
2212 3178 2299 3199 autem
2320 3175 2449 3205 positioni

1394 3208 1442 3238 sC,
1461 3208 1556 3233 habeat
1579 3212 1666 3233 autem
1687 3209 1845 3240 positionem
1866 3209 1903 3238 Q,
1923 3210 1971 3234 hac
1989 3211 2075 3233 autem
2096 3209 2229 3240 positione
2247 3210 2274 3239 Z,
2293 3209 2341 3233 hoc
2359 3213 2447 3233 autem

1389 3250 1491 3275 ponere
1510 3243 1562 3267 Pab
1582 3248 1607 3267 et
1626 3244 1700 3268 ceteri
1720 3244 1829 3268 codices.

1446 3277 1473 3311 γ)
1493 3281 1519 3302 et
1532 3278 1603 3310 quod
1620 3279 1678 3303 loca
1691 3279 1770 3303 etiam
1784 3279 1837 3303 sint
1853 3278 1965 3310 infinita.
1975 3292 1993 3298 -
2005 3278 2111 3302 Codices
2126 3277 2178 3302 fere
2196 3285 2286 3302 omnes
2306 3279 2400 3310 legunt,
2421 3281 2448 3302 et

1394 3313 1451 3336 loca
1471 3313 1550 3337 etiam
1568 3316 1630 3337 sunt
1641 3313 1731 3345 finita,
1747 3313 1863 3337 videlicet
1882 3320 1932 3336 non
1953 3313 2108 3344 coniungunt
2126 3312 2188 3336 haec
2206 3313 2283 3336 verba
2302 3320 2361 3337 cum
2374 3321 2446 3344 prae-

1395 3347 1552 3377 cedentibus,
1572 3348 1603 3372 Si
1625 3351 1711 3372 autem
1736 3348 1783 3372 hoc
1808 3351 1846 3372 est
1870 3347 2039 3378 impossibile;
2062 3351 2172 3370 attamen
2196 3354 2287 3371 sensus
2312 3352 2350 3371 est
2369 3347 2446 3373 idem.

1394 3381 1442 3406 Ed.
1456 3389 1487 3405 a:
1505 3385 1530 3406 et
1544 3382 1601 3407 loca
1615 3382 1694 3406 etiam
1709 3383 1762 3406 sint
1776 3382 1892 3414 infinita;
1911 3382 1950 3405 ed.
1966 3381 1979 3405 b
1994 3384 2020 3405 et
2039 3381 2110 3412 quod
2127 3381 2184 3405 loca
2198 3382 2276 3406 etiam
2291 3389 2358 3414 quae
2375 3386 2445 3412 sunt,

1394 3418 1456 3440 sunt
1475 3416 1587 3448 infinita.
1606 3417 1643 3440 Ex
1662 3417 1755 3441 nostris
1774 3417 1847 3440 codd.
1867 3416 1959 3440 habent
1978 3419 2004 3439 et
2022 3416 2079 3440 loca
2098 3415 2176 3440 etiam
2199 3420 2262 3441 sunt
2280 3417 2383 3449 infinita
2402 3418 2446 3442 DF

1395 3451 1523 3482 HLpOR,
1543 3454 1569 3476 et
1587 3451 1644 3475 loca
1663 3452 1741 3475 etiam
1761 3458 1811 3475 non
1831 3453 1893 3474 sunt
1911 3450 2015 3482 infinita
2034 3451 2059 3474 S.

1447 3484 1471 3516 ὃ)
1492 3493 1543 3510 non
1562 3486 1672 3517 aequari
1690 3493 1784 3517 corpus
1803 3485 1839 3509 ad
1858 3486 1979 3509 locum.-
1992 3485 2041 3509 Pro
2059 3485 2177 3517 aequari,
2197 3493 2352 3518 comparare
2371 3488 2445 3512 codd.

1395 3524 1420 3543 et
1437 3520 1512 3544 ab.-
1526 3517 1589 3544 Post
1602 3521 1686 3544 Iocum
1701 3521 1758 3544 add.
1772 3526 1911 3550 corporum
1931 3519 2012 3544 EG.-
2027 3520 2061 3544 Ibi
2080 3521 2151 3545 locus
2167 3521 2252 3545 maior
2270 3529 2347 3554 quam
2362 3530 2446 3554 quan-

1394 3555 1549 3613 gllmffiYl'ocus
1567 3555 1686 3579 omittunt
1705 3555 1803 3578 codices
1823 3555 1932 3586 exceptis
1953 3554 2113 3585 CDFOSsG;
2138 3559 2264 3587 quantum
2288 3557 2407 3581 omittunt
2426 3558 2445 3582 P

2240 3651 2268 3675 ¹7

2481 473 2490 482 ”
2506 475 2529 494 et
2541 473 2564 494 si
2578 474 2630 495 add.
2645 474 2671 495 pl

2479 738 2490 749 ⁶
2504 738 2566 759 Lect.
2582 745 2619 765 xx,
2641 745 2664 760 u.
2680 745 2694 766 3

2480 770 2530 792 sqq.

2576 989 2591 1014 01

2484 1895 2492 1903 ‘¹
2507 1893 2539 1914 ibi
2552 1899 2599 1915 om.
2613 1901 2637 1915 P-

2486 2000 2493 2007 ·
2534 1998 2583 2019 rius
2606 2005 2624 2025 s,
2647 2004 2697 2019 om.

2485 2030 2499 2045 a
2531 2027 2552 2045 ct
2563 2028 2696 2046 cet-exem.

2488 2103 2495 2111 ”
2508 2104 2586 2129 aptum
2599 2108 2646 2124 om.
2657 2108 2671 2123 a
2682 2103 2696 2124 b

2486 2128 2698 2150 etcodd.exc.nrc-

2505 2734 2526 2752 et
2540 2738 2588 2756 om.
2598 2738 2693 2758 EGMOQs

2478 2764 2531 2785 τρΝ.
